  <div class='ocr_page' id='page_1' title='image "/cluster/home/n/w/nwhite01/storage/ocr_20150623/75/hvd.32044015469380/048.png"; bbox 0 0 4118 6444; ppageno 0'>
   <div class='ocr_carea' id='block_1_1' title="bbox 271 367 2967 468">
    <p class='ocr_par' dir='ltr' id='par_1_1' title="bbox 271 367 2967 468">
     <span class='ocr_line' id='line_1_1' title="bbox 271 367 2967 468; baseline -0.017 0"><span class='ocrx_word' id='word_1_1' title='bbox 271 411 334 468; x_wconf 76' lang='lat' dir='ltr'><strong>8f</strong></span> <span class='ocrx_word' id='word_1_2' title='bbox 908 405 965 459; x_wconf 90' lang='lat' dir='ltr'><strong>S.</strong></span> <span class='ocrx_word' id='word_1_3' title='bbox 1008 395 1338 457; x_wconf 80' lang='lat' dir='ltr'><strong>GREGORII</strong></span> <span class='ocrx_word' id='word_1_4' title='bbox 1378 390 1588 451; x_wconf 80' lang='lat' dir='ltr'><strong>MAGNI</strong></span> <span class='ocrx_word' id='word_1_5' title='bbox 1632 385 1810 453; x_wconf 83' lang='lat' dir='ltr'><strong>Vl&#39;l&#39;A,</strong></span> <span class='ocrx_word' id='word_1_6' title='bbox 1853 380 2056 438; x_wconf 75' lang='lat' dir='ltr'><strong>AUCT.</strong></span> <span class='ocrx_word' id='word_1_7' title='bbox 2101 375 2361 436; x_wconf 81' lang='lat' dir='ltr'><strong>JOANNE</strong></span> <span class='ocrx_word' id='word_1_8' title='bbox 2401 369 2717 430; x_wconf 79' lang='lat' dir='ltr'><strong>DIACONO.</strong></span> <span class='ocrx_word' id='word_1_9' title='bbox 2762 368 2889 425; x_wconf 84' lang='lat' dir='ltr'><strong>LIB.</strong></span> <span class='ocrx_word' id='word_1_10' title='bbox 2929 367 2967 422; x_wconf 93' lang='grc'><strong>1.</strong></span> 
     </span>
    </p>
   </div>
   <div class='ocr_carea' id='block_1_2' title="bbox 264 500 1930 592">
    <p class='ocr_par' dir='ltr' id='par_1_2' title="bbox 264 500 1930 592">
     <span class='ocr_line' id='line_1_2' title="bbox 264 500 1930 592; baseline -0.017 -4"><span class='ocrx_word' id='word_1_11' title='bbox 264 522 508 588; x_wconf 78' lang='lat' dir='ltr'><strong>Damiani</strong></span> <span class='ocrx_word' id='word_1_12' title='bbox 528 521 554 592; x_wconf 87' lang='grc'><strong>;’</strong></span> <span class='ocrx_word' id='word_1_13' title='bbox 589 524 773 581; x_wconf 89' lang='lat' dir='ltr'><strong>litania</strong></span> <span class='ocrx_word' id='word_1_14' title='bbox 800 519 1119 577; x_wconf 83' lang='lat' dir='ltr'><strong>feminarum</strong></span> <span class='ocrx_word' id='word_1_15' title='bbox 1142 513 1547 582; x_wconf 87' lang='lat' dir='ltr'><strong>conjugatarum</strong></span> <span class='ocrx_word' id='word_1_16' title='bbox 1576 505 1647 559; x_wconf 90' lang='lat' dir='ltr'><strong>ab</strong></span> <span class='ocrx_word' id='word_1_17' title='bbox 1677 500 1854 559; x_wconf 89' lang='lat' dir='ltr'><strong>eccle-</strong></span> <span class='ocrx_word' id='word_1_18' title='bbox 1884 500 1930 559; x_wconf 80' lang='grc' dir='ltr'><strong>Α</strong></span> 
     </span>
    </p>
   </div>
   <div class='ocr_carea' id='block_1_3' title="bbox 265 595 1859 687">
    <p class='ocr_par' dir='ltr' id='par_1_3' title="bbox 265 595 1859 687">
     <span class='ocr_line' id='line_1_3' title="bbox 265 595 1859 687; baseline -0.022 -8"><span class='ocrx_word' id='word_1_19' title='bbox 265 623 343 680; x_wconf 88' lang='lat' dir='ltr'><strong>sia</strong></span> <span class='ocrx_word' id='word_1_20' title='bbox 384 619 527 677; x_wconf 90' lang='lat' dir='ltr'><strong>beati</strong></span> <span class='ocrx_word' id='word_1_21' title='bbox 572 616 726 687; x_wconf 85' lang='lat' dir='ltr'><strong>primi</strong></span> <span class='ocrx_word' id='word_1_22' title='bbox 764 611 1014 682; x_wconf 74' lang='lat' dir='ltr'><strong>martyris</strong></span> <span class='ocrx_word' id='word_1_23' title='bbox 1052 603 1341 676; x_wconf 87' lang='lat' dir='ltr'><strong>Stephani;</strong></span> <span class='ocrx_word' id='word_1_24' title='bbox 1371 599 1555 655; x_wconf 89' lang='lat' dir='ltr'><strong>litania</strong></span> <span class='ocrx_word' id='word_1_25' title='bbox 1578 595 1859 651; x_wconf 90' lang='lat' dir='ltr'><strong>viduarum</strong></span> 
     </span>
    </p>
   </div>
   <div class='ocr_carea' id='block_1_4' title="bbox 266 685 1858 777">
    <p class='ocr_par' dir='ltr' id='par_1_4' title="bbox 266 685 1858 777">
     <span class='ocr_line' id='line_1_4' title="bbox 266 685 1858 777; baseline -0.02 -8"><span class='ocrx_word' id='word_1_26' title='bbox 266 714 335 769; x_wconf 83' lang='lat' dir='ltr'><strong>ab</strong></span> <span class='ocrx_word' id='word_1_27' title='bbox 363 685 592 767; x_wconf 81' lang='lat' dir='ltr'><strong>ecclesia</strong></span> <span class='ocrx_word' id='word_1_28' title='bbox 614 706 865 777; x_wconf 81' lang='lat' dir='ltr'><strong>martyris</strong></span> <span class='ocrx_word' id='word_1_29' title='bbox 885 701 1109 765; x_wconf 78' lang='lat' dir='ltr'><strong>V’italis;</strong></span> <span class='ocrx_word' id='word_1_30' title='bbox 1136 686 1641 764; x_wconf 60' lang='lat' dir='ltr'><strong>litania&#39;pauperum</strong></span> <span class='ocrx_word' id='word_1_31' title='bbox 1682 694 1737 742; x_wconf 91' lang='lat' dir='ltr'><strong>et</strong></span> <span class='ocrx_word' id='word_1_32' title='bbox 1773 685 1858 739; x_wconf 83' lang='lat' dir='ltr'><strong>in—</strong></span> 
     </span>
    </p>
   </div>
   <div class='ocr_carea' id='block_1_5' title="bbox 266 778 1857 862">
    <p class='ocr_par' dir='ltr' id='par_1_5' title="bbox 266 778 1857 862">
     <span class='ocr_line' id='line_1_5' title="bbox 266 778 1857 862; baseline -0.021 0"><span class='ocrx_word' id='word_1_33' title='bbox 266 806 492 862; x_wconf 85' lang='lat' dir='ltr'><strong>fantium</strong></span> <span class='ocrx_word' id='word_1_34' title='bbox 516 803 583 857; x_wconf 91' lang='lat' dir='ltr'><strong>ab</strong></span> <span class='ocrx_word' id='word_1_35' title='bbox 599 799 829 856; x_wconf 86' lang='lat' dir='ltr'><strong>ecclesia</strong></span> <span class='ocrx_word' id='word_1_36' title='bbox 854 797 1026 851; x_wconf 67' lang='lat' dir='ltr'><strong>beatm</strong></span> <span class='ocrx_word' id='word_1_37' title='bbox 1047 790 1272 847; x_wconf 62' lang='lat' dir='ltr'><strong>Caeciliae</strong></span> <span class='ocrx_word' id='word_1_38' title='bbox 1292 782 1565 855; x_wconf 82' lang='lat' dir='ltr'><strong>martyris.</strong></span> <span class='ocrx_word' id='word_1_39' title='bbox 1579 800 1597 835; x_wconf 85' lang='grc'>›</span> <span class='ocrx_word' id='word_1_40' title='bbox 1617 778 1857 853; x_wconf 86' lang='lat' dir='ltr'><strong>(Gregor.</strong></span> 
     </span>
    </p>
   </div>
   <div class='ocr_carea' id='block_1_6' title="bbox 268 886 980 955">
    <p class='ocr_par' dir='ltr' id='par_1_6' title="bbox 268 886 980 955">
     <span class='ocr_line' id='line_1_6' title="bbox 268 886 980 955; baseline -0.018 -3"><span class='ocrx_word' id='word_1_41' title='bbox 268 896 393 952; x_wconf 82' lang='lat' dir='ltr'><strong>Tur.</strong></span> <span class='ocrx_word' id='word_1_42' title='bbox 428 895 518 949; x_wconf 92' lang='lat' dir='ltr'><strong>lib.</strong></span> <span class='ocrx_word' id='word_1_43' title='bbox 547 910 583 947; x_wconf 67' lang='grc' dir='ltr'><strong>Χ</strong></span> <span class='ocrx_word' id='word_1_44' title='bbox 612 891 778 955; x_wconf 84' lang='lat' dir='ltr'><strong>Hist.,</strong></span> <span class='ocrx_word' id='word_1_45' title='bbox 808 905 856 941; x_wconf 88' lang='lat' dir='ltr'><strong>c.</strong></span> <span class='ocrx_word' id='word_1_46' title='bbox 900 886 980 955; x_wconf 75' lang='grc'><strong>1.)</strong></span> 
     </span>
    </p>
   </div>
   <div class='ocr_carea' id='block_1_7' title="bbox 340 959 1862 1053">
    <p class='ocr_par' dir='ltr' id='par_1_7' title="bbox 340 959 1862 1053">
     <span class='ocr_line' id='line_1_7' title="bbox 340 959 1862 1053; baseline -0.019 -12"><span class='ocrx_word' id='word_1_47' title='bbox 340 987 427 1041; x_wconf 75' lang='grc'><strong>4⁸5.</strong></span> <span class='ocrx_word' id='word_1_48' title='bbox 463 985 626 1053; x_wconf 85' lang='lat' dir='ltr'><strong>Igitur</strong></span> <span class='ocrx_word' id='word_1_49' title='bbox 650 982 776 1037; x_wconf 92' lang='lat' dir='ltr'><strong>dum</strong></span> <span class='ocrx_word' id='word_1_50' title='bbox 817 991 1007 1045; x_wconf 89' lang='lat' dir='ltr'><strong>magna</strong></span> <span class='ocrx_word' id='word_1_51' title='bbox 1034 970 1320 1029; x_wconf 84' lang='lat' dir='ltr'><strong>multitudo</strong></span> <span class='ocrx_word' id='word_1_52' title='bbox 1368 977 1395 1006; x_wconf 67' lang='grc' dir='ltr'><strong>α</strong></span> <span class='ocrx_word' id='word_1_53' title='bbox 1447 965 1622 1022; x_wconf 93' lang='lat' dir='ltr'><strong>omnis</strong></span> <span class='ocrx_word' id='word_1_54' title='bbox 1667 959 1862 1025; x_wconf 67' lang='lat' dir='ltr'><strong>aetatis,</strong></span> 
     </span>
    </p>
   </div>
   <div class='ocr_carea' id='block_1_8' title="bbox 268 1053 1867 1147">
    <p class='ocr_par' dir='ltr' id='par_1_8' title="bbox 268 1053 1867 1147">
     <span class='ocr_line' id='line_1_8' title="bbox 268 1053 1867 1147; baseline -0.018 -12"><span class='ocrx_word' id='word_1_55' title='bbox 268 1094 433 1135; x_wconf 76' lang='lat' dir='ltr'><strong>sexus</strong></span> <span class='ocrx_word' id='word_1_56' title='bbox 463 1078 570 1147; x_wconf 78' lang='lat'><strong>38</strong></span> <span class='ocrx_word' id='word_1_57' title='bbox 600 1084 759 1143; x_wconf 89' lang='lat' dir='ltr'><strong>atque</strong></span> <span class='ocrx_word' id='word_1_58' title='bbox 788 1066 1149 1142; x_wconf 80' lang='lat' dir='ltr'><strong>professionis,</strong></span> <span class='ocrx_word' id='word_1_59' title='bbox 1169 1064 1321 1133; x_wconf 85' lang='lat' dir='ltr'><strong>juxta</strong></span> <span class='ocrx_word' id='word_1_60' title='bbox 1342 1057 1761 1131; x_wconf 66' lang='lat' dir='ltr'><strong>prmceptionem</strong></span> <span class='ocrx_word' id='word_1_61' title='bbox 1788 1053 1867 1107; x_wconf 83' lang='lat' dir='ltr'><strong>le-</strong></span> 
     </span>
    </p>
   </div>
   <div class='ocr_carea' id='block_1_9' title="bbox 267 1152 1867 1235">
    <p class='ocr_par' dir='ltr' id='par_1_9' title="bbox 267 1152 1867 1235">
     <span class='ocr_line' id='line_1_9' title="bbox 267 1152 1867 1235; baseline -0.021 -8"><span class='ocrx_word' id='word_1_62' title='bbox 267 1173 393 1227; x_wconf 76' lang='lat' dir='ltr'><strong>vita:</strong></span> <span class='ocrx_word' id='word_1_63' title='bbox 420 1166 686 1235; x_wconf 86' lang='lat' dir='ltr'><strong>Gregorii,</strong></span> <span class='ocrx_word' id='word_1_64' title='bbox 709 1164 794 1217; x_wconf 91' lang='lat' dir='ltr'><strong>die</strong></span> <span class='ocrx_word' id='word_1_65' title='bbox 838 1160 1152 1221; x_wconf 85' lang='lat' dir='ltr'><strong>constituta,</strong></span> <span class='ocrx_word' id='word_1_66' title='bbox 1181 1152 1463 1208; x_wconf 88' lang='lat' dir='ltr'><strong>Dominum</strong></span> <span class='ocrx_word' id='word_1_67' title='bbox 1492 1154 1743 1217; x_wconf 89' lang='lat' dir='ltr'><strong>rogatura</strong></span> <span class='ocrx_word' id='word_1_68' title='bbox 1772 1157 1867 1196; x_wconf 91' lang='lat' dir='ltr'><strong>vc-</strong></span> 
     </span>
    </p>
   </div>
   <div class='ocr_carea' id='block_1_10' title="bbox 270 1237 1873 1326">
    <p class='ocr_par' dir='ltr' id='par_1_10' title="bbox 270 1237 1873 1326">
     <span class='ocr_line' id='line_1_10' title="bbox 270 1237 1873 1326; baseline -0.019 -8"><span class='ocrx_word' id='word_1_69' title='bbox 270 1264 461 1326; x_wconf 84' lang='lat' dir='ltr'><strong>nisset,</strong></span> <span class='ocrx_word' id='word_1_70' title='bbox 492 1260 542 1313; x_wconf 94' lang='lat' dir='ltr'><strong>in</strong></span> <span class='ocrx_word' id='word_1_71' title='bbox 577 1265 781 1312; x_wconf 89' lang='lat' dir='ltr'><strong>tantum</strong></span> <span class='ocrx_word' id='word_1_72' title='bbox 809 1255 926 1308; x_wconf 87' lang='lat' dir='ltr'><strong>lues</strong></span> <span class='ocrx_word' id='word_1_73' title='bbox 957 1252 1071 1321; x_wconf 88' lang='lat' dir='ltr'><strong>ipsa</strong></span> <span class='ocrx_word' id='word_1_74' title='bbox 1096 1247 1298 1319; x_wconf 88' lang='lat' dir='ltr'><strong>judicio</strong></span> <span class='ocrx_word' id='word_1_75' title='bbox 1334 1244 1512 1298; x_wconf 91' lang='lat' dir='ltr'><strong>divino</strong></span> <span class='ocrx_word' id='word_1_76' title='bbox 1540 1237 1779 1301; x_wconf 71' lang='lat' dir='ltr'><strong>desrevit,</strong></span> <span class='ocrx_word' id='word_1_77' title='bbox 1812 1242 1873 1290; x_wconf 89' lang='lat' dir='ltr'><strong>ut</strong></span> 
     </span>
    </p>
   </div>
   <div class='ocr_carea' id='block_1_11' title="bbox 270 1328 1872 1418">
    <p class='ocr_par' dir='ltr' id='par_1_11' title="bbox 270 1328 1872 1418">
     <span class='ocr_line' id='line_1_11' title="bbox 270 1328 1872 1418; baseline -0.019 -7"><span class='ocrx_word' id='word_1_78' title='bbox 270 1357 416 1411; x_wconf 89' lang='lat' dir='ltr'><strong>intra</strong></span> <span class='ocrx_word' id='word_1_79' title='bbox 448 1353 605 1407; x_wconf 88' lang='lat' dir='ltr'><strong>unius</strong></span> <span class='ocrx_word' id='word_1_80' title='bbox 630 1351 776 1405; x_wconf 63' lang='lat' dir='ltr'><strong>horae</strong></span> <span class='ocrx_word' id='word_1_81' title='bbox 802 1346 1055 1418; x_wconf 89' lang='lat' dir='ltr'><strong>spatium,</strong></span> <span class='ocrx_word' id='word_1_82' title='bbox 1089 1342 1215 1397; x_wconf 90' lang='lat' dir='ltr'><strong>dum</strong></span> <span class='ocrx_word' id='word_1_83' title='bbox 1240 1352 1405 1393; x_wconf 84' lang='lat' dir='ltr'><strong>voces</strong></span> <span class='ocrx_word' id='word_1_84' title='bbox 1427 1334 1577 1405; x_wconf 88' lang='lat' dir='ltr'><strong>plebs</strong></span> <span class='ocrx_word' id='word_1_85' title='bbox 1599 1331 1665 1385; x_wconf 89' lang='lat' dir='ltr'><strong>ad</strong></span> <span class='ocrx_word' id='word_1_86' title='bbox 1690 1328 1872 1384; x_wconf 88' lang='lat' dir='ltr'><strong>Domi-</strong></span> 
     </span>
    </p>
   </div>
   <div class='ocr_carea' id='block_1_12' title="bbox 272 1419 1876 1517">
    <p class='ocr_par' dir='ltr' id='par_1_12' title="bbox 272 1419 1876 1517">
     <span class='ocr_line' id='line_1_12' title="bbox 272 1419 1876 1517; baseline -0.019 -12"><span class='ocrx_word' id='word_1_87' title='bbox 272 1466 402 1506; x_wconf 86' lang='lat' dir='ltr'><strong>num</strong></span> <span class='ocrx_word' id='word_1_88' title='bbox 428 1444 835 1517; x_wconf 88' lang='lat' dir='ltr'><strong>supplicationis</strong></span> <span class='ocrx_word' id='word_1_89' title='bbox 885 1440 1175 1499; x_wconf 84' lang='lat' dir='ltr'><strong>emitteret,</strong></span> <span class='ocrx_word' id='word_1_90' title='bbox 1209 1430 1483 1499; x_wconf 81' lang='lat' dir='ltr'><strong>octoginta</strong></span> <span class='ocrx_word' id='word_1_91' title='bbox 1511 1424 1760 1482; x_wconf 84' lang='lat' dir='ltr'><strong>homines</strong></span> <span class='ocrx_word' id='word_1_92' title='bbox 1807 1419 1876 1476; x_wconf 87' lang='lat' dir='ltr'><strong>ad</strong></span> 
     </span>
    </p>
   </div>
   <div class='ocr_carea' id='block_1_13' title="bbox 274 1519 1875 1602">
    <p class='ocr_par' dir='ltr' id='par_1_13' title="bbox 274 1519 1875 1602">
     <span class='ocr_line' id='line_1_13' title="bbox 274 1519 1875 1602; baseline -0.016 -8"><span class='ocrx_word' id='word_1_93' title='bbox 274 1548 476 1597; x_wconf 89' lang='lat' dir='ltr'><strong>terram</strong></span> <span class='ocrx_word' id='word_1_94' title='bbox 519 1546 834 1595; x_wconf 88' lang='lat' dir='ltr'><strong>corruentes</strong></span> <span class='ocrx_word' id='word_1_95' title='bbox 875 1535 1121 1602; x_wconf 86' lang='lat' dir='ltr'><strong>spiritum</strong></span> <span class='ocrx_word' id='word_1_96' title='bbox 1150 1526 1488 1583; x_wconf 82' lang='lat' dir='ltr'><strong>exhalarent.</strong></span> <span class='ocrx_word' id='word_1_97' title='bbox 1521 1519 1630 1575; x_wconf 88' lang='lat' dir='ltr'><strong>Sed</strong></span> <span class='ocrx_word' id='word_1_98' title='bbox 1669 1529 1875 1584; x_wconf 86' lang='lat' dir='ltr'><strong>nequa-</strong></span> 
     </span>
    </p>
   </div>
   <div class='ocr_carea' id='block_1_14' title="bbox 275 1608 1875 1703">
    <p class='ocr_par' dir='ltr' id='par_1_14' title="bbox 275 1608 1875 1703">
     <span class='ocr_line' id='line_1_14' title="bbox 275 1608 1875 1703; baseline -0.018 -14"><span class='ocrx_word' id='word_1_99' title='bbox 275 1649 436 1703; x_wconf 86' lang='lat' dir='ltr'><strong>quam</strong></span> <span class='ocrx_word' id='word_1_100' title='bbox 470 1630 676 1686; x_wconf 89' lang='lat' dir='ltr'><strong>destitit</strong></span> <span class='ocrx_word' id='word_1_101' title='bbox 702 1625 1112 1683; x_wconf 80' lang='lat' dir='ltr'><strong>facundissimus</strong></span> <span class='ocrx_word' id='word_1_102' title='bbox 1130 1621 1318 1675; x_wconf 85' lang='lat' dir='ltr'><strong>rhetor</strong></span> <span class='ocrx_word' id='word_1_103' title='bbox 1337 1613 1540 1684; x_wconf 92' lang='lat' dir='ltr'><strong>populo</strong></span> <span class='ocrx_word' id='word_1_104' title='bbox 1562 1608 1875 1682; x_wconf 61' lang='lat' dir='ltr'><strong>prmdicare:</strong></span> 
     </span>
    </p>
   </div>
   <div class='ocr_carea' id='block_1_15' title="bbox 278 1699 1878 1782">
    <p class='ocr_par' dir='ltr' id='par_1_15' title="bbox 278 1699 1878 1782">
     <span class='ocr_line' id='line_1_15' title="bbox 278 1699 1878 1782; baseline -0.019 0"><span class='ocrx_word' id='word_1_105' title='bbox 278 1742 347 1781; x_wconf 88' lang='lat' dir='ltr'><strong>ne</strong></span> <span class='ocrx_word' id='word_1_106' title='bbox 378 1726 445 1779; x_wconf 91' lang='lat' dir='ltr'><strong>ab</strong></span> <span class='ocrx_word' id='word_1_107' title='bbox 477 1724 721 1778; x_wconf 89' lang='lat' dir='ltr'><strong>oratione</strong></span> <span class='ocrx_word' id='word_1_108' title='bbox 762 1723 1065 1782; x_wconf 86' lang='lat' dir='ltr'><strong>cessarent,</strong></span> <span class='ocrx_word' id='word_1_109' title='bbox 1111 1714 1285 1769; x_wconf 88' lang='lat' dir='ltr'><strong>donec</strong></span> <span class='ocrx_word' id='word_1_110' title='bbox 1329 1705 1673 1764; x_wconf 85' lang='lat' dir='ltr'><strong>miseratione</strong></span> <span class='ocrx_word' id='word_1_111' title='bbox 1700 1699 1878 1756; x_wconf 91' lang='lat' dir='ltr'><strong>divina</strong></span> 
     </span>
    </p>
   </div>
   <div class='ocr_carea' id='block_1_16' title="bbox 278 1812 944 1887">
    <p class='ocr_par' dir='ltr' id='par_1_16' title="bbox 278 1812 944 1887">
     <span class='ocr_line' id='line_1_16' title="bbox 278 1812 944 1887; baseline -0.012 -16"><span class='ocrx_word' id='word_1_112' title='bbox 278 1817 447 1887; x_wconf 86' lang='lat' dir='ltr'><strong>pestis</strong></span> <span class='ocrx_word' id='word_1_113' title='bbox 477 1814 589 1884; x_wconf 93' lang='lat' dir='ltr'><strong>ipsa</strong></span> <span class='ocrx_word' id='word_1_114' title='bbox 625 1812 944 1882; x_wconf 90' lang='lat' dir='ltr'><strong>quiesceret.</strong></span> 
     </span>
    </p>
   </div>
   <div class='ocr_carea' id='block_1_17' title="bbox 3476 352 3550 418">
    <p class='ocr_par' dir='ltr' id='par_1_17' title="bbox 3476 352 3550 418">
     <span class='ocr_line' id='line_1_17' title="bbox 3476 352 3550 418; baseline 0.054 -4"><span class='ocrx_word' id='word_1_115' title='bbox 3476 352 3550 418; x_wconf 63' lang='lat'><strong>82</strong></span> 
     </span>
    </p>
   </div>
   <div class='ocr_carea' id='block_1_18' title="bbox 1961 470 3549 550">
    <p class='ocr_par' dir='ltr' id='par_1_18' title="bbox 1961 470 3549 550">
     <span class='ocr_line' id='line_1_18' title="bbox 1961 470 3549 550; baseline -0.013 0"><span class='ocrx_word' id='word_1_116' title='bbox 1961 496 2015 550; x_wconf 91' lang='lat' dir='ltr'><strong>in</strong></span> <span class='ocrx_word' id='word_1_117' title='bbox 2040 494 2295 549; x_wconf 81' lang='lat' dir='ltr'><strong>Romanae</strong></span> <span class='ocrx_word' id='word_1_118' title='bbox 2322 491 2470 547; x_wconf 86' lang='lat' dir='ltr'><strong>urbis</strong></span> <span class='ocrx_word' id='word_1_119' title='bbox 2508 487 2829 545; x_wconf 89' lang='lat' dir='ltr'><strong>necessitate</strong></span> <span class='ocrx_word' id='word_1_120' title='bbox 2854 480 3179 545; x_wconf 88' lang='lat' dir='ltr'><strong>concurrite,</strong></span> <span class='ocrx_word' id='word_1_121' title='bbox 3208 472 3332 548; x_wconf 84' lang='lat' dir='ltr'><strong>quia</strong></span> <span class='ocrx_word' id='word_1_122' title='bbox 3373 470 3549 532; x_wconf 87' lang='lat' dir='ltr'><strong>hosti-</strong></span> 
     </span>
    </p>
   </div>
   <div class='ocr_carea' id='block_1_19' title="bbox 1962 565 3558 653">
    <p class='ocr_par' dir='ltr' id='par_1_19' title="bbox 1962 565 3558 653">
     <span class='ocr_line' id='line_1_19' title="bbox 1962 565 3558 653; baseline -0.014 -11"><span class='ocrx_word' id='word_1_123' title='bbox 1962 587 2101 642; x_wconf 90' lang='lat' dir='ltr'><strong>libus</strong></span> <span class='ocrx_word' id='word_1_124' title='bbox 2126 582 2316 653; x_wconf 80' lang='lat' dir='ltr'><strong>gladiis</strong></span> <span class='ocrx_word' id='word_1_125' title='bbox 2344 581 2475 637; x_wconf 89' lang='lat' dir='ltr'><strong>foris</strong></span> <span class='ocrx_word' id='word_1_126' title='bbox 2493 581 2610 635; x_wconf 90' lang='lat' dir='ltr'><strong>sine</strong></span> <span class='ocrx_word' id='word_1_127' title='bbox 2637 576 2938 634; x_wconf 86' lang='lat' dir='ltr'><strong>cessatione</strong></span> <span class='ocrx_word' id='word_1_128' title='bbox 2964 569 3322 633; x_wconf 91' lang='lat' dir='ltr'><strong>confodimur,</strong></span> <span class='ocrx_word' id='word_1_129' title='bbox 3344 565 3443 623; x_wconf 84' lang='lat' dir='ltr'><strong>sed</strong></span> <span class='ocrx_word' id='word_1_130' title='bbox 3462 579 3558 621; x_wconf 81' lang='lat' dir='ltr'><strong>se-</strong></span> 
     </span>
    </p>
   </div>
   <div class='ocr_carea' id='block_1_20' title="bbox 1964 662 3552 739">
    <p class='ocr_par' dir='ltr' id='par_1_20' title="bbox 1964 662 3552 739">
     <span class='ocr_line' id='line_1_20' title="bbox 1964 662 3552 739; baseline -0.014 -7"><span class='ocrx_word' id='word_1_131' title='bbox 1964 677 2168 732; x_wconf 88' lang='lat' dir='ltr'><strong>ditione</strong></span> <span class='ocrx_word' id='word_1_132' title='bbox 2194 672 2426 727; x_wconf 91' lang='lat' dir='ltr'><strong>militum</strong></span> <span class='ocrx_word' id='word_1_133' title='bbox 2454 671 2666 725; x_wconf 92' lang='lat' dir='ltr'><strong>interno</strong></span> <span class='ocrx_word' id='word_1_134' title='bbox 2704 666 2946 739; x_wconf 91' lang='lat' dir='ltr'><strong>periculo</strong></span> <span class='ocrx_word' id='word_1_135' title='bbox 2976 662 3192 733; x_wconf 78' lang='lat' dir='ltr'><strong>gravius</strong></span> <span class='ocrx_word' id='word_1_136' title='bbox 3217 672 3491 730; x_wconf 88' lang='lat' dir='ltr'><strong>urgemur.</strong></span> <span class='ocrx_word' id='word_1_137' title='bbox 3529 672 3552 709; x_wconf 70' lang='grc' dir='ltr'><strong>ο</strong></span> 
     </span>
    </p>
   </div>
   <div class='ocr_carea' id='block_1_21' title="bbox 1965 762 2415 838">
    <p class='ocr_par' dir='ltr' id='par_1_21' title="bbox 1965 762 2415 838">
     <span class='ocr_line' id='line_1_21' title="bbox 1965 762 2415 838; baseline -0.016 -18"><span class='ocrx_word' id='word_1_138' title='bbox 1965 765 2102 838; x_wconf 80' lang='lat' dir='ltr'><strong>(Lib.</strong></span> <span class='ocrx_word' id='word_1_139' title='bbox 2135 782 2171 830; x_wconf 84' lang='grc' dir='ltr'><strong>ι,</strong></span> <span class='ocrx_word' id='word_1_140' title='bbox 2224 778 2304 832; x_wconf 86' lang='lat' dir='ltr'><strong>ep.</strong></span> <span class='ocrx_word' id='word_1_141' title='bbox 2336 762 2415 831; x_wconf 78' lang='lat'><strong>3.)</strong></span> 
     </span>
    </p>
   </div>
   <div class='ocr_carea' id='block_1_22' title="bbox 2035 834 3561 921">
    <p class='ocr_par' dir='ltr' id='par_1_22' title="bbox 2035 834 3561 921">
     <span class='ocr_line' id='line_1_22' title="bbox 2035 834 3561 921; baseline -0.014 -10"><span class='ocrx_word' id='word_1_142' title='bbox 2035 858 2124 913; x_wconf 79' lang='grc'><strong>46.</strong></span> <span class='ocrx_word' id='word_1_143' title='bbox 2150 854 2285 910; x_wconf 90' lang='lat' dir='ltr'><strong>ltem</strong></span> <span class='ocrx_word' id='word_1_144' title='bbox 2324 852 2616 921; x_wconf 80' lang='lat' dir='ltr'><strong>Gregorius</strong></span> <span class='ocrx_word' id='word_1_145' title='bbox 2662 846 2857 903; x_wconf 79' lang='lat' dir='ltr'><strong>Joanni</strong></span> <span class='ocrx_word' id='word_1_146' title='bbox 2900 841 3220 914; x_wconf 85' lang='lat' dir='ltr'><strong>patriarchae</strong></span> <span class='ocrx_word' id='word_1_147' title='bbox 3247 834 3561 893; x_wconf 81' lang='lat' dir='ltr'><strong>Constanti-</strong></span> 
     </span>
    </p>
   </div>
   <div class='ocr_carea' id='block_1_23' title="bbox 1970 930 3563 1021">
    <p class='ocr_par' dir='ltr' id='par_1_23' title="bbox 1970 930 3563 1021">
     <span class='ocr_line' id='line_1_23' title="bbox 1970 930 3563 1021; baseline -0.014 -13"><span class='ocrx_word' id='word_1_148' title='bbox 1970 950 2281 1021; x_wconf 91' lang='lat' dir='ltr'><strong>nopolitano</strong></span> <span class='ocrx_word' id='word_1_149' title='bbox 2306 965 2319 1000; x_wconf 86' lang='lat'><strong>:</strong></span> <span class='ocrx_word' id='word_1_150' title='bbox 2352 966 2369 998; x_wconf 76' lang='grc' dir='ltr'>ι</span> <span class='ocrx_word' id='word_1_151' title='bbox 2391 944 2447 999; x_wconf 90' lang='lat' dir='ltr'><strong>Si</strong></span> <span class='ocrx_word' id='word_1_152' title='bbox 2462 941 2739 1000; x_wconf 88' lang='lat' dir='ltr'><strong>charitatis</strong></span> <span class='ocrx_word' id='word_1_153' title='bbox 2756 939 2925 993; x_wconf 92' lang='lat' dir='ltr'><strong>virtus</strong></span> <span class='ocrx_word' id='word_1_154' title='bbox 2948 937 3001 991; x_wconf 90' lang='lat' dir='ltr'><strong>in</strong></span> <span class='ocrx_word' id='word_1_155' title='bbox 3021 933 3253 1006; x_wconf 82' lang='lat' dir='ltr'><strong>proximi</strong></span> <span class='ocrx_word' id='word_1_156' title='bbox 3269 930 3563 987; x_wconf 82' lang='lat' dir='ltr'><strong>dilectione</strong></span> 
     </span>
    </p>
   </div>
   <div class='ocr_carea' id='block_1_24' title="bbox 1970 1025 3564 1105">
    <p class='ocr_par' dir='ltr' id='par_1_24' title="bbox 1970 1025 3564 1105">
     <span class='ocr_line' id='line_1_24' title="bbox 1970 1025 3564 1105; baseline -0.013 -7"><span class='ocrx_word' id='word_1_157' title='bbox 1970 1042 2238 1105; x_wconf 87' lang='lat' dir='ltr'><strong>consistit,</strong></span> <span class='ocrx_word' id='word_1_158' title='bbox 2265 1040 2308 1095; x_wconf 91' lang='lat' dir='ltr'><strong>si</strong></span> <span class='ocrx_word' id='word_1_159' title='bbox 2337 1039 2415 1092; x_wconf 92' lang='lat' dir='ltr'><strong>sic</strong></span> <span class='ocrx_word' id='word_1_160' title='bbox 2435 1035 2657 1103; x_wconf 81' lang='lat' dir='ltr'><strong>diligere</strong></span> <span class='ocrx_word' id='word_1_161' title='bbox 2685 1031 2963 1103; x_wconf 79' lang='lat' dir='ltr'><strong>proximos</strong></span> <span class='ocrx_word' id='word_1_162' title='bbox 2992 1028 3134 1083; x_wconf 89' lang='lat' dir='ltr'><strong>sicut</strong></span> <span class='ocrx_word' id='word_1_163' title='bbox 3164 1041 3264 1081; x_wconf 92' lang='lat' dir='ltr'><strong>nos</strong></span> <span class='ocrx_word' id='word_1_164' title='bbox 3285 1025 3564 1094; x_wconf 79' lang='lat' dir='ltr'><strong>iubemur,</strong></span> 
     </span>
    </p>
   </div>
   <div class='ocr_carea' id='block_1_25' title="bbox 1970 1114 3566 1205">
    <p class='ocr_par' dir='ltr' id='par_1_25' title="bbox 1970 1114 3566 1205">
     <span class='ocr_line' id='line_1_25' title="bbox 1970 1114 3566 1205; baseline -0.014 -16"><span class='ocrx_word' id='word_1_165' title='bbox 1970 1132 2100 1205; x_wconf 90' lang='lat' dir='ltr'><strong>quid</strong></span> <span class='ocrx_word' id='word_1_166' title='bbox 2128 1140 2210 1187; x_wconf 88' lang='lat' dir='ltr'><strong>est</strong></span> <span class='ocrx_word' id='word_1_167' title='bbox 2246 1129 2392 1199; x_wconf 88' lang='lat' dir='ltr'><strong>quod</strong></span> <span class='ocrx_word' id='word_1_168' title='bbox 2422 1143 2508 1181; x_wconf 92' lang='lat' dir='ltr'><strong>me</strong></span> <span class='ocrx_word' id='word_1_169' title='bbox 2536 1123 2814 1180; x_wconf 88' lang='lat' dir='ltr'><strong>beatitudo</strong></span> <span class='ocrx_word' id='word_1_170' title='bbox 2843 1128 3023 1183; x_wconf 87' lang='lat' dir='ltr'><strong>vestra</strong></span> <span class='ocrx_word' id='word_1_171' title='bbox 3050 1134 3158 1173; x_wconf 91' lang='lat' dir='ltr'><strong>non</strong></span> <span class='ocrx_word' id='word_1_172' title='bbox 3187 1118 3262 1171; x_wconf 89' lang='lat' dir='ltr'><strong>ita</strong></span> <span class='ocrx_word' id='word_1_173' title='bbox 3303 1124 3365 1170; x_wconf 89' lang='lat' dir='ltr'><strong>ut</strong></span> <span class='ocrx_word' id='word_1_174' title='bbox 3392 1130 3452 1170; x_wconf 91' lang='lat' dir='ltr'><strong>se</strong></span> <span class='ocrx_word' id='word_1_175' title='bbox 3479 1114 3566 1169; x_wconf 88' lang='lat' dir='ltr'><strong>di-</strong></span> 
     </span>
    </p>
   </div>
   <div class='ocr_carea' id='block_1_26' title="bbox 1972 1209 3569 1295">
    <p class='ocr_par' dir='ltr' id='par_1_26' title="bbox 1972 1209 3569 1295">
     <span class='ocr_line' id='line_1_26' title="bbox 1972 1209 3569 1295; baseline -0.014 -15"><span class='ocrx_word' id='word_1_176' title='bbox 1972 1225 2122 1295; x_wconf 91' lang='lat' dir='ltr'><strong>ligit?</strong></span> <span class='ocrx_word' id='word_1_177' title='bbox 2150 1222 2267 1289; x_wconf 87' lang='lat' dir='ltr'><strong>Quo</strong></span> <span class='ocrx_word' id='word_1_178' title='bbox 2296 1221 2438 1276; x_wconf 89' lang='lat' dir='ltr'><strong>enim</strong></span> <span class='ocrx_word' id='word_1_179' title='bbox 2467 1217 2677 1281; x_wconf 90' lang='lat' dir='ltr'><strong>ardore,</strong></span> <span class='ocrx_word' id='word_1_180' title='bbox 2708 1230 2815 1285; x_wconf 94' lang='lat' dir='ltr'><strong>quo</strong></span> <span class='ocrx_word' id='word_1_181' title='bbox 2844 1212 3020 1268; x_wconf 90' lang='lat' dir='ltr'><strong>studio</strong></span> <span class='ocrx_word' id='word_1_182' title='bbox 3050 1209 3393 1279; x_wconf 88' lang='lat' dir='ltr'><strong>episcopatus</strong></span> <span class='ocrx_word' id='word_1_183' title='bbox 3426 1220 3569 1275; x_wconf 85' lang='lat' dir='ltr'><strong>pon-</strong></span> 
     </span>
    </p>
   </div>
   <div class='ocr_carea' id='block_1_27' title="bbox 1973 1298 3570 1385">
    <p class='ocr_par' dir='ltr' id='par_1_27' title="bbox 1973 1298 3570 1385">
     <span class='ocr_line' id='line_1_27' title="bbox 1973 1298 3570 1385; baseline -0.014 -11"><span class='ocrx_word' id='word_1_184' title='bbox 1973 1319 2099 1374; x_wconf 87' lang='lat' dir='ltr'><strong>dera</strong></span> <span class='ocrx_word' id='word_1_185' title='bbox 2129 1318 2311 1385; x_wconf 79' lang='lat' dir='ltr'><strong>fugere</strong></span> <span class='ocrx_word' id='word_1_186' title='bbox 2339 1313 2620 1369; x_wconf 85' lang='lat' dir='ltr'><strong>volueritis</strong></span> <span class='ocrx_word' id='word_1_187' title='bbox 2644 1311 2778 1377; x_wconf 91' lang='lat' dir='ltr'><strong>scio,</strong></span> <span class='ocrx_word' id='word_1_188' title='bbox 2808 1317 2862 1363; x_wconf 91' lang='lat' dir='ltr'><strong>et</strong></span> <span class='ocrx_word' id='word_1_189' title='bbox 2882 1315 3061 1360; x_wconf 88' lang='lat' dir='ltr'><strong>tamen</strong></span> <span class='ocrx_word' id='word_1_190' title='bbox 3091 1305 3205 1357; x_wconf 62' lang='lat' dir='ltr'><strong>haec</strong></span> <span class='ocrx_word' id='word_1_191' title='bbox 3233 1300 3424 1356; x_wconf 85' lang='lat' dir='ltr'><strong>eadem</strong></span> <span class='ocrx_word' id='word_1_192' title='bbox 3455 1298 3570 1369; x_wconf 85' lang='lat' dir='ltr'><strong>epi-</strong></span> 
     </span>
    </p>
   </div>
   <div class='ocr_carea' id='block_1_28' title="bbox 1972 1389 3572 1479">
    <p class='ocr_par' dir='ltr' id='par_1_28' title="bbox 1972 1389 3572 1479">
     <span class='ocr_line' id='line_1_28' title="bbox 1972 1389 3572 1479; baseline -0.015 -14"><span class='ocrx_word' id='word_1_193' title='bbox 1972 1416 2225 1479; x_wconf 85' lang='lat' dir='ltr'><strong>scopatus</strong></span> <span class='ocrx_word' id='word_1_194' title='bbox 2247 1405 2482 1477; x_wconf 89' lang='lat' dir='ltr'><strong>pondera</strong></span> <span class='ocrx_word' id='word_1_195' title='bbox 2514 1419 2582 1457; x_wconf 91' lang='lat' dir='ltr'><strong>ne</strong></span> <span class='ocrx_word' id='word_1_196' title='bbox 2612 1401 2739 1456; x_wconf 91' lang='lat' dir='ltr'><strong>mihi</strong></span> <span class='ocrx_word' id='word_1_197' title='bbox 2762 1400 3022 1454; x_wconf 86' lang='lat' dir='ltr'><strong>deberent</strong></span> <span class='ocrx_word' id='word_1_198' title='bbox 3045 1392 3247 1464; x_wconf 87' lang='lat' dir='ltr'><strong>imponi</strong></span> <span class='ocrx_word' id='word_1_199' title='bbox 3273 1407 3381 1446; x_wconf 94' lang='lat' dir='ltr'><strong>non</strong></span> <span class='ocrx_word' id='word_1_200' title='bbox 3410 1389 3572 1444; x_wconf 88' lang='lat' dir='ltr'><strong>resti-</strong></span> 
     </span>
    </p>
   </div>
   <div class='ocr_carea' id='block_1_29' title="bbox 1975 1478 3571 1563">
    <p class='ocr_par' dir='ltr' id='par_1_29' title="bbox 1975 1478 3571 1563">
     <span class='ocr_line' id='line_1_29' title="bbox 1975 1478 3571 1563; baseline -0.016 -7"><span class='ocrx_word' id='word_1_201' title='bbox 1975 1478 2132 1556; x_wconf 89' lang='lat' dir='ltr'><strong>tistis.</strong></span> <span class='ocrx_word' id='word_1_202' title='bbox 2175 1497 2401 1553; x_wconf 88' lang='lat' dir='ltr'><strong>Constat</strong></span> <span class='ocrx_word' id='word_1_203' title='bbox 2432 1510 2570 1563; x_wconf 86' lang='lat' dir='ltr'><strong>ergo</strong></span> <span class='ocrx_word' id='word_1_204' title='bbox 2609 1492 2733 1561; x_wconf 91' lang='lat' dir='ltr'><strong>quia</strong></span> <span class='ocrx_word' id='word_1_205' title='bbox 2782 1506 2890 1545; x_wconf 93' lang='lat' dir='ltr'><strong>non</strong></span> <span class='ocrx_word' id='word_1_206' title='bbox 2918 1502 3005 1543; x_wconf 91' lang='lat' dir='ltr'><strong>me</strong></span> <span class='ocrx_word' id='word_1_207' title='bbox 3032 1486 3172 1541; x_wconf 86' lang='lat' dir='ltr'><strong>sicut</strong></span> <span class='ocrx_word' id='word_1_208' title='bbox 3207 1497 3305 1537; x_wconf 91' lang='lat' dir='ltr'><strong>vos</strong></span> <span class='ocrx_word' id='word_1_209' title='bbox 3332 1478 3571 1547; x_wconf 84' lang='lat' dir='ltr'><strong>diligitis,</strong></span> 
     </span>
    </p>
   </div>
   <div class='ocr_carea' id='block_1_30' title="bbox 1976 1570 3577 1666">
    <p class='ocr_par' dir='ltr' id='par_1_30' title="bbox 1976 1570 3577 1666">
     <span class='ocr_line' id='line_1_30' title="bbox 1976 1570 3577 1666; baseline -0.014 -18"><span class='ocrx_word' id='word_1_210' title='bbox 1976 1595 2102 1666; x_wconf 86' lang='lat' dir='ltr'><strong>quia</strong></span> <span class='ocrx_word' id='word_1_211' title='bbox 2130 1592 2218 1647; x_wconf 88' lang='lat' dir='ltr'><strong>illa</strong></span> <span class='ocrx_word' id='word_1_212' title='bbox 2241 1606 2327 1645; x_wconf 90' lang='lat' dir='ltr'><strong>me</strong></span> <span class='ocrx_word' id='word_1_213' title='bbox 2352 1587 2594 1645; x_wconf 84' lang='lat' dir='ltr'><strong>voluistis</strong></span> <span class='ocrx_word' id='word_1_214' title='bbox 2624 1586 2731 1656; x_wconf 81' lang='lat'><strong>39</strong></span> <span class='ocrx_word' id='word_1_215' title='bbox 2755 1597 2921 1639; x_wconf 88' lang='lat' dir='ltr'><strong>onera</strong></span> <span class='ocrx_word' id='word_1_216' title='bbox 2960 1578 3235 1648; x_wconf 87' lang='lat' dir='ltr'><strong>suscipere</strong></span> <span class='ocrx_word' id='word_1_217' title='bbox 3265 1588 3385 1643; x_wconf 73' lang='lat' dir='ltr'><strong>qum</strong></span> <span class='ocrx_word' id='word_1_218' title='bbox 3421 1570 3577 1627; x_wconf 81' lang='lat' dir='ltr'><strong>vobis</strong></span> 
     </span>
    </p>
   </div>
   <div class='ocr_carea' id='block_1_31' title="bbox 1979 1663 3579 1757">
    <p class='ocr_par' dir='ltr' id='par_1_31' title="bbox 1979 1663 3579 1757">
     <span class='ocr_line' id='line_1_31' title="bbox 1979 1663 3579 1757; baseline -0.016 -15"><span class='ocrx_word' id='word_1_219' title='bbox 1979 1686 2181 1757; x_wconf 91' lang='lat' dir='ltr'><strong>imponi</strong></span> <span class='ocrx_word' id='word_1_220' title='bbox 2208 1682 2474 1739; x_wconf 91' lang='lat' dir='ltr'><strong>noluistis.</strong></span> <span class='ocrx_word' id='word_1_221' title='bbox 2520 1679 2629 1734; x_wconf 92' lang='lat' dir='ltr'><strong>Sed</strong></span> <span class='ocrx_word' id='word_1_222' title='bbox 2665 1677 2790 1747; x_wconf 87' lang='lat' dir='ltr'><strong>quia</strong></span> <span class='ocrx_word' id='word_1_223' title='bbox 2840 1680 3107 1729; x_wconf 85' lang='lat' dir='ltr'><strong>vetustam</strong></span> <span class='ocrx_word' id='word_1_224' title='bbox 3156 1669 3364 1731; x_wconf 85' lang='lat' dir='ltr'><strong>navim,</strong></span> <span class='ocrx_word' id='word_1_225' title='bbox 3412 1663 3579 1718; x_wconf 89' lang='lat' dir='ltr'><strong>vehe-</strong></span> 
     </span>
    </p>
   </div>
   <div class='ocr_carea' id='block_1_32' title="bbox 1980 1760 3580 1846">
    <p class='ocr_par' dir='ltr' id='par_1_32' title="bbox 1980 1760 3580 1846">
     <span class='ocr_line' id='line_1_32' title="bbox 1980 1760 3580 1846; baseline -0.019 -11"><span class='ocrx_word' id='word_1_226' title='bbox 1980 1787 2297 1846; x_wconf 88' lang='lat' dir='ltr'><strong>menterque</strong></span> <span class='ocrx_word' id='word_1_227' title='bbox 2342 1772 2677 1830; x_wconf 86' lang='lat' dir='ltr'><strong>confractam</strong></span> <span class='ocrx_word' id='word_1_228' title='bbox 2708 1766 2954 1836; x_wconf 85' lang='lat' dir='ltr'><strong>indignus</strong></span> <span class='ocrx_word' id='word_1_229' title='bbox 2978 1777 3079 1832; x_wconf 85' lang='lat' dir='ltr'><strong>ego</strong></span> <span class='ocrx_word' id='word_1_230' title='bbox 3110 1760 3461 1824; x_wconf 85' lang='lat' dir='ltr'><strong>infirmusque</strong></span> <span class='ocrx_word' id='word_1_231' title='bbox 3489 1768 3580 1807; x_wconf 84' lang='lat' dir='ltr'><strong>su-</strong></span> 
     </span>
    </p>
   </div>
   <div class='ocr_carea' id='block_1_33' title="bbox 360 1849 3581 1964">
    <p class='ocr_par' dir='ltr' id='par_1_33' title="bbox 360 1849 3581 1964">
     <span class='ocr_line' id='line_1_33' title="bbox 360 1849 944 1884; baseline -0.014 -13"><span class='ocrx_word' id='word_1_232' title='bbox 360 1849 447 1871; x_wconf 72' lang='lat' dir='ltr'><strong>ms</strong></span> <span class='ocrx_word' id='word_1_233' title='bbox 477 1849 589 1884; x_wconf 67' lang='grc' dir='ltr'><strong>,γοα</strong></span> <span class='ocrx_word' id='word_1_234' title='bbox 625 1849 944 1882; x_wconf 59' lang='grc' dir='ltr'><strong>ιιωυουυιυ..</strong></span> 
     </span>
     <span class='ocr_line' id='line_1_34' title="bbox 360 1849 3581 1964; baseline -0.019 -7"><span class='ocrx_word' id='word_1_235' title='bbox 360 1907 447 1960; x_wconf 66' lang='grc'><strong>44.</strong></span> <span class='ocrx_word' id='word_1_236' title='bbox 481 1906 783 1964; x_wconf 79' lang='lat' dir='ltr'><strong>Enimvero,</strong></span> <span class='ocrx_word' id='word_1_237' title='bbox 817 1917 940 1958; x_wconf 90' lang='lat' dir='ltr'><strong>cum</strong></span> <span class='ocrx_word' id='word_1_238' title='bbox 968 1898 1154 1954; x_wconf 85' lang='lat' dir='ltr'><strong>adhuc.</strong></span> <span class='ocrx_word' id='word_1_239' title='bbox 1166 1895 1376 1949; x_wconf 88' lang='lat' dir='ltr'><strong>futurus</strong></span> <span class='ocrx_word' id='word_1_240' title='bbox 1417 1888 1641 1944; x_wconf 84' lang='lat' dir='ltr'><strong>antistes</strong></span> <span class='ocrx_word' id='word_1_241' title='bbox 1666 1888 1883 1956; x_wconf 87' lang='lat' dir='ltr'><strong>putaret</strong></span> <span class='ocrx_word' id='word_1_242' title='bbox 1911 1890 1958 1951; x_wconf 79' lang='grc' dir='ltr'><strong>Β</strong></span> <span class='ocrx_word' id='word_1_243' title='bbox 1983 1870 2162 1941; x_wconf 81' lang='lat' dir='ltr'><strong>scepi;</strong></span> <span class='ocrx_word' id='word_1_244' title='bbox 2195 1868 2429 1937; x_wconf 90' lang='lat' dir='ltr'><strong>undique</strong></span> <span class='ocrx_word' id='word_1_245' title='bbox 2452 1865 2594 1919; x_wconf 90' lang='lat' dir='ltr'><strong>enim</strong></span> <span class='ocrx_word' id='word_1_246' title='bbox 2621 1862 2812 1916; x_wconf 92' lang='lat' dir='ltr'><strong>fluctus</strong></span> <span class='ocrx_word' id='word_1_247' title='bbox 2838 1860 3064 1922; x_wconf 89' lang='lat' dir='ltr'><strong>intrant,</strong></span> <span class='ocrx_word' id='word_1_248' title='bbox 3095 1860 3151 1908; x_wconf 91' lang='lat' dir='ltr'><strong>et</strong></span> <span class='ocrx_word' id='word_1_249' title='bbox 3173 1849 3485 1922; x_wconf 84' lang='lat' dir='ltr'><strong>quotidiana</strong></span> <span class='ocrx_word' id='word_1_250' title='bbox 3516 1857 3581 1898; x_wconf 89' lang='lat' dir='ltr'><strong>ac</strong></span> 
     </span>
     <span class='ocr_line' id='line_1_35' title="bbox 2113 1940 3546 1964; baseline 0 0"><span class='ocrx_word' id='word_1_251' title='bbox 2113 1963 2116 1964; x_wconf 67' lang='lat'>,</span> <span class='ocrx_word' id='word_1_252' title='bbox 2755 1962 2761 1964; x_wconf 95' lang='lat'>_</span> <span class='ocrx_word' id='word_1_253' title='bbox 2920 1956 2931 1964; x_wconf 84' lang='grc'><strong>.</strong></span> <span class='ocrx_word' id='word_1_254' title='bbox 2970 1948 2982 1958; x_wconf 75' lang='grc' dir='ltr'>α</span> <span class='ocrx_word' id='word_1_255' title='bbox 3006 1947 3062 1964; x_wconf 43' lang='lat' dir='ltr'><strong>LA</strong></span> <span class='ocrx_word' id='word_1_256' title='bbox 3118 1940 3448 1964; x_wconf 66' lang='lat' dir='ltr'><strong>_-_-P_-n:..m</strong></span> <span class='ocrx_word' id='word_1_257' title='bbox 3496 1944 3546 1964; x_wconf 77' lang='lat' dir='ltr'><strong>In</strong></span> 
     </span>
    </p>
   </div>
   <div class='ocr_carea' id='block_1_34' title="bbox 280 1976 1882 2070">
    <p class='ocr_par' dir='ltr' id='par_1_34' title="bbox 280 1976 1882 2070">
     <span class='ocr_line' id='line_1_36' title="bbox 280 1976 1882 2070; baseline -0.018 -13"><span class='ocrx_word' id='word_1_258' title='bbox 280 2017 342 2058; x_wconf 87' lang='lat' dir='ltr'><strong>se</strong></span> <span class='ocrx_word' id='word_1_259' title='bbox 389 2000 685 2070; x_wconf 91' lang='lat' dir='ltr'><strong>principem</strong></span> <span class='ocrx_word' id='word_1_260' title='bbox 707 2014 737 2052; x_wconf 91' lang='lat' dir='ltr'><strong>a</strong></span> <span class='ocrx_word' id='word_1_261' title='bbox 765 2008 1033 2051; x_wconf 85' lang='lat' dir='ltr'><strong>consensu</strong></span> <span class='ocrx_word' id='word_1_262' title='bbox 1070 1983 1495 2045; x_wconf 88' lang='lat' dir='ltr'><strong>consecrationis</strong></span> <span class='ocrx_word' id='word_1_263' title='bbox 1523 1996 1633 2037; x_wconf 87' lang='lat' dir='ltr'><strong>suae</strong></span> <span class='ocrx_word' id='word_1_264' title='bbox 1668 1976 1882 2049; x_wconf 89' lang='lat' dir='ltr'><strong>penitus</strong></span> 
     </span>
    </p>
   </div>
   <div class='ocr_carea' id='block_1_35' title="bbox 281 2067 1882 2158">
    <p class='ocr_par' dir='ltr' id='par_1_35' title="bbox 281 2067 1882 2158">
     <span class='ocr_line' id='line_1_37' title="bbox 281 2067 1882 2158; baseline -0.017 -11"><span class='ocrx_word' id='word_1_265' title='bbox 281 2092 563 2154; x_wconf 87' lang='lat' dir='ltr'><strong>avertisse,</strong></span> <span class='ocrx_word' id='word_1_266' title='bbox 596 2088 851 2158; x_wconf 83' lang='lat' dir='ltr'><strong>cognovit</strong></span> <span class='ocrx_word' id='word_1_267' title='bbox 891 2083 1109 2139; x_wconf 88' lang='lat' dir='ltr'><strong>tandem</strong></span> <span class='ocrx_word' id='word_1_268' title='bbox 1139 2095 1265 2134; x_wconf 88' lang='lat' dir='ltr'><strong>suas</strong></span> <span class='ocrx_word' id='word_1_269' title='bbox 1305 2077 1513 2131; x_wconf 89' lang='lat' dir='ltr'><strong>litteras</strong></span> <span class='ocrx_word' id='word_1_270' title='bbox 1554 2087 1584 2125; x_wconf 88' lang='lat' dir='ltr'><strong>a</strong></span> <span class='ocrx_word' id='word_1_271' title='bbox 1612 2067 1882 2123; x_wconf 90' lang='lat' dir='ltr'><strong>Germano</strong></span> 
     </span>
    </p>
   </div>
   <div class='ocr_carea' id='block_1_36' title="bbox 281 2155 1883 2252">
    <p class='ocr_par' dir='ltr' id='par_1_36' title="bbox 281 2155 1883 2252">
     <span class='ocr_line' id='line_1_38' title="bbox 281 2155 1883 2252; baseline -0.017 -15"><span class='ocrx_word' id='word_1_272' title='bbox 281 2182 541 2252; x_wconf 65' lang='lat' dir='ltr'><strong>praefecto</strong></span> <span class='ocrx_word' id='word_1_273' title='bbox 578 2155 724 2234; x_wconf 83' lang='lat' dir='ltr'><strong>urbis</strong></span> <span class='ocrx_word' id='word_1_274' title='bbox 772 2179 1100 2244; x_wconf 86' lang='lat' dir='ltr'><strong>interceptas</strong></span> <span class='ocrx_word' id='word_1_275' title='bbox 1139 2169 1323 2225; x_wconf 90' lang='lat' dir='ltr'><strong>fuisse.</strong></span> <span class='ocrx_word' id='word_1_276' title='bbox 1372 2164 1537 2235; x_wconf 86' lang='lat' dir='ltr'><strong>Cujus</strong></span> <span class='ocrx_word' id='word_1_277' title='bbox 1590 2160 1668 2215; x_wconf 90' lang='lat' dir='ltr'><strong>rei</strong></span> <span class='ocrx_word' id='word_1_278' title='bbox 1711 2155 1883 2228; x_wconf 89' lang='lat' dir='ltr'><strong>gratia</strong></span> 
     </span>
    </p>
   </div>
   <div class='ocr_carea' id='block_1_37' title="bbox 284 2250 1885 2345">
    <p class='ocr_par' dir='ltr' id='par_1_37' title="bbox 284 2250 1885 2345">
     <span class='ocr_line' id='line_1_39' title="bbox 284 2250 1885 2345; baseline -0.018 -16"><span class='ocrx_word' id='word_1_279' title='bbox 284 2250 565 2345; x_wconf 81' lang='lat' dir='ltr'><strong>imperiale</strong></span> <span class='ocrx_word' id='word_1_280' title='bbox 604 2284 942 2341; x_wconf 89' lang='lat' dir='ltr'><strong>responsum,</strong></span> <span class='ocrx_word' id='word_1_281' title='bbox 980 2265 1125 2337; x_wconf 87' lang='lat' dir='ltr'><strong>quod</strong></span> <span class='ocrx_word' id='word_1_282' title='bbox 1169 2259 1425 2316; x_wconf 89' lang='lat' dir='ltr'><strong>videlicet</strong></span> <span class='ocrx_word' id='word_1_283' title='bbox 1460 2250 1727 2309; x_wconf 88' lang='lat' dir='ltr'><strong>voluntati</strong></span> <span class='ocrx_word' id='word_1_284' title='bbox 1772 2261 1885 2303; x_wconf 60' lang='lat' dir='ltr'><strong>suae</strong></span> 
     </span>
    </p>
   </div>
   <div class='ocr_carea' id='block_1_38' title="bbox 284 2341 1884 2431">
    <p class='ocr_par' dir='ltr' id='par_1_38' title="bbox 284 2341 1884 2431">
     <span class='ocr_line' id='line_1_40' title="bbox 284 2341 1884 2431; baseline -0.018 -7"><span class='ocrx_word' id='word_1_285' title='bbox 284 2367 616 2425; x_wconf 88' lang='lat' dir='ltr'><strong>contrarium</strong></span> <span class='ocrx_word' id='word_1_286' title='bbox 647 2365 671 2402; x_wconf 73' lang='grc' dir='ltr'>δ</span> <span class='ocrx_word' id='word_1_287' title='bbox 703 2364 937 2427; x_wconf 87' lang='lat' dir='ltr'><strong>rebatur,</strong></span> <span class='ocrx_word' id='word_1_288' title='bbox 960 2357 1310 2431; x_wconf 64' lang='lat' dir='ltr'><strong>praeveniens,</strong></span> <span class='ocrx_word' id='word_1_289' title='bbox 1342 2352 1467 2421; x_wconf 89' lang='lat' dir='ltr'><strong>quia</strong></span> <span class='ocrx_word' id='word_1_290' title='bbox 1497 2347 1673 2420; x_wconf 87' lang='lat' dir='ltr'><strong>palam</strong></span> <span class='ocrx_word' id='word_1_291' title='bbox 1701 2341 1884 2413; x_wconf 87' lang='lat' dir='ltr'><strong>egredi</strong></span> 
     </span>
    </p>
   </div>
   <div class='ocr_carea' id='block_1_39' title="bbox 284 2438 1957 2529">
    <p class='ocr_par' dir='ltr' id='par_1_39' title="bbox 284 2438 1957 2529">
     <span class='ocr_line' id='line_1_41' title="bbox 284 2438 1957 2529; baseline -0.016 -16"><span class='ocrx_word' id='word_1_292' title='bbox 284 2468 473 2529; x_wconf 83' lang='lat' dir='ltr'><strong>portas</strong></span> <span class='ocrx_word' id='word_1_293' title='bbox 498 2455 728 2511; x_wconf 77' lang='lat' dir='ltr'><strong>civitatis</strong></span> <span class='ocrx_word' id='word_1_294' title='bbox 756 2468 860 2508; x_wconf 94' lang='lat' dir='ltr'><strong>non</strong></span> <span class='ocrx_word' id='word_1_295' title='bbox 907 2458 1153 2523; x_wconf 89' lang='lat' dir='ltr'><strong>poterat,</strong></span> <span class='ocrx_word' id='word_1_296' title='bbox 1194 2463 1224 2501; x_wconf 91' lang='lat' dir='ltr'><strong>a</strong></span> <span class='ocrx_word' id='word_1_297' title='bbox 1257 2438 1683 2513; x_wconf 81' lang='lat' dir='ltr'><strong>negotiatoribus</strong></span> <span class='ocrx_word' id='word_1_298' title='bbox 1712 2450 1885 2505; x_wconf 84' lang='lat' dir='ltr'><strong>expo-</strong></span> <span class='ocrx_word' id='word_1_299' title='bbox 1945 2504 1957 2511; x_wconf 31' lang='grc' dir='ltr'><strong>ι</strong></span> 
     </span>
    </p>
   </div>
   <div class='ocr_carea' id='block_1_40' title="bbox 286 2528 1886 2615">
    <p class='ocr_par' dir='ltr' id='par_1_40' title="bbox 286 2528 1886 2615">
     <span class='ocr_line' id='line_1_42' title="bbox 286 2528 1886 2615; baseline -0.015 -10"><span class='ocrx_word' id='word_1_300' title='bbox 286 2528 523 2605; x_wconf 81' lang='lat' dir='ltr'><strong>nendum</strong></span> <span class='ocrx_word' id='word_1_301' title='bbox 552 2564 639 2615; x_wconf 90' lang='lat' dir='ltr'><strong>se,</strong></span> <span class='ocrx_word' id='word_1_302' title='bbox 672 2545 1035 2606; x_wconf 88' lang='lat' dir='ltr'><strong>dissimulato,</strong></span> <span class='ocrx_word' id='word_1_303' title='bbox 1086 2547 1144 2594; x_wconf 88' lang='lat' dir='ltr'><strong>ut</strong></span> <span class='ocrx_word' id='word_1_304' title='bbox 1189 2538 1392 2601; x_wconf 90' lang='lat' dir='ltr'><strong>fertur,</strong></span> <span class='ocrx_word' id='word_1_305' title='bbox 1418 2532 1630 2597; x_wconf 89' lang='lat' dir='ltr'><strong>habitu,</strong></span> <span class='ocrx_word' id='word_1_306' title='bbox 1660 2528 1886 2584; x_wconf 89' lang='lat' dir='ltr'><strong>callidus</strong></span> 
     </span>
    </p>
   </div>
   <div class='ocr_carea' id='block_1_41' title="bbox 286 2618 1888 2710">
    <p class='ocr_par' dir='ltr' id='par_1_41' title="bbox 286 2618 1888 2710">
     <span class='ocr_line' id='line_1_43' title="bbox 286 2618 1888 2710; baseline -0.016 -15"><span class='ocrx_word' id='word_1_307' title='bbox 286 2639 615 2710; x_wconf 84' lang='lat' dir='ltr'><strong>impetravit,</strong></span> <span class='ocrx_word' id='word_1_308' title='bbox 648 2637 900 2691; x_wconf 87' lang='lat' dir='ltr'><strong>silvarum</strong></span> <span class='ocrx_word' id='word_1_309' title='bbox 930 2632 1097 2687; x_wconf 92' lang='lat' dir='ltr'><strong>saltus</strong></span> <span class='ocrx_word' id='word_1_310' title='bbox 1146 2626 1391 2698; x_wconf 86' lang='lat' dir='ltr'><strong>expetiit,</strong></span> <span class='ocrx_word' id='word_1_311' title='bbox 1427 2635 1777 2678; x_wconf 90' lang='lat' dir='ltr'><strong>cavernarum</strong></span> <span class='ocrx_word' id='word_1_312' title='bbox 1806 2618 1888 2671; x_wconf 91' lang='lat' dir='ltr'><strong>la-</strong></span> 
     </span>
    </p>
   </div>
   <div class='ocr_carea' id='block_1_42' title="bbox 289 2714 1885 2798">
    <p class='ocr_par' dir='ltr' id='par_1_42' title="bbox 289 2714 1885 2798">
     <span class='ocr_line' id='line_1_44' title="bbox 289 2714 1885 2798; baseline -0.014 -13"><span class='ocrx_word' id='word_1_313' title='bbox 289 2731 458 2786; x_wconf 89' lang='lat' dir='ltr'><strong>tibula</strong></span> <span class='ocrx_word' id='word_1_314' title='bbox 485 2728 782 2798; x_wconf 89' lang='lat' dir='ltr'><strong>requisivit.</strong></span> <span class='ocrx_word' id='word_1_315' title='bbox 812 2726 869 2780; x_wconf 85' lang='lat' dir='ltr'><strong>In</strong></span> <span class='ocrx_word' id='word_1_316' title='bbox 905 2724 1097 2795; x_wconf 90' lang='lat' dir='ltr'><strong>quibus</strong></span> <span class='ocrx_word' id='word_1_317' title='bbox 1135 2721 1262 2775; x_wconf 91' lang='lat' dir='ltr'><strong>dum</strong></span> <span class='ocrx_word' id='word_1_318' title='bbox 1297 2718 1363 2771; x_wconf 91' lang='lat' dir='ltr'><strong>ab</strong></span> <span class='ocrx_word' id='word_1_319' title='bbox 1393 2714 1642 2771; x_wconf 92' lang='lat' dir='ltr'><strong>omnibus</strong></span> <span class='ocrx_word' id='word_1_320' title='bbox 1678 2724 1885 2766; x_wconf 90' lang='lat' dir='ltr'><strong>summa</strong></span> 
     </span>
    </p>
   </div>
   <div class='ocr_carea' id='block_1_43' title="bbox 290 2800 1886 2890">
    <p class='ocr_par' dir='ltr' id='par_1_43' title="bbox 290 2800 1886 2890">
     <span class='ocr_line' id='line_1_45' title="bbox 290 2800 1886 2890; baseline -0.016 -13"><span class='ocrx_word' id='word_1_321' title='bbox 290 2821 651 2877; x_wconf 86' lang='lat' dir='ltr'><strong>sollicitudine</strong></span> <span class='ocrx_word' id='word_1_322' title='bbox 673 2825 1029 2890; x_wconf 74' lang='lat' dir='ltr'><strong>qumreretur,</strong></span> <span class='ocrx_word' id='word_1_323' title='bbox 1061 2824 1083 2851; x_wconf 75' lang='grc' dir='ltr'><strong>ο</strong></span> <span class='ocrx_word' id='word_1_324' title='bbox 1120 2810 1314 2866; x_wconf 91' lang='lat' dir='ltr'><strong>indicio</strong></span> <span class='ocrx_word' id='word_1_325' title='bbox 1343 2806 1607 2863; x_wconf 70' lang='lat' dir='ltr'><strong>columnm</strong></span> <span class='ocrx_word' id='word_1_326' title='bbox 1652 2800 1886 2869; x_wconf 68' lang='lat' dir='ltr'><strong>fulgidze,</strong></span> 
     </span>
    </p>
   </div>
   <div class='ocr_carea' id='block_1_44' title="bbox 296 2896 1891 2984">
    <p class='ocr_par' dir='ltr' id='par_1_44' title="bbox 296 2896 1891 2984">
     <span class='ocr_line' id='line_1_46' title="bbox 296 2896 1891 2984; baseline -0.014 -15"><span class='ocrx_word' id='word_1_327' title='bbox 296 2929 457 2984; x_wconf 80' lang='lat' dir='ltr'><strong>snper</strong></span> <span class='ocrx_word' id='word_1_328' title='bbox 485 2929 542 2967; x_wconf 89' lang='lat' dir='ltr'><strong>se</strong></span> <span class='ocrx_word' id='word_1_329' title='bbox 564 2913 763 2982; x_wconf 86' lang='lat' dir='ltr'><strong>jugiter</strong></span> <span class='ocrx_word' id='word_1_330' title='bbox 790 2927 820 2965; x_wconf 94' lang='lat' dir='ltr'><strong>a</strong></span> <span class='ocrx_word' id='word_1_331' title='bbox 849 2909 987 2965; x_wconf 59' lang='lat' dir='ltr'><strong>casio</strong></span> <span class='ocrx_word' id='word_1_332' title='bbox 1023 2902 1404 2975; x_wconf 89' lang='lat' dir='ltr'><strong>dependentis,</strong></span> <span class='ocrx_word' id='word_1_333' title='bbox 1436 2896 1775 2966; x_wconf 83' lang='lat' dir='ltr'><strong>agnoscitur,</strong></span> <span class='ocrx_word' id='word_1_334' title='bbox 1799 2908 1891 2948; x_wconf 89' lang='lat' dir='ltr'><strong>ca-</strong></span> 
     </span>
    </p>
   </div>
   <div class='ocr_carea' id='block_1_45' title="bbox 295 2986 1890 3077">
    <p class='ocr_par' dir='ltr' id='par_1_45' title="bbox 295 2986 1890 3077">
     <span class='ocr_line' id='line_1_47' title="bbox 295 2986 1890 3077; baseline -0.011 -19"><span class='ocrx_word' id='word_1_335' title='bbox 295 3006 457 3077; x_wconf 86' lang='lat' dir='ltr'><strong>pitur,</strong></span> <span class='ocrx_word' id='word_1_336' title='bbox 489 3003 734 3065; x_wconf 89' lang='lat' dir='ltr'><strong>trahitur,</strong></span> <span class='ocrx_word' id='word_1_337' title='bbox 763 3009 817 3056; x_wconf 90' lang='lat' dir='ltr'><strong>et</strong></span> <span class='ocrx_word' id='word_1_338' title='bbox 843 2999 984 3070; x_wconf 88' lang='lat' dir='ltr'><strong>apud</strong></span> <span class='ocrx_word' id='word_1_339' title='bbox 1012 2997 1155 3052; x_wconf 90' lang='lat' dir='ltr'><strong>beati</strong></span> <span class='ocrx_word' id='word_1_340' title='bbox 1184 2994 1325 3050; x_wconf 89' lang='lat' dir='ltr'><strong>Petri</strong></span> <span class='ocrx_word' id='word_1_341' title='bbox 1350 2989 1716 3063; x_wconf 89' lang='lat' dir='ltr'><strong>apostolorum</strong></span> <span class='ocrx_word' id='word_1_342' title='bbox 1745 2986 1890 3056; x_wconf 89' lang='lat' dir='ltr'><strong>prin-</strong></span> 
     </span>
    </p>
   </div>
   <div class='ocr_carea' id='block_1_46' title="bbox 298 3085 1710 3167">
    <p class='ocr_par' dir='ltr' id='par_1_46' title="bbox 298 3085 1710 3167">
     <span class='ocr_line' id='line_1_48' title="bbox 298 3085 1710 3167; baseline -0.011 -15"><span class='ocrx_word' id='word_1_343' title='bbox 298 3098 430 3167; x_wconf 92' lang='lat' dir='ltr'><strong>cipis</strong></span> <span class='ocrx_word' id='word_1_344' title='bbox 458 3097 715 3166; x_wconf 90' lang='lat' dir='ltr'><strong>templum</strong></span> <span class='ocrx_word' id='word_1_345' title='bbox 744 3109 982 3149; x_wconf 90' lang='lat' dir='ltr'><strong>summus</strong></span> <span class='ocrx_word' id='word_1_346' title='bbox 1011 3091 1253 3162; x_wconf 78' lang='lat' dir='ltr'><strong>pontifex</strong></span> <span class='ocrx_word' id='word_1_347' title='bbox 1281 3085 1305 3123; x_wconf 71' lang='grc' dir='ltr'>ἀ</span> <span class='ocrx_word' id='word_1_348' title='bbox 1340 3092 1710 3142; x_wconf 90' lang='lat' dir='ltr'><strong>consecratur.</strong></span> 
     </span>
    </p>
   </div>
   <div class='ocr_carea' id='block_1_47' title="bbox 372 3174 1889 3254">
    <p class='ocr_par' dir='ltr' id='par_1_47' title="bbox 372 3174 1889 3254">
     <span class='ocr_line' id='line_1_49' title="bbox 372 3174 1889 3254; baseline -0.009 -14"><span class='ocrx_word' id='word_1_349' title='bbox 372 3188 457 3241; x_wconf 69' lang='grc'><strong>45.</strong></span> <span class='ocrx_word' id='word_1_350' title='bbox 493 3188 721 3249; x_wconf 87' lang='lat' dir='ltr'><strong>Verum,</strong></span> <span class='ocrx_word' id='word_1_351' title='bbox 784 3185 908 3254; x_wconf 90' lang='lat' dir='ltr'><strong>quia</strong></span> <span class='ocrx_word' id='word_1_352' title='bbox 960 3190 1087 3239; x_wconf 90' lang='lat' dir='ltr'><strong>sunt</strong></span> <span class='ocrx_word' id='word_1_353' title='bbox 1134 3179 1375 3237; x_wconf 90' lang='lat' dir='ltr'><strong>nonnulli</strong></span> <span class='ocrx_word' id='word_1_354' title='bbox 1414 3174 1889 3245; x_wconf 80' lang='lat' dir='ltr'><strong>Langobardorum</strong></span> 
     </span>
    </p>
   </div>
   <div class='ocr_carea' id='block_1_48' title="bbox 1984 1940 3581 2029">
    <p class='ocr_par' dir='ltr' id='par_1_48' title="bbox 1984 1940 3581 2029">
     <span class='ocr_line' id='line_1_50' title="bbox 1984 1940 3581 2029; baseline -0.018 -13"><span class='ocrx_word' id='word_1_355' title='bbox 1984 1940 2163 2018; x_wconf 88' lang='lat' dir='ltr'><strong>valida</strong></span> <span class='ocrx_word' id='word_1_356' title='bbox 2184 1964 2503 2029; x_wconf 88' lang='lat' dir='ltr'><strong>tempestate</strong></span> <span class='ocrx_word' id='word_1_357' title='bbox 2549 1962 2816 2024; x_wconf 60' lang='lat' dir='ltr'><strong>quassata:</strong></span> <span class='ocrx_word' id='word_1_358' title='bbox 2841 1947 3069 2020; x_wconf 72' lang='lat' dir='ltr'><strong>putrida:</strong></span> <span class='ocrx_word' id='word_1_359' title='bbox 3117 1940 3449 2008; x_wconf 84' lang='lat' dir='ltr'><strong>naufragium</strong></span> <span class='ocrx_word' id='word_1_360' title='bbox 3496 1944 3581 1989; x_wconf 90' lang='lat' dir='ltr'><strong>ta-</strong></span> 
     </span>
    </p>
   </div>
   <div class='ocr_carea' id='block_1_49' title="bbox 1984 2026 3582 2122">
    <p class='ocr_par' dir='ltr' id='par_1_49' title="bbox 1984 2026 3582 2122">
     <span class='ocr_line' id='line_1_51' title="bbox 1984 2026 3582 2122; baseline -0.02 -11"><span class='ocrx_word' id='word_1_361' title='bbox 1984 2056 2125 2112; x_wconf 89' lang='lat' dir='ltr'><strong>bulae</strong></span> <span class='ocrx_word' id='word_1_362' title='bbox 2147 2060 2358 2117; x_wconf 88' lang='lat' dir='ltr'><strong>sonant,</strong></span> <span class='ocrx_word' id='word_1_363' title='bbox 2390 2065 2488 2122; x_wconf 91' lang='lat' dir='ltr'><strong>per</strong></span> <span class='ocrx_word' id='word_1_364' title='bbox 2514 2046 2938 2114; x_wconf 90' lang='lat' dir='ltr'><strong>omnipotentem</strong></span> <span class='ocrx_word' id='word_1_365' title='bbox 2968 2036 3254 2092; x_wconf 88' lang='lat' dir='ltr'><strong>Dominum</strong></span> <span class='ocrx_word' id='word_1_366' title='bbox 3284 2043 3418 2098; x_wconf 88' lang='lat' dir='ltr'><strong>rogo</strong></span> <span class='ocrx_word' id='word_1_367' title='bbox 3447 2035 3507 2081; x_wconf 91' lang='lat' dir='ltr'><strong>ut</strong></span> <span class='ocrx_word' id='word_1_368' title='bbox 3528 2026 3582 2081; x_wconf 91' lang='lat' dir='ltr'><strong>in</strong></span> 
     </span>
    </p>
   </div>
   <div class='ocr_carea' id='block_1_50' title="bbox 1986 2118 3581 2214">
    <p class='ocr_par' dir='ltr' id='par_1_50' title="bbox 1986 2118 3581 2214">
     <span class='ocr_line' id='line_1_52' title="bbox 1986 2118 3581 2214; baseline -0.021 -9"><span class='ocrx_word' id='word_1_369' title='bbox 1986 2148 2091 2204; x_wconf 90' lang='lat' dir='ltr'><strong>hoc</strong></span> <span class='ocrx_word' id='word_1_370' title='bbox 2137 2145 2270 2201; x_wconf 89' lang='lat' dir='ltr'><strong>mihi</strong></span> <span class='ocrx_word' id='word_1_371' title='bbox 2309 2140 2549 2214; x_wconf 85' lang='lat' dir='ltr'><strong>periculo</strong></span> <span class='ocrx_word' id='word_1_372' title='bbox 2600 2128 2881 2193; x_wconf 77' lang='lat' dir='ltr'><strong>orationis</strong></span> <span class='ocrx_word' id='word_1_373' title='bbox 2908 2138 3014 2185; x_wconf 68' lang='lat' dir='ltr'><strong>tua:</strong></span> <span class='ocrx_word' id='word_1_374' title='bbox 3051 2139 3271 2181; x_wconf 88' lang='lat' dir='ltr'><strong>manum</strong></span> <span class='ocrx_word' id='word_1_375' title='bbox 3315 2118 3581 2192; x_wconf 85' lang='lat' dir='ltr'><strong>porrigas,</strong></span> 
     </span>
    </p>
   </div>
   <div class='ocr_carea' id='block_1_51' title="bbox 1987 2219 3582 2309">
    <p class='ocr_par' dir='ltr' id='par_1_51' title="bbox 1987 2219 3582 2309">
     <span class='ocr_line' id='line_1_53' title="bbox 1987 2219 3582 2309; baseline -0.021 -15"><span class='ocrx_word' id='word_1_376' title='bbox 1987 2240 2114 2309; x_wconf 90' lang='lat' dir='ltr'><strong>quia</strong></span> <span class='ocrx_word' id='word_1_377' title='bbox 2143 2244 2293 2291; x_wconf 89' lang='lat' dir='ltr'><strong>tanto</strong></span> <span class='ocrx_word' id='word_1_378' title='bbox 2309 2233 2519 2289; x_wconf 85' lang='lat' dir='ltr'><strong>enixius</strong></span> <span class='ocrx_word' id='word_1_379' title='bbox 2547 2226 2774 2300; x_wconf 86' lang='lat' dir='ltr'><strong>potestis</strong></span> <span class='ocrx_word' id='word_1_380' title='bbox 2801 2233 3048 2283; x_wconf 77' lang='lat' dir='ltr'><strong>exorare,</strong></span> <span class='ocrx_word' id='word_1_381' title='bbox 3074 2222 3278 2285; x_wconf 87' lang='lat' dir='ltr'><strong>quanto</strong></span> <span class='ocrx_word' id='word_1_382' title='bbox 3309 2219 3365 2265; x_wconf 93' lang='lat' dir='ltr'><strong>et</strong></span> <span class='ocrx_word' id='word_1_383' title='bbox 3392 2224 3422 2263; x_wconf 90' lang='lat' dir='ltr'><strong>a</strong></span> <span class='ocrx_word' id='word_1_384' title='bbox 3446 2223 3582 2263; x_wconf 94' lang='lat' dir='ltr'><strong>con-</strong></span> 
     </span>
    </p>
   </div>
   <div class='ocr_carea' id='block_1_52' title="bbox 1990 2303 3583 2389">
    <p class='ocr_par' dir='ltr' id='par_1_52' title="bbox 1990 2303 3583 2389">
     <span class='ocr_line' id='line_1_54' title="bbox 1990 2303 3583 2389; baseline -0.023 0"><span class='ocrx_word' id='word_1_385' title='bbox 1990 2333 2196 2388; x_wconf 90' lang='lat' dir='ltr'><strong>fusione</strong></span> <span class='ocrx_word' id='word_1_386' title='bbox 2226 2326 2633 2384; x_wconf 87' lang='lat' dir='ltr'><strong>tribulationum</strong></span> <span class='ocrx_word' id='word_1_387' title='bbox 2662 2333 2796 2389; x_wconf 91' lang='lat' dir='ltr'><strong>quas</strong></span> <span class='ocrx_word' id='word_1_388' title='bbox 2818 2316 2873 2371; x_wconf 91' lang='lat' dir='ltr'><strong>in</strong></span> <span class='ocrx_word' id='word_1_389' title='bbox 2900 2314 3003 2368; x_wconf 92' lang='lat' dir='ltr'><strong>hac</strong></span> <span class='ocrx_word' id='word_1_390' title='bbox 3027 2318 3170 2365; x_wconf 85' lang='lat' dir='ltr'><strong>terra</strong></span> <span class='ocrx_word' id='word_1_391' title='bbox 3196 2304 3433 2378; x_wconf 88' lang='lat' dir='ltr'><strong>patimur</strong></span> <span class='ocrx_word' id='word_1_392' title='bbox 3462 2303 3583 2356; x_wconf 82' lang='lat' dir='ltr'><strong>lon-</strong></span> 
     </span>
    </p>
   </div>
   <div class='ocr_carea' id='block_1_53' title="bbox 1989 2412 2837 2499">
    <p class='ocr_par' dir='ltr' id='par_1_53' title="bbox 1989 2412 2837 2499">
     <span class='ocr_line' id='line_1_55' title="bbox 1989 2412 2837 2499; baseline -0.022 -14"><span class='ocrx_word' id='word_1_393' title='bbox 1989 2429 2107 2499; x_wconf 85' lang='lat' dir='ltr'><strong>gius</strong></span> <span class='ocrx_word' id='word_1_394' title='bbox 2133 2425 2305 2482; x_wconf 89' lang='lat' dir='ltr'><strong>statis.</strong></span> <span class='ocrx_word' id='word_1_395' title='bbox 2339 2442 2358 2475; x_wconf 75' lang='grc'><strong>»</strong></span> <span class='ocrx_word' id='word_1_396' title='bbox 2390 2420 2525 2493; x_wconf 85' lang='lat' dir='ltr'><strong>(Lib.</strong></span> <span class='ocrx_word' id='word_1_397' title='bbox 2560 2436 2607 2484; x_wconf 91' lang='grc' dir='ltr'><strong>ι,</strong></span> <span class='ocrx_word' id='word_1_398' title='bbox 2641 2433 2722 2488; x_wconf 85' lang='lat' dir='ltr'><strong>ep.</strong></span> <span class='ocrx_word' id='word_1_399' title='bbox 2756 2412 2837 2483; x_wconf 71' lang='grc'><strong>4.)</strong></span> 
     </span>
    </p>
   </div>
   <div class='ocr_carea' id='block_1_54' title="bbox 2052 2495 3583 2585">
    <p class='ocr_par' dir='ltr' id='par_1_54' title="bbox 2052 2495 3583 2585">
     <span class='ocr_line' id='line_1_56' title="bbox 2052 2495 3583 2585; baseline -0.018 -8"><span class='ocrx_word' id='word_1_400' title='bbox 2052 2523 2149 2583; x_wconf 65' lang='grc' dir='ltr'><em>Μ.</em></span> <span class='ocrx_word' id='word_1_401' title='bbox 2174 2522 2307 2575; x_wconf 88' lang='lat' dir='ltr'><strong>ltem</strong></span> <span class='ocrx_word' id='word_1_402' title='bbox 2336 2516 2626 2585; x_wconf 84' lang='lat' dir='ltr'><strong>Gregorius</strong></span> <span class='ocrx_word' id='word_1_403' title='bbox 2647 2509 2974 2567; x_wconf 87' lang='lat' dir='ltr'><strong>Theoctistae</strong></span> <span class='ocrx_word' id='word_1_404' title='bbox 2995 2503 3171 2561; x_wconf 91' lang='lat' dir='ltr'><strong>sorori</strong></span> <span class='ocrx_word' id='word_1_405' title='bbox 3193 2495 3535 2571; x_wconf 90' lang='lat' dir='ltr'><strong>imperatoris</strong></span> <span class='ocrx_word' id='word_1_406' title='bbox 3568 2511 3583 2549; x_wconf 91' lang='lat'><strong>:</strong></span> 
     </span>
    </p>
   </div>
   <div class='ocr_carea' id='block_1_55' title="bbox 1997 2589 3590 2669">
    <p class='ocr_par' dir='ltr' id='par_1_55' title="bbox 1997 2589 3590 2669">
     <span class='ocr_line' id='line_1_57' title="bbox 1997 2589 3590 2669; baseline -0.019 2"><span class='ocrx_word' id='word_1_407' title='bbox 1997 2637 2017 2669; x_wconf 85' lang='grc'><strong>‹</strong></span> <span class='ocrx_word' id='word_1_408' title='bbox 2070 2616 2221 2669; x_wconf 89' lang='lat' dir='ltr'><strong>Mens</strong></span> <span class='ocrx_word' id='word_1_409' title='bbox 2270 2626 2391 2665; x_wconf 83' lang='lat' dir='ltr'><strong>mea</strong></span> <span class='ocrx_word' id='word_1_410' title='bbox 2439 2616 2633 2663; x_wconf 85' lang='lat' dir='ltr'><strong>vestrae</strong></span> <span class='ocrx_word' id='word_1_411' title='bbox 2677 2599 3015 2658; x_wconf 87' lang='lat' dir='ltr'><strong>venerationi</strong></span> <span class='ocrx_word' id='word_1_412' title='bbox 3059 2602 3260 2665; x_wconf 90' lang='lat' dir='ltr'><strong>quanta</strong></span> <span class='ocrx_word' id='word_1_413' title='bbox 3299 2589 3590 2647; x_wconf 86' lang='lat' dir='ltr'><strong>devotione</strong></span> 
     </span>
    </p>
   </div>
   <div class='ocr_carea' id='block_1_56' title="bbox 1992 2692 3591 2769">
    <p class='ocr_par' dir='ltr' id='par_1_56' title="bbox 1992 2692 3591 2769">
     <span class='ocr_line' id='line_1_58' title="bbox 1992 2692 3591 2769; baseline -0.015 -8"><span class='ocrx_word' id='word_1_414' title='bbox 1992 2704 2352 2763; x_wconf 88' lang='lat' dir='ltr'><strong>substernitur</strong></span> <span class='ocrx_word' id='word_1_415' title='bbox 2378 2700 2597 2769; x_wconf 80' lang='lat' dir='ltr'><strong>explere</strong></span> <span class='ocrx_word' id='word_1_416' title='bbox 2618 2694 2797 2751; x_wconf 88' lang='lat' dir='ltr'><strong>verbis</strong></span> <span class='ocrx_word' id='word_1_417' title='bbox 2822 2704 3072 2761; x_wconf 88' lang='lat' dir='ltr'><strong>nequeo;</strong></span> <span class='ocrx_word' id='word_1_418' title='bbox 3122 2701 3224 2741; x_wconf 90' lang='lat' dir='ltr'><strong>nec</strong></span> <span class='ocrx_word' id='word_1_419' title='bbox 3265 2692 3444 2737; x_wconf 90' lang='lat' dir='ltr'><strong>tamen</strong></span> <span class='ocrx_word' id='word_1_420' title='bbox 3498 2694 3591 2737; x_wconf 88' lang='lat' dir='ltr'><strong>me</strong></span> 
     </span>
    </p>
   </div>
   <div class='ocr_carea' id='block_1_57' title="bbox 1991 2767 3592 2870">
    <p class='ocr_par' dir='ltr' id='par_1_57' title="bbox 1991 2767 3592 2870">
     <span class='ocr_line' id='line_1_59' title="bbox 1991 2767 3592 2870; baseline -0.018 -17"><span class='ocrx_word' id='word_1_421' title='bbox 1991 2798 2223 2870; x_wconf 90' lang='lat' dir='ltr'><strong>prodere</strong></span> <span class='ocrx_word' id='word_1_422' title='bbox 2245 2794 2431 2847; x_wconf 88' lang='lat' dir='ltr'><strong>laboro</strong></span> <span class='ocrx_word' id='word_1_423' title='bbox 2453 2830 2467 2856; x_wconf 91' lang='lat'><strong>,</strong></span> <span class='ocrx_word' id='word_1_424' title='bbox 2494 2788 2619 2857; x_wconf 88' lang='lat' dir='ltr'><strong>quia</strong></span> <span class='ocrx_word' id='word_1_425' title='bbox 2650 2794 2705 2840; x_wconf 89' lang='lat' dir='ltr'><strong>et</strong></span> <span class='ocrx_word' id='word_1_426' title='bbox 2729 2798 2816 2838; x_wconf 91' lang='lat' dir='ltr'><strong>me</strong></span> <span class='ocrx_word' id='word_1_427' title='bbox 2845 2786 3060 2836; x_wconf 87' lang='lat' dir='ltr'><strong>tacente</strong></span> <span class='ocrx_word' id='word_1_428' title='bbox 3078 2817 3094 2842; x_wconf 93' lang='lat'><strong>,</strong></span> <span class='ocrx_word' id='word_1_429' title='bbox 3140 2777 3195 2829; x_wconf 92' lang='lat' dir='ltr'><strong>in</strong></span> <span class='ocrx_word' id='word_1_430' title='bbox 3218 2782 3398 2828; x_wconf 88' lang='lat' dir='ltr'><strong>vestro</strong></span> <span class='ocrx_word' id='word_1_431' title='bbox 3428 2767 3592 2828; x_wconf 89' lang='lat' dir='ltr'><strong>corde</strong></span> 
     </span>
    </p>
   </div>
   <div class='ocr_carea' id='block_1_58' title="bbox 1992 2865 3593 2959">
    <p class='ocr_par' dir='ltr' id='par_1_58' title="bbox 1992 2865 3593 2959">
     <span class='ocr_line' id='line_1_60' title="bbox 1992 2865 3593 2959; baseline -0.021 -13"><span class='ocrx_word' id='word_1_432' title='bbox 1992 2865 2170 2959; x_wconf 80' lang='lat' dir='ltr'><strong>legitis</strong></span> <span class='ocrx_word' id='word_1_433' title='bbox 2190 2888 2318 2956; x_wconf 89' lang='lat' dir='ltr'><strong>quid</strong></span> <span class='ocrx_word' id='word_1_434' title='bbox 2347 2886 2413 2940; x_wconf 87' lang='lat' dir='ltr'><strong>de</strong></span> <span class='ocrx_word' id='word_1_435' title='bbox 2435 2898 2555 2937; x_wconf 91' lang='lat' dir='ltr'><strong>mea</strong></span> <span class='ocrx_word' id='word_1_436' title='bbox 2577 2879 2867 2936; x_wconf 90' lang='lat' dir='ltr'><strong>devotione</strong></span> <span class='ocrx_word' id='word_1_437' title='bbox 2908 2870 3172 2930; x_wconf 86' lang='lat' dir='ltr'><strong>sentiatis.</strong></span> <span class='ocrx_word' id='word_1_438' title='bbox 3224 2865 3388 2920; x_wconf 89' lang='lat' dir='ltr'><strong>Miror</strong></span> <span class='ocrx_word' id='word_1_439' title='bbox 3409 2871 3593 2917; x_wconf 86' lang='lat' dir='ltr'><strong>autem</strong></span> 
     </span>
    </p>
   </div>
   <div class='ocr_carea' id='block_1_59' title="bbox 1993 2960 3593 3051">
    <p class='ocr_par' dir='ltr' id='par_1_59' title="bbox 1993 2960 3593 3051">
     <span class='ocr_line' id='line_1_61' title="bbox 1993 2960 3593 3051; baseline -0.019 -15"><span class='ocrx_word' id='word_1_440' title='bbox 1993 2981 2138 3051; x_wconf 88' lang='lat' dir='ltr'><strong>quod</strong></span> <span class='ocrx_word' id='word_1_441' title='bbox 2162 2981 2212 3033; x_wconf 89' lang='lat' dir='ltr'><strong>in</strong></span> <span class='ocrx_word' id='word_1_442' title='bbox 2256 2993 2344 3032; x_wconf 91' lang='lat' dir='ltr'><strong>me</strong></span> <span class='ocrx_word' id='word_1_443' title='bbox 2373 2974 2600 3031; x_wconf 90' lang='lat' dir='ltr'><strong>collatas</strong></span> <span class='ocrx_word' id='word_1_444' title='bbox 2630 2968 2832 3024; x_wconf 89' lang='lat' dir='ltr'><strong>dudum</strong></span> <span class='ocrx_word' id='word_1_445' title='bbox 2861 2960 3222 3020; x_wconf 89' lang='lat' dir='ltr'><strong>continentias</strong></span> <span class='ocrx_word' id='word_1_446' title='bbox 3271 2963 3480 3010; x_wconf 89' lang='lat' dir='ltr'><strong>vestras</strong></span> <span class='ocrx_word' id='word_1_447' title='bbox 3523 2966 3593 3007; x_wconf 82' lang='lat' dir='ltr'><strong>ex</strong></span> 
     </span>
    </p>
   </div>
   <div class='ocr_carea' id='block_1_60' title="bbox 1993 3042 3595 3135">
    <p class='ocr_par' dir='ltr' id='par_1_60' title="bbox 1993 3042 3595 3135">
     <span class='ocr_line' id='line_1_62' title="bbox 1993 3042 3595 3135; baseline -0.021 -8"><span class='ocrx_word' id='word_1_448' title='bbox 1993 3042 2096 3127; x_wconf 81' lang='lat' dir='ltr'><strong>hac</strong></span> <span class='ocrx_word' id='word_1_449' title='bbox 2124 3069 2382 3124; x_wconf 88' lang='lat' dir='ltr'><strong>moderna</strong></span> <span class='ocrx_word' id='word_1_450' title='bbox 2412 3060 2696 3135; x_wconf 88' lang='lat' dir='ltr'><strong>pastoralis</strong></span> <span class='ocrx_word' id='word_1_451' title='bbox 2742 3054 2904 3112; x_wconf 84' lang='lat' dir='ltr'><strong>oﬂicii</strong></span> <span class='ocrx_word' id='word_1_452' title='bbox 2951 3045 3283 3107; x_wconf 89' lang='lat' dir='ltr'><strong>continentia</strong></span> <span class='ocrx_word' id='word_1_453' title='bbox 3339 3042 3595 3098; x_wconf 83' lang='lat' dir='ltr'><strong>distraxi-</strong></span> 
     </span>
    </p>
   </div>
   <div class='ocr_carea' id='block_1_61' title="bbox 1994 3136 3597 3230">
    <p class='ocr_par' dir='ltr' id='par_1_61' title="bbox 1994 3136 3597 3230">
     <span class='ocr_line' id='line_1_63' title="bbox 1994 3136 3597 3230; baseline -0.019 -11"><span class='ocrx_word' id='word_1_454' title='bbox 1994 3165 2111 3229; x_wconf 90' lang='lat' dir='ltr'><strong>stis,</strong></span> <span class='ocrx_word' id='word_1_455' title='bbox 2143 3163 2195 3217; x_wconf 88' lang='lat' dir='ltr'><strong>in</strong></span> <span class='ocrx_word' id='word_1_456' title='bbox 2225 3175 2331 3230; x_wconf 90' lang='lat' dir='ltr'><strong>qua</strong></span> <span class='ocrx_word' id='word_1_457' title='bbox 2358 3157 2456 3213; x_wconf 89' lang='lat' dir='ltr'><strong>sub</strong></span> <span class='ocrx_word' id='word_1_458' title='bbox 2482 3154 2667 3209; x_wconf 90' lang='lat' dir='ltr'><strong>colore</strong></span> <span class='ocrx_word' id='word_1_459' title='bbox 2703 3149 3041 3219; x_wconf 90' lang='lat' dir='ltr'><strong>episcopatus</strong></span> <span class='ocrx_word' id='word_1_460' title='bbox 3083 3140 3151 3194; x_wconf 92' lang='lat' dir='ltr'><strong>ad</strong></span> <span class='ocrx_word' id='word_1_461' title='bbox 3183 3136 3451 3203; x_wconf 55' lang='lat' dir='ltr'><strong>sarculum</strong></span> <span class='ocrx_word' id='word_1_462' title='bbox 3476 3147 3597 3189; x_wconf 91' lang='lat' dir='ltr'><strong>sum</strong></span> 
     </span>
    </p>
   </div>
   <div class='ocr_carea' id='block_1_62' title="bbox 300 3226 3599 3353">
    <p class='ocr_par' dir='ltr' id='par_1_62' title="bbox 300 3226 3599 3353">
     <span class='ocr_line' id='line_1_64' title="bbox 372 3226 2258 3254; baseline -0.011 -11"><span class='ocrx_word' id='word_1_463' title='bbox 372 3226 457 3241; x_wconf 68' lang='grc' dir='ltr'><strong>τυ.</strong></span> <span class='ocrx_word' id='word_1_464' title='bbox 508 3226 721 3249; x_wconf 77' lang='lat'><strong>.........,</strong></span> <span class='ocrx_word' id='word_1_465' title='bbox 784 3226 908 3254; x_wconf 59' lang='grc' dir='ltr'><strong>ηρ...</strong></span> <span class='ocrx_word' id='word_1_466' title='bbox 960 3226 1087 3239; x_wconf 82' lang='lat'><strong>......-</strong></span> <span class='ocrx_word' id='word_1_467' title='bbox 1414 3226 1775 3245; x_wconf 49' lang='lat' dir='ltr'><strong>____,,H_,_</strong></span> <span class='ocrx_word' id='word_1_468' title='bbox 2099 3226 2105 3229; x_wconf 92' lang='lat'>_</span> <span class='ocrx_word' id='word_1_469' title='bbox 2245 3226 2258 3230; x_wconf 84' lang='lat'>_</span> 
     </span>
     <span class='ocr_line' id='line_1_65' title="bbox 300 3226 3599 3353; baseline -0.017 -15"><span class='ocrx_word' id='word_1_470' title='bbox 300 3294 328 3321; x_wconf 74' lang='grc' dir='ltr'><strong>ο</strong></span> <span class='ocrx_word' id='word_1_471' title='bbox 348 3281 569 3353; x_wconf 89' lang='lat' dir='ltr'><strong>perfidi,</strong></span> <span class='ocrx_word' id='word_1_472' title='bbox 594 3281 684 3350; x_wconf 93' lang='lat' dir='ltr'><strong>qui</strong></span> <span class='ocrx_word' id='word_1_473' title='bbox 705 3278 1022 3350; x_wconf 81' lang='lat' dir='ltr'><strong>Gregorium</strong></span> <span class='ocrx_word' id='word_1_474' title='bbox 1051 3275 1318 3346; x_wconf 89' lang='lat' dir='ltr'><strong>appetisse</strong></span> <span class='ocrx_word' id='word_1_475' title='bbox 1358 3272 1529 3341; x_wconf 89' lang='lat' dir='ltr'><strong>magis</strong></span> <span class='ocrx_word' id='word_1_476' title='bbox 1554 3269 1890 3340; x_wconf 84' lang='lat' dir='ltr'><strong>pontificium</strong></span> <span class='ocrx_word' id='word_1_477' title='bbox 1919 3276 1966 3339; x_wconf 71' lang='grc' dir='ltr'>ο</span> <span class='ocrx_word' id='word_1_478' title='bbox 1994 3255 2272 3317; x_wconf 90' lang='lat' dir='ltr'><strong>reductus,</strong></span> <span class='ocrx_word' id='word_1_479' title='bbox 2296 3252 2350 3306; x_wconf 91' lang='lat' dir='ltr'><strong>in</strong></span> <span class='ocrx_word' id='word_1_480' title='bbox 2376 3263 2481 3319; x_wconf 91' lang='lat' dir='ltr'><strong>qua</strong></span> <span class='ocrx_word' id='word_1_481' title='bbox 2508 3245 2671 3300; x_wconf 90' lang='lat' dir='ltr'><strong>tantis</strong></span> <span class='ocrx_word' id='word_1_482' title='bbox 2700 3250 2857 3297; x_wconf 76' lang='lat' dir='ltr'><strong>teme</strong></span> <span class='ocrx_word' id='word_1_483' title='bbox 2901 3236 3045 3292; x_wconf 90' lang='lat' dir='ltr'><strong>curis</strong></span> <span class='ocrx_word' id='word_1_484' title='bbox 3083 3231 3335 3294; x_wconf 88' lang='lat' dir='ltr'><strong>inservio,</strong></span> <span class='ocrx_word' id='word_1_485' title='bbox 3379 3226 3599 3297; x_wconf 88' lang='lat' dir='ltr'><strong>quantis</strong></span> 
     </span>
     <span class='ocr_line' id='line_1_66' title="bbox 2136 3320 3587 3353; baseline 0 0"><span class='ocrx_word' id='word_1_486' title='bbox 2136 3349 2147 3353; x_wconf 75' lang='lat'><strong>-</strong></span> <span class='ocrx_word' id='word_1_487' title='bbox 2272 3346 2282 3353; x_wconf 93' lang='lat'><strong>.</strong></span> <span class='ocrx_word' id='word_1_488' title='bbox 2366 3343 2379 3353; x_wconf 85' lang='lat'><strong>.</strong></span> <span class='ocrx_word' id='word_1_489' title='bbox 2422 3343 2432 3353; x_wconf 91' lang='lat'><strong>.</strong></span> <span class='ocrx_word' id='word_1_490' title='bbox 2684 3347 2865 3353; x_wconf 38' lang='lat'><strong>-___-‘.</strong></span> <span class='ocrx_word' id='word_1_491' title='bbox 2915 3325 3213 3353; x_wconf 46' lang='lat' dir='ltr'><strong>annuam...“</strong></span> <span class='ocrx_word' id='word_1_492' title='bbox 3255 3320 3587 3353; x_wconf 65' lang='lat' dir='ltr'><strong>.mminicnnr,</strong></span> 
     </span>
    </p>
   </div>
   <div class='ocr_carea' id='block_1_63' title="bbox 302 3366 1895 3444">
    <p class='ocr_par' dir='ltr' id='par_1_63' title="bbox 302 3366 1895 3444">
     <span class='ocr_line' id='line_1_67' title="bbox 302 3366 1895 3444; baseline -0.009 -13"><span class='ocrx_word' id='word_1_493' title='bbox 302 3382 582 3431; x_wconf 89' lang='lat' dir='ltr'><strong>autument</strong></span> <span class='ocrx_word' id='word_1_494' title='bbox 609 3388 768 3444; x_wconf 89' lang='lat' dir='ltr'><strong>quam</strong></span> <span class='ocrx_word' id='word_1_495' title='bbox 806 3371 1032 3441; x_wconf 87' lang='lat' dir='ltr'><strong>fugisse,</strong></span> <span class='ocrx_word' id='word_1_496' title='bbox 1083 3384 1260 3438; x_wconf 63' lang='lat' dir='ltr'><strong>operte</strong></span> <span class='ocrx_word' id='word_1_497' title='bbox 1300 3366 1532 3437; x_wconf 91' lang='lat' dir='ltr'><strong>pretium</strong></span> <span class='ocrx_word' id='word_1_498' title='bbox 1570 3378 1697 3417; x_wconf 89' lang='lat' dir='ltr'><strong>reor</strong></span> <span class='ocrx_word' id='word_1_499' title='bbox 1726 3376 1895 3431; x_wconf 84' lang='lat' dir='ltr'><strong>pauca</strong></span> 
     </span>
    </p>
   </div>
   <div class='ocr_carea' id='block_1_64' title="bbox 306 3455 1899 3535">
    <p class='ocr_par' dir='ltr' id='par_1_64' title="bbox 306 3455 1899 3535">
     <span class='ocr_line' id='line_1_68' title="bbox 306 3455 1899 3535; baseline -0.011 -12"><span class='ocrx_word' id='word_1_500' title='bbox 306 3468 371 3523; x_wconf 85' lang='lat' dir='ltr'><strong>de</strong></span> <span class='ocrx_word' id='word_1_501' title='bbox 400 3468 580 3522; x_wconf 90' lang='lat' dir='ltr'><strong>multis</strong></span> <span class='ocrx_word' id='word_1_502' title='bbox 604 3467 859 3530; x_wconf 90' lang='lat' dir='ltr'><strong>inserere,</strong></span> <span class='ocrx_word' id='word_1_503' title='bbox 884 3464 1076 3535; x_wconf 91' lang='lat' dir='ltr'><strong>quibus</strong></span> <span class='ocrx_word' id='word_1_504' title='bbox 1103 3476 1246 3527; x_wconf 88' lang='lat' dir='ltr'><strong>eum,</strong></span> <span class='ocrx_word' id='word_1_505' title='bbox 1272 3460 1325 3513; x_wconf 95' lang='lat' dir='ltr'><strong>in</strong></span> <span class='ocrx_word' id='word_1_506' title='bbox 1347 3465 1607 3526; x_wconf 89' lang='lat' dir='ltr'><strong>quantum</strong></span> <span class='ocrx_word' id='word_1_507' title='bbox 1630 3455 1745 3509; x_wconf 92' lang='lat' dir='ltr'><strong>sine</strong></span> <span class='ocrx_word' id='word_1_508' title='bbox 1775 3469 1899 3523; x_wconf 90' lang='lat' dir='ltr'><strong>per-</strong></span> 
     </span>
    </p>
   </div>
   <div class='ocr_carea' id='block_1_65' title="bbox 306 3540 1902 3628">
    <p class='ocr_par' dir='ltr' id='par_1_65' title="bbox 306 3540 1902 3628">
     <span class='ocr_line' id='line_1_69' title="bbox 306 3540 1902 3628; baseline -0.01 -15"><span class='ocrx_word' id='word_1_509' title='bbox 306 3560 515 3613; x_wconf 68' lang='lat' dir='ltr'><strong>tinacia)</strong></span> <span class='ocrx_word' id='word_1_510' title='bbox 538 3559 671 3613; x_wconf 90' lang='lat' dir='ltr'><strong>vitio</strong></span> <span class='ocrx_word' id='word_1_511' title='bbox 698 3556 900 3628; x_wconf 90' lang='lat' dir='ltr'><strong>potuit,</strong></span> <span class='ocrx_word' id='word_1_512' title='bbox 954 3554 1191 3610; x_wconf 91' lang='lat' dir='ltr'><strong>noluisse</strong></span> <span class='ocrx_word' id='word_1_513' title='bbox 1216 3548 1578 3622; x_wconf 90' lang='lat' dir='ltr'><strong>pontificium,</strong></span> <span class='ocrx_word' id='word_1_514' title='bbox 1610 3548 1720 3602; x_wconf 91' lang='lat' dir='ltr'><strong>imo</strong></span> <span class='ocrx_word' id='word_1_515' title='bbox 1748 3540 1902 3615; x_wconf 90' lang='lat' dir='ltr'><strong>quasi</strong></span> 
     </span>
    </p>
   </div>
   <div class='ocr_carea' id='block_1_66' title="bbox 306 3638 1905 3724">
    <p class='ocr_par' dir='ltr' id='par_1_66' title="bbox 306 3638 1905 3724">
     <span class='ocr_line' id='line_1_70' title="bbox 306 3638 1905 3724; baseline -0.011 -15"><span class='ocrx_word' id='word_1_516' title='bbox 306 3654 516 3724; x_wconf 86' lang='lat' dir='ltr'><strong>pondus</strong></span> <span class='ocrx_word' id='word_1_517' title='bbox 547 3651 888 3722; x_wconf 79' lang='lat' dir='ltr'><strong>importabile</strong></span> <span class='ocrx_word' id='word_1_518' title='bbox 910 3650 1123 3722; x_wconf 90' lang='lat' dir='ltr'><strong>penitus</strong></span> <span class='ocrx_word' id='word_1_519' title='bbox 1143 3661 1334 3702; x_wconf 89' lang='lat' dir='ltr'><strong>cavere</strong></span> <span class='ocrx_word' id='word_1_520' title='bbox 1362 3644 1619 3709; x_wconf 91' lang='lat' dir='ltr'><strong>voluisse,</strong></span> <span class='ocrx_word' id='word_1_521' title='bbox 1650 3641 1769 3695; x_wconf 90' lang='lat' dir='ltr'><strong>luce</strong></span> <span class='ocrx_word' id='word_1_522' title='bbox 1791 3638 1905 3694; x_wconf 86' lang='lat' dir='ltr'><strong>cla-</strong></span> 
     </span>
    </p>
   </div>
   <div class='ocr_carea' id='block_1_67' title="bbox 308 3731 1907 3808">
    <p class='ocr_par' dir='ltr' id='par_1_67' title="bbox 308 3731 1907 3808">
     <span class='ocr_line' id='line_1_71' title="bbox 308 3731 1907 3808; baseline -0.009 -9"><span class='ocrx_word' id='word_1_523' title='bbox 308 3746 422 3800; x_wconf 88' lang='lat' dir='ltr'><strong>rius</strong></span> <span class='ocrx_word' id='word_1_524' title='bbox 451 3744 807 3798; x_wconf 87' lang='lat' dir='ltr'><strong>manifestem.</strong></span> <span class='ocrx_word' id='word_1_525' title='bbox 842 3744 931 3796; x_wconf 80' lang='lat' dir='ltr'><strong>Ait</strong></span> <span class='ocrx_word' id='word_1_526' title='bbox 956 3742 1095 3795; x_wconf 91' lang='lat' dir='ltr'><strong>enim</strong></span> <span class='ocrx_word' id='word_1_527' title='bbox 1131 3754 1270 3808; x_wconf 92' lang='lat' dir='ltr'><strong>pene</strong></span> <span class='ocrx_word' id='word_1_528' title='bbox 1301 3738 1353 3791; x_wconf 94' lang='lat' dir='ltr'><strong>in</strong></span> <span class='ocrx_word' id='word_1_529' title='bbox 1383 3737 1500 3806; x_wconf 91' lang='lat' dir='ltr'><strong>ipso</strong></span> <span class='ocrx_word' id='word_1_530' title='bbox 1539 3731 1907 3790; x_wconf 80' lang='lat' dir='ltr'><strong>consecratio—</strong></span> 
     </span>
    </p>
   </div>
   <div class='ocr_carea' id='block_1_68' title="bbox 307 3822 1903 3903">
    <p class='ocr_par' dir='ltr' id='par_1_68' title="bbox 307 3822 1903 3903">
     <span class='ocr_line' id='line_1_72' title="bbox 307 3822 1903 3903; baseline -0.011 -13"><span class='ocrx_word' id='word_1_531' title='bbox 307 3837 396 3890; x_wconf 88' lang='lat' dir='ltr'><strong>nis</strong></span> <span class='ocrx_word' id='word_1_532' title='bbox 437 3850 547 3889; x_wconf 87' lang='lat' dir='ltr'><strong>suae</strong></span> <span class='ocrx_word' id='word_1_533' title='bbox 588 3834 885 3903; x_wconf 91' lang='lat' dir='ltr'><strong>principio,</strong></span> <span class='ocrx_word' id='word_1_534' title='bbox 936 3833 989 3885; x_wconf 92' lang='lat' dir='ltr'><strong>in</strong></span> <span class='ocrx_word' id='word_1_535' title='bbox 1038 3828 1267 3900; x_wconf 87' lang='lat' dir='ltr'><strong>epistola</strong></span> <span class='ocrx_word' id='word_1_536' title='bbox 1312 3826 1480 3880; x_wconf 87' lang='lat' dir='ltr'><strong>Paulo</strong></span> <span class='ocrx_word' id='word_1_537' title='bbox 1528 3822 1903 3879; x_wconf 80' lang='lat' dir='ltr'><strong>scholastica:</strong></span> 
     </span>
    </p>
   </div>
   <div class='ocr_carea' id='block_1_69' title="bbox 315 3910 1910 3995">
    <p class='ocr_par' dir='ltr' id='par_1_69' title="bbox 315 3910 1910 3995">
     <span class='ocr_line' id='line_1_73' title="bbox 315 3910 1910 3995; baseline -0.011 -13"><span class='ocrx_word' id='word_1_538' title='bbox 315 3950 337 3982; x_wconf 74' lang='grc' dir='ltr'>ι</span> <span class='ocrx_word' id='word_1_539' title='bbox 403 3926 669 3995; x_wconf 91' lang='lat' dir='ltr'><strong>Quidquid</strong></span> <span class='ocrx_word' id='word_1_540' title='bbox 722 3924 855 3977; x_wconf 90' lang='lat' dir='ltr'><strong>mihi</strong></span> <span class='ocrx_word' id='word_1_541' title='bbox 917 3937 985 3975; x_wconf 86' lang='lat' dir='ltr'><strong>ex</strong></span> <span class='ocrx_word' id='word_1_542' title='bbox 1059 3922 1264 3974; x_wconf 88' lang='lat' dir='ltr'><strong>honore</strong></span> <span class='ocrx_word' id='word_1_543' title='bbox 1333 3914 1684 3972; x_wconf 89' lang='lat' dir='ltr'><strong>sacerdotalis</strong></span> <span class='ocrx_word' id='word_1_544' title='bbox 1744 3910 1910 3966; x_wconf 87' lang='lat' dir='ltr'><strong>officii</strong></span> 
     </span>
    </p>
   </div>
   <div class='ocr_carea' id='block_1_70' title="bbox 314 4006 1912 4081">
    <p class='ocr_par' dir='ltr' id='par_1_70' title="bbox 314 4006 1912 4081">
     <span class='ocr_line' id='line_1_74' title="bbox 314 4006 1912 4081; baseline -0.013 -4"><span class='ocrx_word' id='word_1_545' title='bbox 314 4019 559 4077; x_wconf 82' lang='lat' dir='ltr'><strong>extranei</strong></span> <span class='ocrx_word' id='word_1_546' title='bbox 590 4016 847 4081; x_wconf 89' lang='lat' dir='ltr'><strong>arrident,</strong></span> <span class='ocrx_word' id='word_1_547' title='bbox 875 4031 981 4069; x_wconf 94' lang='lat' dir='ltr'><strong>non</strong></span> <span class='ocrx_word' id='word_1_548' title='bbox 1020 4011 1177 4066; x_wconf 89' lang='lat' dir='ltr'><strong>valde</strong></span> <span class='ocrx_word' id='word_1_549' title='bbox 1205 4025 1371 4081; x_wconf 91' lang='lat' dir='ltr'><strong>penso</strong></span> <span class='ocrx_word' id='word_1_550' title='bbox 1403 4027 1415 4061; x_wconf 90' lang='lat'>:</span> <span class='ocrx_word' id='word_1_551' title='bbox 1443 4007 1510 4063; x_wconf 90' lang='lat' dir='ltr'><strong>de</strong></span> <span class='ocrx_word' id='word_1_552' title='bbox 1550 4006 1703 4061; x_wconf 90' lang='lat' dir='ltr'><strong>vobis</strong></span> <span class='ocrx_word' id='word_1_553' title='bbox 1732 4013 1912 4059; x_wconf 91' lang='lat' dir='ltr'><strong>autem</strong></span> 
     </span>
    </p>
   </div>
   <div class='ocr_carea' id='block_1_71' title="bbox 315 4095 1914 4169">
    <p class='ocr_par' dir='ltr' id='par_1_71' title="bbox 315 4095 1914 4169">
     <span class='ocr_line' id='line_1_75' title="bbox 315 4095 1914 4169; baseline -0.013 -1"><span class='ocrx_word' id='word_1_554' title='bbox 315 4114 448 4169; x_wconf 88' lang='lat' dir='ltr'><strong>mihi</strong></span> <span class='ocrx_word' id='word_1_555' title='bbox 473 4112 574 4166; x_wconf 90' lang='lat' dir='ltr'><strong>hac</strong></span> <span class='ocrx_word' id='word_1_556' title='bbox 607 4110 660 4164; x_wconf 92' lang='lat' dir='ltr'><strong>in</strong></span> <span class='ocrx_word' id='word_1_557' title='bbox 686 4124 746 4164; x_wconf 91' lang='lat' dir='ltr'><strong>re</strong></span> <span class='ocrx_word' id='word_1_558' title='bbox 777 4106 1154 4167; x_wconf 88' lang='lat' dir='ltr'><strong>arridentibus,</strong></span> <span class='ocrx_word' id='word_1_559' title='bbox 1181 4117 1287 4158; x_wconf 91' lang='lat' dir='ltr'><strong>non</strong></span> <span class='ocrx_word' id='word_1_560' title='bbox 1310 4100 1589 4154; x_wconf 90' lang='lat' dir='ltr'><strong>minimum</strong></span> <span class='ocrx_word' id='word_1_561' title='bbox 1617 4097 1798 4164; x_wconf 90' lang='lat' dir='ltr'><strong>doleo,</strong></span> <span class='ocrx_word' id='word_1_562' title='bbox 1820 4095 1914 4165; x_wconf 91' lang='lat' dir='ltr'><strong>qui</strong></span> 
     </span>
    </p>
   </div>
   <div class='ocr_carea' id='block_1_72' title="bbox 321 4189 1915 4271">
    <p class='ocr_par' dir='ltr' id='par_1_72' title="bbox 321 4189 1915 4271">
     <span class='ocr_line' id='line_1_76' title="bbox 321 4189 1915 4271; baseline -0.012 -11"><span class='ocrx_word' id='word_1_563' title='bbox 321 4204 641 4261; x_wconf 90' lang='lat' dir='ltr'><strong>desiderium</strong></span> <span class='ocrx_word' id='word_1_564' title='bbox 674 4217 853 4256; x_wconf 91' lang='lat' dir='ltr'><strong>meum</strong></span> <span class='ocrx_word' id='word_1_565' title='bbox 881 4197 1196 4271; x_wconf 89' lang='lat' dir='ltr'><strong>plenissime</strong></span> <span class='ocrx_word' id='word_1_566' title='bbox 1225 4194 1406 4262; x_wconf 92' lang='lat' dir='ltr'><strong>scitis,</strong></span> <span class='ocrx_word' id='word_1_567' title='bbox 1438 4201 1494 4248; x_wconf 90' lang='lat' dir='ltr'><strong>et</strong></span> <span class='ocrx_word' id='word_1_568' title='bbox 1526 4202 1705 4245; x_wconf 91' lang='lat' dir='ltr'><strong>tamen</strong></span> <span class='ocrx_word' id='word_1_569' title='bbox 1735 4189 1915 4261; x_wconf 84' lang='lat' dir='ltr'><strong>profe-</strong></span> 
     </span>
    </p>
   </div>
   <div class='ocr_carea' id='block_1_73' title="bbox 324 4279 1915 4354">
    <p class='ocr_par' dir='ltr' id='par_1_73' title="bbox 324 4279 1915 4354">
     <span class='ocr_line' id='line_1_77' title="bbox 324 4279 1915 4354; baseline -0.013 -1"><span class='ocrx_word' id='word_1_570' title='bbox 324 4299 459 4353; x_wconf 87' lang='lat' dir='ltr'><strong>cisse</strong></span> <span class='ocrx_word' id='word_1_571' title='bbox 483 4313 567 4351; x_wconf 90' lang='lat' dir='ltr'><strong>me</strong></span> <span class='ocrx_word' id='word_1_572' title='bbox 589 4295 826 4350; x_wconf 88' lang='lat' dir='ltr'><strong>creditis.</strong></span> <span class='ocrx_word' id='word_1_573' title='bbox 860 4294 1113 4346; x_wconf 87' lang='lat' dir='ltr'><strong>Summus</strong></span> <span class='ocrx_word' id='word_1_574' title='bbox 1142 4288 1287 4342; x_wconf 92' lang='lat' dir='ltr'><strong>enim</strong></span> <span class='ocrx_word' id='word_1_575' title='bbox 1326 4284 1457 4339; x_wconf 87' lang='lat' dir='ltr'><strong>mihi</strong></span> <span class='ocrx_word' id='word_1_576' title='bbox 1497 4283 1771 4354; x_wconf 89' lang='lat' dir='ltr'><strong>profectus</strong></span> <span class='ocrx_word' id='word_1_577' title='bbox 1800 4279 1915 4333; x_wconf 82' lang='lat' dir='ltr'><strong>fue-</strong></span> 
     </span>
    </p>
   </div>
   <div class='ocr_carea' id='block_1_74' title="bbox 326 4372 1919 4459">
    <p class='ocr_par' dir='ltr' id='par_1_74' title="bbox 326 4372 1919 4459">
     <span class='ocr_line' id='line_1_78' title="bbox 326 4372 1919 4459; baseline -0.015 -13"><span class='ocrx_word' id='word_1_578' title='bbox 326 4399 444 4459; x_wconf 90' lang='lat' dir='ltr'><strong>rat,</strong></span> <span class='ocrx_word' id='word_1_579' title='bbox 466 4390 511 4444; x_wconf 91' lang='lat' dir='ltr'><strong>si</strong></span> <span class='ocrx_word' id='word_1_580' title='bbox 532 4387 824 4459; x_wconf 90' lang='lat' dir='ltr'><strong>potuissem</strong></span> <span class='ocrx_word' id='word_1_581' title='bbox 850 4383 1073 4452; x_wconf 90' lang='lat' dir='ltr'><strong>implere</strong></span> <span class='ocrx_word' id='word_1_582' title='bbox 1114 4378 1257 4449; x_wconf 89' lang='lat' dir='ltr'><strong>quod</strong></span> <span class='ocrx_word' id='word_1_583' title='bbox 1282 4376 1461 4441; x_wconf 87' lang='lat' dir='ltr'><strong>volui,</strong></span> <span class='ocrx_word' id='word_1_584' title='bbox 1513 4375 1557 4429; x_wconf 90' lang='lat' dir='ltr'><strong>si</strong></span> <span class='ocrx_word' id='word_1_585' title='bbox 1583 4372 1919 4429; x_wconf 90' lang='lat' dir='ltr'><strong>voluntatem</strong></span> 
     </span>
    </p>
   </div>
   <div class='ocr_carea' id='block_1_75' title="bbox 328 4462 1920 4549">
    <p class='ocr_par' dir='ltr' id='par_1_75' title="bbox 328 4462 1920 4549">
     <span class='ocr_line' id='line_1_79' title="bbox 328 4462 1920 4549; baseline -0.013 -12"><span class='ocrx_word' id='word_1_586' title='bbox 328 4498 539 4544; x_wconf 84' lang='lat' dir='ltr'><strong>meam,</strong></span> <span class='ocrx_word' id='word_1_587' title='bbox 590 4495 752 4549; x_wconf 89' lang='lat' dir='ltr'><strong>quam</strong></span> <span class='ocrx_word' id='word_1_588' title='bbox 802 4477 1002 4531; x_wconf 86' lang='lat' dir='ltr'><strong>dudum</strong></span> <span class='ocrx_word' id='word_1_589' title='bbox 1055 4472 1324 4541; x_wconf 87' lang='lat' dir='ltr'><strong>cognitam</strong></span> <span class='ocrx_word' id='word_1_590' title='bbox 1368 4467 1609 4531; x_wconf 89' lang='lat' dir='ltr'><strong>habetis,</strong></span> <span class='ocrx_word' id='word_1_591' title='bbox 1662 4462 1920 4534; x_wconf 87' lang='lat' dir='ltr'><strong>perficere</strong></span> 
     </span>
    </p>
   </div>
   <div class='ocr_carea' id='block_1_76' title="bbox 331 4556 1921 4645">
    <p class='ocr_par' dir='ltr' id='par_1_76' title="bbox 331 4556 1921 4645">
     <span class='ocr_line' id='line_1_80' title="bbox 331 4556 1921 4645; baseline -0.014 -16"><span class='ocrx_word' id='word_1_592' title='bbox 331 4583 527 4645; x_wconf 85' lang='lat' dir='ltr'><strong>optatae</strong></span> <span class='ocrx_word' id='word_1_593' title='bbox 562 4572 757 4641; x_wconf 90' lang='lat' dir='ltr'><strong>quietis</strong></span> <span class='ocrx_word' id='word_1_594' title='bbox 795 4566 1139 4639; x_wconf 90' lang='lat' dir='ltr'><strong>perceptione</strong></span> <span class='ocrx_word' id='word_1_595' title='bbox 1159 4562 1464 4617; x_wconf 89' lang='lat' dir='ltr'><strong>valuissem.</strong></span> <span class='ocrx_word' id='word_1_596' title='bbox 1495 4558 1564 4612; x_wconf 88' lang='lat' dir='ltr'><strong>At</strong></span> <span class='ocrx_word' id='word_1_597' title='bbox 1591 4557 1717 4627; x_wconf 89' lang='lat' dir='ltr'><strong>quia</strong></span> <span class='ocrx_word' id='word_1_598' title='bbox 1745 4556 1921 4609; x_wconf 89' lang='lat' dir='ltr'><strong>hono-</strong></span> 
     </span>
    </p>
   </div>
   <div class='ocr_carea' id='block_1_77' title="bbox 1998 3320 3595 3407">
    <p class='ocr_par' dir='ltr' id='par_1_77' title="bbox 1998 3320 3595 3407">
     <span class='ocr_line' id='line_1_81' title="bbox 1998 3320 3595 3407; baseline -0.023 -2"><span class='ocrx_word' id='word_1_599' title='bbox 1998 3366 2087 3405; x_wconf 90' lang='lat' dir='ltr'><strong>me</strong></span> <span class='ocrx_word' id='word_1_600' title='bbox 2135 3349 2190 3402; x_wconf 90' lang='lat' dir='ltr'><strong>in</strong></span> <span class='ocrx_word' id='word_1_601' title='bbox 2233 3346 2344 3399; x_wconf 88' lang='lat' dir='ltr'><strong>vita</strong></span> <span class='ocrx_word' id='word_1_602' title='bbox 2366 3343 2503 3396; x_wconf 90' lang='lat' dir='ltr'><strong>laica</strong></span> <span class='ocrx_word' id='word_1_603' title='bbox 2531 3347 2869 3407; x_wconf 89' lang='lat' dir='ltr'><strong>nequaquam</strong></span> <span class='ocrx_word' id='word_1_604' title='bbox 2911 3325 3215 3384; x_wconf 87' lang='lat' dir='ltr'><strong>deservisse</strong></span> <span class='ocrx_word' id='word_1_605' title='bbox 3255 3320 3595 3377; x_wconf 91' lang='lat' dir='ltr'><strong>reminiscor.</strong></span> 
     </span>
    </p>
   </div>
   <div class='ocr_carea' id='block_1_78' title="bbox 2003 3414 3601 3503">
    <p class='ocr_par' dir='ltr' id='par_1_78' title="bbox 2003 3414 3601 3503">
     <span class='ocr_line' id='line_1_82' title="bbox 2003 3414 3601 3503; baseline -0.022 -7"><span class='ocrx_word' id='word_1_606' title='bbox 2003 3452 2027 3489; x_wconf 78' lang='grc' dir='ltr'><strong><em>κ</em></strong></span> <span class='ocrx_word' id='word_1_607' title='bbox 2051 3440 2172 3494; x_wconf 85' lang='lat' dir='ltr'><strong>Alta</strong></span> <span class='ocrx_word' id='word_1_608' title='bbox 2203 3438 2346 3492; x_wconf 88' lang='lat' dir='ltr'><strong>enim</strong></span> <span class='ocrx_word' id='word_1_609' title='bbox 2369 3432 2565 3503; x_wconf 89' lang='lat' dir='ltr'><strong>quietis</strong></span> <span class='ocrx_word' id='word_1_610' title='bbox 2594 3443 2728 3483; x_wconf 69' lang='lat' dir='ltr'><strong>mem</strong></span> <span class='ocrx_word' id='word_1_611' title='bbox 2758 3422 2950 3495; x_wconf 89' lang='lat' dir='ltr'><strong>gaudia</strong></span> <span class='ocrx_word' id='word_1_612' title='bbox 2975 3416 3199 3490; x_wconf 91' lang='lat' dir='ltr'><strong>perdidi,</strong></span> <span class='ocrx_word' id='word_1_613' title='bbox 3232 3421 3289 3469; x_wconf 92' lang='lat' dir='ltr'><strong>et</strong></span> <span class='ocrx_word' id='word_1_614' title='bbox 3308 3414 3451 3467; x_wconf 91' lang='lat' dir='ltr'><strong>intus</strong></span> <span class='ocrx_word' id='word_1_615' title='bbox 3478 3424 3601 3464; x_wconf 91' lang='lat' dir='ltr'><strong>cor-</strong></span> 
     </span>
    </p>
   </div>
   <div class='ocr_carea' id='block_1_79' title="bbox 2001 3500 3604 3595">
    <p class='ocr_par' dir='ltr' id='par_1_79' title="bbox 2001 3500 3604 3595">
     <span class='ocr_line' id='line_1_83' title="bbox 2001 3500 3604 3595; baseline -0.024 -5"><span class='ocrx_word' id='word_1_616' title='bbox 2001 3549 2184 3595; x_wconf 88' lang='lat' dir='ltr'><strong>ruens,</strong></span> <span class='ocrx_word' id='word_1_617' title='bbox 2212 3526 2521 3584; x_wconf 89' lang='lat' dir='ltr'><strong>ascendisse</strong></span> <span class='ocrx_word' id='word_1_618' title='bbox 2554 3520 2794 3577; x_wconf 85' lang='lat' dir='ltr'><strong>exterius</strong></span> <span class='ocrx_word' id='word_1_619' title='bbox 2838 3513 3048 3578; x_wconf 87' lang='lat' dir='ltr'><strong>videor,</strong></span> <span class='ocrx_word' id='word_1_620' title='bbox 3078 3506 3224 3563; x_wconf 89' lang='lat' dir='ltr'><strong>unde</strong></span> <span class='ocrx_word' id='word_1_621' title='bbox 3274 3519 3361 3559; x_wconf 92' lang='lat' dir='ltr'><strong>me</strong></span> <span class='ocrx_word' id='word_1_622' title='bbox 3400 3518 3431 3555; x_wconf 94' lang='lat' dir='ltr'><strong>a</strong></span> <span class='ocrx_word' id='word_1_623' title='bbox 3459 3500 3604 3555; x_wconf 59' lang='lat' dir='ltr'><strong>Con.</strong></span> 
     </span>
    </p>
   </div>
   <div class='ocr_carea' id='block_1_80' title="bbox 2003 3594 3606 3684">
    <p class='ocr_par' dir='ltr' id='par_1_80' title="bbox 2003 3594 3606 3684">
     <span class='ocr_line' id='line_1_84' title="bbox 2003 3594 3606 3684; baseline -0.022 -1"><span class='ocrx_word' id='word_1_624' title='bbox 2003 3594 2194 3683; x_wconf 88' lang='lat' dir='ltr'><strong>ditoris</strong></span> <span class='ocrx_word' id='word_1_625' title='bbox 2222 3623 2328 3677; x_wconf 89' lang='lat' dir='ltr'><strong>mei</strong></span> <span class='ocrx_word' id='word_1_626' title='bbox 2358 3620 2495 3674; x_wconf 90' lang='lat' dir='ltr'><strong>facie</strong></span> <span class='ocrx_word' id='word_1_627' title='bbox 2542 3617 2700 3684; x_wconf 86' lang='lat' dir='ltr'><strong>longe</strong></span> <span class='ocrx_word' id='word_1_628' title='bbox 2728 3608 3012 3680; x_wconf 80' lang='lat' dir='ltr'><strong>expulsum</strong></span> <span class='ocrx_word' id='word_1_629' title='bbox 3057 3601 3302 3672; x_wconf 86' lang='lat' dir='ltr'><strong>deploro.</strong></span> <span class='ocrx_word' id='word_1_630' title='bbox 3352 3594 3606 3651; x_wconf 88' lang='lat' dir='ltr'><strong>Conabar</strong></span> 
     </span>
    </p>
   </div>
   <div class='ocr_carea' id='block_1_81' title="bbox 2007 3684 3605 3788">
    <p class='ocr_par' dir='ltr' id='par_1_81' title="bbox 2007 3684 3605 3788">
     <span class='ocr_line' id='line_1_85' title="bbox 2007 3684 3605 3788; baseline -0.023 -13"><span class='ocrx_word' id='word_1_631' title='bbox 2007 3732 2241 3788; x_wconf 90' lang='lat' dir='ltr'><strong>namque</strong></span> <span class='ocrx_word' id='word_1_632' title='bbox 2268 3712 2507 3784; x_wconf 90' lang='lat' dir='ltr'><strong>quotidie</strong></span> <span class='ocrx_word' id='word_1_633' title='bbox 2528 3718 2680 3764; x_wconf 81' lang='lat' dir='ltr'><strong>extra</strong></span> <span class='ocrx_word' id='word_1_634' title='bbox 2714 3700 2995 3759; x_wconf 88' lang='lat' dir='ltr'><strong>mundum,</strong></span> <span class='ocrx_word' id='word_1_635' title='bbox 3029 3702 3182 3751; x_wconf 84' lang='lat' dir='ltr'><strong>extra</strong></span> <span class='ocrx_word' id='word_1_636' title='bbox 3206 3704 3423 3746; x_wconf 88' lang='lat' dir='ltr'><strong>carnem</strong></span> <span class='ocrx_word' id='word_1_637' title='bbox 3465 3684 3605 3750; x_wconf 88' lang='lat' dir='ltr'><strong>fieri,</strong></span> 
     </span>
    </p>
   </div>
   <div class='ocr_carea' id='block_1_82' title="bbox 2009 3775 3609 3875">
    <p class='ocr_par' dir='ltr' id='par_1_82' title="bbox 2009 3775 3609 3875">
     <span class='ocr_line' id='line_1_86' title="bbox 2009 3775 3609 3875; baseline -0.024 -9"><span class='ocrx_word' id='word_1_638' title='bbox 2009 3818 2206 3867; x_wconf 69' lang='lat' dir='ltr'><strong>cincta</strong></span> <span class='ocrx_word' id='word_1_639' title='bbox 2231 3806 2607 3875; x_wconf 89' lang='lat' dir='ltr'><strong>phantasmata</strong></span> <span class='ocrx_word' id='word_1_640' title='bbox 2628 3795 2655 3833; x_wconf 68' lang='grc' dir='ltr'><strong>ιι</strong></span> <span class='ocrx_word' id='word_1_641' title='bbox 2679 3792 2923 3863; x_wconf 91' lang='lat' dir='ltr'><strong>corporis</strong></span> <span class='ocrx_word' id='word_1_642' title='bbox 2963 3788 3030 3842; x_wconf 91' lang='lat' dir='ltr'><strong>ab</strong></span> <span class='ocrx_word' id='word_1_643' title='bbox 3060 3783 3230 3840; x_wconf 89' lang='lat' dir='ltr'><strong>oculis</strong></span> <span class='ocrx_word' id='word_1_644' title='bbox 3258 3778 3455 3834; x_wconf 89' lang='lat' dir='ltr'><strong>mentis</strong></span> <span class='ocrx_word' id='word_1_645' title='bbox 3489 3775 3609 3831; x_wconf 82' lang='lat' dir='ltr'><strong>abi-</strong></span> 
     </span>
    </p>
   </div>
   <div class='ocr_carea' id='block_1_83' title="bbox 2012 3874 3612 3973">
    <p class='ocr_par' dir='ltr' id='par_1_83' title="bbox 2012 3874 3612 3973">
     <span class='ocr_line' id='line_1_87' title="bbox 2012 3874 3612 3973; baseline -0.023 -15"><span class='ocrx_word' id='word_1_646' title='bbox 2012 3918 2159 3973; x_wconf 89' lang='lat' dir='ltr'><strong>gere,</strong></span> <span class='ocrx_word' id='word_1_647' title='bbox 2182 3874 2488 3966; x_wconf 18' lang='lat' dir='ltr'><strong>etisuperna</strong></span> <span class='ocrx_word' id='word_1_648' title='bbox 2517 3889 2710 3959; x_wconf 90' lang='lat' dir='ltr'><strong>gaudia</strong></span> <span class='ocrx_word' id='word_1_649' title='bbox 2734 3878 3148 3952; x_wconf 88' lang='lat' dir='ltr'><strong>incorporaliter</strong></span> <span class='ocrx_word' id='word_1_650' title='bbox 3182 3874 3390 3938; x_wconf 90' lang='lat' dir='ltr'><strong>videre,</strong></span> <span class='ocrx_word' id='word_1_651' title='bbox 3420 3877 3477 3923; x_wconf 86' lang='lat' dir='ltr'><strong>et</strong></span> <span class='ocrx_word' id='word_1_652' title='bbox 3500 3882 3612 3923; x_wconf 89' lang='lat' dir='ltr'><strong>non</strong></span> 
     </span>
    </p>
   </div>
   <div class='ocr_carea' id='block_1_84' title="bbox 2014 3957 3615 4049">
    <p class='ocr_par' dir='ltr' id='par_1_84' title="bbox 2014 3957 3615 4049">
     <span class='ocr_line' id='line_1_88' title="bbox 2014 3957 3615 4049; baseline -0.021 -1"><span class='ocrx_word' id='word_1_653' title='bbox 2014 3957 2195 4049; x_wconf 62' lang='lat' dir='ltr'><strong>solum</strong></span> <span class='ocrx_word' id='word_1_654' title='bbox 2229 3957 2483 4049; x_wconf 40' lang='lat' dir='ltr'><strong>voc-ibus,</strong></span> <span class='ocrx_word' id='word_1_655' title='bbox 2525 3957 2630 4034; x_wconf 76' lang='lat' dir='ltr'><strong>sed</strong></span> <span class='ocrx_word' id='word_1_656' title='bbox 2681 3975 2809 4029; x_wconf 92' lang='lat' dir='ltr'><strong>totis</strong></span> <span class='ocrx_word' id='word_1_657' title='bbox 2856 3968 3105 4025; x_wconf 91' lang='lat' dir='ltr'><strong>medullis</strong></span> <span class='ocrx_word' id='word_1_658' title='bbox 3146 3958 3366 4020; x_wconf 87' lang='lat' dir='ltr'><strong>cordisi</strong></span> <span class='ocrx_word' id='word_1_659' title='bbox 3406 3958 3472 4013; x_wconf 91' lang='lat' dir='ltr'><strong>ad</strong></span> <span class='ocrx_word' id='word_1_660' title='bbox 3517 3957 3615 4015; x_wconf 87' lang='lat' dir='ltr'><strong>Dei</strong></span> 
     </span>
    </p>
   </div>
   <div class='ocr_carea' id='block_1_85' title="bbox 2017 4058 3613 4155">
    <p class='ocr_par' dir='ltr' id='par_1_85' title="bbox 2017 4058 3613 4155">
     <span class='ocr_line' id='line_1_89' title="bbox 2017 4058 3613 4155; baseline -0.024 -14"><span class='ocrx_word' id='word_1_661' title='bbox 2017 4084 2251 4155; x_wconf 90' lang='lat' dir='ltr'><strong>speciem</strong></span> <span class='ocrx_word' id='word_1_662' title='bbox 2284 4076 2561 4137; x_wconf 88' lang='lat' dir='ltr'><strong>anhelans,</strong></span> <span class='ocrx_word' id='word_1_663' title='bbox 2605 4067 2848 4126; x_wconf 84' lang='lat' dir='ltr'><strong>dicebam</strong></span> <span class='ocrx_word' id='word_1_664' title='bbox 2881 4081 2899 4118; x_wconf 92' lang='lat'><strong><em>:</em></strong></span> <span class='ocrx_word' id='word_1_665' title='bbox 2933 4059 3047 4115; x_wconf 89' lang='lat' dir='ltr'><strong>Tibi</strong></span> <span class='ocrx_word' id='word_1_666' title='bbox 3092 4058 3225 4112; x_wconf 77' lang='lat' dir='ltr'><strong>dixit</strong></span> <span class='ocrx_word' id='word_1_667' title='bbox 3272 4070 3361 4109; x_wconf 89' lang='lat' dir='ltr'><strong>cor</strong></span> <span class='ocrx_word' id='word_1_668' title='bbox 3402 4064 3613 4106; x_wconf 88' lang='lat' dir='ltr'><strong>meum:</strong></span> 
     </span>
    </p>
   </div>
   <div class='ocr_carea' id='block_1_86' title="bbox 2022 4140 3617 4240">
    <p class='ocr_par' dir='ltr' id='par_1_86' title="bbox 2022 4140 3617 4240">
     <span class='ocr_line' id='line_1_90' title="bbox 2022 4140 3617 4240; baseline -0.023 -10"><span class='ocrx_word' id='word_1_669' title='bbox 2022 4173 2245 4240; x_wconf 66' lang='lat' dir='ltr'><strong>Quasivi</strong></span> <span class='ocrx_word' id='word_1_670' title='bbox 2268 4171 2460 4225; x_wconf 85' lang='lat' dir='ltr'><strong>vultum</strong></span> <span class='ocrx_word' id='word_1_671' title='bbox 2492 4174 2664 4225; x_wconf 88' lang='lat' dir='ltr'><strong>tuum,</strong></span> <span class='ocrx_word' id='word_1_672' title='bbox 2702 4159 2896 4213; x_wconf 78' lang='lat' dir='ltr'><strong>vultum</strong></span> <span class='ocrx_word' id='word_1_673' title='bbox 2925 4163 3093 4216; x_wconf 88' lang='lat' dir='ltr'><strong>tuum,</strong></span> <span class='ocrx_word' id='word_1_674' title='bbox 3148 4149 3400 4211; x_wconf 86' lang='lat' dir='ltr'><strong>Domine,</strong></span> <span class='ocrx_word' id='word_1_675' title='bbox 3448 4140 3617 4212; x_wconf 83' lang='lat' dir='ltr'><strong>requi-</strong></span> 
     </span>
    </p>
   </div>
   <div class='ocr_carea' id='block_1_87' title="bbox 2020 4238 3620 4340">
    <p class='ocr_par' dir='ltr' id='par_1_87' title="bbox 2020 4238 3620 4340">
     <span class='ocr_line' id='line_1_91' title="bbox 2020 4238 3620 4340; baseline -0.024 -15"><span class='ocrx_word' id='word_1_676' title='bbox 2020 4238 2137 4325; x_wconf 24' lang='lat' dir='ltr'><strong>riam</strong></span> <span class='ocrx_word' id='word_1_677' title='bbox 2164 4264 2337 4340; x_wconf 77' lang='lat' dir='ltr'><strong>(Psal.</strong></span> <span class='ocrx_word' id='word_1_678' title='bbox 2368 4276 2515 4325; x_wconf 77' lang='lat' dir='ltr'><strong>XXVI,</strong></span> <span class='ocrx_word' id='word_1_679' title='bbox 2545 4256 2622 4327; x_wconf 82' lang='lat'><strong>8).</strong></span> <span class='ocrx_word' id='word_1_680' title='bbox 2646 4251 2787 4309; x_wconf 83' lang='lat' dir='ltr'><strong>Nihil</strong></span> <span class='ocrx_word' id='word_1_681' title='bbox 2813 4258 2992 4304; x_wconf 90' lang='lat' dir='ltr'><strong>autem</strong></span> <span class='ocrx_word' id='word_1_682' title='bbox 3016 4247 3067 4301; x_wconf 92' lang='lat' dir='ltr'><strong>in</strong></span> <span class='ocrx_word' id='word_1_683' title='bbox 3090 4244 3196 4299; x_wconf 91' lang='lat' dir='ltr'><strong>hoc</strong></span> <span class='ocrx_word' id='word_1_684' title='bbox 3225 4238 3425 4294; x_wconf 91' lang='lat' dir='ltr'><strong>mundo</strong></span> <span class='ocrx_word' id='word_1_685' title='bbox 3454 4247 3620 4303; x_wconf 83' lang='lat' dir='ltr'><strong>appe-</strong></span> 
     </span>
    </p>
   </div>
   <div class='ocr_carea' id='block_1_88' title="bbox 2022 4326 3621 4429">
    <p class='ocr_par' dir='ltr' id='par_1_88' title="bbox 2022 4326 3621 4429">
     <span class='ocr_line' id='line_1_92' title="bbox 2022 4326 3621 4429; baseline -0.027 -8"><span class='ocrx_word' id='word_1_686' title='bbox 2022 4326 2182 4429; x_wconf 52' lang='lat' dir='ltr'><strong>tens,</strong></span> <span class='ocrx_word' id='word_1_687' title='bbox 2200 4359 2334 4415; x_wconf 91' lang='lat' dir='ltr'><strong>nihil</strong></span> <span class='ocrx_word' id='word_1_688' title='bbox 2386 4354 2805 4426; x_wconf 88' lang='lat' dir='ltr'><strong>pertimescens,</strong></span> <span class='ocrx_word' id='word_1_689' title='bbox 2846 4339 3067 4397; x_wconf 91' lang='lat' dir='ltr'><strong>videbar</strong></span> <span class='ocrx_word' id='word_1_690' title='bbox 3108 4334 3241 4391; x_wconf 92' lang='lat' dir='ltr'><strong>mihi</strong></span> <span class='ocrx_word' id='word_1_691' title='bbox 3272 4334 3326 4386; x_wconf 91' lang='lat' dir='ltr'><strong>in</strong></span> <span class='ocrx_word' id='word_1_692' title='bbox 3379 4326 3621 4400; x_wconf 89' lang='lat' dir='ltr'><strong>quodam</strong></span> 
     </span>
    </p>
   </div>
   <div class='ocr_carea' id='block_1_89' title="bbox 2024 4424 3623 4512">
    <p class='ocr_par' dir='ltr' id='par_1_89' title="bbox 2024 4424 3623 4512">
     <span class='ocr_line' id='line_1_93' title="bbox 2024 4424 3623 4512; baseline -0.027 1"><span class='ocrx_word' id='word_1_693' title='bbox 2024 4471 2204 4512; x_wconf 91' lang='lat' dir='ltr'><strong>rerum</strong></span> <span class='ocrx_word' id='word_1_694' title='bbox 2230 4424 2434 4507; x_wconf 82' lang='lat' dir='ltr'><strong>vertice</strong></span> <span class='ocrx_word' id='word_1_695' title='bbox 2464 4453 2628 4507; x_wconf 88' lang='lat' dir='ltr'><strong>stare,</strong></span> <span class='ocrx_word' id='word_1_696' title='bbox 2660 4441 2734 4495; x_wconf 92' lang='lat' dir='ltr'><strong>ita</strong></span> <span class='ocrx_word' id='word_1_697' title='bbox 2757 4446 2817 4491; x_wconf 89' lang='lat' dir='ltr'><strong>ut</strong></span> <span class='ocrx_word' id='word_1_698' title='bbox 2840 4436 2895 4489; x_wconf 86' lang='lat' dir='ltr'><strong>in</strong></span> <span class='ocrx_word' id='word_1_699' title='bbox 2928 4448 3014 4487; x_wconf 89' lang='lat' dir='ltr'><strong>me</strong></span> <span class='ocrx_word' id='word_1_700' title='bbox 3042 4443 3182 4501; x_wconf 90' lang='lat' dir='ltr'><strong>pene</strong></span> <span class='ocrx_word' id='word_1_701' title='bbox 3203 4424 3481 4494; x_wconf 89' lang='lat' dir='ltr'><strong>impletum</strong></span> <span class='ocrx_word' id='word_1_702' title='bbox 3503 4431 3623 4473; x_wconf 85' lang='lat' dir='ltr'><strong>cre-</strong></span> 
     </span>
    </p>
   </div>
   <div class='ocr_carea' id='block_1_90' title="bbox 2026 4508 3625 4615">
    <p class='ocr_par' dir='ltr' id='par_1_90' title="bbox 2026 4508 3625 4615">
     <span class='ocr_line' id='line_1_94' title="bbox 2026 4508 3625 4615; baseline -0.028 -10"><span class='ocrx_word' id='word_1_703' title='bbox 2026 4508 2213 4605; x_wconf 43' lang='lat' dir='ltr'><strong>ile—rem</strong></span> <span class='ocrx_word' id='word_1_704' title='bbox 2232 4542 2398 4615; x_wconf 93' lang='lat' dir='ltr'><strong>quod,</strong></span> <span class='ocrx_word' id='word_1_705' title='bbox 2419 4537 2708 4609; x_wconf 90' lang='lat' dir='ltr'><strong>pollicente</strong></span> <span class='ocrx_word' id='word_1_706' title='bbox 2736 4527 2984 4590; x_wconf 88' lang='lat' dir='ltr'><strong>Domino,</strong></span> <span class='ocrx_word' id='word_1_707' title='bbox 3020 4538 3089 4577; x_wconf 81' lang='lat' dir='ltr'><strong>ex</strong></span> <span class='ocrx_word' id='word_1_708' title='bbox 3119 4517 3381 4615; x_wconf 46' lang='lat' dir='ltr'><strong>prophe‘ta</strong></span> <span class='ocrx_word' id='word_1_709' title='bbox 3403 4508 3625 4565; x_wconf 76' lang='lat' dir='ltr'><strong>didicis-</strong></span> 
     </span>
    </p>
   </div>
   <div class='ocr_carea' id='block_1_91' title="bbox 332 4603 3627 4731">
    <p class='ocr_par' dir='ltr' id='par_1_91' title="bbox 332 4603 3627 4731">
     <span class='ocr_line' id='line_1_95' title="bbox 332 4603 2438 4645; baseline -0.014 -16"><span class='ocrx_word' id='word_1_710' title='bbox 332 4603 527 4645; x_wconf 63' lang='lat' dir='ltr'><strong>Uptdld:</strong></span> <span class='ocrx_word' id='word_1_711' title='bbox 562 4603 757 4641; x_wconf 63' lang='lat' dir='ltr'><strong>qUICLIa</strong></span> <span class='ocrx_word' id='word_1_712' title='bbox 797 4603 1139 4639; x_wconf 58' lang='lat' dir='ltr'><strong>Pblbbyilvllv</strong></span> <span class='ocrx_word' id='word_1_713' title='bbox 1170 4603 1464 4617; x_wconf 72' lang='grc' dir='ltr'><strong>ιυιυιυυν---ι</strong></span> <span class='ocrx_word' id='word_1_714' title='bbox 1495 4603 1564 4612; x_wconf 66' lang='grc' dir='ltr'><strong>--ν</strong></span> <span class='ocrx_word' id='word_1_715' title='bbox 1594 4603 1717 4627; x_wconf 64' lang='grc' dir='ltr'><strong>Ίκ.--</strong></span> <span class='ocrx_word' id='word_1_716' title='bbox 1745 4603 1883 4609; x_wconf 64' lang='grc' dir='ltr'><strong>η----</strong></span> <span class='ocrx_word' id='word_1_717' title='bbox 2038 4603 2046 4605; x_wconf 53' lang='lat'><strong>-</strong></span> <span class='ocrx_word' id='word_1_718' title='bbox 2079 4603 2087 4604; x_wconf 32' lang='grc' dir='ltr'><em>κ</em></span> <span class='ocrx_word' id='word_1_719' title='bbox 2251 4603 2267 4615; x_wconf 77' lang='lat'>_</span> <span class='ocrx_word' id='word_1_720' title='bbox 2385 4603 2392 4605; x_wconf 94' lang='lat'>_</span> <span class='ocrx_word' id='word_1_721' title='bbox 2422 4603 2438 4609; x_wconf 91' lang='lat'><em>_</em></span> 
     </span>
     <span class='ocr_line' id='line_1_96' title="bbox 332 4603 3627 4731; baseline -0.022 -9"><span class='ocrx_word' id='word_1_722' title='bbox 332 4668 407 4722; x_wconf 91' lang='lat' dir='ltr'><strong>ris</strong></span> <span class='ocrx_word' id='word_1_723' title='bbox 453 4679 595 4720; x_wconf 91' lang='lat' dir='ltr'><strong>nunc</strong></span> <span class='ocrx_word' id='word_1_724' title='bbox 643 4662 802 4731; x_wconf 87' lang='lat' dir='ltr'><strong>hujus</strong></span> <span class='ocrx_word' id='word_1_725' title='bbox 848 4657 1074 4713; x_wconf 88' lang='lat' dir='ltr'><strong>vinculis</strong></span> <span class='ocrx_word' id='word_1_726' title='bbox 1103 4657 1155 4709; x_wconf 92' lang='lat' dir='ltr'><strong>in</strong></span> <span class='ocrx_word' id='word_1_727' title='bbox 1182 4653 1398 4710; x_wconf 86' lang='lat' dir='ltr'><strong>civitate</strong></span> <span class='ocrx_word' id='word_1_728' title='bbox 1441 4659 1631 4704; x_wconf 89' lang='lat' dir='ltr'><strong>teneor</strong></span> <span class='ocrx_word' id='word_1_729' title='bbox 1679 4647 1923 4701; x_wconf 84' lang='lat' dir='ltr'><strong>Romana</strong></span> <span class='ocrx_word' id='word_1_730' title='bbox 1951 4660 2001 4719; x_wconf 76' lang='grc' dir='ltr'><strong>ι)</strong></span> <span class='ocrx_word' id='word_1_731' title='bbox 2027 4655 2143 4697; x_wconf 88' lang='lat' dir='ltr'><strong>sem</strong></span> <span class='ocrx_word' id='word_1_732' title='bbox 2170 4656 2182 4691; x_wconf 91' lang='lat'>:</span> <span class='ocrx_word' id='word_1_733' title='bbox 2211 4632 2497 4691; x_wconf 77' lang='lat' dir='ltr'><strong>Sustollam</strong></span> <span class='ocrx_word' id='word_1_734' title='bbox 2522 4636 2571 4681; x_wconf 89' lang='lat' dir='ltr'><strong>te</strong></span> <span class='ocrx_word' id='word_1_735' title='bbox 2598 4640 2749 4695; x_wconf 76' lang='lat' dir='ltr'><strong>super</strong></span> <span class='ocrx_word' id='word_1_736' title='bbox 2776 4617 3075 4673; x_wconf 76' lang='lat' dir='ltr'><strong>altitudines</strong></span> <span class='ocrx_word' id='word_1_737' title='bbox 3108 4620 3258 4664; x_wconf 76' lang='lat' dir='ltr'><strong>terra:</strong></span> <span class='ocrx_word' id='word_1_738' title='bbox 3284 4603 3441 4673; x_wconf 83' lang='lat' dir='ltr'><strong>(Isai.</strong></span> <span class='ocrx_word' id='word_1_739' title='bbox 3474 4612 3627 4665; x_wconf 84' lang='lat' dir='ltr'><strong>Lvm,</strong></span> 
     </span>
     <span class='ocr_line' id='line_1_97' title="bbox 2084 4689 3627 4731; baseline 0 0"><span class='ocrx_word' id='word_1_740' title='bbox 2084 4729 2113 4731; x_wconf 66' lang='lat'><strong>_,</strong></span> <span class='ocrx_word' id='word_1_741' title='bbox 2188 4726 2213 4731; x_wconf 74' lang='lat'><strong>_</strong></span> <span class='ocrx_word' id='word_1_742' title='bbox 2409 4720 2487 4731; x_wconf 75' lang='grc' dir='ltr'><strong>..οΔ</strong></span> <span class='ocrx_word' id='word_1_743' title='bbox 2550 4716 2581 4731; x_wconf 71' lang='grc' dir='ltr'><strong>ιη</strong></span> <span class='ocrx_word' id='word_1_744' title='bbox 2638 4729 2675 4731; x_wconf 33' lang='grc' dir='ltr'><em>γ,</em></span> <span class='ocrx_word' id='word_1_745' title='bbox 2715 4710 2904 4731; x_wconf 53' lang='grc' dir='ltr'><strong>,ιΑ-ἒη-</strong></span> <span class='ocrx_word' id='word_1_746' title='bbox 2932 4712 3089 4731; x_wconf 59' lang='lat' dir='ltr'><strong>Ian-un</strong></span> <span class='ocrx_word' id='word_1_747' title='bbox 3111 4694 3408 4731; x_wconf 69' lang='lat' dir='ltr'><strong>cnclnlnllll‘</strong></span> <span class='ocrx_word' id='word_1_748' title='bbox 3450 4689 3541 4731; x_wconf 71' lang='lat' dir='ltr'><strong>&quot;Ili</strong></span> <span class='ocrx_word' id='word_1_749' title='bbox 3573 4695 3627 4731; x_wconf 61' lang='grc' dir='ltr'><strong>ΩΙ</strong></span> 
     </span>
    </p>
   </div>
   <div class='ocr_carea' id='block_1_92' title="bbox 334 4738 1928 4829">
    <p class='ocr_par' dir='ltr' id='par_1_92' title="bbox 334 4738 1928 4829">
     <span class='ocr_line' id='line_1_98' title="bbox 334 4738 1928 4829; baseline -0.014 -15"><span class='ocrx_word' id='word_1_750' title='bbox 334 4761 621 4829; x_wconf 84' lang='lat' dir='ltr'><strong>religatus,</strong></span> <span class='ocrx_word' id='word_1_751' title='bbox 667 4755 840 4809; x_wconf 88' lang='lat' dir='ltr'><strong>habeo</strong></span> <span class='ocrx_word' id='word_1_752' title='bbox 880 4750 1079 4820; x_wconf 89' lang='lat' dir='ltr'><strong>aliquid</strong></span> <span class='ocrx_word' id='word_1_753' title='bbox 1134 4748 1278 4818; x_wconf 88' lang='lat' dir='ltr'><strong>quod</strong></span> <span class='ocrx_word' id='word_1_754' title='bbox 1326 4745 1485 4800; x_wconf 89' lang='lat' dir='ltr'><strong>etiam</strong></span> <span class='ocrx_word' id='word_1_755' title='bbox 1524 4750 1714 4797; x_wconf 72' lang='lat' dir='ltr'><strong>vestra:</strong></span> <span class='ocrx_word' id='word_1_756' title='bbox 1743 4738 1928 4807; x_wconf 60' lang='lat' dir='ltr'><strong>glorias</strong></span> 
     </span>
    </p>
   </div>
   <div class='ocr_carea' id='block_1_93' title="bbox 337 4829 1930 4917">
    <p class='ocr_par' dir='ltr' id='par_1_93' title="bbox 337 4829 1930 4917">
     <span class='ocr_line' id='line_1_99' title="bbox 337 4829 1930 4917; baseline -0.016 -9"><span class='ocrx_word' id='word_1_757' title='bbox 337 4852 628 4917; x_wconf 82' lang='lat' dir='ltr'><strong>exsultem,</strong></span> <span class='ocrx_word' id='word_1_758' title='bbox 655 4849 778 4917; x_wconf 91' lang='lat' dir='ltr'><strong>quia</strong></span> <span class='ocrx_word' id='word_1_759' title='bbox 802 4848 915 4899; x_wconf 87' lang='lat' dir='ltr'><strong>viro</strong></span> <span class='ocrx_word' id='word_1_760' title='bbox 964 4842 980 4882; x_wconf 71' lang='grc' dir='ltr'><em>τ</em></span> <span class='ocrx_word' id='word_1_761' title='bbox 1028 4838 1478 4896; x_wconf 86' lang='lat' dir='ltr'><strong>excellentissimo</strong></span> <span class='ocrx_word' id='word_1_762' title='bbox 1507 4834 1707 4889; x_wconf 91' lang='lat' dir='ltr'><strong>domno</strong></span> <span class='ocrx_word' id='word_1_763' title='bbox 1748 4829 1930 4886; x_wconf 89' lang='lat' dir='ltr'><strong>Leone</strong></span> 
     </span>
    </p>
   </div>
   <div class='ocr_carea' id='block_1_94' title="bbox 340 4932 1932 5001">
    <p class='ocr_par' dir='ltr' id='par_1_94' title="bbox 340 4932 1932 5001">
     <span class='ocr_line' id='line_1_100' title="bbox 340 4932 1932 5001; baseline -0.016 0"><span class='ocrx_word' id='word_1_764' title='bbox 340 4943 635 5001; x_wconf 82' lang='lat' dir='ltr'><strong>excousule</strong></span> <span class='ocrx_word' id='word_1_765' title='bbox 673 4940 951 5001; x_wconf 83' lang='lat' dir='ltr'><strong>veniente,</strong></span> <span class='ocrx_word' id='word_1_766' title='bbox 981 4951 1078 4990; x_wconf 91' lang='lat' dir='ltr'><strong>vos</strong></span> <span class='ocrx_word' id='word_1_767' title='bbox 1102 4935 1152 4987; x_wconf 89' lang='lat' dir='ltr'><strong>in</strong></span> <span class='ocrx_word' id='word_1_768' title='bbox 1185 4932 1363 4987; x_wconf 86' lang='lat' dir='ltr'><strong>Sicilia</strong></span> <span class='ocrx_word' id='word_1_769' title='bbox 1392 4941 1672 4983; x_wconf 88' lang='lat' dir='ltr'><strong>remanere</strong></span> <span class='ocrx_word' id='word_1_770' title='bbox 1703 4941 1810 4979; x_wconf 88' lang='lat' dir='ltr'><strong>non</strong></span> <span class='ocrx_word' id='word_1_771' title='bbox 1839 4938 1932 4977; x_wconf 88' lang='lat' dir='ltr'><strong>su-</strong></span> 
     </span>
    </p>
   </div>
   <div class='ocr_carea' id='block_1_95' title="bbox 342 5017 1935 5111">
    <p class='ocr_par' dir='ltr' id='par_1_95' title="bbox 342 5017 1935 5111">
     <span class='ocr_line' id='line_1_101' title="bbox 342 5017 1935 5111; baseline -0.018 -15"><span class='ocrx_word' id='word_1_772' title='bbox 342 5040 559 5111; x_wconf 77' lang='lat' dir='ltr'><strong>Spicor;</strong></span> <span class='ocrx_word' id='word_1_773' title='bbox 591 5044 644 5090; x_wconf 89' lang='lat' dir='ltr'><strong>et</strong></span> <span class='ocrx_word' id='word_1_774' title='bbox 691 5049 811 5089; x_wconf 90' lang='lat' dir='ltr'><strong>eum</strong></span> <span class='ocrx_word' id='word_1_775' title='bbox 864 5032 977 5100; x_wconf 88' lang='lat' dir='ltr'><strong>ipse</strong></span> <span class='ocrx_word' id='word_1_776' title='bbox 1023 5040 1236 5096; x_wconf 87' lang='lat' dir='ltr'><strong>quoque</strong></span> <span class='ocrx_word' id='word_1_777' title='bbox 1282 5034 1373 5079; x_wconf 89' lang='lat' dir='ltr'><strong>tuo</strong></span> <span class='ocrx_word' id='word_1_778' title='bbox 1426 5022 1630 5075; x_wconf 82' lang='lat' dir='ltr'><strong>honore</strong></span> <span class='ocrx_word' id='word_1_779' title='bbox 1678 5017 1935 5083; x_wconf 89' lang='lat' dir='ltr'><strong>religatus</strong></span> 
     </span>
    </p>
   </div>
   <div class='ocr_carea' id='block_1_96' title="bbox 345 5103 1937 5193">
    <p class='ocr_par' dir='ltr' id='par_1_96' title="bbox 345 5103 1937 5193">
     <span class='ocr_line' id='line_1_102' title="bbox 345 5103 1937 5193; baseline -0.019 -6"><span class='ocrx_word' id='word_1_780' title='bbox 345 5131 534 5186; x_wconf 61' lang='lat' dir='ltr'><strong>Romae</strong></span> <span class='ocrx_word' id='word_1_781' title='bbox 555 5126 770 5182; x_wconf 85' lang='lat' dir='ltr'><strong>retineri</strong></span> <span class='ocrx_word' id='word_1_782' title='bbox 805 5120 1032 5193; x_wconf 74' lang='lat' dir='ltr'><strong>cmperis</strong></span> <span class='ocrx_word' id='word_1_783' title='bbox 1053 5158 1066 5182; x_wconf 91' lang='lat'><strong>,</strong></span> <span class='ocrx_word' id='word_1_784' title='bbox 1114 5115 1241 5185; x_wconf 90' lang='lat' dir='ltr'><strong>quid</strong></span> <span class='ocrx_word' id='word_1_785' title='bbox 1280 5112 1558 5176; x_wconf 76' lang='lat' dir='ltr'><strong>maeroris,</strong></span> <span class='ocrx_word' id='word_1_786' title='bbox 1590 5107 1716 5179; x_wconf 89' lang='lat' dir='ltr'><strong>quid</strong></span> <span class='ocrx_word' id='word_1_787' title='bbox 1742 5103 1937 5161; x_wconf 87' lang='lat' dir='ltr'><strong>amari-</strong></span> 
     </span>
    </p>
   </div>
   <div class='ocr_carea' id='block_1_97' title="bbox 352 5198 1939 5291">
    <p class='ocr_par' dir='ltr' id='par_1_97' title="bbox 352 5198 1939 5291">
     <span class='ocr_line' id='line_1_103' title="bbox 352 5198 1939 5291; baseline -0.018 -12"><span class='ocrx_word' id='word_1_788' title='bbox 352 5224 552 5280; x_wconf 90' lang='lat' dir='ltr'><strong>tudinis</strong></span> <span class='ocrx_word' id='word_1_789' title='bbox 579 5237 679 5291; x_wconf 85' lang='lat' dir='ltr'><strong>ego</strong></span> <span class='ocrx_word' id='word_1_790' title='bbox 704 5218 908 5291; x_wconf 87' lang='lat' dir='ltr'><strong>patiar,</strong></span> <span class='ocrx_word' id='word_1_791' title='bbox 959 5223 1239 5283; x_wconf 86' lang='lat' dir='ltr'><strong>agnosces.</strong></span> <span class='ocrx_word' id='word_1_792' title='bbox 1288 5205 1551 5259; x_wconf 81' lang='lat' dir='ltr'><strong>Veniente</strong></span> <span class='ocrx_word' id='word_1_793' title='bbox 1595 5208 1772 5255; x_wconf 91' lang='lat' dir='ltr'><strong>autem</strong></span> <span class='ocrx_word' id='word_1_794' title='bbox 1820 5198 1939 5252; x_wconf 92' lang='lat' dir='ltr'><strong>viro</strong></span> 
     </span>
    </p>
   </div>
   <div class='ocr_carea' id='block_1_98' title="bbox 352 5295 1940 5389">
    <p class='ocr_par' dir='ltr' id='par_1_98' title="bbox 352 5295 1940 5389">
     <span class='ocr_line' id='line_1_104' title="bbox 352 5295 1940 5389; baseline -0.019 -14"><span class='ocrx_word' id='word_1_795' title='bbox 352 5318 638 5389; x_wconf 87' lang='lat' dir='ltr'><strong>magnifico</strong></span> <span class='ocrx_word' id='word_1_796' title='bbox 667 5316 864 5371; x_wconf 91' lang='lat' dir='ltr'><strong>domno</strong></span> <span class='ocrx_word' id='word_1_797' title='bbox 906 5304 1206 5364; x_wconf 87' lang='lat' dir='ltr'><strong>Maurcntio</strong></span> <span class='ocrx_word' id='word_1_798' title='bbox 1232 5298 1589 5360; x_wconf 87' lang='lat' dir='ltr'><strong>Chartulario,</strong></span> <span class='ocrx_word' id='word_1_799' title='bbox 1638 5295 1708 5361; x_wconf 90' lang='lat' dir='ltr'><strong>ei,</strong></span> <span class='ocrx_word' id='word_1_800' title='bbox 1738 5306 1940 5363; x_wconf 61' lang='lat' dir='ltr'><strong>quabso,</strong></span> 
     </span>
    </p>
   </div>
   <div class='ocr_carea' id='block_1_99' title="bbox 431 5427 1946 5515">
    <p class='ocr_par' dir='ltr' id='par_1_99' title="bbox 431 5427 1946 5515">
     <span class='ocr_line' id='line_1_105' title="bbox 431 5427 1946 5515; baseline -0.021 -5"><span class='ocrx_word' id='word_1_801' title='bbox 431 5466 457 5494; x_wconf 76' lang='grc' dir='ltr'>ιι</span> <span class='ocrx_word' id='word_1_802' title='bbox 480 5456 539 5509; x_wconf 83' lang='grc' dir='ltr'><strong>1η</strong></span> <span class='ocrx_word' id='word_1_803' title='bbox 557 5453 679 5507; x_wconf 85' lang='lat' dir='ltr'><strong>Mss.</strong></span> <span class='ocrx_word' id='word_1_804' title='bbox 698 5451 853 5515; x_wconf 59' lang='lat' dir='ltr'><strong>Reg,</strong></span> <span class='ocrx_word' id='word_1_805' title='bbox 872 5433 1545 5507; x_wconf 87' lang='lat' dir='ltr'><strong>Norm.,scilicetGemet.,</strong></span> <span class='ocrx_word' id='word_1_806' title='bbox 1562 5428 1722 5493; x_wconf 89' lang='lat' dir='ltr'><strong>Utic.,</strong></span> <span class='ocrx_word' id='word_1_807' title='bbox 1744 5427 1946 5495; x_wconf 87' lang='lat' dir='ltr'><strong>Bigot.,</strong></span> 
     </span>
    </p>
   </div>
   <div class='ocr_carea' id='block_1_100' title="bbox 360 5523 851 5584">
    <p class='ocr_par' dir='ltr' id='par_1_100' title="bbox 360 5523 851 5584">
     <span class='ocr_line' id='line_1_106' title="bbox 360 5523 851 5584; baseline -0.018 -2"><span class='ocrx_word' id='word_1_808' title='bbox 360 5526 641 5584; x_wconf 76' lang='lat' dir='ltr'><strong>communis</strong></span> <span class='ocrx_word' id='word_1_809' title='bbox 666 5523 851 5578; x_wconf 65' lang='lat' dir='ltr'><strong>artatis.</strong></span> 
     </span>
    </p>
   </div>
   <div class='ocr_carea' id='block_1_101' title="bbox 435 5566 1947 5658">
    <p class='ocr_par' dir='ltr' id='par_1_101' title="bbox 435 5566 1947 5658">
     <span class='ocr_line' id='line_1_107' title="bbox 435 5566 1947 5658; baseline -0.022 -6"><span class='ocrx_word' id='word_1_810' title='bbox 925 5583 1203 5658; x_wconf 76' lang='lat' dir='ltr'><strong>ferebatur.</strong></span> <span class='ocrx_word' id='word_1_811' title='bbox 1235 5576 1412 5642; x_wconf 88' lang='lat' dir='ltr'><strong>Colb.,</strong></span> <span class='ocrx_word' id='word_1_812' title='bbox 1460 5570 1784 5645; x_wconf 84' lang='lat' dir='ltr'><strong>querebatur.</strong></span> <span class='ocrx_word' id='word_1_813' title='bbox 1825 5566 1947 5632; x_wconf 87' lang='lat' dir='ltr'><strong>Alii,</strong></span> 
     </span>
    </p>
   </div>
   <div class='ocr_carea' id='block_1_102' title="bbox 363 5668 1951 5804">
    <p class='ocr_par' dir='ltr' id='par_1_102' title="bbox 363 5668 1951 5804">
     <span class='ocr_line' id='line_1_108' title="bbox 363 5668 1951 5804; baseline 0.021 -78"><span class='ocrx_word' id='word_1_814' title='bbox 363 5668 665 5804; x_wconf 57' lang='lat' dir='ltr'><strong>mdfbi&#39;iiiiiis</strong></span> <span class='ocrx_word' id='word_1_815' title='bbox 704 5732 885 5804; x_wconf 85' lang='lat' dir='ltr'><strong>indicii</strong></span> <span class='ocrx_word' id='word_1_816' title='bbox 929 5724 1257 5804; x_wconf 64' lang='lat' dir='ltr'><strong>meptiqnem</strong></span> <span class='ocrx_word' id='word_1_817' title='bbox 1285 5719 1436 5804; x_wconf 39' lang='lat' dir='ltr'><strong>.facilt</strong></span> <span class='ocrx_word' id='word_1_818' title='bbox 1481 5716 1728 5804; x_wconf 46' lang='grc' dir='ltr'><strong>(ἔνθεον-ζ,</strong></span> <span class='ocrx_word' id='word_1_819' title='bbox 1774 5709 1868 5764; x_wconf 88' lang='lat' dir='ltr'><strong>lib.</strong></span> <span class='ocrx_word' id='word_1_820' title='bbox 1912 5723 1951 5773; x_wconf 80' lang='grc' dir='ltr'><strong>ι,</strong></span> 
     </span>
    </p>
   </div>
   <div class='ocr_carea' id='block_1_103' title="bbox 368 5786 1729 5883">
    <p class='ocr_par' dir='ltr' id='par_1_103' title="bbox 368 5786 1729 5883">
     <span class='ocr_line' id='line_1_109' title="bbox 368 5786 1729 5883; baseline -0.023 -16"><span class='ocrx_word' id='word_1_821' title='bbox 368 5786 808 5883; x_wconf 45' lang='grc' dir='ltr'><strong>θνίβιζξά-θῑλιι</strong></span> <span class='ocrx_word' id='word_1_822' title='bbox 837 5798 1089 5883; x_wconf 36' lang='lat' dir='ltr'><strong>li_b..oli‘m‘</strong></span> <span class='ocrx_word' id='word_1_823' title='bbox 1114 5795 1182 5883; x_wconf 42' lang='grc' dir='ltr'><strong>ϐε.</strong></span> <span class='ocrx_word' id='word_1_824' title='bbox 1213 5792 1371 5883; x_wconf 71' lang='lat' dir='ltr'><strong>epist.</strong></span> <span class='ocrx_word' id='word_1_825' title='bbox 1404 5788 1455 5855; x_wconf 67' lang='grc'><strong>4,</strong></span> <span class='ocrx_word' id='word_1_826' title='bbox 1507 5800 1650 5868; x_wconf 77' lang='lat' dir='ltr'><strong>riuiic</strong></span> 
     </span>
    </p>
   </div>
   <div class='ocr_carea' id='block_1_104' title="bbox 440 5848 1955 5949">
    <p class='ocr_par' dir='ltr' id='par_1_104' title="bbox 440 5848 1955 5949">
     <span class='ocr_line' id='line_1_110' title="bbox 440 5848 1955 5949; baseline -0.022 -14"><span class='ocrx_word' id='word_1_827' title='bbox 440 5848 927 5949; x_wconf 41' lang='lat' dir='ltr'><strong>ia&#39;sjﬁé’oi&#39;aiiiaijﬁi&#39;</strong></span> <span class='ocrx_word' id='word_1_828' title='bbox 944 5848 1215 5925; x_wconf 41' lang='lat' dir='ltr'><strong>iit—tabulis</strong></span> <span class='ocrx_word' id='word_1_829' title='bbox 1237 5848 1430 5920; x_wconf 79' lang='lat' dir='ltr'><strong>éccles.</strong></span> <span class='ocrx_word' id='word_1_830' title='bbox 1443 5848 1765 5929; x_wconf 42' lang='lat' dir='ltr'><strong>&#39;assignatur</strong></span> <span class='ocrx_word' id='word_1_831' title='bbox 1796 5848 1955 5905; x_wconf 89' lang='lat' dir='ltr'><strong>tertio</strong></span> 
     </span>
    </p>
   </div>
   <div class='ocr_carea' id='block_1_105' title="bbox 372 5946 927 6019">
    <p class='ocr_par' dir='ltr' id='par_1_105' title="bbox 372 5946 927 6019">
     <span class='ocr_line' id='line_1_111' title="bbox 372 5946 927 6019; baseline -0.027 -6"><span class='ocrx_word' id='word_1_832' title='bbox 372 5946 552 6014; x_wconf 80' lang='lat' dir='ltr'><strong>nonas</strong></span> <span class='ocrx_word' id='word_1_833' title='bbox 578 5946 927 6019; x_wconf 77' lang='lat' dir='ltr'><strong>Septembris.</strong></span> 
     </span>
    </p>
   </div>
   <div class='ocr_carea' id='block_1_106' title="bbox 2037 4689 3630 4800">
    <p class='ocr_par' dir='ltr' id='par_1_106' title="bbox 2037 4689 3630 4800">
     <span class='ocr_line' id='line_1_112' title="bbox 2037 4689 3630 4800; baseline -0.028 -16"><span class='ocrx_word' id='word_1_834' title='bbox 2037 4729 2149 4800; x_wconf 70' lang='grc'><strong>14).</strong></span> <span class='ocrx_word' id='word_1_835' title='bbox 2173 4689 2354 4797; x_wconf 14' lang='lat' dir='ltr'><strong>vSiiper</strong></span> <span class='ocrx_word' id='word_1_836' title='bbox 2377 4689 2683 4776; x_wconf 83' lang='lat' dir='ltr'><strong>altitudines</strong></span> <span class='ocrx_word' id='word_1_837' title='bbox 2708 4710 2909 4765; x_wconf 90' lang='lat' dir='ltr'><strong>etenim</strong></span> <span class='ocrx_word' id='word_1_838' title='bbox 2932 4712 3090 4757; x_wconf 86' lang='lat' dir='ltr'><strong>terrae</strong></span> <span class='ocrx_word' id='word_1_839' title='bbox 3111 4694 3425 4757; x_wconf 88' lang='lat' dir='ltr'><strong>sustollitur,</strong></span> <span class='ocrx_word' id='word_1_840' title='bbox 3450 4689 3543 4759; x_wconf 93' lang='lat' dir='ltr'><strong>qui</strong></span> <span class='ocrx_word' id='word_1_841' title='bbox 3573 4695 3630 4743; x_wconf 87' lang='lat' dir='ltr'><strong>et</strong></span> 
     </span>
    </p>
   </div>
   <div class='ocr_carea' id='block_1_107' title="bbox 2038 4778 3632 4891">
    <p class='ocr_par' dir='ltr' id='par_1_107' title="bbox 2038 4778 3632 4891">
     <span class='ocr_line' id='line_1_113' title="bbox 2038 4778 3632 4891; baseline -0.028 -14"><span class='ocrx_word' id='word_1_842' title='bbox 2038 4778 2155 4891; x_wconf 69' lang='lat' dir='ltr'><strong>ipsa</strong></span> <span class='ocrx_word' id='word_1_843' title='bbox 2183 4778 2303 4887; x_wconf 60' lang='lat' dir='ltr'><strong>qua:</strong></span> <span class='ocrx_word' id='word_1_844' title='bbox 2329 4814 2437 4868; x_wconf 89' lang='lat' dir='ltr'><strong>alta</strong></span> <span class='ocrx_word' id='word_1_845' title='bbox 2460 4818 2516 4865; x_wconf 90' lang='lat' dir='ltr'><strong>et</strong></span> <span class='ocrx_word' id='word_1_846' title='bbox 2543 4805 2777 4877; x_wconf 86' lang='lat' dir='ltr'><strong>gloriosa</strong></span> <span class='ocrx_word' id='word_1_847' title='bbox 2824 4791 3104 4868; x_wconf 61' lang='lat' dir='ltr'><strong>praesentis</strong></span> <span class='ocrx_word' id='word_1_848' title='bbox 3132 4787 3382 4842; x_wconf 89' lang='lat' dir='ltr'><strong>videntur</strong></span> <span class='ocrx_word' id='word_1_849' title='bbox 3426 4778 3632 4843; x_wconf 65' lang='lat' dir='ltr'><strong>saeculi,</strong></span> 
     </span>
    </p>
   </div>
   <div class='ocr_carea' id='block_1_108' title="bbox 2040 4882 3635 4983">
    <p class='ocr_par' dir='ltr' id='par_1_108' title="bbox 2040 4882 3635 4983">
     <span class='ocr_line' id='line_1_114' title="bbox 2040 4882 3635 4983; baseline -0.027 -13"><span class='ocrx_word' id='word_1_850' title='bbox 2040 4882 2139 4983; x_wconf 75' lang='lat' dir='ltr'><strong>per</strong></span> <span class='ocrx_word' id='word_1_851' title='bbox 2167 4882 2365 4964; x_wconf 81' lang='lat' dir='ltr'><strong>mentis</strong></span> <span class='ocrx_word' id='word_1_852' title='bbox 2404 4903 2716 4969; x_wconf 88' lang='lat' dir='ltr'><strong>despectum</strong></span> <span class='ocrx_word' id='word_1_853' title='bbox 2743 4889 2934 4945; x_wconf 90' lang='lat' dir='ltr'><strong>calcat.</strong></span> <span class='ocrx_word' id='word_1_854' title='bbox 2966 4882 3073 4940; x_wconf 84' lang='lat' dir='ltr'><strong>Sed</strong></span> <span class='ocrx_word' id='word_1_855' title='bbox 3118 4884 3345 4950; x_wconf 86' lang='lat' dir='ltr'><strong>repente</strong></span> <span class='ocrx_word' id='word_1_856' title='bbox 3388 4890 3418 4929; x_wconf 91' lang='lat' dir='ltr'><strong>a</strong></span> <span class='ocrx_word' id='word_1_857' title='bbox 3453 4887 3635 4928; x_wconf 91' lang='lat' dir='ltr'><strong>rerum</strong></span> 
     </span>
    </p>
   </div>
   <div class='ocr_carea' id='block_1_109' title="bbox 2044 4968 3635 5060">
    <p class='ocr_par' dir='ltr' id='par_1_109' title="bbox 2044 4968 3635 5060">
     <span class='ocr_line' id='line_1_115' title="bbox 2044 4968 3635 5060; baseline -0.028 0"><span class='ocrx_word' id='word_1_858' title='bbox 2044 4968 2244 5060; x_wconf 61' lang='lat' dir='ltr'><strong>vertice</strong></span> <span class='ocrx_word' id='word_1_859' title='bbox 2266 4968 2577 5053; x_wconf 82' lang='lat' dir='ltr'><strong>tentationis</strong></span> <span class='ocrx_word' id='word_1_860' title='bbox 2598 4984 2756 5053; x_wconf 86' lang='lat' dir='ltr'><strong>hujus</strong></span> <span class='ocrx_word' id='word_1_861' title='bbox 2776 4980 2990 5036; x_wconf 89' lang='lat' dir='ltr'><strong>turbine</strong></span> <span class='ocrx_word' id='word_1_862' title='bbox 3011 4974 3290 5045; x_wconf 83' lang='lat' dir='ltr'><strong>impulsus,</strong></span> <span class='ocrx_word' id='word_1_863' title='bbox 3315 4968 3381 5023; x_wconf 90' lang='lat' dir='ltr'><strong>ad</strong></span> <span class='ocrx_word' id='word_1_864' title='bbox 3414 4968 3635 5021; x_wconf 88' lang='lat' dir='ltr'><strong>timores</strong></span> 
     </span>
    </p>
   </div>
   <div class='ocr_carea' id='block_1_110' title="bbox 2044 5058 3636 5168">
    <p class='ocr_par' dir='ltr' id='par_1_110' title="bbox 2044 5058 3636 5168">
     <span class='ocr_line' id='line_1_116' title="bbox 2044 5058 3636 5168; baseline -0.025 -16"><span class='ocrx_word' id='word_1_865' title='bbox 2044 5104 2377 5168; x_wconf 91' lang='lat' dir='ltr'><strong>pavoresque</strong></span> <span class='ocrx_word' id='word_1_866' title='bbox 2402 5083 2613 5148; x_wconf 88' lang='lat' dir='ltr'><strong>corrui,</strong></span> <span class='ocrx_word' id='word_1_867' title='bbox 2645 5079 2771 5149; x_wconf 91' lang='lat' dir='ltr'><strong>quia</strong></span> <span class='ocrx_word' id='word_1_868' title='bbox 2799 5084 2853 5132; x_wconf 91' lang='lat' dir='ltr'><strong>et</strong></span> <span class='ocrx_word' id='word_1_869' title='bbox 2880 5074 2924 5130; x_wconf 93' lang='lat' dir='ltr'><strong>si</strong></span> <span class='ocrx_word' id='word_1_870' title='bbox 2965 5072 3096 5127; x_wconf 90' lang='lat' dir='ltr'><strong>mihi</strong></span> <span class='ocrx_word' id='word_1_871' title='bbox 3126 5067 3257 5124; x_wconf 92' lang='lat' dir='ltr'><strong>nihil</strong></span> <span class='ocrx_word' id='word_1_872' title='bbox 3306 5066 3504 5131; x_wconf 89' lang='lat' dir='ltr'><strong>timeo,</strong></span> <span class='ocrx_word' id='word_1_873' title='bbox 3558 5058 3636 5114; x_wconf 83' lang='lat' dir='ltr'><strong>eis</strong></span> 
     </span>
    </p>
   </div>
   <div class='ocr_carea' id='block_1_111' title="bbox 2049 5150 3637 5253">
    <p class='ocr_par' dir='ltr' id='par_1_111' title="bbox 2049 5150 3637 5253">
     <span class='ocr_line' id='line_1_117' title="bbox 2049 5150 3637 5253; baseline -0.025 -9"><span class='ocrx_word' id='word_1_874' title='bbox 2049 5198 2230 5243; x_wconf 90' lang='lat' dir='ltr'><strong>tamen</strong></span> <span class='ocrx_word' id='word_1_875' title='bbox 2259 5182 2347 5253; x_wconf 90' lang='lat' dir='ltr'><strong>qui</strong></span> <span class='ocrx_word' id='word_1_876' title='bbox 2376 5178 2508 5234; x_wconf 89' lang='lat' dir='ltr'><strong>mihi</strong></span> <span class='ocrx_word' id='word_1_877' title='bbox 2537 5169 2806 5232; x_wconf 90' lang='lat' dir='ltr'><strong>commissi</strong></span> <span class='ocrx_word' id='word_1_878' title='bbox 2836 5174 2961 5224; x_wconf 91' lang='lat' dir='ltr'><strong>sunt</strong></span> <span class='ocrx_word' id='word_1_879' title='bbox 2980 5163 3207 5219; x_wconf 90' lang='lat' dir='ltr'><strong>multum</strong></span> <span class='ocrx_word' id='word_1_880' title='bbox 3238 5156 3492 5214; x_wconf 90' lang='lat' dir='ltr'><strong>formido.</strong></span> <span class='ocrx_word' id='word_1_881' title='bbox 3519 5150 3637 5206; x_wconf 88' lang='lat' dir='ltr'><strong>Un-</strong></span> 
     </span>
    </p>
   </div>
   <div class='ocr_carea' id='block_1_112' title="bbox 2053 5247 3638 5349">
    <p class='ocr_par' dir='ltr' id='par_1_112' title="bbox 2053 5247 3638 5349">
     <span class='ocr_line' id='line_1_118' title="bbox 2053 5247 3638 5349; baseline -0.024 -13"><span class='ocrx_word' id='word_1_882' title='bbox 2053 5281 2214 5349; x_wconf 90' lang='lat' dir='ltr'><strong>dique</strong></span> <span class='ocrx_word' id='word_1_883' title='bbox 2235 5247 2518 5332; x_wconf 75' lang='lat' dir='ltr'><strong>causarum</strong></span> <span class='ocrx_word' id='word_1_884' title='bbox 2568 5266 2815 5322; x_wconf 88' lang='lat' dir='ltr'><strong>fluctibus</strong></span> <span class='ocrx_word' id='word_1_885' title='bbox 2842 5260 3086 5330; x_wconf 91' lang='lat' dir='ltr'><strong>quatior,</strong></span> <span class='ocrx_word' id='word_1_886' title='bbox 3135 5270 3199 5311; x_wconf 90' lang='lat' dir='ltr'><strong>ac</strong></span> <span class='ocrx_word' id='word_1_887' title='bbox 3228 5247 3638 5320; x_wconf 86' lang='lat' dir='ltr'><strong>tempestatibus</strong></span> 
     </span>
    </p>
   </div>
   <div class='ocr_carea' id='block_1_113' title="bbox 2133 5377 3641 5472">
    <p class='ocr_par' dir='ltr' id='par_1_113' title="bbox 2133 5377 3641 5472">
     <span class='ocr_line' id='line_1_119' title="bbox 2133 5377 3641 5472; baseline 0.001 -2"><span class='ocrx_word' id='word_1_888' title='bbox 2133 5422 2154 5449; x_wconf 70' lang='grc' dir='ltr'><em>ο</em></span> <span class='ocrx_word' id='word_1_889' title='bbox 2188 5410 2323 5466; x_wconf 82' lang='lat' dir='ltr'><strong>Utic.</strong></span> <span class='ocrx_word' id='word_1_890' title='bbox 2352 5418 2408 5464; x_wconf 70' lang='lat' dir='ltr'><strong>et</strong></span> <span class='ocrx_word' id='word_1_891' title='bbox 2434 5404 2612 5467; x_wconf 56' lang='lat' dir='ltr'><strong>Coll».</strong></span> <span class='ocrx_word' id='word_1_892' title='bbox 2642 5398 2906 5472; x_wconf 55' lang='lat' dir='ltr'><strong>perﬁdis.</strong></span> <span class='ocrx_word' id='word_1_893' title='bbox 2931 5408 3092 5472; x_wconf 61' lang='lat' dir='ltr'><strong>quem</strong></span> <span class='ocrx_word' id='word_1_894' title='bbox 3121 5389 3407 5472; x_wconf 52' lang='lat' dir='ltr'><strong>lectites!“</strong></span> <span class='ocrx_word' id='word_1_895' title='bbox 3427 5377 3641 5472; x_wconf 59' lang='grc' dir='ltr'><strong>,ἕθίέἚέ</strong></span> 
     </span>
    </p>
   </div>
   <div class='ocr_carea' id='block_1_114' title="bbox 2061 5450 3633 5574">
    <p class='ocr_par' dir='ltr' id='par_1_114' title="bbox 2061 5450 3633 5574">
     <span class='ocr_line' id='line_1_120' title="bbox 2061 5450 3633 5574; baseline -0.025 -34"><span class='ocrx_word' id='word_1_896' title='bbox 2061 5492 2149 5539; x_wconf 90' lang='lat' dir='ltr'><strong>tur</strong></span> <span class='ocrx_word' id='word_1_897' title='bbox 2175 5482 2437 5537; x_wconf 85' lang='lat' dir='ltr'><strong>Gussanv.</strong></span> <span class='ocrx_word' id='word_1_898' title='bbox 2463 5477 2519 5530; x_wconf 91' lang='lat' dir='ltr'><strong>ln</strong></span> <span class='ocrx_word' id='word_1_899' title='bbox 2543 5450 2755 5530; x_wconf 41' lang='lat' dir='ltr'><strong>mereris</strong></span> <span class='ocrx_word' id='word_1_900' title='bbox 2785 5450 2963 5521; x_wconf 63' lang='lat' dir='ltr'><strong>tamen</strong></span> <span class='ocrx_word' id='word_1_901' title='bbox 2981 5464 3107 5518; x_wconf 85' lang='lat' dir='ltr'><strong>Mss.</strong></span> <span class='ocrx_word' id='word_1_902' title='bbox 3141 5470 3197 5515; x_wconf 90' lang='lat' dir='ltr'><strong>et</strong></span> <span class='ocrx_word' id='word_1_903' title='bbox 3215 5457 3402 5517; x_wconf 87' lang='lat' dir='ltr'><strong>Editis,</strong></span> <span class='ocrx_word' id='word_1_904' title='bbox 3422 5450 3633 5574; x_wconf 51' lang='lat' dir='ltr'><strong>peragi.</strong></span> 
     </span>
     <span class='ocr_line' id='line_1_121' title="bbox 2136 5518 3633 5574; baseline -0.017 21"><span class='ocrx_word' id='word_1_905' title='bbox 2136 5555 2155 5574; x_wconf 88' lang='grc'><em>⁴’</em></span> <span class='ocrx_word' id='word_1_906' title='bbox 2188 5552 2314 5574; x_wconf 38' lang='lat' dir='ltr'><strong>nr“</strong></span> <span class='ocrx_word' id='word_1_907' title='bbox 2392 5550 2503 5574; x_wconf 65' lang='grc' dir='ltr'><strong>οων</strong></span> <span class='ocrx_word' id='word_1_908' title='bbox 2558 5553 2607 5574; x_wconf 70' lang='grc' dir='ltr'><strong>ιιι</strong></span> <span class='ocrx_word' id='word_1_909' title='bbox 2639 5542 2800 5574; x_wconf 65' lang='lat' dir='ltr'><strong>Nomm</strong></span> <span class='ocrx_word' id='word_1_910' title='bbox 2893 5535 3085 5574; x_wconf 66' lang='lat' dir='ltr'><strong>nnihne</strong></span> <span class='ocrx_word' id='word_1_911' title='bbox 3132 5524 3475 5574; x_wconf 72' lang='lat' dir='ltr'><strong>mnsentiunt</strong></span> <span class='ocrx_word' id='word_1_912' title='bbox 3596 5518 3633 5574; x_wconf 77' lang='grc' dir='ltr'><strong>ι·</strong></span> 
     </span>
    </p>
   </div>
   <div class='ocr_carea' id='block_1_115' title="bbox 2136 5518 3644 5615">
    <p class='ocr_par' dir='ltr' id='par_1_115' title="bbox 2136 5518 3644 5615">
     <span class='ocr_line' id='line_1_122' title="bbox 2136 5518 3644 5615; baseline -0.026 -4"><span class='ocrx_word' id='word_1_913' title='bbox 2544 5518 3085 5615; x_wconf 37' lang='grc' dir='ltr'><strong>ἶνί-ᾗΗιῙη-ίίῖᾲυἰὺιιδ</strong></span> <span class='ocrx_word' id='word_1_914' title='bbox 3132 5518 3475 5586; x_wconf 79' lang='lat' dir='ltr'><strong>consentiunt</strong></span> <span class='ocrx_word' id='word_1_915' title='bbox 3514 5518 3644 5575; x_wconf 82' lang='lat' dir='ltr'><strong>Bol-</strong></span> 
     </span>
    </p>
   </div>
   <div class='ocr_carea' id='block_1_116' title="bbox 2056 5610 2971 5681">
    <p class='ocr_par' dir='ltr' id='par_1_116' title="bbox 2056 5610 2971 5681">
     <span class='ocr_line' id='line_1_123' title="bbox 2056 5610 2971 5681; baseline -0.024 1"><span class='ocrx_word' id='word_1_916' title='bbox 2056 5627 2203 5681; x_wconf 90' lang='lat' dir='ltr'><strong>land.</strong></span> <span class='ocrx_word' id='word_1_917' title='bbox 2234 5634 2288 5678; x_wconf 91' lang='lat' dir='ltr'><strong>et</strong></span> <span class='ocrx_word' id='word_1_918' title='bbox 2328 5610 2517 5678; x_wconf 39' lang='lat' dir='ltr'><strong>Giloti.</strong></span> <span class='ocrx_word' id='word_1_919' title='bbox 2549 5610 2971 5670; x_wconf 82' lang='lat' dir='ltr'><strong>eminentissimo.</strong></span> 
     </span>
    </p>
   </div>
   <div class='ocr_carea' id='block_1_117' title="bbox 2129 5671 3431 5762">
    <p class='ocr_par' dir='ltr' id='par_1_117' title="bbox 2129 5671 3431 5762">
     <span class='ocr_line' id='line_1_124' title="bbox 2129 5671 3431 5762; baseline -0.021 -16"><span class='ocrx_word' id='word_1_920' title='bbox 2129 5671 2545 5762; x_wconf 53' lang='lat' dir='ltr'><strong>{ariiiegiiiféi</strong></span> <span class='ocrx_word' id='word_1_921' title='bbox 2574 5686 2771 5752; x_wconf 87' lang='lat' dir='ltr'><strong>Bigot.,</strong></span> <span class='ocrx_word' id='word_1_922' title='bbox 2804 5681 2988 5732; x_wconf 81' lang='lat' dir='ltr'><strong>altera.</strong></span> <span class='ocrx_word' id='word_1_923' title='bbox 3014 5675 3145 5741; x_wconf 84' lang='lat' dir='ltr'><strong>Reg.</strong></span> <span class='ocrx_word' id='word_1_924' title='bbox 3167 5709 3181 5736; x_wconf 93' lang='lat'><strong>,</strong></span> <span class='ocrx_word' id='word_1_925' title='bbox 3207 5671 3431 5723; x_wconf 78' lang='lat' dir='ltr'><strong>interna.</strong></span> 
     </span>
    </p>
   </div>
   <div class='ocr_carea' id='block_1_118' title="bbox 2136 5765 2690 5831">
    <p class='ocr_par' dir='ltr' id='par_1_118' title="bbox 2136 5765 2690 5831">
     <span class='ocr_line' id='line_1_125' title="bbox 2136 5765 2690 5831; baseline -0.023 -9"><span class='ocrx_word' id='word_1_926' title='bbox 2136 5768 2160 5805; x_wconf 75' lang='lat' dir='ltr'><strong>h</strong></span> <span class='ocrx_word' id='word_1_927' title='bbox 2194 5765 2355 5829; x_wconf 87' lang='lat' dir='ltr'><strong>Utic.,</strong></span> <span class='ocrx_word' id='word_1_928' title='bbox 2399 5775 2690 5831; x_wconf 61' lang='lat' dir='ltr'><strong>corporum.</strong></span> 
     </span>
    </p>
   </div>
   <div class='ocr_carea' id='block_1_119' title="bbox 2146 5804 3647 5902">
    <p class='ocr_par' dir='ltr' id='par_1_119' title="bbox 2146 5804 3647 5902">
     <span class='ocr_line' id='line_1_126' title="bbox 2146 5804 3647 5902; baseline -0.025 -9"><span class='ocrx_word' id='word_1_929' title='bbox 2146 5838 2161 5875; x_wconf 79' lang='grc' dir='ltr'><strong>ί</strong></span> <span class='ocrx_word' id='word_1_930' title='bbox 2395 5804 2825 5902; x_wconf 33' lang='lat' dir='ltr'><strong>adﬁci-faciem;</strong></span> <span class='ocrx_word' id='word_1_931' title='bbox 2858 5815 3000 5888; x_wconf 81' lang='lat' dir='ltr'><strong>quod</strong></span> <span class='ocrx_word' id='word_1_932' title='bbox 3029 5814 3188 5870; x_wconf 84' lang='lat' dir='ltr'><strong>etiam</strong></span> <span class='ocrx_word' id='word_1_933' title='bbox 3212 5812 3265 5866; x_wconf 93' lang='lat' dir='ltr'><strong>in</strong></span> <span class='ocrx_word' id='word_1_934' title='bbox 3294 5811 3416 5868; x_wconf 84' lang='lat' dir='ltr'><strong>Mss.</strong></span> <span class='ocrx_word' id='word_1_935' title='bbox 3445 5804 3647 5877; x_wconf 83' lang='lat' dir='ltr'><strong>cpisto-</strong></span> 
     </span>
    </p>
   </div>
   <div class='ocr_carea' id='block_1_120' title="bbox 2066 5907 2471 5977">
    <p class='ocr_par' dir='ltr' id='par_1_120' title="bbox 2066 5907 2471 5977">
     <span class='ocr_line' id='line_1_127' title="bbox 2066 5907 2471 5977; baseline -0.035 -7"><span class='ocrx_word' id='word_1_936' title='bbox 2066 5914 2241 5970; x_wconf 86' lang='lat' dir='ltr'><strong>larum</strong></span> <span class='ocrx_word' id='word_1_937' title='bbox 2261 5907 2471 5977; x_wconf 87' lang='lat' dir='ltr'><strong>legitur.</strong></span> 
     </span>
    </p>
   </div>
  </div>
