4118 6492
544 376 614 435 83

1185 373 1241 430 S.
1278 369 1609 431 (GREGORII
1645 367 1860 429 MAGNI
1903 367 2083 435 VlTA,
2122 365 2327 424 AUCT.
2367 366 2629 425 JOANNE
2672 367 2982 427 DlACONO.
3023 367 3154 424 LIB.
3188 350 3259 423 Ι.’

3768 368 3836 423 84

543 490 846 562 deprimor,
893 490 968 545 ita
1008 494 1066 545 ut
1110 494 1259 545 recte
1285 486 1463 545 dicam
1497 504 1509 540 :
1550 484 1678 540 Veni
1706 485 1760 539 in
1804 483 2131 539 altitudinem
2161 497 2210 555 Α
2237 487 2347 555 ipse
2394 487 2462 540 sit
2510 496 2693 557 potens
2735 454 2876 556 (Jab.
2931 505 3121 554 xxxvi,
3151 486 3227 557 5).
3264 485 3329 540 Et
3358 500 3454 556 per
3487 484 3837 543 Salomonem

544 583 737 652 maris,
774 590 824 637 et
870 588 1138 650 tempestas
1188 580 1428 634 demersit
1483 594 1561 633 me
1592 577 1762 648 (Psal.
1813 592 2007 642 vam,
2050 576 2129 646 '5).

544 672 742 729 Redire
772 681 892 743 post
920 687 1109 728 causas
1133 671 1201 725 ad
1230 686 1325 727 cor
1346 670 1618 735 desndero;
1674 674 1770 724 sed
1796 683 1945 725 vams
1972 670 2037 723 ab
2067 683 2135 724 eo

546 765 933 833 cogitationum
981 763 1294 817 tumultibus
1335 763 1617 828 exclusus,
1662 760 1837 817 redire
1867 778 1973 817 non
2017 777 2138 832 pose

544 872 682 913 sum.
712 856 910 912 Et-boc
938 871 1067 926 ergo
1092 855 1225 911 mihi
1249 855 1409 925 longe
1436 853 1634 911 factum
1672 862 1774 923 est,
1806 854 1949 925 quod
1995 854 2137 908 intra

541 963 633 1005 me
656 956 758 1013 est,
788 948 863 1002 ita
892 957 952 1002 ut
972 948 1193 1003 obedire
1219 960 1486 1018 nequeam
1509 946 1836 1017 propheticus
1864 945 2002 1013 voci,
2030 960 2137 1015 qua

545 1038 739 1094 dicitur
772 1057 784 1093 :
821 1039 1037 1104 Redite,
1063 1040 1520 1109 praevaricatores,
1561 1038 1630 1091 ad
1668 1055 1756 1094 cor
1802 1037 1961 1107 '(Isai.
1990 1054 2132 1106 XLVI,

544 1130 620 1200 8).
649 1131 787 1196 Sed,
818 1132 995 1187 stultis
1040 1147 1260 1202 pressus
1303 1130 1751 1201 cogitationibus,
1798 1129 2137 1185 solummodo

544 1224 848 1278 exclamare
916 1223 1211 1294 compellor
1270 1240 1283 1276 :
1336 1221 1438 1278 Cor
1496 1238 1663 1277 meum
1731 1220 2003 1290 dereliquit
2060 1234 2139 1274 me

545 1316 929 1383 (Psal.xxx1x,
979 1316 1090 1386 15).
1143 1315 1583 1388 Contemplativae
1621 1314 1742 1369 vita:
1785 1311 2140 1383 pulchritudi-

543 1405 725 1461 dinem
755 1406 902 1461 velut
930 1406 1221 1463 Rachelem
1248 1406 1412 1462 dilexi
1442 1406 1709 1471 sterilem,
1741 1403 1837 1459 sed
1865 1402 2137 1459 videntem

544 1514 609 1554 ac
635 1498 942 1569 pulchram;
975 1513 1093 1567 quae
1120 1498 1222 1553 etsi
1250 1514 1347 1567 per
1374 1498 1611 1567 quietem
1648 1510 1802 1550 suam
1842 1495 2020 1549 minus
2040 1507 2137 1562 ge-

541 1598 731 1655 uerat,
762 1591 938 1645 lucem
969 1598 1150 1645 tamen
1180 1589 1427 1645 subtilius
1456 1588 1622 1644 videt.
1650 1586 1758 1642 Sed
1782 1602 1889 1657 quo
1913 1586 2136 1655 judicio,

543 1686 749 1753 nescio,
782 1684 877 1740 Lia
906 1686 1035 1740 mihi
1056 1686 1111 1739 in
1143 1696 1307 1741 nocte
1333 1684 1618 1754 conjuncta
1649 1692 1752 1750 est,
1785 1684 1959 1739 activa
1986 1682 2138 1737 vide-

540 1778 672 1835 licet
700 1779 810 1834 vita
836 1779 1088 1845 fecunda,
1121 1778 1217 1834 sed
1245 1778 1409 1849 lippa,
1438 1778 1614 1833 minus
1643 1776 1850 1842 videns,
1893 1774 2140 1845 quamvis

541 1869 774 1937 amplius
802 1868 1036 1939 pariens.
1072 1866 1272 1923 Sedere
1298 1868 1365 1923 ad
1404 1867 1569 1939 pedes
1594 1866 1806 1922 Domini
1824 1882 1947 1922 cum
1974 1864 2141 1920 Maria

542 1957 821 2021 festinavi,
882 1958 1045 2013 verba
1076 1958 1187 2013 oris
1216 1956 1332 2027 ejus
1376 1958 1688 2028 percipere;
1741 1966 1796 2013 et
1844 1970 1972 2013 ecce
2019 1971 2141 2011 cum

540 2044 751 2100 Martha
775 2045 1073 2116 compellor
1097 2046 1151 2099 in
1184 2045 1546 2101 exterioribus
1593 2046 1928 2111 ministrare,
1979 2054 2143 2114 atque

542 2149 670 2204 erga
695 2135 864 2189 multa
892 2144 1164 2204 satagere.
1195 2133 1431 2206 Expulsa
1458 2150 1489 2191 a
1539 2150 1658 2203 me,
1691 2144 1749 2190 nt
1778 2136 2011 2204 credidi,
2060 2136 2143 2192 le-

538 2226 701 2293 gione
739 2226 1076 2290 daemonum,
1129 2226 1273 2282 volui
1323 2226 1570 2283 oblivisci
1620 2241 1757 2297 quos
1802 2225 1957 2293 novi,
1991 2234 2045 2281 et
2076 2226 2143 2285 ad

540 2315 837 2373 Salvatoris
861 2316 1020 2386 pedes
1042 2317 1353 2387 quiescere;
1378 2324 1433 2373 et
1453 2332 1579 2373 ecce
1603 2316 1733 2371 mihi
1754 2315 1963 2393 nolenti
1983 2324 2146 2385 atque

542 2411 820 2479 compulso
846 2411 1041 2465 dicitur
1073 2429 1084 2463 :
1120 2408 1394 2465 Revertere
1418 2413 1472 2466 in
1519 2411 1628 2483 40
1653 2412 1861 2466 domum
1893 2421 2061 2475 tuam,
2096 2418 2146 2464 et

542 2504 798 2557 annuntia
826 2512 1022 2573 quanta
1064 2502 1155 2557 tibi
1199 2504 1377 2573 fecerit
1426 2501 1684 2557 Dominus
1729 2502 1921 2573 (Marc.
1946 2499 2144 2571 v,19).

542 2593 647 2650 Sed
679 2596 800 2664 quis
829 2595 969 2650 inter
995 2603 1075 2651 tot
1101 2604 1345 2651 terrenas
1371 2612 1529 2651 curas
1559 2596 1737 2651 valeat
1762 2596 1857 2650 Dei
1885 2596 2146 2651 miracula

540 2686 861 2759 prmdicare,
892 2702 1013 2743 cum
1058 2687 1170 2756 jam
1214 2687 1344 2741 mihi
1376 2686 1597 2743 diflicile
1636 2689 1707 2742 sit
1758 2688 2148 2743 saltem‘reco-

546 2775 700 2831 lere?
732 2774 954 2832 Pressus
1001 2792 1233 2846 namque
1265 2786 1289 2813 η
1320 2778 1374 2832 in
1404 2777 1511 2832 hoc
1540 2778 1750 2833 honore
1780 2777 2012 2853 tumultu
2043 2792 2145 2831 sce—

543 2866 807 2921 cularium
838 2865 1200 2937 negotiorum,
1234 2881 1301 2921 ex
1332 2866 1411 2922 eis
1455 2881 1542 2924 me
1572 2881 1693 2921 esse
1724 2866 1878 2921 video
1907 2864 1975 2921 de
2024 2866 2146 2935 qui-

542 2956 643 3016 bus
690 2957 945 3030 scriptum
989 2965 1118 3014 est:
1171 2956 1421 3029 Dejecisti
1470 2975 1590 3027 eos,
1636 2958 1759 3013 dum
1799 2959 2150 3013 allevarentur

545 3048 717 3116 (Psal.
768 3062 945 3118 Lxxu,
1000 3034 1113 3117 18).
1157 3048 1343 3120 Neque
1373 3050 1517 3104 enim
1542 3049 1678 3105 dixit
1710 3067 1723 3102 :
1759 3048 2002 3117 deiecisti
2053 3065 2149 3105 eos

540 3152 826 3217 postquam
856 3145 1071 3201 allevati
1101 3153 1258 3210 sunt,
1289 3144 1386 3200 sed
1422 3144 1547 3198 dum
1595 3143 1989 3209 allevarentur,
2022 3142 2147 3211 quia

542 3238 696 3310 pravi
725 3238 927 3307 quique
956 3237 1117 3305 dum,
1149 3236 1175 3275 δ
1204 3237 1491 3306 temporali
1522 3237 1732 3292 honore
1762 3235 1984 3299 suﬂnlti,
2015 3235 2147 3290 foris

542 3330 795 3385 videntur
820 3342 1065 3397 surgere,
1100 3329 1243 3383 intus
1272 3327 1489 3383 cadunt.
1548 3327 1816 3382 Allevatio
1866 3342 1995 3396 ergo
2028 3326 2145 3396 ipsa

542 3423 697 3476 ruina
724 3429 825 3485 est,
859 3421 986 3489 quia
1007 3420 1133 3475 dum
1158 3419 1329 3487 gloria
1362 3417 1493 3473 falsa
1521 3419 1735 3474 subnixi
1767 3428 1924 3483 sunt,
1954 3433 1982 3471 a
2013 3433 2144 3473 vera

541 3513 713 3580 gloria
763 3519 1079 3565 vacuantur.
1134 3509 1269 3564 Hinc
1316 3509 1509 3563 iterum
1553 3510 1751 3563 dicitur
1786 3528 1797 3562 :
1836 3508 2147 3579 Deﬁcientes

542 3614 601 3660 ut
629 3607 798 3676 fumus
820 3604 1063 3675 deﬁcient
1105 3601 1279 3675 (Psal.
1314 3618 1503 3667 xxxv],
1553 3602 1666 3666 20).
1715 3601 1918 3656 Fumus
1949 3600 2149 3670 quippe

545 3695 887 3752 ascendendo
926 3695 1125 3762 delicit,
1175 3702 1229 3749 et
1268 3708 1386 3749 sese
1428 3693 1705 3749 dilatando
1730 3693 2024 3749 evanescit.
2058 3693 2148 3747 Sic

542 3787 794 3843 videlicet
823 3786 913 3854 lit,
943 3803 1067 3841 cum
1115 3785 1417 3857 peccatoris
1443 3784 1609 3840 vitam
1651 3800 1887 3855 praesens
1918 3782 2148 3839 felicitas

542 3880 861 3944 comitatur,
907 3878 1030 3949 quia
1080 3877 1223 3932 unde
1273 3876 1577 3933 ostenditur
1625 3884 1683 3930 ut
1704 3876 1844 3931 altus
1872 3876 1974 3941 sit,
2024 3874 2149 3929 inde

540 3975 720 4041 agitur
748 3982 808 4026 ut
834 3988 944 4027 non
973 3972 1061 4026 sit.
1112 3970 1249 4025 Hinc
1288 3986 1501 4025 rursum
1543 3971 1801 4039 scriptum
1843 3976 1958 4031 est,
2006 3965 2147 4022 Deus

542 4082 715 4131 meus,
765 4081 896 4134 pone
926 4065 1041 4119 illos
1069 4074 1123 4117 ut
1162 4073 1329 4117 rotam
1377 4062 1548 4134 (Psal.
1597 4077 1814 4128 Lxxxu,
1847 4060 1961 4129 lt).
2008 4060 2147 4113 [tota

464 4196 471 4211 .
546 4157 745 4226 quippe
774 4170 840 4210 ex
868 4156 1155 4225 posteriori
1187 4162 1344 4225 parte
1373 4152 1657 4216 attollitur,
1684 4160 1738 4205 et
1765 4152 1819 4203 in
1858 4149 2149 4205 anteriori-

543 4246 645 4304 bus
674 4246 833 4300 cadit.
871 4245 1179 4300 Posteriora
1204 4254 1386 4300 autem
1408 4243 1564 4298 nobis
1594 4251 1719 4296 sunt
1742 4241 1884 4295 bona
1913 4255 2153 4311 praesen-

544 4338 619 4392 tis
668 4337 854 4392 mundi
894 4353 1014 4407 qua:
1061 4336 1449 4406 relinquimus;
1501 4334 1775 4389 anteriora
1836 4348 1967 4387 vero
2024 4341 2153 4388 sunt

545 4437 749 4484 aeterna
781 4437 837 4485 et
859 4429 1261 4499 permanentia,
1294 4426 1358 4481 ad
1387 4443 1505 4496 quae
1534 4441 1821 4494 vocamur,
1872 4425 2037 4479 Paulo
2067 4433 2152 4480 at-
2181 4473 2187 4480 .

2241 579 2440 634 dicitur
2464 598 2476 633 :
2497 579 2565 634 Et
2586 581 2883 652 intelligens
2900 581 3253 650 gubernacula
3275 577 3556 650 possidebit
3580 577 3769 649 (Prov.
3794 595 3834 652 ι,

2241 670 2320 743 5).
2353 672 2459 728 Sed
2507 674 2636 729 mihi
2665 675 2774 729 hmc
2816 673 3053 729 difﬁcilia
3082 682 3228 736 sunt,
3264 671 3388 743 quia
3427 679 3483 725 et
3529 670 3684 726 valde
3713 683 3839 727 ono-

2241 780 2397 830 rosa;
2425 772 2480 820 et
2506 765 2651 834 quod
2680 782 2833 821 mens
2865 765 3164 819 voluntarie
3214 779 3321 817 non
3350 763 3572 834 recipit,
3601 776 3841 832 congrue

2243 873 2351 911 non
2379 857 2631 925 disponit.
2666 858 2804 913 Ecce
2834 858 3210 912 serenissimus
3238 856 3497 912 Dominus
3544 855 3843 926 imperator

2243 948 2360 1004 ﬁeri
2407 950 2616 1005 simiam
2646 950 2857 1007 leonem
2898 950 3078 1020 jussit.
3124 949 3192 1003 Et
3217 949 3435 1019 quidem
3473 964 3573 1018 pro
3595 948 3842 1019 iussione

2244 1040 2385 1095 illius
2415 1040 2597 1095 vocari
2629 1040 2715 1097 leo
2759 1049 2964 1112 potest,
3001 1040 3116 1096 fieri
3145 1049 3323 1097 autem
3364 1040 3452 1096 leo
3479 1055 3588 1094 non
3636 1047 3841 1109 potest.

2248 1130 2402 1187 Unde
2447 1148 2670 1188 necesse
2722 1142 2805 1189 est
2851 1143 2910 1187 ut
2953 1148 3141 1187 omnes
3170 1132 3357 1203 culpas
3396 1148 3461 1187 ac
3489 1132 3845 1202 negligentias

2246 1241 2397 1281 meas
2426 1242 2533 1281 non
2564 1226 2712 1289 mihi,
2745 1225 2842 1283 sed
2872 1241 2982 1281 sua:
3012 1227 3197 1295 pietati
3237 1226 3479 1295 deputet,
3509 1225 3602 1293 qui
3631 1225 3845 1285 virtutis

2247 1315 2606 1370 ministerium
2634 1314 2848 1369 inlirmo
2879 1314 3170 1369 commisit.
3203 1334 3221 1367 ι
3261 1312 3399 1386 (Lib.
3427 1330 3473 1381 1,
3503 1331 3586 1385 ep.
3622 1311 3699 1381 5).

2318 1404 2406 1459 48.
2446 1416 2466 1444 ε
2514 1405 2645 1460 Item
2695 1402 2987 1474 Gregorius
3042 1403 3223 1461 Narsm
3269 1404 3543 1475 patricio:
3578 1425 3595 1455 ι
3630 1405 3767 1458 Dum
3818 1403 3844 1441 ιλ

2249 1499 2722 1571 contemplationis
2751 1497 3090 1553 dulcedinem
3120 1498 3227 1552 alte
3257 1496 3644 1567 descripsistis,
3672 1496 3845 1550 ruina:

2250 1606 2383 1645 mem
2412 1590 2542 1644 mihi
2564 1590 2819 1659 gemitum
2848 1588 3168 1655 renovastis,
3196 1590 3319 1658 quia
3348 1588 3525 1644 audivi
3548 1588 3673 1659 quid
3698 1589 3847 1643 intus

2250 1680 2484 1752 perdidi,
2530 1680 2654 1733 dum
2695 1678 2826 1734 foris
2873 1678 2943 1733 ad
2972 1680 3185 1734 culmen
3220 1678 3493 1749 regiminis
3538 1679 3845 1733 immeritus

2252 1771 2487 1827 ascendi.
2517 1770 2689 1825 Tanto
2710 1781 2891 1825 autem
2921 1786 3008 1825 me
3036 1786 3346 1840 percussum
3375 1784 3609 1825 maerore
3638 1783 3846 1838 cogno-

2253 1863 2407 1927 scite,
2432 1870 2492 1915 ut
2518 1862 2607 1915 vix
2629 1861 2773 1931 loqui
2800 1859 3091 1927 sufliciam;
3117 1861 3304 1915 oculos
3323 1859 3467 1913 enim
3488 1858 3685 1914 mentis
3710 1871 3846 1913 mea

2249 1952 2453 2008 doloris
2483 1951 2719 2007 tenebrae
2749 1952 3016 2017 obsident,
3069 1950 3221 2007 triste
3250 1962 3333 2007 est
3358 1950 3617 2020 quidquid
3647 1951 3847 2023 aSpici-

2250 2051 2366 2109 tur;
2398 2042 2654 2113 quidquid
2685 2042 3000 2098 delectabile
3026 2042 3283 2112 creditur,
3311 2042 3462 2098 cordi
3488 2058 3611 2098 meo
3640 2043 3847 2098 lamen-

2251 2136 2417 2191 tabile
2463 2144 2707 2207 apparet.
2769 2135 2943 2193 Penso
3001 2136 3176 2203 enim,
3234 2135 3301 2190 ab
3348 2135 3457 2191 alto
3487 2134 3684 2208 quietis
3714 2148 3847 2189 mea

2252 2226 2485 2282 eulmine
2516 2242 2794 2295 corruens,
2825 2226 2891 2281 ad
2916 2242 3077 2299 quam
3103 2226 3371 2296 dejectum
3403 2226 3689 2284 exterioris
3716 2240 3847 2297 pro-

2251 2324 2438 2369 vectus
2465 2316 2677 2369 culmen
2704 2316 2939 2381 ascendi,
2970 2324 3026 2370 et
3048 2330 3147 2386 pro
3177 2315 3349 2386 culpis
3379 2316 3513 2371 meis
3540 2315 3595 2370 in
3623 2328 3846 2385 occupa-

2254 2408 2416 2464 tionis
2464 2411 2707 2466 exsilium
2754 2428 2782 2465 a
2822 2411 2959 2467 facie
3002 2412 3328 2467 dominantis
3377 2413 3600 2479 missus,
3640 2422 3663 2450 ο
3693 2413 3846 2468 ouasi

2253 2499 2542 2557 destructas
2565 2502 2759 2559 Jndaeaa
2800 2504 3021 2561 vocibus
3064 2521 3185 2560 cum
3234 2507 3497 2578 propheta
3527 2505 3649 2561 dico
3683 2523 3695 2557 :
3749 2504 3846 2569 Qui

2200 2656 2201 2659 η
2254 2594 2615 2649 consolabatur
2664 2612 2769 2660 me,
2801 2596 2950 2667 longe
2978 2598 3187 2651 recessit
3229 2614 3259 2649 α
3289 2613 3368 2650 me
3396 2596 3461 2667 (Τ
3462 2597 3606 2651 hren.
3641 2612 3688 2661 1,
3734 2595 3846 2666 16).

546 4529 801 4585 testante,
834 4520 927 4591 qui
956 4520 1069 4573 ait:
1102 4518 1230 4583 Qua:
1259 4528 1399 4573 retro
1442 4527 1562 4571 sunt
1591 4516 1813 4585 oblitus,
1858 4518 1912 4570 in
1946 4534 2008 4571 ea
2034 4533 2153 4587 qui:
2190 4560 2195 4565 .

548 4626 666 4669 sunt
686 4616 863 4685 priora
895 4613 1175 4671 extendens
1221 4630 1300 4667 me
1332 4611 1548 4683 (Philip.
1598 4610 1829 4681 111,15).
1884 4609 2153 4665 Peccator

547 4721 681 4775 ergo
710 4722 831 4762 cum
854 4707 909 4762 in
932 4706 1183 4777 praesenti
1201 4706 1310 4760 vita
1340 4704 1652 4774 profecerit,
1679 4712 1738 4759 ut
1761 4711 1877 4759 rota
1903 4704 2143 4774 ponitur,

549 4798 674 4866 quia
717 4798 769 4850 in
816 4799 1176 4853 anterioribus
1206 4812 1486 4863 corruens,
1514 4812 1583 4850 ex
1609 4795 2001 4866 posterioribus
2032 4795 2146 4849 ele-
2192 4790 2195 4793 ’

550 4896 725 4943 vatur.
758 4888 889 4942 Nam
923 4904 1044 4942 cum
1070 4890 1123 4942 in
1154 4889 1256 4942 hac
1288 4888 1394 4941 vita
1431 4887 1656 4957 gloriam
1704 4886 1934 4957 percipit
1980 4899 2145 4953 quam

548 4977 790 5047 reliquit,
824 4977 890 5031 ab
919 4976 1004 5030 illa
1042 4977 1186 5031 cadit
1231 4993 1349 5048 quae
1380 4985 1502 5047 post
1548 4977 1690 5032 hanc
1738 4976 1900 5031 venit.
1936 4973 2005 5028 Et
2034 4974 2152 5044 qui-

549 5070 674 5123 dem
705 5067 856 5123 multi
896 5076 1022 5123 sunt
1049 5070 1140 5137 qui
1170 5068 1249 5122 sic
1279 5068 1574 5123 exteriores
1618 5075 1911 5137 provectus
1957 5079 2151 5134 regere

548 5161 764 5229 sciunt,
799 5168 858 5213 ut
907 5175 1003 5230 per
1049 5174 1144 5215 eos
1198 5174 1537 5229 nequaquam
1585 5159 1813 5215 interius
1866 5164 2144 5213 corruant.

551 5248 706 5305 Unde
731 5250 992 5322 scriptum
1018 5258 1102 5306 est
1132 5268 1145 5305 :
1177 5248 1321 5305 Deus
1348 5260 1576 5323 potentes
1596 5266 1702 5304 non
1730 5246 1928 5318 abjicit,
1959 5263 2074 5301 cum
2098 5253 2150 5300 et

624 5419 649 5447 α
678 5408 858 5475 Colb.,
889 5409 1064 5477 Bigot.
1112 5418 1169 5466 et
1194 5410 1429 5479 Gemet.,
1462 5412 1518 5466 in
1549 5412 1644 5467 hoc
1680 5426 1858 5465 onere.

622 5478 650 5519 ιι
682 5479 791 5542 AL,
824 5481 1080 5535 sceculari.
1416 5478 1423 5479 ί
1476 5484 1479 5487 ’

627 5561 650 5591 ε
680 5550 748 5633 In_
770 5550 894 5633 Mss.
946 5551 1129 5633 liiprm.
1174 5560 1283 5607 tam
1318 5553 1713 5633 Epistolarum.z
1735 5566 1904 5633 quam
1935 5547 2147 5633 .Joa‘nn.

552 5620 700 5677 Diac.
737 5622 930 5691 legitur
952 5620 1286 5687 Narsaz,non
1309 5620 1569 5687 Narsi,nt
1591 5625 1641 5677 in
1672 5620 1907 5678 Editiset
1934 5622 1986 5675 in
2016 5620 2148 5691 Reg.

554 5701 610 5746 et
635 5692 842 5761 Andeg.
874 5693 1005 5747 Cod.
1040 5695 1114 5749 De
1140 5710 1208 5747 eo
1238 5694 1561 5757 Simocatta,
1592 5695 1680 5748 lib.
1713 5711 1761 5757 v,
1795 5708 1911 5762 cap.
1948 5693 1981 5746 5
2010 5701 2065 5744 et
2092 5690 2147 5746 5.

631 5762 881 5829 d-Bigot.,
904 5762 1139 5823 Gemet.,
1176 5764 1331 5831 Reg,
1362 5780 1426 5817 ac
1458 5766 1701 5821 nonnulli
1741 5763 1892 5829 Mss.,
1922 5764 2154 5819 contem-

558 5834 804 5906 platignis
827 5834 935 5906 alta
965 5834 1368 5906 describitis...”
1399 5837 1673 5890 renovatis.

638 5912 660 5939 θ
681 5901 1095 5971 Corruptissime
1116 5904 1257 5959 Edit.
1282 5904 1454 5962 Vatic.
1469 5914 1523 5961 et
1540 5906 1881 5976 Guss.,quasi
1896 5907 2155 5964 destituta:

2198 5988 2231 6005 fl

2255 2682 2408 2751 Quod
2438 2701 2589 2751 vero,
2620 2702 2795 2741 causa:
2818 2696 2873 2742 et
2894 2689 3135 2743 nominis
3165 2689 3567 2744 similitudinem
3601 2687 3846 2751 faciendo

2254 2789 2351 2843 per
2373 2773 2725 2844 Scripturam,
2746 2776 3012 2833 clausulas
3032 2777 3562 2849 declamationesqne
3578 2777 3844 2845 formatis,

2254 2873 2420 2928 certe,
2453 2864 2617 2919 frater
2642 2866 2979 2936 cbarissime,
3009 2868 3218 2922 simiam
3250 2869 3461 2924 leonem
3483 2884 3665 2925 vocas.
3693 2868 3847 2936 Quod

2255 2970 2321 3010 eo
2352 2956 2510 3011 modo
2541 2973 2635 3011 vos
2660 2971 2818 3025 agere
2841 2961 3203 3029 conspicimus
3222 3001 3235 3027 ,
3268 2976 3376 3029 quo
3400 2961 3678 3017 scabiosos
3706 2976 3847 3033 saepe

2254 3044 2483 3110 catulos,
2514 3047 2728 3116 pardos,
2758 3050 2842 3103 vel
2875 3050 3035 3118 tigres
3056 3066 3329 3108 vocamus.
3360 3050 3471 3122 Ego
3497 3053 3675 3120 enim,
3708 3058 3848 3112 bono

2256 3134 2362 3200 vir,
2414 3138 2567 3204 quasi
2624 3138 2761 3192 filios
2807 3139 3044 3207 perdidi,
3095 3142 3219 3208 quia
3258 3157 3355 3212 per
3402 3149 3647 3199 terrenas
3692 3159 3848 3199 curas

2253 3234 2401 3280 recta
2458 3241 2624 3295 opera
2680 3228 2854 3282 amisi.
2913 3226 3093 3283 Nolite
3137 3244 3265 3299 ergo
3331 3248 3409 3285 me
3428 3248 3611 3286 vocare
3658 3231 3849 3288 Noemi

2255 3316 2439 3384 (Ruth.
2478 3334 2529 3383 1,
2556 3317 2675 3390 ‘20),
2710 3320 2729 3357 τ
2778 3322 2828 3374 id
2857 3330 2939 3376 est
2962 3323 3257 3391 pulchram,
3306 3324 3424 3396 51'
3447 3326 3538 3379 sed
3566 3336 3745 3381 vocate
3772 3344 3850 3382 me

2254 3405 2468 3476 Maria,
2535 3410 2657 3480 quia
2704 3412 3051 3466 amaritudine
3106 3412 3287 3484 plenus
3331 3432 3464 3470 sum.
3520 3436 3541 3471 ι
3599 3416 3736 3488 (Lib.
3797 3433 3846 3485 1,

2253 3516 2336 3570 ep.
2371 3501 2449 3569 6).

2324 3591 2415 3645 49.
2448 3591 2577 3647 Item
2616 3592 2908 3664 Gregorius
2936 3596 3219 3652 Anastasio
3251 3608 3276 3646 8
3308 3598 3628 3668 patriarcha:
3660 3599 3851 3654 Antio-

2255 3683 2429 3738 ebeno
2484 3700 2498 3737 :
2561 3702 2581 3735 ι
2640 3684 2855 3756 Scripta
2908 3698 3097 3743 vestra:
3150 3688 3526 3756 beatitudinis,
3576 3699 3631 3744 ut
3677 3691 3851 3746 fessus

2253 3772 2525 3842 requiem,
2574 3775 2806 3831 salutem
2850 3791 3018 3846 aeger,
3064 3777 3268 3833 fontem
3327 3778 3542 3845 sitiens,
3603 3782 3850 3836 umbram

2254 3873 2486 3920 aestuans
2510 3864 2534 3901 ιι
2564 3867 2762 3921 inveni.
2795 3868 2977 3938 Neque
3006 3871 3148 3925 enim
3184 3872 3273 3925 illa
3302 3873 3464 3926 verba
3494 3887 3592 3941 per
3615 3872 3851 3941 linguam

2257 3960 2436 4013 carnis
2464 3958 2787 4015 videbantur
2815 3977 3086 4032 expressa,
3119 3963 3243 4033 quia
3292 3964 3369 4019 sic
3393 3964 3693 4034 spiritalem
3721 3978 3850 4034 erga

2255 4065 2344 4104 me
2366 4067 2602 4106 amorem
2626 4069 2780 4108 suum
2802 4069 2962 4123 quem
2992 4056 3236 4123 gestabat
3262 4057 3506 4125 aperuit,
3538 4072 3599 4111 ac
3624 4058 3668 4112 si
3699 4071 3853 4111 mens

2256 4156 2356 4211 per
2403 4146 2744 4215 semetipsam
2794 4148 3123 4217 loqueretur.
3164 4148 3270 4203 Sed
3319 4149 3511 4203 durum
3558 4150 3713 4205 valde
3754 4150 3852 4205 fuit

2257 4237 2402 4304 quod
2448 4247 2695 4293 secutum
2741 4248 2851 4304 est,
2913 4242 3037 4309 quia
3080 4256 3232 4295 amor
3280 4250 3459 4296 vester
3510 4251 3726 4297 terrena
3764 4258 3850 4298 me

2257 4336 2479 4396 portare
2509 4345 2674 4383 onera
2699 4332 2986 4400 praecepit,
3038 4342 3092 4386 et
3139 4348 3297 4401 quem
3328 4333 3473 4402 prius
3502 4332 3852 4403 spiritualiter

2259 4416 2589 4489 diligebatis,
2621 4430 2743 4491 post
2791 4431 2852 4477 ut
2888 4424 3125 4489 aestimo,
3177 4425 3550 4493 tempuraliter
3586 4433 3847 4491 amantes,

2260 4528 2429 4584 usque
2459 4515 2525 4567 ad
2556 4522 2755 4569 terram
2786 4531 2890 4579 me,
2907 4517 3247 4586 superposito
3274 4531 3457 4579 onere.
3489 4517 3848 4587 depressistis,

2260 4606 2334 4660 ita
2364 4616 2424 4661 ut
2452 4624 2666 4664 omnem
2696 4611 2891 4664 mentis
2912 4611 3287 4665 rectitudinem
3336 4609 3571 4665 funditus
3601 4610 3849 4681 perdens,

2260 4702 2835 4772 contemplationisque
2859 4703 3032 4757 aciem
3060 4703 3333 4768 amittens,
3364 4719 3473 4757 non
3503 4718 3601 4771 per
3628 4704 3851 4773 prophe-

2258 4793 2344 4847 titc
2368 4796 2642 4865 spiritum,
2677 4796 2769 4849 sed
2800 4811 2899 4864 per
2938 4798 3369 4865 experimentum
3411 4796 3587 4850 dicam
3622 4815 3633 4849 :
3666 4796 3863 4861 Incur‘:

2255 4897 2401 4940 vatus
2415 4904 2545 4954 sum,
2560 4899 2607 4940 et
2619 4888 2973 4941 humiliatatus
2989 4905 3102 4942 sum
3113 4906 3469 4961 usquequaque
3483 4889 3653 4960 (Psal.
3668 4906 3850 4957 cxvttt,

2258 4975 2407 5046 107).
2457 4976 2627 5031 Tanta
2672 4979 2868 5049 quippe
2898 4994 2983 5033 me
3012 4981 3427 5050 occupationum
3475 4997 3641 5037 onera
3671 4983 3852 5053 depri-

2257 5077 2441 5132 munt,
2483 5076 2541 5121 ut
2595 5068 2660 5121 ad
2707 5084 2941 5139 superna
2986 5071 3197 5126 animus
3235 5072 3541 5128 nullatenus
3592 5074 3848 5142 erigatur.

2260 5155 2441 5213 Multis
2470 5174 2751 5213 causarum
2771 5159 3023 5217 ﬂuctibus
3043 5164 3285 5230 quatior;
3316 5173 3372 5220 et
3391 5174 3515 5236 post
3540 5166 3631 5220 illa
3655 5168 3853 5236 quietis

2260 5249 2401 5321 otia,
2455 5251 2796 5307 tumultuosae
2825 5254 2946 5309 vitae
2978 5256 3387 5327 tempestatibus
3415 5255 3642 5329 afﬂigor,
3674 5258 3751 5314 ita
3798 5266 3854 5313 ut

2260 5407 2447 5462 viduas.

2339 5479 2357 5516 ί
2411 5478 2601 5545 Iidem,
2653 5481 2704 5533 id
2751 5489 2863 5547 est,
2914 5482 3211 5551 pulchrum,
3282 5483 3670 5540 reluctantibus
3737 5486 3854 5541 aliis

2260 5548 2508 5623 Excu_sis,
2526 5560 2581 5604 ct
2608 5550 2753 5623 Mss,
2792 5548 3119 5607 tuniJoann.
3144 5554 3317 5620 Diac.,
3345 5566 3456 5611 tum
3475 5557 3850 5623 epistolarmn.

2334 5632 2361 5702 ξς
2392 5620 2614 5687 Τυι·οιι.,
2649 5621 3068 5691 Expatriarclue.
3098 5624 3171 5679 De
3203 5642 3269 5681 eo
3315 5643 3457 5696 saepe
3508 5620 3560 5680 in
3611 5630 3855 5698 epistolis

2352 5710 2487 5745 mus.

2261 5706 2534 5838 egglilillgit.
2568 5762 2740 5818 Vatic.
2764 5762 3138 5838 Δ(ἑαῖμιεεειιηκ,
3171 5768 3364 5838 accepi.
3392 5767 3460 5821 Et
3503 5767 3664 5836 paulo
3710 5777 3854 5838 post,

2260 5835 2537 5908 specialem
2568 5849 2666 5904 pro
2697 5835 2977 5908 spiritalem
3012 5852 3265 5908 amorem,
3291 5835 3445 5908 quod
3474 5835 3736 5898 exhibent
3760 5835 3853 5897 alii

2310 5906 2480 5970 xcusi,
2525 5904 2980 5962 consentientibus
3009 5905 3134 5963 Mss.
