4118 6442
223 380 291 440 89
814 377 874 435 S.
911 373 1241 433 GREGORII
1280 373 1497 433 MAGNI
1540 373 1717 443 VITA,
1758 372 1962 430 AUCT.
2004 372 2264 430 JOANNE
2302 373 2616 431 DIACONO.
2660 372 2788 428 LIB.
2827 374 2890 432 ll.
3121 437 3130 449 _
3416 384 3486 440 9o

222 494 416 557 ebeno,
441 487 1126 562 JoanniJerosolymltano,
1148 497 1205 545 et
1224 488 1547 543 Anastasio'
1570 486 1801 559 patriar-
1838 489 1886 549 Α
1909 489 2109 543 erroris
2148 488 2326 559 plena,
2372 491 2708 561 reprobatur,
2754 498 2809 546 et
2847 490 3163 551 Theodorus
3200 508 3489 567 personam

221 585 333 641 chae
361 582 702 637 Antiocheno
746 581 1055 648 destinavit,
1092 597 1211 652 quae
1255 581 1331 635 ita
1360 581 1469 652 46
1494 596 1553 636 se
1594 581 1798 636 habet:

227 675 658 733 «'Consideranti
710 675 841 731 mihi
893 676 1037 746 quod
1091 675 1267 746 impar
1312 673 1518 729 meritis
1568 688 1633 728 ac
1688 681 1803 729 toto

221 773 400 829 animo
428 770 665 826 renitens
683 770 969 840 pastoralis
995 784 1138 826 cura:
1158 767 1396 840 pondera
1416 774 1633 839 portare
1653 782 1804 824 com-

224 860 403 936 pulsus
424 863 545 926 sim,
578 861 752 932 caligo
776 863 1026 919 moeroris
1052 861 1305 928 occurrit,
1337 869 1393 917 et
1417 861 1571 916 triste
1601 876 1698 916 cor
1721 859 1805 915 ni-

222 955 294 1011 hil
310 952 457 1009 aliud
474 953 576 1007 nisi
602 968 696 1008 eas
721 968 842 1022 qua:
854 953 1025 1008 videri
1054 952 1128 1006 nil
1156 952 1341 1007 sinunt
1362 952 1611 1007 tenebras
1632 950 1800 1007 videt.

221 1048 347 1102 Nam
387 1046 516 1116 quid
545 1046 770 1101 antistes
807 1044 835 1084 δ
865 1046 932 1100 ad
980 1046 1286 1114 Dominum,
1336 1046 1438 1102 nisi
1467 1061 1565 1116 pro
1594 1044 1804 1101 delictis

222 1138 396 1209 populi
418 1139 744 1193 intercessor
763 1137 1012 1206 eligitur?
1033 1139 1147 1205 Qua
1172 1139 1355 1209 itaque
1376 1137 1571 1194 ﬁducia
1591 1138 1656 1194 ad
1679 1153 1803 1193 eum

219 1249 315 1304 pro
340 1234 577 1303 peccatis
607 1233 797 1288 alienis
824 1234 1152 1290 intercessor
1173 1235 1351 1301 venio,
1382 1235 1521 1306 apud
1550 1251 1710 1306 quem
1736 1236 1804 1290 de

220 1325 443 1395 propriis
468 1339 692 1380 securus
718 1341 828 1380 non
858 1327 1014 1380 sum?
1035 1324 1091 1381 Si
1114 1325 1344 1381 fortasse
1370 1326 1637 1396 quispiam
1661 1326 1804 1397 apud

170 1449 182 1465 ο
218 1426 491 1490 potentem
521 1419 718 1484 virum,
747 1419 837 1487 qui
868 1426 923 1474 et
950 1419 1055 1474 sibi
1082 1420 1268 1483 iratus,
1301 1428 1356 1475 et
1386 1420 1517 1475 mihi
1546 1406 1803 1476 essetin-

221 1511 478 1580 cognitus,
504 1509 921 1566 intercessorem
943 1527 1097 1566 suum
1119 1527 1206 1566 me
1237 1511 1351 1566 ﬁeri
1374 1519 1658 1583 quaereret,
1676 1525 1806 1581 pro-

219 1603 354 1657 tinus
372 1601 756 1674 responderem
778 1621 790 1657 ε
807 1602 887 1657 Ad
904 1603 1345 1660 intercedendum
1360 1604 1546 1659 venire
1568 1618 1799 1675 nequeo,

218 1697 333 1766 quia
355 1696 473 1766 ejus
497 1696 746 1751 notitiam
768 1712 835 1753 ex
863 1697 1047 1753 sedula
1073 1695 1433 1752 familiaritate
1462 1713 1571 1769 non
1598 1696 1798 1752 habeo.

218 1789 272 1845 Si
299 1790 457 1859 igitur
486 1799 635 1847 recte
660 1792 827 1848 homo
856 1793 999 1863 apud
1024 1792 1321 1862 hominem,
1344 1793 1411 1848 de
1440 1808 1547 1864 quo
1578 1793 1804 1848 minime

1909 581 2216 638 Mediatoris
2245 583 2337 638 Dei
2366 592 2422 639 et
2445 583 2721 639 hominum
2753 595 2778 633 ε
2809 586 2864 641 ἰη
2892 587 3101 645 duobus
3129 592 3490 650 subsistentiis

1906 689 2182 744 separaus,
2212 674 2279 729 ad
2304 675 2595 745 impietatis
2615 677 2892 748 perﬁdiam
2920 682 3180 739 cecidisse
3207 668 3489 743 convinci-

1908 776 2014 823 tur.
2057 767 2268 839 Scripta
2295 768 2399 841 47
2426 784 2641 842 quoque
2682 771 3013 843 Theodoriti,
3053 791 3151 847 per
3188 793 3306 847 quae
3345 779 3491 836 beati

1907 859 2093 932 Cyrilli
2132 862 2264 917 ﬁdes
2299 862 2730 933 reprehenditur,
2779 880 2911 920 ausu
2958 867 3242 923 dementiae
3280 869 3492 939 prolata

1907 953 2228 1009 refutantur.
2286 954 2517 1011 Cunctas
2565 971 2697 1013 vero
2744 972 2879 1027 quas
2923 959 3145 1028 praefata
3190 960 3493 1016 veneranda

1909 1047 2138 1103 concilia
2167 1062 2425 1118 personas
2464 1058 2728 1119 respuunt
2752 1065 2973 1122 reSpuo;
3003 1065 3138 1120 quas
3165 1060 3493 1108 venerantur

1911 1138 2229 1215 amplector.
2257 1138 2392 1205 Quia
2415 1138 2539 1193 dum
2561 1139 2847 1194 universali
2868 1147 2992 1194 sunt
3009 1155 3276 1196 consensu
3293 1142 3493 1197 consti-

1910 1237 2054 1295 tuta,
2100 1245 2159 1285 se
2188 1238 2242 1285 et
2283 1245 2390 1285 non
2431 1229 2517 1284 illa
2548 1229 2793 1297 destruit,
2827 1230 3069 1302 quisquis
3103 1232 3376 1301 praesumit
3402 1240 3492 1287 aut

1910 1320 2122 1375 solvere
2171 1336 2307 1390 quos
2361 1322 2631 1390 religant,
2692 1330 2784 1376 aut
2833 1321 3004 1391 ligare
3055 1339 3192 1394 quos
3257 1325 3493 1380 solvunt.

1856 1406 1859 1411 ’
1911 1411 2161 1481 Quisquis
2201 1427 2331 1482 ergo
2372 1412 2516 1467 aliud
2557 1413 2720 1485 sapit,
2748 1413 3035 1470 anathema
3073 1415 3162 1471 sit.
3196 1434 3217 1469 ι
3273 1414 3412 1485 (Lib.
3454 1432 3494 1485 ι,

1910 1520 2025 1575 cap.
2050 1501 2169 1573 25.)

1982 1597 2036 1652 5.
2080 1595 2195 1653 Hoc
2222 1598 2410 1665 modo,
2450 1607 2733 1670 postquam
2761 1599 3053 1669 Gregorius
3090 1599 3495 1657 fundamentum

1912 1704 2021 1744 sua:
2042 1687 2165 1743 ﬁdei
2197 1688 2490 1744 secundum
2517 1689 2755 1759 priscum
2785 1688 3245 1760 praedecessorum
3274 1705 3495 1746 suorum

1910 1781 2226 1853 pontiﬁcum
2248 1796 2471 1846 morem,
2506 1780 2807 1838 luculenter
2826 1781 3136 1853 apostolicis
3164 1780 3375 1836 thronis
3401 1795 3494 1836 ex-

214 1881 686 1950 pmumpsissem,
713 1882 827 1937 ﬁeri
851 1883 1176 1939 intercessor
1202 1884 1598 1951 erubescerem,
1623 1899 1795 1954 quan-
1826 1893 1871 1952 Β
1898 1878 2098 1950 posuit,
2128 1876 2559 1932 animadvertetis
2580 1890 2639 1932 se
2666 1875 2787 1930 ideo
2812 1891 2843 1930 a
2866 1876 3094 1931 Domino
3116 1891 3278 1945 super
3303 1882 3493 1945 gentes

217 1979 277 2025 tae
303 1972 405 2027 hoc
429 1972 669 2029 audaciae
698 1982 781 2029 est
816 1975 958 2043 quod
989 1974 1131 2046 apud
1162 1975 1328 2031 Deum
1357 1992 1456 2046 pro
1476 1976 1676 2047 populo
1708 1977 1792 2032 lo-

213 2079 330 2119 cum
370 2054 743 2123 ilitercessoris
786 2067 1035 2132 obtineo,
1084 2069 1171 2123 cui
1200 2067 1517 2123 familiarem
1559 2084 1647 2123 me
1675 2082 1796 2126 esse

212 2172 302 2229 per
319 2158 438 2213 vitae
468 2160 724 2215 meritum
750 2174 860 2215 non
890 2162 1158 2229 agnoseo?
1188 2161 1304 2229 Qua
1343 2161 1398 2216 in
1437 2176 1497 2215 re
1534 2170 1618 2216 est
1661 2160 1795 2216 mihi

212 2248 374 2305 adhuc
395 2249 548 2304 aliud
577 2250 793 2320 gravius
833 2250 1253 2320 formidandum,
1285 2251 1412 2320 quia
1442 2251 1582 2306 sicut
1611 2252 1794 2307 cuncti

212 2340 401 2411 liquido
442 2342 820 2411 cognovimus,
853 2358 976 2399 cum
1001 2343 1045 2399 is
1069 2343 1162 2412 qui
1200 2343 1449 2413 displicet
1471 2343 1538 2398 ad
1564 2344 1797 2400 interce-

212 2431 432 2488 dendum
462 2434 714 2499 mittitur,
748 2435 871 2489 irati
899 2434 1108 2490 animus
1137 2434 1205 2489 ad
1233 2434 1505 2491 deteriora
1531 2450 1797 2506 provoca-

214 2531 311 2591 tur,
332 2534 385 2581 et
402 2526 569 2583 valde
589 2527 914 2597 pertimesco
936 2543 1004 2583 ne
1027 2527 1317 2583 commissa
1339 2528 1468 2582 mihi
1490 2528 1642 2598 plebs
1664 2527 1798 2583 ﬁde-

212 2614 330 2672 lium
363 2626 556 2673 reatus
589 2619 698 2673 mei
739 2618 1107 2673 additamento
1142 2618 1417 2689 depereat,
1464 2618 1617 2686 cujus
1654 2632 1797 2673 nunc

213 2722 371 2778 usque
412 2709 683 2765 Dominus
709 2709 1084 2780 aequanimiter
1120 2710 1314 2765 delicta
1344 2709 1629 2765 tolerabat.
1663 2708 1796 2764 Cum

212 2813 333 2855 vero
360 2809 641 2870 utcunque
681 2801 827 2857 hunc
854 2800 1105 2856 timorem
1133 2802 1433 2872 supprimo,
1466 2808 1523 2855 et
1548 2800 1800 2856 consola-

213 2899 314 2944 tam
355 2900 601 2947 mentem
639 2891 705 2946 ad
736 2890 1061 2962 pontificalis
1101 2892 1282 2962 operis
1327 2890 1505 2947 studia
1553 2890 1796 2959 accingo,

213 2981 546 3037 considerata
589 2983 705 3052 ipsa
741 2982 822 3039 rei
868 2982 1272 3051 immensitate,
1319 2982 1617 3037 deterreor.
1666 2980 1800 3037 Per-

214 3074 379 3143 pendo
402 3091 612 3146 quippe
640 3077 789 3147 quod
816 3078 963 3133 omni
992 3092 1122 3132 cura
1156 3077 1487 3146 vigilandum
1516 3081 1599 3131 est
1625 3085 1683 3130 ut
1708 3091 1800 3153 re-

215 3174 326 3221 ctor
353 3168 691 3238 cogitatione
721 3168 791 3223 sit
830 3168 1078 3237 mundus,
1111 3169 1429 3240 operatione
1470 3168 1797 3239 praecipuus,

1899 1979 1956 2027 et
1975 1959 2141 2039 regna
2171 1984 2439 2024 summum
2466 1966 2792 2039 pontiﬁcem
2821 1968 3202 2033 constitutum,
3232 1974 3312 2034 ut,
3339 1966 3491 2034 juxta

1899 2064 2030 2121 illud
2056 2062 2433 2133 propheticum
2474 2061 2686 2131 (Jerem.
2719 2060 2783 2129 ι),
2823 2060 3076 2115 vitiorum
3105 2060 3316 2115 radices
3343 2059 3491 2113 evel-

1900 2154 2066 2221 leret,
2114 2156 2418 2209 destrueret
2448 2162 2610 2221 atque
2647 2150 3009 2221 disperderet,
3055 2150 3240 2221 sicque
3275 2150 3491 2205 demum

1899 2252 2211 2319 aediﬁcaret,
2240 2250 2621 2320 plantaretque
2648 2247 2895 2315 virtutes,
2927 2260 3116 2302 omnes
3138 2244 3491 2301 consuetudi-

1899 2361 1998 2402 nes
2019 2359 2155 2416 quas
2175 2354 2362 2400 contra
2392 2341 2625 2414 priscam
2650 2338 2993 2395 traditionem
3016 2337 3371 2410 apestolicam
3398 2351 3490 2390 no-

1900 2440 2041 2494 viter
2087 2436 2385 2509 pullulasse
2413 2442 2765 2504 cognoverat,
2823 2431 3078 2486 videlicet
3124 2430 3193 2485 de
3234 2428 3493 2484 ministris

1900 2529 2232 2594 cantoribus,
2265 2527 2333 2583 de
2360 2527 2512 2582 laicis
2540 2524 2783 2596 pontifici
2810 2522 3146 2577 familiariter
3166 2520 3493 2576 adhaerenti-

1902 2625 2023 2687 hus,
2056 2623 2123 2678 de
2152 2620 2427 2677 titulandis
2468 2617 2903 2690 praejudicialiter
2941 2614 3268 2687 quibuslibet
3310 2614 3493 2677 rebus,

1903 2716 1973 2772 de
1993 2714 2333 2787 contegendo
2355 2713 2657 2768 dalmaticis
2685 2711 2985 2781 apostolico
3015 2710 3232 2774 feretro,
3259 2707 3286 2745 ιι
3310 2709 3376 2764 de
3406 2723 3494 2779 pa-

1905 2805 2180 2871 stillatico,
2214 2814 2268 2860 et
2296 2804 2363 2859 de
2391 2820 2497 2858 non
2527 2802 2872 2857 admittendis
2900 2801 3098 2871 passim
3127 2799 3277 2853 laicis
3309 2798 3374 2853 ad
3405 2811 3493 2853 ec-

1907 2897 2195 2955 clesiastici
2215 2896 2352 2967 juris
2373 2895 2631 2959 ofﬁcium,
2662 2908 2762 2964 pro
2791 2892 2955 2962 pallio
2974 2893 3059 2946 vel
3084 2890 3494 2947 consecratione

1906 2990 2244 3064 pontiﬁcum,
2268 2990 2445 3061 primo
2476 2988 2691 3059 quidem
2714 3002 2744 3041 a
2765 2985 3021 3042 Romanae
3041 2983 3310 3048 Ecclesire,
3341 2990 3494 3054 post-

1906 3083 2129 3139 modum
2162 3097 2294 3137 vero
2329 3081 2570 3136 collectis
2599 3080 3017 3147 circumquaque
3041 3076 3338 3147 positarum
3369 3090 3496 3146 pro-

1907 3175 2209 3231 vinciarum
2239 3172 2531 3245 episcopis,
2561 3187 2591 3227 a
2620 3171 2786 3226 totius
2814 3176 3017 3226 sanctae
3046 3167 3368 3224 universalis
3394 3164 3496 3222 Ec-

214 3256 476 3315 discretus
504 3259 558 3315 in
582 3259 819 3323 silentio,
854 3260 998 3316 utilis
1020 3261 1074 3316 in
1097 3262 1284 3327 verbo,
1309 3260 1532 3329 singulis
1552 3275 1802 3330 compas-
1826 3272 1874 3334 c
1908 3268 2088 3323 etesiae
2113 3281 2344 3337 corpore
2390 3263 2720 3334 segregavit,
2762 3277 2936 3334 eaque
2962 3262 3061 3317 sub
3089 3259 3499 3331 interpositione

214 3348 358 3404 sione
384 3349 689 3419 proximus,
722 3366 833 3422 pra:
861 3352 1069 3409 cunctis
1098 3352 1557 3423 contemplatione
1576 3367 1805 3422 suspen-

214 3456 329 3511 sus;
367 3444 514 3498 bene
544 3444 827 3513 agentibus
855 3460 954 3515 per
982 3445 1339 3500 humilitatem
1383 3444 1581 3511 socius,
1614 3452 1805 3500 contra

214 3532 634 3605 delinquentium
652 3536 782 3591 vitia
805 3547 827 3575 ε
842 3552 939 3607 per
960 3537 1133 3593 zelum
1157 3537 1494 3593 rectitudinis
1512 3545 1748 3604 erectus,
1778 3555 1799 3589 ι

215 3632 267 3680 et
291 3637 490 3684 czetera
513 3644 634 3699 quae
661 3637 784 3700 post
812 3630 866 3684 in
894 3630 1032 3685 libro
1054 3629 1317 3686 Pastorali
1341 3630 1709 3701 prosequitur.

280 3718 333 3772 4.
365 3740 383 3773 ‹
408 3718 682 3778 Przeterea
707 3723 831 3792 quia
856 3723 1038 3790 corde,
1074 3724 1267 3795 inquit,
1292 3724 1529 3779 creditur
1553 3723 1620 3778 ad
1643 3722 1806 3794 justi-

218 3812 360 3880 tiam,
404 3829 505 3870 ore
534 3824 713 3869 autem
743 3815 1013 3871 confessio
1037 3814 1103 3870 ﬁt
1132 3817 1199 3870 ad
1240 3816 1471 3871 salutem
1503 3815 1681 3887 (Rom.
1725 3816 1808 3887 ι),

217 3908 355 3963 sicut
373 3907 551 3962 sancti
572 3906 847 3978 Evangelii
870 3917 1102 3977 quatuor
1123 3909 1309 3974 libros,
1333 3910 1411 3965 sic
1433 3916 1667 3979 quatuor
1687 3922 1813 3965 con-

218 4000 336 4055 cilia
368 3999 647 4070 suscipere
671 4008 727 4055 et
749 4000 997 4054 venerari
1029 4014 1116 4055 me
1145 3999 1356 4055 fateor:
1389 3999 1660 4054 Nicenum
1703 4000 1813 4055 sci-

221 4093 363 4161 licet,
390 4094 446 4149 in
467 4109 577 4164 quo
607 4110 920 4165 perversum
950 4094 1061 4149 Arii
1089 4093 1284 4163 dogma
1315 4094 1643 4161 destruitur;
1667 4087 1815 4150 Con-‘-

222 4187 755 4257 stantinopolitanum
785 4200 1019 4257 quoque,
1050 4186 1104 4241 in
1135 4201 1243 4256 quo
1273 4185 1520 4241 Eunomii
1551 4194 1606 4241 et
1634 4185 1813 4243 Mace-

223 4277 363 4333 donii
378 4294 533 4334 error
557 4277 584 4315 ά
614 4278 979 4344 convincitur;
1012 4277 1343 4349 Ephesinum
1364 4279 1529 4334 etiam
1552 4279 1809 4350 primum,

225 4368 275 4422 in
303 4384 411 4439 quo
440 4370 673 4426 Nestorii
718 4371 968 4441 impietas
1017 4371 1321 4440 iudicatur;
1366 4371 1815 4426 Chalcedonense

230 4476 372 4528 vero,
406 4463 461 4517 in
491 4478 601 4533 quo
635 4473 657 4501 ε
696 4462 1030 4533 Euthycetis,
1073 4463 1427 4534 Dioscorique
1451 4464 1692 4535 pravitas
1720 4478 1815 4519 re-

228 4555 512 4623 probatur,
568 4564 683 4610 tota
720 4556 1010 4612 devotione
1047 4557 1411 4628 complector,
1466 4556 1815 4626 integerrima

1907 3360 2163 3417 terribilis
2190 3358 2569 3423 anathematis,
2619 3358 2725 3412 tam
2751 3355 3077 3426 generaliter
3106 3368 3269 3424 quam
3298 3365 3498 3424 perpe-

1910 3454 2130 3509 tualiter
2158 3452 2558 3508 condemnavit.

1980 3544 2033 3599 6.
2064 3543 2272 3600 Deinde
2293 3543 2348 3598 in
2373 3543 2535 3599 domo
2564 3540 2798 3607 Domini,
2819 3554 2971 3597 more
2992 3535 3374 3609 sapientissimi
3397 3534 3501 3591 Sa-

1907 3637 2161 3703 lomonis,
2192 3645 2417 3707 propter
2436 3636 2656 3691 musicae
2681 3634 3153 3704 compunctionem
3181 3630 3502 3695 dulcedinis,

1918 3731 1935 3766 ί
1974 3729 2426 3801 Antiphonarium
2452 3736 2742 3784 centonem
2771 3735 3054 3783 cantorum
3083 3724 3503 3781 studiosissimus

1914 3822 2075 3877 nimis
2097 3821 2301 3876 utiliter
2323 3820 2668 3889 compilavit;
2697 3818 2937 3873 scholam
2958 3831 3174 3886 quoque
3196 3825 3501 3876 cantorum,

1915 3927 2036 3984 qua:
2082 3912 2345 3966 hactenus
2386 3909 2590 3965 eisdem
2634 3908 3060 3963 institutionibus
3088 3907 3142 3961 in
3167 3913 3355 3961 sancta
3398 3903 3504 3959 Ro-

1916 4019 2075 4061 mana
2126 4003 2369 4060 Ecclesia
2422 4001 2773 4071 modulatur,
2828 4000 3138 4069 constituit;
3179 4000 3339 4071 eique
3384 4015 3506 4055 cum

1918 4097 2193 4156 nonnullis
2218 4098 2432 4170 praediis
2454 4098 2562 4153 duo
2578 4098 2905 4161 habitacula,
2928 4096 3136 4153 scilicet
3157 4098 3385 4152 alterum
3410 4096 3507 4151 sub

1918 4193 2175 4264 gradibus
2203 4192 2438 4247 basilicas
2467 4191 2613 4246 beati
2643 4191 2785 4246 Petri
2814 4190 3045 4263 apostoli
3072 4230 3087 4257 ,
3119 4189 3350 4245 alterum
3379 4204 3508 4245 vero

1918 4283 2019 4338 sub
2060 4282 2438 4337 Lateranensis
2467 4281 2777 4351 patriarchii
2804 4280 3051 4337 domibus
3084 4279 3389 4348 fabricavit,
3423 4278 3533 4337 ubi

1918 4389 2091 4446 usque
2117 4373 2278 4429 hodie
2316 4376 2487 4429 lectus
2516 4373 2653 4443 ejus,
2684 4373 2737 4428 in
2765 4388 2873 4443 quo
2899 4373 3166 4429 recubans
3193 4371 3510 4429 modulaba-

1918 4474 2026 4532 tur,
2061 4474 2116 4521 et
2137 4463 2404 4535 ﬂagellum
2426 4466 2614 4535 ipsius,
2643 4479 2752 4533 quo
2775 4465 2957 4534 pueris
2984 4464 3312 4529 minabatur,
3345 4477 3511 4517 vene-

1923 4561 2136 4615 ratione
2166 4574 2405 4629 congrua
2431 4575 2552 4615 cum
2583 4559 2896 4614 authentico
2925 4557 3320 4628 Antiphonario
3342 4569 3511 4610 reser-

231 4650 617 4718 approhatione
640 4650 908 4717 custodio,
942 4651 1068 4721 quia
1089 4650 1142 4705 in
1172 4651 1255 4705 his
1280 4651 1429 4705 velut
1458 4651 1511 4705 in
1544 4650 1811 4722 quadrato
1842 4652 1896 4712 D
1919 4660 2097 4719 vatur,
2128 4669 2247 4724 qua:
2266 4651 2522 4708 videlicet
2540 4652 2661 4708 loca
2687 4667 2786 4722 per
2806 4651 3062 4721 prmeepti
3083 4648 3277 4703 seriem
3307 4646 3512 4729 subpin-

232 4737 403 4809 lapide
431 4749 633 4797 sanctae
663 4741 785 4797 ﬁdei
812 4750 1084 4798 structura
1106 4742 1411 4811 consurgit;
1443 4751 1498 4798 et
1526 4741 1813 4810 cujuslibet

234 4830 351 4888 vitae
377 4840 540 4904 atque
567 4834 796 4891 actionis
828 4833 849 4873 ί
882 4851 1071 4891 norma
1104 4836 1319 4901 existat,
1351 4835 1594 4905 quisquis
1623 4849 1813 4889 eorum

236 4926 557 4983 soliditatem
577 4943 683 4983 non
708 4936 872 4995 tenet,
897 4929 1061 4984 etiam
1089 4931 1134 4983 si
1155 4929 1291 4999 lapis
1309 4944 1427 4984 esse
1457 4929 1714 4995 cernitur,
1732 4938 1816 4983 ta-

238 5030 353 5071 men
383 5027 535 5074 extra
574 5018 853 5075 aediﬁcium
886 5021 1049 5089 jacet.
1092 5020 1347 5087 Quintum
1388 5036 1600 5091 quoque
1628 5020 1815 5075 conci-

240 5105 361 5164 lium
382 5113 585 5183 pariter
606 5127 853 5179 veneror,
883 5112 937 5167 in
960 5126 1067 5182 quo
1083 5112 1308 5182 epistola
1334 5128 1451 5182 qua:
1472 5113 1576 5168 Iba:
1597 5113 1818 5182 dicitur,

311 5268 469 5344 fliig.
501 5280 554 5328 et
580 5272 740 5344 Reg.,
768 5272 1150 5344 expatriarchae
1192 5271 1437 5327 Antioch.

309 5337 335 5377 ¹³
365 5337 549 5398 Νόηη.
577 5362 609 5398 a
639 5337 885 5399 ῦοὶηὶηὸ.

318 5420 337 5499 ξ
365 5411 422 5499 l'n
447 5412 708 5499 Gussauv:
739 5423 794 5499 et
816 5415 1010 5482 Vatic.,
1040 5433 1130 5499 per
1151 5416 1315 5499 selum
1330 5414 1575 5485 justitue.

313 5478 335 5517 δ
367 5481 568 5558 '_l'_uro_n.
594 5494 650 5540 et
677 5485 906 5558 Andeg.,
933 5478 1283 5558 coniungitur.

316 5552 763 5629 félwlt‘utychis,
794 5552 880 5629 vel
912 5552 1176 5629 Eutgcltii.

318 5620 341 5709 ξ
365 5620 829 5709 ρυξειεηιξθιουεί,
861 5620 1079 5709 actionis
1108 5647 1291 5709 norma
1320 5629 1604 5709 consistit.”

314 5702 341 5741 ε
364 5695 569 5769 lnMss.
592 5695 896 5769 Srangermq
926 5700 1083 5769 Reg.,
1108 5701 1262 5755 Colh.
1288 5709 1341 5755 et
1363 5695 1657 5769 nonnullis,
1680 5711 1831 5769 mea:

253 5759 393 5829 dose,
426 5767 479 5821 in
510 5759 1297 5837 duabus'subst'an‘tii}.'Quibus
1314 5772 1589 5824 adhaerent
1616 5768 1831 5836 Vulgati

254 5840 705 5912 pmnes,quamvis
729 5841 969 5895 haeresim
992 5844 1165 5912 sapiat
1192 5857 1386 5911 negare
1406 5840 1677 5898 Christum
1696 5840 1831 5893 dua-

254 5901 348 5960 bus
375 5901 687 5969 substautiis
729 5920 997 5978 constare,
1029 5901 1209 5969 divina
1247 5901 1452 5970 scilicet
1478 5927 1541 5969 ac
1570 5912 1830 5968 humana.

1922 4748 2276 4818 terpositione
2289 4746 2645 4801 anathematis
2666 4745 2735 4800 ob
2751 4743 3033 4797 ministerii
3052 4740 3349 4811 quotidiani
3365 4747 3513 4794 [ιιι-οη

1925 4840 2089 4911 biquc
2117 4840 2346 4910 gratiam
2377 4837 2683 4894 subdivisit.

2000 4935 2052 4987 7.
2083 4932 2254 5002 Hujus
2280 4931 2665 4987 modulationis
2690 4929 3031 4986 dulcedinem
3060 4930 3202 4986 inter
3239 4929 3372 4985 alias
3413 4927 3516 4982 Eu~

1929 5038 2076 5093 ropa:
2105 5031 2295 5093 gentes
2321 5021 2577 5077 Germani
2600 5036 2695 5076 seu
2716 5018 2853 5075 Galli
2878 5021 3087 5078 discere
3115 5021 3416 5089 crebroque
3436 5036 3518 5075 re-

1931 5115 2139 5172 discere
2177 5114 2458 5182 insigniter
2492 5121 2806 5184 potuerunt,
2846 5114 3218 5185 incorruptam
3256 5127 3385 5168 vero
3414 5120 3519 5165 tam

1938 5274 2250 5344 Legendum
2277 5288 2404 5343 ergo
2426 5275 2481 5328 in
2508 5273 2708 5328 duabus
2736 5273 3102 5344 subsistentiis,
3133 5287 3230 5328 seu
3256 5268 3522 5344 personis.

1938 5356 1999 5402 ut
2014 5342 2222 5471 liablent
2238 5345 2327 5399 alii
2350 5342 2478 5400 Mss.
2514 5346 2706 5414 nostri,
2731 5354 2840 5399 tam
2868 5343 3089 5401 Joannis
3110 5342 3331 5398 Diaconi
3360 5353 3522 5407 quam

1940 5426 2117 5471 enisto
2141 5432 2312 5471 arum.

1940 5426 2312 5473 epistolarum.

1975 5434 2455 5556 ρλςὲὲᾟῗᾞθς.
2485 5496 2541 5542 et
2567 5486 2746 5550 Colb.,
2776 5487 2839 5540 de
2861 5485 3199 5555 pastillatiao,
3230 5500 3322 5553 pro
3343 5480 3523 5551 pallio,

1939 5560 2030 5633 vel,
2051 5561 2436 5633 consecratione
2464 5559 2790 5633 pontiﬁcum,
2817 5567 2865 5611 et
2894 5559 2956 5611 de
2977 5573 3102 5620 non,
3136 5564 3238 5609 etc.
3291 5623 3303 5633 -
3376 5620 3415 5633 ﬁ
3448 5622 3459 5633 _

2018 5630 2033 5668 ί
2079 5630 2317 5695 Gemet..
2358 5620 3141 5700 Antiplioriariuni_ramentum
3183 5620 3526 5700 stud._Prius

1938 5704 2137 5757 lectum
2168 5710 2225 5766 ut
2247 5693 2771 5756 iii—Colbfconceutu.
2799 5698 2940 5753 Utic.
2966 5693 3383 5774 habetLAntipft.
3404 5708 3526 5774 cau-

1940 5785 2046 5827 tum
2068 5816 2082 5839 ,
2114 5763 2295 5842 et'per
2322 5775 2714 5828 correctionem
2753 5777 3076 5826 concentum.
3124 5764 3283 5833 lleg.,
3314 5763 3527 5833 ΑηιίρΙι.

1939 5853 2229 5899 εαηιοηηη.
