4118 6462
578 363 642 434 9i
1172 358 1231 418 S.
1272 356 1599 422 GBEGOMI
1638 355 1853 417 HAGNl
1892 355 2074 427 νιτΑ.
2117 354 2323 422 Αυβῐ.
2364 355 2628 416 ῘΘΔΝΝΕ
2668 354 2982 420 piscoso.
3021 356 3152 420 UB.
3193 357 3263 422 ll.
3793 358 3863 422 ιι

579 477 800 544 levitate
823 475 1008 540 animi.
1040 475 1167 548 quia
1196 473 1451 534 nonnulla
1471 473 1540 530 de
1569 471 1790 543 proprio
1817 471 2166 540 Gregorianis
2195 474 2241 542 Α
2268 473 2550 528 veritatem
2579 473 2804 542 diligunt
2829 475 3236 545 comprobatur.
3267 473 3394 534 Hm
3417 488 3555 545 ergo
3585 489 3688 547 per
3714 478 3860 534 anti-

577 570 828 626 cantibus
857 568 1204 632 miscuerunt,
1236 580 1398 636 quam
1429 563 1640 619 feritate
1665 578 1882 636 quoque
1911 563 2163 630 naturali,

576 674 795 721 servare
822 659 1040 714 minime
1065 662 1378 726 potuerunt.
1413 653 1603 722 Alpina
1625 653 1888 722 siquidem
1913 667 2166 724 corpora,

575 767 771 808 vocum
794 766 1009 806 suarum
1029 749 1276 804 tonitruis
1299 747 1529 802 altisone
1545 746 1956 818 perstrepentia,
1981 759 2163 801 susce-

574 851 682 915 ptze
713 843 1094 908 modulationis
1122 841 1458 896 dulcedinem
1491 840 1709 910 praprie
1739 855 1846 894 non
1879 837 2164 905 resultant,

574 937 701 1006 quia
731 935 897 991 bibuli
940 934 1171 1006 gutturis
1200 933 1428 988 barbara
1459 931 1667 1000 feritas,
1711 932 1837 990 dum
1869 929 2168 986 inflexioni-

574 1029 674 1086 bus
703 1037 758 1085 et
786 1027 1289 1098 repercussionibus
1318 1027 1506 1084 mitem
1545 1026 1730 1080 nititur
1753 1024 1913 1080 edere
1942 1024 2168 1078 cantile-

573 1138 721 1190 nam,
769 1121 1001 1180 natarali
1043 1120 1274 1189 quodam
1315 1118 1547 1187 fragore,
1581 1118 1732 1188 quasi
1781 1117 2020 1187 plaustra
2071 1131 2169 1184 per

573 1215 772 1285 gradus
813 1211 1034 1272 confuse
1061 1212 1312 1268 sonantia
1342 1209 1544 1278 rigidas
1570 1226 1734 1265 voces
1757 1209 1949 1278 jarlal,
1981 1209 2168 1276 sicque

573 1306 906 1364 audientium
935 1305 1164 1369 animos,
1192 1317 1333 1374 quos
1365 1302 1606 1356 mulcere
1635 1301 1913 1365 debuerat,
1941 1315 2168 1370 exaspe—

573 1401 745 1460 randa
773 1399 945 1468 magis
973 1414 1037 1456 ac
1067 1396 1429 1470 obstrependo
1459 1395 1764 1450 conturbat.

646 1489 699 1544 8.
725 1489 862 1544 Hinc
890 1498 973 1544 est
1001 1489 1144 1559 quod
1174 1487 1332 1556 hujus
1359 1486 1602 1557 Gregorii
1638 1496 1879 1556 tempore
1907 1502 2026 1541 cum
2060 1486 2168 1559 48

575 1579 875 1652 Augustino
905 1587 1032 1640 tunc
1060 1577 1365 1634 Britannias
1395 1577 1627 1634 adeunte
1651 1618 1665 1641 ,
1700 1593 1795 1647 per
1824 1575 2166 1631 Occidentem

574 1685 792 1741 quoque
821 1669 1080 1728 Romanae
1103 1669 1459 1727 institutionis
1487 1677 1739 1726 cantores
1763 1670 2012 1738 dispersi,
2043 1670 2170 1724 bar-

574 1764 736 1822 baros
781 1763 1064 1834 iusizniter
1095 1763 1415 1822 docuerunt.
1467 1762 1670 1829 Quibus
1715 1759 1978 1818 defunctis
2013 1760 2169 1818 Occi-

2273 567 2594 636 cipationem
2624 568 2919 632 retuIeI'im,
2949 584 3020 624 ne
3043 569 3398 630 indiscussam
3427 567 3702 627 Gallorum
3725 569 3753 608 ³³
3781 569 3863 628 ic-

2271 660 2493 716 vitatem
2527 661 2713 715 videar
2741 662 3064 730 praeteriisse

2346 751 2430 804 ll.
2461 750 2726 808 Gmterum
2757 753 3206 822 prudentissimus
3236 761 3418 810 rector
3437 751 3754 822 Gregorius.
3773 769 3866 814 re-

2270 844 2431 900 molis
2467 858 2498 898 a
2525 859 2629 898 suo
2671 844 2920 899 cubiculo
2955 845 3325 909 saecularibus,
3381 845 3708 904 clericorum
3758 845 3864 906 sibi

2269 934 2717 1004 prudentissimos
2736 937 3071 992 consiliarios
3099 937 3498 1007 familiaresque
3521 937 3745 1008 delegit,
3777 938 3864 996 iu-

2271 1037 2355 1082 ter
2388 1043 2524 1100 quos
2567 1028 2783 1082 Petrum
2829 1028 3121 1084 Diaconnm
3163 1039 3499 1088 coaetaneum
3525 1047 3707 1095 suum,
3741 1047 3866 1087 cum

2271 1136 2379 1190 quo
2429 1128 2614 1190 postea
2665 1121 2963 1190 disputans,
3019 1130 3257 1192 quatuor
3305 1122 3656 1190 Dialogorum
3697 1122 3867 1180 libros

2271 1212 2610 1280 composuit;
2643 1211 2992 1266 zEmiliattum
3021 1229 3237 1283 qunque
3263 1215 3555 1280 notarium,
3601 1214 3700 1283 qui
3727 1229 3880 1285 quae

2272 1299 2514 1368 draginta
2537 1299 2787 1356 humilius
2808 1301 3082 1371 Evangelii
3108 1320 3230 1358 cum
3255 1305 3414 1360 sociis
3433 1305 3545 1360 suis
3571 1315 3593 1342 ο
3615 1305 3864 1374 excepit;

2273 1391 2546 1446 Paterium
2595 1409 2752 1464 teque
2783 1397 3082 1460 notarium,
3122 1396 3212 1466 qui
3253 1395 3319 1450 ab
3345 1411 3412 1450 eo
3456 1395 3866 1452 sccundicerius

2273 1483 2467 1552 factus,
2501 1500 2566 1540 ex
2597 1485 2748 1540 libris
2789 1486 2955 1558 ipsius
2985 1486 3164 1555 aliqua
3211 1487 3438 1542 utillima
3465 1486 3870 1551 defloravit;et

2271 1574 2532 1632 Joannem
2562 1577 2921 1642 defensorem,
2945 1579 3034 1648 qui
3057 1579 3174 1648 ejus
3200 1579 3352 1648 jussu
3377 1581 3430 1638 in
3459 1578 3746 1650 Hispanias
3773 1595 3870 1635 co-

2273 1671 2453 1739 gnitor
2489 1671 2818 1739 destinatus,
2851 1670 2874 1708 ά
2923 1671 3238 1730 Januarium
3277 1673 3590 1743 episcopum
3629 1671 3870 1728 civitatis

2275 1759 2627 1828 Malacitanae,
2653 1762 2719 1818 ab
2733 1762 3003 1832 cpiscOpis
3017 1763 3128 1818 suis
3149 1763 3522 1834 compatriotis
3533 1760 3867 1831 depositum,

574 1857 817 1920 dentales
841 1857 1100 1916 Ecclesiae
1141 1859 1213 1914 ita
1244 1865 1555 1928 susceptum
1604 1855 1986 1916 modulationis
2015 1869 2173 1924 orga-
2202 1859 2251 1920 Β
2277 1852 2392 1908 sedi
2423 1854 2654 1924 propriae
2676 1857 3024 1924 restauravit,
3053 1864 3109 1910 et
3137 1855 3477 1926 deposituros
3501 1853 3619 1925 ejus
3645 1870 3770 1912 cum
3797 1868 3869 1911 eo

575 1964 700 2006 num
727 1948 1007 2018 vitiarunt,
1059 1957 1117 2006 ut
1157 1947 1394 2009 Joannes
1425 1949 1642 2018 quidam
1673 1947 1951 2004 Romanus
1980 1956 2170 2004 cantor

572 2056 695 2098 cum
742 2039 1029 2096 Theodoro
1057 2055 1210 2109 atque
1239 2040 1358 2097 cive
1390 2040 1656 2106 Romano,
1699 2038 1795 2096 sed
1818 2037 2052 2094 Eburaci
2080 2053 2170 2094 ar-

571 2132 941 2203 chiepiscopo,
975 2147 1073 2204 per
1101 2131 1303 2194 Gallias
1340 2132 1392 2188 in
1416 2131 1724 2189 Britannias
1759 2141 1783 2169 ⁸
1817 2147 1848 2186 a
1874 2130 2168 2188 Vitalliano

571 2227 640 2281 sit
664 2225 894 2296 praesule
921 2226 1240 2294 destinatus,
1289 2228 1384 2297 qui
1413 2229 1836 2297 circumquaque
1873 2228 2170 2297 positarum

572 2316 932 2382 Ecclesiarum
957 2320 1094 2379 filios
1121 2320 1188 2378 ad
1216 2320 1500 2394 pristinam
1526 2321 1810 2377 cantilena:
1831 2320 2170 2380 dulcedinem

572 2427 857 2481 revocans,
896 2422 1000 2474 tam
1031 2429 1130 2490 per
1158 2429 1238 2480 se,
1260 2430 1421 2484 quam
1453 2431 1550 2485 per
1571 2431 1700 2474 suos
1721 2415 2012 2486 discipulos
2042 2414 2172 2472 mul-

575 2508 645 2564 tis
671 2509 827 2564 annis
853 2507 1112 2568 Romana:
1135 2508 1398 2568 doctrina:
1426 2510 1668 2579 regulam
1695 2511 2056 2568 conservavit.

643 2598 695 2656 9.
719 2599 826 2656 Sed
847 2608 902 2656 et
918 2599 1146 2659 Carolus
1168 2611 1351 2657 noster
1371 2603 1648 2673 patricius,
1675 2619 1770 2659 rex
1792 2612 1972 2660 autem
2001 2604 2172 2660 Fran-

575 2706 760 2746 corum
780 2730 794 2754 .
829 2691 1162 2748 dissonantia
1201 2692 1430 2749 Romani
1460 2703 1516 2750 et
1541 2695 1811 2752 Gallicani
1841 2705 2033 2752 cauuis
2062 2695 2172 2750 Ro-

576 2798 675 2838 mte
697 2782 953 2849 offensus,
981 2800 1102 2842 cum
1133 2784 1410 2842 Gallorum
1441 2789 1746 2856 procacitas
1768 2796 1986 2844 cantum
2012 2803 2042 2843 α
2069 2803 2173 2843 ηο-

575 2874 831 2932 stratibus
859 2876 1175 2946 quibusdam
1200 2878 1390 2934 maniis
1414 2888 1879 2949 argumentaretur
1907 2895 2027 2936 esse
2049 2895 2170 2934 cor—

574 2975 811 3040 ruptum,
835 2970 1118 3040 nostrique
1141 2987 1171 3026 e
1194 2969 1410 3028 diverso
1433 2973 1798 3028 authenticum
1831 2971 2172 3042 Antiphona-

574 3060 712 3116 rium
734 3061 1087 3129 probabiliter
1101 3071 1458 3128 ostentarent,
1479 3064 1844 3134 interrogasse
1863 3065 2037 3120 fertur
2051 3063 2170 3132 quis

574 3150 714 3208 inter
743 3151 916 3210 rivum
941 3160 996 3206 et
1021 3152 1222 3213 fontem
1243 3153 1603 3223 lirnpidiorem
1627 3170 1821 3223 aquam
1844 3169 2170 3211 conservare

2274 1947 2366 2016 qui
2389 1946 2441 2002 in
2473 1945 2648 2003 locum
2680 1947 2796 2018 ejus
2825 1948 3144 2018 obrepserat
3166 1949 3281 2018 pari
3308 1948 3577 2006 sententia
3607 1947 3869 2005 condem-

2273 2040 2440 2096 navit.
2486 2038 2869 2097 Monacborum
2896 2057 3028 2098 vero
3055 2041 3424 2100 sanctissimos
3443 2042 3546 2100 sibi
3573 2041 3870 2100 familiares

2273 2133 2457 2202 elegit,
2489 2132 2764 2205 winter
2790 2149 2926 2206 quos
2968 2134 3377 2199 Maximianum,
3419 2134 3737 2192 monasterii
3785 2133 3870 2194 sui

2274 2228 2545 2293 abbatem,
2578 2243 2737 2298 quem
2759 2237 2948 2300 postea
2977 2229 3260 2300 Syracusis
3287 2229 3600 2300 episcopum
3626 2227 3874 2294 fecit,ei-'

2275 2335 2380 2390 que
2420 2336 2518 2391 per
2547 2320 2784 2378 Siciliam
2813 2311 2961 2378 vices
3001 2337 3128 2377 suas
3164 2323 3466 2389 commisit;
3508 2322 3867 2390 Augustinum

2275 2412 2518 2482 ejusdem
2542 2414 2858 2469 monasterii
2873 2414 2954 2470 sui
2977 2416 3350 2484 praepositum,
3383 2423 3440 2478 et
3465 2416 3752 2483 Mellitum,
3773 2430 3868 2486 per

2276 2518 2412 2574 quos
2441 2503 2732 2574 Anglorum
2763 2514 2950 2573 gentes
2971 2505 3038 2560 ad
3065 2506 3459 2562 Christianismi
3485 2507 3715 2578 gratiam
3738 2522 3866 2562 con-

2275 2600 2490 2655 vocavit
2514 2615 2528 2665 ;
2572 2597 2928 2655 Mariniannm
2955 2599 3196 2669 ejusdem
3226 2602 3542 2658 monasterii
3569 2603 3652 2660 sui
3677 2618 3867 2658 mona-

2275 2691 2455 2756 chum,
2483 2707 2642 2761 quem
2675 2693 2730 2746 in
2758 2692 3058 2748 Ravennati
3089 2695 3376 2766 metropoli
3400 2695 3713 2764 episcopum
3739 2710 3865 2750 con-

2275 2783 2541 2850 secravit;
2574 2781 2826 2851 Probum,
2857 2801 3018 2853 quem
3049 2786 3228 2842 subito
3257 2788 3507 2842 abbatem
3541 2789 3736 2860 spiritu
3775 2802 3864 2844 re-

2277 2873 2492 2930 velante
2511 2875 2866 2939 constituens,
2895 2893 2992 2946 pro
3015 2879 3380 2934 construendo
3409 2877 3756 2933 xenodocbio
3775 2876 3865 2933 ie.

2275 2965 2600 3036 rosolymam
2627 2965 2946 3032 destinavit;
2975 2967 3244 3036 simulque
3260 2967 3541 3028 Claudium
3566 2980 3591 3010 ⁸
3613 2969 3864 3026 Classita~

2277 3071 2359 3115 nae
2387 3057 2624 3119 civitatis
2645 3058 2915 3124 abbatem,
2948 3059 3041 3128 qui
3069 3059 3138 3114 de
3167 3058 3495 3127 Proverbiis,
3527 3061 3595 3118 de
3624 3061 3866 3118 (lacticis

2276 3149 2630 3215 canticorum,
2663 3149 2730 3204 de
2773 3148 3092 3220 Prophetis,
3125 3150 3195 3210 de
3235 3152 3386 3208 libris
3435 3152 3660 3222 Regum,
3687 3153 3865 3224 deque

574 3241 814 3297 soleret?
846 3240 1318 3308 Respondentibus
1348 3243 1552 3326 fontem
1584 3245 1881 3315 prudenter
1922 3244 2121 3312 adjecit
2154 3263 2165 3299 :
2200 3243 2246 3306 C
2276 3239 2672 3312 lleptateucho,
2712 3260 2850 3314 papa
2889 3245 3222 3315 disputante,
3260 3248 3448 3313 multa,
3479 3248 3606 3305 licet
3633 3265 3742 3305 non
3767 3266 3863 3306 εον

574 3330 714 3401 Ergo
741 3340 799 3387 et
837 3348 932 3389 nos
971 3334 1059 3402 qui
1085 3333 1151 3389 de
1193 3335 1309 3390 rivo
1339 3345 1646 3404 corruptam
1684 3336 1958 3407 lympham
1995 3351 2166 3406 usque

573 3423 834 3477 hactenus
883 3423 1135 3489 bibimus,
1187 3426 1252 3478 ad
1304 3429 1556 3495 perennis
1607 3427 1770 3484 fontis
1816 3445 2037 3486 necesse
2083 3437 2169 3487 est

575 3512 774 3568 ﬂuenta
798 3515 1112 3586 principalia
1139 3533 1498 3575 recurramus.
1525 3521 1651 3577 Mox
1679 3523 1862 3598 itaque
1891 3524 2026 3580 duos
2047 3539 2168 3581 suo-

575 3620 692 3659 rum
723 3605 1014 3662 industrios
1044 3607 1268 3666 clericos
1299 3609 1534 3667 Adriano
1569 3622 1694 3668 tunc
1723 3616 1980 3685 episcopo
2009 3615 2166 3674 dere-

575 3697 749 3767 liquit,
782 3700 976 3770 quibus
1011 3704 1225 3758 tandem
1253 3705 1384 3758 satis
1420 3705 1694 3775 eleganter
1721 3708 2020 3776 instructis,
2050 3709 2164 3770 Me-

576 3795 782 3846 tensem
826 3793 1167 3862 metrOpolim
1199 3796 1262 3850 ad
1293 3799 1612 3856 suavitatem
1643 3801 2028 3859 modulationis
2055 3804 2166 3876 pri-

549 3881 725 3946 stina;
765 3886 1057 3952 revocavit,
1101 3895 1156 3946 et
1195 3903 1294 3962 per
1321 3889 1487 3958 illam,
1537 3900 1704 3952 totam
1743 3893 1971 3952 Galliam
2009 3913 2165 3956 suam

573 3977 830 4032 correxit.

647 4068 751 4122 Sed
765 4086 886 4123 cum
915 4073 1082 4130 multa
1099 4081 1222 4143 post
1251 4083 1520 4146 tempora,
1547 4077 1813 4137 defunctis
1835 4081 1918 4136 his
1934 4083 2027 4152 qui
2055 4082 2166 4138 Ro-

574 4173 674 4211 ma:
698 4158 908 4214 fuerant
945 4163 1177 4230 educati,
1212 4176 1430 4224 cantum
1464 4169 1859 4228 Gallicanarum
1889 4174 2164 4231 Ecclesia--

576 4267 692 4306 rum
723 4267 753 4306 a
779 4251 1005 4310 Metensi
1036 4255 1342 4329 discrepare
1383 4263 1832 4333 prudentissimus
1866 4282 2051 4337 regum
2081 4269 2164 4323 vi-

576 4343 757 4409 disset,
779 4362 842 4400 ac
857 4363 1291 4420 unumquemque
1315 4352 1382 4408 ab
1402 4355 1665 4410 alterutro
1684 4357 1926 4413 vitiatum
1944 4369 2164 4416 multum

576 4433 864 4502 jar-tantem
896 4437 1198 4495 adverteret
1233 4460 1243 4493 :
1276 4443 1495 4508 ltermn,
1547 4445 1738 4514 inquit,
1784 4450 2067 4505 redeamus
2097 4452 2162 4506 ad

575 4525 797 4582 fontem.
833 4527 983 4586 Tunc
1013 4533 1152 4600 regis
1182 4537 1451 4603 precibus,
1483 4539 1622 4598 sicut
1643 4541 1802 4597 hodie
1823 4544 2036 4611 quidam
2069 4561 2164 4600 ve-

2276 3336 2398 3392 dem
2427 3351 2609 3402 sensu,
2641 3339 2946 3408 composuit
2971 3337 3112 3408 (Lib.
3147 3355 3239 3402 xu,
3278 3341 3432 3410 epist.
3462 3339 3574 3412 ει).

2351 3426 2432 3480 12.
2475 3426 2606 3483 Cum
2634 3430 2829 3497 quibus
2849 3429 3143 3498 Gregorius
3183 3430 3275 3486 diu
3303 3442 3576 3501 noctuth
3598 3441 3862 3498 versatus,

2275 3519 2407 3576 nihil
2437 3521 2748 3576 monasticae
2778 3521 3126 3592 perfectionis
3157 3525 3210 3577 in
3239 3524 3459 3593 palatio,
3481 3524 3613 3580 nihil
3643 3524 3863 3594 pontiﬁ-

2274 3613 2405 3667 calis
2425 3613 2780 3668 institutionis
2820 3615 2874 3668 in
2907 3613 3148 3670 Ecclesia
3186 3615 3496 3686 dereliquit.
3530 3615 3863 3672 Videbantur

2273 3706 2471 3774 passim
2499 3723 2621 3762 cum
2653 3709 3029 3766 eruditissimis
3069 3709 3282 3766 clericis
3307 3710 3588 3782 adbaarere
3626 3708 3862 3780 pontiﬁci

2272 3800 2664 3868 religiosissimi
2694 3803 2942 3858 monachi
2961 3843 2976 3868 ,
3004 3811 3058 3858 et
3089 3805 3141 3858 in
3169 3805 3400 3859 diversis
3439 3803 3864 3874 professionibus

2272 3893 2572 3950 habebatur
2599 3896 2709 3948 vita
2747 3897 3048 3952 communis
3065 3936 3080 3960 ,
3109 3897 3182 3952 ita
3215 3905 3272 3951 ut
3293 3897 3418 3952 talis
3445 3905 3588 3952 esset
3610 3905 3742 3952 tunc
3766 3897 3864 3954 sub

2273 3984 2534 4056 Gregorio
2565 4003 2729 4057 penes
2752 3988 2933 4044 urbem
2958 3988 3185 4043 Romam
3211 3987 3472 4052 Ecclesia,
3488 3989 3704 4059 qualem
3725 3989 3864 4050 hanc

2272 4077 2436 4133 fuisse
2464 4078 2561 4134 sub
2591 4080 2851 4142 apostolis
2873 4079 3068 4146 Lucas,
3101 4089 3158 4134 et
3184 4080 3282 4134 sub
3320 4079 3502 4136 Marco
3531 4083 3863 4151 evangelista

2273 4184 2438 4238 penes
2465 4169 2840 4224 Alexandriam
2875 4169 3029 4225 Philo
3057 4180 3469 4227 commemorat.

2346 4264 2430 4318 15.
2475 4261 2624 4318 Tunc
2649 4278 2829 4317 rerum
2859 4264 3132 4333 Sapientia
3167 4263 3353 4319 Romae
3372 4265 3472 4321 sibi
3499 4265 3757 4334 templum
3783 4265 3862 4320 vi-

2272 4357 2916 4426 sibiliterquodammodo
2957 4357 3288 4423 fabricabat,
3315 4367 3374 4414 et
3421 4357 3861 4427 septemplicihus

2273 4449 2496 4510 artibus,
2532 4447 2696 4504 veluti
2727 4448 2990 4502 columnis
3023 4448 3476 4504 nobilissimorum
3509 4448 3733 4503 totidem
3778 4447 3859 4501 la-

2273 4541 2475 4610 pidum,
2501 4539 2809 4609 apostolicae
2829 4539 2972 4594 sedis
2991 4540 3186 4593 atrium
3214 4537 3486 4594 fulciebat.
3519 4537 3704 4593 Nullus
3731 4554 3861 4608 pon-

577 4617 743 4674 ridice
764 4620 1138 4691 astipulantur,
1165 4623 1429 4682 Adrianus
1458 4645 1594 4699 papa
1619 4641 1909 4701 permotus,
1945 4634 2082 4696 duos
2108 4637 2161 4692 in
2191 4635 2246 4694 D
2272 4633 2396 4687 tilici
2445 4632 2838 4696 famulantium,
2872 4647 2902 4685 a
2948 4631 3170 4686 minimo
3221 4646 3387 4699 usque
3434 4629 3502 4684 ad
3539 4632 3855 4698 maximum,

576 4707 798 4764 Galliam
828 4722 1078 4770 cantores
1123 4718 1286 4781 misit,
1342 4736 1570 4789 quorum
1611 4724 1814 4793 judicio
1852 4743 1946 4782 rex
1976 4743 2166 4788 omnes

577 4799 792 4868 quidem
823 4807 1130 4875 corrupisse
1160 4811 1497 4869 dulcedinem
1533 4815 1760 4873 Ron‘iani
1799 4830 1988 4876 cantus
2029 4822 2164 4877 levi—

578 4899 690 4948 tate
733 4894 962 4964 quadam
1005 4901 1280 4971 cognovit,
1322 4903 1592 4963 Metenses
1621 4927 1748 4964 vero
1791 4912 1903 4966 sola
1933 4916 2164 4970 naturali

577 4980 791 5040 feritate
828 4988 1100 5056 paululum
1143 4994 1269 5062 quid
1299 4995 1576 5053 dissonare
1608 5004 1873 5071 praevidit.
1923 5005 2166 5077 Denique

577 5089 748 5143 usque
777 5076 935 5133 hodie
964 5090 1221 5150 quantum
1248 5085 1494 5144 Romano
1520 5095 1700 5148 cantui
1726 5095 1976 5151 Mclensis
1996 5076 2162 5166 ccdit,

577 5177 784 5224 tantum
818 5170 1040 5231 Metensi
1071 5177 1326 5234 Ecclesia:
1349 5183 1542 5237 cedere
1563 5185 1948 5253 gallicanarum
1975 5190 2164 5246 Eccle-

576 5264 775 5320 siarum
803 5265 1320 5340 Germaniarumque
1365 5283 1578 5343 cantus,
1625 5276 1803 5332 abhis
1834 5281 1922 5349 qui
1960 5298 2164 5338 meram

648 5418 975 5505 “'Aisapcto-
1010 5425 1279 5505 Vitaliano
1324 5427 1380 5482 P.
1429 5429 2163 5505 ordinatusestTheodorus,

576 5489 795 5575 \llhKil‘l.
834 5493 1022 5562 April.,
1073 5497 1367 5566 Dominica,
1400 5515 1527 5554 ann.
1551 5500 1674 5555 668.
1704 5502 1781 5556 lta
1816 5504 1974 5571 Beda,
2021 5489 2059 5562 l.

577 5574 625 5612 c.
660 5562 671 5610 l
689 5601 700 5613 .
730 5560 995 5619 Bonus».

653 5630 675 5667 δ
703 5630 881 5713 cuin,
912 5635 1210 5713 Gemet._et
1239 5638 1440 5713 Bigot.,
1471 5645 1768 5699 vanitatem.
1808 5645 1971 5713 Utic.,
1998 5652 2167 5704 varie-

580 5709 754 5776 tatem.
788 5703 1320 5776 Et'superscribitnr,
1339 5703 1608 5766 leritnlem.

655 5772 784 5854 {De
805 5772 1184 5854 exceptorihus
1212 5772 1401 5834 harum
1430 5784 1612 5836 homil.
1655 5787 1765 5850 agit
1791 5799 2010 5844 sanctus
2029 5789 2167 5848 Gre—

575 5848 759 5910 gorius
803 5848 856 5898 in
903 5848 1130 5917 prologo
1175 5854 1489 5908 earumdem
1537 5855 1603 5909 ad
1651 5848 1943 5916 secundum
1990 5865 2160 5929 episc.

2272 4725 2555 4779 barbarum
2598 4723 2875 4792 quodlibet
2909 4722 2959 4776 in
2990 4737 3241 4777 sermone
3283 4722 3364 4775 vel
3391 4721 3578 4776 habitu
3607 4720 3861 4791 pnefere-

2271 4820 2379 4882 hat,
2405 4817 2500 4872 sed
2530 4813 2728 4887 togata,
2754 4816 3019 4882 Quiritum
3045 4832 3213 4881 more,
3249 4832 3344 4871 seu
3383 4815 3623 4870 trabeata
3655 4815 3860 4872 Latini-

2275 4920 2353 4964 tas
2375 4926 2529 4964 suum
2569 4908 2778 4961 Latium
2827 4909 2881 4961 in
2929 4909 3046 4978 ipso
3077 4908 3263 4962 Latiali
3291 4907 3490 4977 palatio
3517 4907 3860 4976 singulariter

2273 5003 2568 5058 obtinebat.
2603 5000 2978 5055 Belloruerant
3025 5000 3098 5054 ibi
3135 5000 3470 5060 diversarum
3508 5001 3702 5055 artium
3744 5011 3861 5056 stu-

2274 5095 2381 5161 dia,
2409 5103 2462 5148 et
2489 5096 2600 5163 qui,
2632 5094 2716 5148 vel
2755 5094 3133 5159 sanctimonia,
3162 5093 3244 5149 vel
3288 5093 3569 5162 prudentia
3602 5093 3739 5150 forte
3769 5110 3861 5150 ca-

2270 5189 2442 5252 rebat,
2473 5204 2568 5243 suo
2601 5187 2766 5256 ipsius
2790 5186 2997 5254 judicio
3031 5186 3354 5241 subsistendi
3393 5202 3574 5242 coram
3608 5189 3859 5257 pontifice

2271 5281 2517 5334 fiduciam
2547 5296 2651 5334 non
2683 5279 2930 5334 habebat.

2271 5435 2524 5489 Taurum.
2550 5434 2822 5490 Bonum).

2343 5507 2368 5543 ἀ
2401 5508 2631 5572 Quartus
2653 5508 2750 5560 fuit
2773 5505 2927 5568 huius
2947 5503 3181 5558 civitatis
3203 5503 3392 5574 episc.,
3419 5519 3528 5574 quo
3557 5503 3752 5573 ejecto,
3777 5505 3859 5560 in-

2270 5588 2450 5632 lrtlstts
2479 5587 2559 5630 est
2588 5579 2802 5647 quidam
2825 5575 3234 5647 Joannes._Vide
3261 5575 3395 5629 Hist.
3430 5576 3682 5639 Mal:tcit.,
3709 5585 3853 5632 auct.

2268 5650 2496 5703 Martino
2529 5645 2768 5711 tle'lioa,
2799 5663 2918 5716 cap.
2954 5646 3036 5698 12.
3071 5645 3126 5698 ln
3161 5647 3283 5699 Mss.
3315 5647 3498 5700 Norm.
3527 5656 3580 5700 et
3607 5647 3762 5702 Culb.
3791 5649 3859 5702 le-

2267 5724 2407 5788 gitur
2441 5719 2786 5785 Malulitanw,
2816 5734 2914 5786 pro
2947 5717 3302 5773 Malacitana'.
3337 5719 3392 5771 ln
3431 5717 3588 5785 Reg.,
3622 5716 3855 5772 Melani-

2268 5804 2422 5845 (ante.

2343 5875 2365 5900 ο
2407 5861 2482 5914 De
2503 5876 2569 5915 eo
2596 5860 2717 5928 lege
2747 5857 3016 5930 Ruheuin,
3051 5860 3144 5919 lib.
3176 5876 3228 5916 tv
3258 5859 3396 5916 Hist.
3426 5858 3665 5915 Raveun.
