4118 6486
305 368 382 432 .93
914 371 971 434 S.
1013 371 1340 435 GREGORII
1380 370 1594 429 MAGNI
1636 371 1816 442 VITA,
1858 369 2062 438 AUCT.
2109 372 2371 438 JOANNE
2411 329 2730 434 DIACONO.
2769 333 2900 432 LIB.
2940 376 3009 436 ll.
3449 389 3452 391 λ
3533 379 3602 435 91

382 481 470 542 14.
503 481 925 543 Arcessebantur
943 487 1339 555 pontiﬁcalibus
1363 487 1641 558 profundis
1663 489 1902 574 consiliis
1933 487 1977 546 A
2005 489 2157 558 gulas
2211 491 2754 564 irreprehensibiliter
2813 493 2975 550 fuerit
3029 499 3418 559 conversatus,
3478 502 3606 564 post

304 576 594 649 prudentes
624 577 742 645 viri,
775 593 911 648 quos
935 580 1195 648 perhibui,
1229 582 1405 652 potius
1433 597 1593 651 quam
1617 591 1897 652 potentes;

302 678 361 726 et
399 683 637 741 paupere
679 669 1020 740 philosophia
1063 673 1387 728 intrinsecus
1429 673 1555 741 quid
1596 674 1777 742 potius
1807 682 1900 728 aut

299 760 640 832 potissimum
670 760 722 814 in
754 777 1081 832 unoquoque
1112 764 1327 830 negotio
1357 763 1690 832 sequendum
1741 772 1898 834 puta-

296 859 452 905 retur
475 848 781 924 artiﬁciosis
810 852 1364 918 argumentationibus
1393 853 1788 908 rationabiliter
1816 853 1898 906 in-

297 942 570 1012 quirente,
597 941 746 998 dives
775 942 985 1008 inertia,
1018 957 1137 1011 quae
1167 943 1328 997 modo
1377 958 1436 998 se
1473 943 1539 1000 de
1565 943 1896 1013 sapientibus

296 1032 415 1102 pari
443 1041 591 1086 sorte
638 1029 936 1096 ulciscitur,
966 1046 1075 1100 prae
1106 1031 1334 1086 cubiculi
1361 1031 1565 1087 foribus
1594 1031 1894 1102 despicabi-

293 1123 359 1179 lis
388 1112 722 1178 remanebat.
752 1121 878 1178 Sola
902 1123 1086 1178 deerat
1116 1125 1503 1193 interpretandi
1530 1125 1778 1193 bilinguis
1799 1141 1896 1194 pe-

290 1215 417 1269 ritia
444 1254 460 1281 ,
491 1223 544 1270 et
573 1215 952 1270 facundissime
983 1216 1132 1283 virgo
1156 1213 1440 1284 Cecropia,
1470 1231 1588 1284 qua:
1619 1215 1890 1286 quondam

288 1321 402 1362 sua).
432 1308 627 1362 mentis
647 1307 913 1375 acumina,
944 1307 1185 1361 Varrone
1215 1308 1513 1362 cmlibatum
1557 1324 1711 1362 suum
1741 1307 1891 1364 aufe-

286 1409 462 1465 rente,
489 1399 689 1454 Latinis
706 1399 1023 1465 tradiderat,
1039 1401 1455 1470 imposturarum
1479 1401 1578 1456 sibi
1599 1401 1884 1472 przestigia,

285 1491 430 1546 sicut
455 1492 569 1560 ipse
593 1492 646 1546 in
677 1492 788 1546 suis
817 1491 1057 1561 epistolis
1086 1491 1351 1562 queritur,
1385 1493 1711 1546 vindicabat.

360 1591 446 1645 15.
471 1591 640 1648 Nemo
659 1591 948 1657 laicorum,
985 1591 1264 1660 quodlibet
1290 1591 1471 1660 palatii
1501 1591 1881 1659 ministerium,

283 1683 371 1739 vel
387 1683 809 1739 ecclesiasticum
826 1681 1209 1753 patrimonium
1229 1682 1574 1751 procurabat,
1591 1681 1684 1738 sed
1704 1685 1882 1740 omnia

281 1773 638 1832 ecclesiastici
682 1773 821 1844 juris
868 1773 1048 1828 munia
1095 1773 1448 1829 ecclesiastici
1475 1763 1573 1828 viri
1599 1775 1878 1842 subibant,

2003 583 2220 654 pmﬁxa
2267 586 2433 639 sacris
2484 587 2780 642 canonibus
2828 595 3089 656 tempora,
3123 585 3351 641 licenter
3385 583 3496 655 jam
3527 583 3604 638 ad

2003 673 2276 742 quodlibet
2306 675 2730 730 ecclesiasticum
2773 675 3006 730 ofliciurn
3056 675 3408 745 provehatur,
3435 675 3482 730 si
3509 681 3600 728 ta-

2002 779 2124 817 men
2167 762 2269 818 illis
2317 781 2423 818 non
2475 765 2635 820 fuerit
2681 765 2993 820 criminibus
3041 765 3358 831 maculatus,
3387 779 3509 835 qua
3543 765 3600 819 in

2001 853 2349 912 Testamento
2383 856 2562 910 Veteri
2593 865 2768 911 morte
2797 857 3144 912 mulctautur.
3173 875 3193 908 ι

2013 989 2018 993 .
2071 947 2157 1001 17.
2201 947 2341 1017 Sed,
2383 947 2485 1003 etb
2514 946 2860 1002 Gelasianum
2905 947 3157 1002 Codicem
3199 945 3266 1002 de
3311 947 3596 1002 missarum

1997 1037 2295 1103 solemniis,
2325 1039 2491 1092 multa
2523 1039 2866 1103 subtrahens,
2889 1053 3064 1108 pauca
3091 1046 3435 1103 convertens,
3464 1055 3594 1094 non-

1996 1131 2143 1185 nulla
2163 1147 2294 1187 vero
2317 1131 2764 1202 superadjiciens,
2791 1146 2887 1200 pro
2912 1129 3247 1199 exponendis
3272 1130 3596 1199 evangelicis

1993 1220 2316 1277 lectionibus
2344 1223 2396 1276 in
2430 1223 2586 1276 unius
2614 1222 2733 1276 libri
2761 1221 3034 1276 volumine
3064 1221 3380 1275 coarctavit.
3411 1220 3468 1274 ln
3496 1235 3593 1275 ca-

1993 1328 2137 1368 none
2158 1314 2437 1382 apposuit:
2471 1332 2487 1364 ‹
2510 1313 2739 1382 Diesque
2762 1320 2978 1366 nostros
3001 1311 3051 1364 in
3076 1319 3166 1364 tua
3187 1325 3323 1380 pace
3343 1306 3590 1379 dispone,

1993 1414 2156 1474 atque
2185 1407 2252 1460 ab
2280 1415 2482 1460 aeterna
2513 1405 2858 1460 damnatione
2903 1420 3000 1459 nos
3036 1403 3190 1481 eripi,
3224 1410 3280 1458 et
3309 1403 3362 1457 in
3389 1403 3592 1458 electo-

1990 1511 2110 1552 rum
2141 1509 2352 1552 tuorurn
2374 1498 2566 1567 jubeas
2594 1511 2755 1568 grege
2784 1496 3074 1551 numerari.
3101 1514 3120 1548 ι

2063 1591 2150 1646 18.
2177 1592 2450 1647 Stationes
2472 1607 2568 1662 per
2591 1591 2841 1646 basilicas
2863 1588 2947 1644 vel
2971 1589 3252 1643 beatorum
3293 1595 3587 1658 martyrum

1990 1685 2324 1746 ccemetcria,
2358 1683 2651 1740 secundum
2682 1681 2825 1752 quod
2869 1682 3132 1736 hactenus
3163 1679 3314 1751 plebs
3342 1678 3587 1734 Romana

1986 1777 2142 1845 quasi
2169 1791 2235 1830 eo
2256 1777 2473 1831 vivente
2503 1775 2751 1830 certatim
2781 1774 3052 1838 discurrit,
3085 1773 3348 1828 sollicitus
3368 1772 3587 1827 ordina-

279 1865 538 1920 nimirum
559 1864 710 1921 laicis
735 1863 803 1919 ad
831 1880 1104 1920 arnrorum
1132 1865 1302 1919 solam
1328 1865 1596 1931 militiam,
1624 1866 1707 1921 vel
1732 1881 1882 1936 agro-
1911 1873 1956 1940 Β
1985 1866 2063 1920 vit
2088 1884 2100 1919 :
2133 1882 2232 1937 per
2259 1882 2392 1935 quas
2434 1875 2489 1922 et
2534 1867 2648 1936 ipse
2689 1866 2845 1920 simul
2895 1864 3224 1930 discurrens,
3257 1863 3380 1919 dum
3409 1863 3586 1918 adhuc

277 1968 402 2011 rum
427 1971 614 2012 curam
645 1956 958 2011 continuam
985 1955 1275 2026 deputatis.
1301 1955 1381 2010 Ob
1412 1955 1516 2010 hoc
1547 1971 1606 2011 se
1635 1958 1881 2012 nonnulli

274 2058 566 2118 procerum
589 2047 688 2102 sub
712 2047 937 2102 obtentu
963 2046 1239 2114 religionis
1269 2047 1442 2116 primo
1465 2055 1748 2103 tonsurare
1770 2063 1882 2104 cce-

273 2127 495 2209 perunt.
527 2135 765 2205 Quorum
798 2137 1229 2206 tergiversationi
1259 2136 1552 2191 Mauricius
1585 2137 1882 2208 imperator

272 2230 575 2302 prudenter
602 2245 912 2300 occurrens,
944 2229 1068 2285 data
1113 2245 1209 2303 per
1239 2228 1534 2298 Longinum
1578 2229 1878 2286 Stratorern

272 2318 416 2392 lege,
444 2323 700 2394 praecepit
723 2332 779 2378 ut
806 2322 1048 2393 quisquis
1069 2321 1256 2378 fuisset
1285 2323 1514 2394 publicis
1537 2323 1879 2379 administras

272 2412 513 2470 tionibus
544 2415 872 2485 implicatus,
904 2415 952 2470 ei
991 2413 1056 2469 ad
1089 2414 1514 2470 ecclesiasticum
1545 2415 1728 2469 venire
1759 2414 1875 2470 olli-

273 2506 417 2562 ciurn
449 2523 558 2562 non
585 2507 793 2563 liceret.
827 2508 997 2573 Quam
1027 2506 1202 2577 legem
1251 2507 1540 2575 Gregorius
1579 2521 1743 2579 super
1772 2507 1876 2562 hoc

270 2595 429 2652 valde
479 2596 750 2666 laudavit,
800 2597 1023 2653 dicens:
1069 2617 1086 2650 ι
1116 2596 1218 2664 Qui
1269 2597 1581 2652 saecularem
1629 2598 1873 2653 habitum

272 2687 549 2752 deserens,
583 2689 650 2743 ad
677 2689 1047 2744 ecclesiactica
1081 2689 1186 2761 50
1215 2688 1391 2744 oflicia
1421 2689 1604 2744 venire
1631 2687 1871 2760 festinat,

269 2793 381 2834 non
409 2779 718 2850 relinquere
741 2781 888 2853 cupit
915 2781 1172 2836 sarculum
1191 2821 1205 2847 ,
1238 2780 1331 2835 sed
1372 2789 1601 2835 mutare.
1628 2799 1645 2832 ι
1706 2780 1724 2850 (
1753 2779 1866 2836 Lib.

271 2883 354 2940 tu,
383 2889 465 2943 ep.
495 2869 611 2944 65.)

345 2971 432 3027 16.
472 2971 692 3040 Verum,
725 2971 851 3028 dum
882 2973 952 3029 ad
982 2973 1286 3030 clericalem
1334 2973 1725 3046 professionem
1757 2983 1866 3030 tam

271 3076 340 3117 ex
373 3061 781 3134 ecclesiastica,
819 3081 981 3136 quam
1027 3083 1091 3122 ex
1124 3067 1368 3123 saeculari
1410 3083 1626 3138 quoque
1675 3069 1865 3125 militia

271 3153 495 3209 diversis
535 3156 939 3226 occasionibus,
988 3158 1227 3228 quotidie
1275 3175 1414 3229 pene
1460 3160 1866 3216 innumerabilis

1989 1959 2167 2027 eloqui
2217 1958 2552 2028 prmvaleret,
2587 1957 2769 2026 viginti
2812 1956 3058 2011 bomilias
3086 1954 3362 2025 Evangelii
3401 1968 3585 2010 coram

1987 2052 2225 2108 Ecclesia
2260 2052 2474 2107 diverso
2503 2061 2748 2122 tempore
2789 2049 3144 2115 declamavit;
3193 2047 3427 2117 reliquas
3454 2062 3584 2104 vero

1985 2144 2226 2214 ejusdem
2273 2144 2483 2199 numeri
2530 2142 2752 2198 dictavit
2799 2140 3052 2210 quidem,
3103 2139 3224 2205 sed,
3255 2139 3583 2194 lassescente

1983 2239 2263 2295 stomacho
2320 2238 2576 2308 languore
2632 2235 2889 2292 continuo
2908 2216 2935 2300 ,I
2981 2233 3099 2288 aliis
3151 2230 3580 2300 pronuntiandam

1983 2327 2270 2384 commisit.

2054 2417 2140 2472 19.
2183 2417 2524 2488 Sequebatur
2573 2414 2844 2470 exercitus
2895 2411 3109 2468 Domini
3154 2411 3292 2466 ultra
3330 2409 3579 2479 citraque

1982 2509 2298 2578 Gregorium
2326 2516 2678 2578 praeeuntem,
2704 2514 2760 2560 et
2779 2505 3042 2560 auditune
3068 2503 3290 2558 verbum
3317 2502 3576 2558 doctrina;

1977 2600 2399 2656 innumerabiles
2426 2599 2664 2668 undique
2693 2596 2893 2652 diversi
2922 2611 3102 2663 sexus,
3132 2594 3308 2650 aetatis
3354 2609 3417 2649 ac
3446 2609 3576 2663 pro.

1975 2693 2245 2758 fessionis,
2261 2692 2580 2746 voluntaria:
2602 2688 2949 2744 confluebant
2964 2688 3238 2751 cohortes,
3254 2685 3448 2757 quibus
3462 2684 3574 2753 ille,
3605 2728 3611 2734 .

1975 2792 2167 2856 utpote
2190 2784 2380 2838 doctor
2402 2782 2636 2837 caelestis
2663 2780 2885 2845 militire,
2909 2778 3115 2833 cunctis
3145 2777 3408 2831 duntaxat
3428 2788 3573 2838 arma

1973 2877 2235 2947 Spiritalia
2257 2873 2606 2943 suggerebat,
2632 2869 2958 2940 pauperibus
2984 2882 3115 2922 vero
3139 2874 3195 2920 et
3218 2865 3457 2929 adven-is,
3481 2863 3573 2934 qui

1973 2982 2072 3038 pro
2099 2963 2408 3020 conditione
2437 2970 2742 3030 temporum
2773 2958 2996 3011 Romam
3029 2953 3370 3018 inﬂuxerant,
3397 2951 3570 3022 qunti.

1972 3055 2132 3110 diana
2169 3052 2441 3123 stipendia
2470 3048 2828 3104 ministrabat.

2042 3154 2129 3208 20.
2161 3153 2336 3223 Super
2353 3166 2583 3221 corpora
2611 3150 2891 3204 beatorum
2920 3146 3062 3201 Petri
3097 3153 3152 3199 et
3178 3143 3330 3198 Pauli
3358 3149 3570 3212 aposto.

268 3246 556 3303 multitudo
585 3247 904 3317 conﬂueret,
936 3261 1120 3321 pastor
1161 3251 1228 3306 ad
1258 3252 1436 3306 omnia
1466 3254 1740 3322 providus,
1774 3271 1870 3310 ne-
1899 3255 1944 3319 C
1976 3249 2150 3303 lorum
2173 3245 2454 3299 missarum
2479 3241 2743 3298 solemnia
2771 3237 3032 3295 celebrari
3053 3236 3311 3298 decrevit,
3337 3233 3568 3302 acquisi-

268 3353 539 3410 quaquam
569 3357 662 3396 eos
693 3342 759 3397 ad
785 3344 1134 3400 ecclesiastici
1160 3343 1371 3400 decoris
1400 3345 1656 3412 cilicium,
1679 3349 1770 3403 sed
1800 3349 1865 3404 ad

267 3432 588 3502 capiendunr
618 3435 958 3491 solummodo
984 3437 1363 3492 monachicum
1390 3439 1727 3508 propositum
1751 3458 1866 3496 sus-

267 3525 547 3595 cipiendos
577 3543 693 3583 esse
717 3530 1004 3594 censebat,
1049 3529 1234 3584 dicens
1261 3548 1272 3582 :
1313 3549 1330 3581 ‹
1367 3529 1564 3586 Multos
1594 3548 1662 3587 ex
1689 3535 1866 3589 eccle-

265 3617 482 3674 siastica
502 3636 598 3677 seu
619 3622 861 3677 saeculari
892 3623 1080 3677 militia
1103 3624 1353 3678 novimus
1383 3625 1448 3678 ad
1479 3628 1865 3696 omnipotentis

264 3707 364 3764 Dei
393 3713 670 3767 servitium
700 3713 976 3784 festinare,
1005 3724 1082 3781 ut,
1116 3718 1182 3771 ab
1222 3718 1454 3772 humana
1500 3719 1760 3776 servitute
1802 3721 1865 3775 li-

263 3799 404 3870 beri,
436 3802 489 3856 in
521 3802 703 3858 divino
734 3805 953 3859 servitio
978 3805 1262 3860 videantur
1308 3807 1620 3861 familiarius
1664 3810 1716 3862 in
1748 3826 1864 3865 nro-

261 3893 520 3946 nasteriis
566 3895 898 3948 conversari.
949 3894 1102 3959 Quod
1153 3896 1197 3951 si
1253 3897 1449 3965 passim
1502 3897 1859 3958 dimittimus.

260 3982 520 4039 erunibus
558 3992 583 4020 α
619 3983 855 4053 fugiendi
903 3985 1253 4040 ecclesiastici
1284 3989 1369 4041 vel
1416 3988 1688 4043 saecularis
1726 3989 1863 4058 juris

260 4073 562 4130 dominium
586 4076 928 4130 occasionem
958 4076 1278 4146 prmbemus.
1312 4077 1367 4131 Si
1390 4094 1520 4132 vero
1544 4077 1861 4139 festinantes

175 4211 178 4214 .
260 4165 333 4221 ad
353 4167 740 4237 omnipotentis
772 4167 868 4222 Dei
883 4168 1162 4222 servitium
1193 4165 1409 4223 incaute
1439 4170 1751 4236 retinemus,
1786 4172 1861 4226 illi

260 4255 564 4312 invenimus
613 4273 809 4327 negare
853 4259 1119 4329 quaedam,
1149 4261 1239 4329 qui
1268 4260 1415 4315 dedit
1453 4263 1654 4317 omnia.
1703 4263 1859 4321 Unde

259 4366 487 4406 necesse
531 4359 612 4406 est
642 4361 700 4406 ut
725 4353 966 4422 quisquis
1011 4368 1075 4408 ex
1102 4353 1237 4422 juris
1267 4355 1620 4411 ecclesiastici
1651 4359 1734 4412 vel
1759 4375 1861 4414 sre-

259 4443 462 4499 cularis
509 4444 712 4498 militia:
749 4445 1008 4499 servitute
1057 4445 1124 4499 ad
1154 4444 1247 4500 Dei
1297 4447 1574 4502 servitium
1613 4451 1854 4506 converti

259 4533 553 4601 desiderat,
585 4535 840 4605 probetur
868 4538 1015 4604 prius
1039 4536 1089 4588 in
1114 4536 1252 4589 laico
1283 4537 1470 4591 habitu
1503 4541 1850 4607 constitutus,

1973 3341 2041 3395 tis
2059 3337 2510 3393 numerosissimis
2526 3333 2756 3397 olivetis,
2771 3345 3001 3414 quorum
3019 3343 3282 3383 summam
3304 3327 3356 3380 in
3373 3325 3568 3380 tabulis

1971 3431 2290 3488 marmoreis
2319 3446 2430 3500 prie
2458 3428 2662 3482 foribus
2687 3423 2928 3495 ejusdem
2955 3421 3191 3477 basilica:
3215 3421 3316 3492 51
3341 3424 3570 3472 annota-

1969 3527 2063 3579 vit.
2101 3523 2402 3577 Luminaria
2434 3516 2822 3588 superaddidit,
2851 3513 3025 3570 cilicia
3054 3511 3239 3568 sedula
3267 3506 3566 3578 deputavit.

1969 3615 2044 3669 De
2088 3613 2360 3682 sepultura
2387 3611 2541 3677 juxta
2581 3606 2916 3669 Ecclesiam,
2949 3600 3292 3658 commodum
3341 3608 3565 3666 sperare

1967 3711 2262 3781 prohibuit.
2289 3707 2508 3776 Septem
2539 3722 2605 3759 ex
2632 3699 3005 3757 defensoribus
3032 3698 3242 3751 honore
3262 3689 3567 3760 regionarie

1968 3801 2302 3858 decorandos
2331 3799 2542 3854 indixit.
2586 3795 2812 3849 Alleluia
2843 3801 2994 3846 extra
3036 3789 3390 3842 Pentecostes
3423 3790 3564 3835 tem-

1966 3910 2101 3965 pora
2151 3893 2254 3946 dici
2301 3892 2368 3945 ad
2397 3891 2587 3942 missas
2636 3888 2780 3941 fecit.
2823 3883 3199 3938 Subdiaconos
3229 3875 3565 3945 exspoliatos

1965 3985 2259 4060 procedere
2290 3981 2492 4036 stzituit.
2529 3978 2692 4049 Ir'yrie
2721 3976 2915 4030 eleison
2954 3972 3162 4029 cantari
3201 3967 3475 4060 praecepit,
3509 3971 3564 4018 et

1966 4078 2263 4133 orationem
2296 4073 2630 4128 Dominicam
2651 4085 2778 4124 mox
2807 4075 2930 4139 post
2952 4078 3214 4121 canonem
3245 4075 3409 4130 super
3431 4059 3561 4113 bos-

1965 4172 2095 4225 tiam
2125 4170 2333 4224 censuit
2363 4165 2598 4221 recitari.

2035 4272 2122 4325 2|.
2165 4271 2242 4324 De
2271 4269 2466 4338 quibus
2503 4281 2627 4322 cum
2677 4271 2862 4335 postea
2911 4257 3174 4332 quosdam
3223 4266 3560 4310 murmurare

1962 4365 2206 4427 sentiret,
2239 4371 2494 4429 tauquam
2525 4357 2616 4429 qui
2647 4351 3262 4422 Constantinopolitanae
3300 4344 3559 4401 Ecclesia:

1963 4454 2384 4513 consuetudines
2409 4458 2746 4519 sequeretur,
2777 4447 3046 4517 piissimus
3077 4442 3240 4496 Pater
3267 4455 3374 4494 non
3400 4437 3556 4514 dedi-

1962 4557 2154 4618 gnatus
2185 4555 2268 4601 est
2296 4544 2520 4599 reddere
2561 4542 2848 4604 rationem,
2875 4539 3058 4592 dicens
3086 4554 3098 4588 :
3137 4554 3154 4586 ‹
3184 4533 3292 4588 Nos
3319 4530 3372 4583 in
3405 4528 3556 4618 nullo

260 4635 322 4681 et
349 4626 394 4680 si
431 4641 612 4680 mores
654 4624 769 4694 ejus
810 4633 970 4694 atque
1017 4627 1356 4682 conversatio
1404 4629 1548 4682 bono
1587 4629 1854 4686 desiderio

1975 4617 2156 4693 norum
2179 4637 2338 4691 aliam
2363 4634 2658 4689 Erclesiam
2682 4631 2852 4685 secuti
2873 4644 3077 4683 sumus.
3095 4624 3228 4678 Nam
3250 4629 3308 4673 ut
3330 4617 3554 4671 Alleluia

259 4718 406 4773 illius
453 4718 820 4774 testimonium
869 4718 1061 4783 ferant,
1093 4719 1297 4787 absque
1338 4720 1442 4773 ulla
1475 4723 1856 4778 retractatione

258 4815 467 4872 servire
513 4816 567 4869 in
607 4815 938 4870 monasterio
968 4815 1328 4884 omnipotenti
1361 4816 1469 4869 Deo
1493 4818 1850 4884 permittatur,

259 4917 323 4965 ut
365 4910 432 4964 ab
478 4910 713 4964 humano
760 4909 979 4963 servitio
1024 4909 1159 4963 liber
1205 4908 1446 4976 ret-edat,
1477 4910 1564 4977 qui
1596 4911 1647 4963 in
1672 4910 1852 4964 divino

257 5002 523 5071 obsequio
559 5002 942 5058 districtiorem
970 5001 1150 5054 subire
1176 5002 1379 5070 appetit
1409 5003 1742 5057 servitutem.
1793 5002 1850 5057 Si

259 5100 440 5148 autem
470 5101 526 5147 et
551 5092 605 5147 in
635 5092 952 5147 monachico
981 5091 1165 5145 habitu
1193 5093 1484 5146 secundum
1517 5093 1733 5149 Patrum
1765 5112 1850 5151 re-

334 5259 363 5288 λ
400 5249 634 5315 Andeg.,
665 5249 894 5321 fugiendi
945 5249 1015 5301 ad
1051 5247 1417 5321 ecclesiastici,
1469 5250 1546 5302 uel
1583 5251 1849 5306 swcularis

256 5321 393 5396 juris
422 5318 702 5396 dominium
725 5318 1053 5396 occasionem
1080 5318 1384 5396 pracbemus.

334 5391 362 5430 ι’
400 5395 492 5448 Sic
519 5392 718 5446 dictum
740 5409 806 5445 ex
835 5390 1048 5444 Gelasio
1080 5389 1119 5455 Ι,
1154 5389 1270 5458 ejus
1293 5397 1534 5444 auctore.
1589 5391 1662 5444 De
1693 5393 1847 5446 addi-

257 5462 408 5517 tione
434 5465 572 5517 facta
603 5463 910 5526 verborum,
937 5461 1158 5532 Diesque
1177 5471 1400 5524 nostras,
1435 5471 1561 5532 etc.,
1596 5462 1712 5529 lege
1743 5462 1847 5517 Be-

256 5533 404 5602 darn,
436 5535 528 5587 lib.
576 5549 610 5587 rt
655 5533 813 5594 Hist.,
845 5548 961 5601 cap.
995 5533 1046 5585 1.
1077 5531 1295 5585 Censet
1325 5531 1664 5585 doctissimus
1695 5532 1850 5599 llugo

258 5601 582 5667 Menardus,
616 5605 667 5657 in
716 5613 839 5657 nota
871 5603 905 5654 2
932 5603 996 5656 ad
1032 5604 1121 5656 lib.
1171 5603 1640 5656 Sacrarnentnrurn
1675 5605 1847 5657 Sancti

172 5714 178 5718 ς
257 5671 502 5745 Gregorii
535 5674 660 5728 olim
690 5675 952 5745 posthaec
979 5674 1161 5745 verba,
1194 5675 1247 5726 in
1271 5676 1422 5727 unius
1452 5673 1569 5745 libri
1592 5674 1850 5745 volumine

255 5741 558 5810 wurctavil,
588 5741 778 5798 lecturi:
811 5741 999 5807 fuisse,
1015 5746 1149 5810 quod
1173 5745 1404 5798 volumen
1432 5743 1616 5797 librum
1651 5744 1848 5797 Sacra-

256 5825 544 5870 mentorum
573 5816 905 5884 prwlilulavit
919 5833 939 5881 ,°
979 5815 1272 5882 nititurun
1302 5816 1610 5869 testimonio
1643 5814 1848 5869 Bernu-

255 5886 342 5944 nis
367 5887 578 5944 abbatis
600 5885 915 5954 Augicnsis,
946 5901 994 5941 c.
1041 5885 1066 5938 1
1102 5887 1220 5941 libri
1244 5887 1310 5941 de
1337 5886 1654 5956 quibusdam
1685 5886 1846 5942 rebus

1965 4731 2052 4786 hic
2086 4743 2106 4767 ε
2134 4731 2423 4792 diceretur,
2454 4726 2520 4780 de
2546 4724 3003 4794 Jerosolymorum
3037 4713 3278 4770 Ecclesia
3307 4726 3374 4766 ex
3406 4707 3552 4764 beati

1965 4821 2275 4893 Hieronymi
2307 4818 2622 4881 traditione,
2655 4826 2895 4883 tempore
2934 4813 3106 4881 beata:
3141 4805 3414 4860 memoria:
3442 4801 3552 4856 Da-

1961 4914 2096 4968 masi
2128 4927 2296 4982 papse,
2332 4910 2559 4964 traditur
2607 4914 2868 4968 tractum;
2919 4910 2974 4956 et
3015 4900 3134 4953 ideo
3173 4897 3342 4965 magis
3369 4896 3422 4950 in
3449 4895 3551 4949 hac

1962 5006 2089 5061 sede
2118 5005 2259 5057 illam
2299 4998 2738 5055 consue-tudinen‘i
2789 4992 3208 5062 amputavirnus,
3249 5003 3370 5057 qua:
3397 4987 3486 5040 hic
3509 4999 3547 5040 Α

1963 5096 2163 5150 Graecis
2186 5093 2355 5148 fuerat
2373 5090 2585 5144 tradita.
2607 5086 2972 5142 Subdiaconos
2994 5092 3193 5149 autem,
3213 5090 3272 5135 ut
3291 5079 3567 5150 spoliatos.

1959 5253 2026 5306 ad
2046 5243 2683 5324 nrissamuspectantibus:
2708 5248 2860 5312 unde,
2884 5248 3072 5318 inquit,
3091 5253 3141 5300 et
3166 5246 3219 5299 in
3251 5244 3370 5324 Vite
3386 5243 3548 5324 ipsius

1958 5324 2206 5392 legimus;
2252 5309 2361 5377 séd
2402 5333 2448 5374 et
2491 5309 3378 5392 Octauianum,etc'...,—coarctavit,
3407 5309 3548 5392 quod

1959 5383 2215 5460 volumen,
2241 5405 2344 5446 etc.
2377 5394 2480 5445 Sed
2515 5392 2737 5446 fortasse
2766 5391 2949 5444 ultima
2974 5383 3060 5442 illa
3083 5387 3247 5460 verba
3266 5391 3408 5460 sunt

1962 5465 2154 5528 nonis,
2198 5449 2303 5517 non
2346 5464 2564 5516 Joanni~
2603 5463 2855 5524 Dial-oni,
2899 5460 2960 5513 Ct
2978 5469 3059 5513 rte
3100 5459 3149 5511 in
3179 5456 3345 5531 ipsius
3370 5449 3540 5531 ded.

1957 5552 2088 5589 mss.
2108 5526 2236 5587 nihil
2255 5535 2427 5587 simile
2448 5534 2659 5598 legitur,
2675 5534 2924 5601 nullaque
2942 5536 3229 5598 supersunt
3245 5526 3544 5578 abrasionis

1956 5616 2044 5660 aut
2077 5606 2369 5658 ttvuLionis
2392 5604 2632 5671 vosligia.

2031 5689 2051 5713 ε
2098 5676 2299 5729 Mabill.
2331 5692 2376 5729 e:
2411 5663 2698 5734 Gussanv”
2733 5689 2834 5726 non
2866 5672 3139 5723 diceretur.
3175 5663 3434 5718 Tollenda
3461 5669 3540 5718 est

1954 5749 2262 5800 necessario
2311 5746 2558 5812 negatio;
2600 5745 2834 5810 alioquin
2866 5738 3155 5815 Gregorius
3179 5750 3285 5815 non
3317 5749 3540 5804 respon-

1954 5819 2107 5873 deret
2132 5805 2464 5889 querelis‘de
2489 5805 2799 5870 introducto
2828 5805 3040 5867 cantico
3069 5805 3314 5860 Alleluia.
