4118 6468
587 409 657 467 95
1188 405 1245 461 S.
1286 400 1612 459 GREGORII
1654 400 1867 459 MAGNI
1908 400 2087 458 VITA.
2132 398 2335 456 AUCT.
2376 398 2638 458 JOANNE
2678 399 2992 458 DIACONO.
3036 400 3159 457 LIB.
3200 400 3261 456 Il.
3817 397 3887 454 96

590 524 885 597 procedere
910 522 1163 585 facerem,
1186 519 1404 587 antiqua
1428 517 1762 574 consuetudo
1784 516 2041 572 Ecclesia:
2065 515 2186 583 fuit,
2216 514 2271 576 Α
2364 513 2453 569 25.
2498 515 2617 571 Alio
2646 530 2862 586 quoque
2890 525 3139 588 tempore
3187 515 3326 570 idem
3376 513 3702 583 Gregorius,
3728 512 3890 584 juxta

584 618 680 675 sed
726 616 928 687 placuit
956 612 1163 669 cuidam
1208 618 1395 665 nostro
1436 608 1698 679 pontifici,
1733 609 1916 687 nescio
1945 609 2051 673 cui,
2081 608 2175 678 qui

582 727 680 769 eos
706 710 931 767 vestitos
957 704 1253 777 procedere
1277 703 1555 774 praecepit.
1588 701 1719 756 Nam
1764 702 1959 756 Sicilia:
1988 700 2173 757 Eccle-

581 805 700 874 siae,
724 800 962 871 nunquid
979 798 1325 853 traditionem
1348 812 1375 850 a
1403 795 1605 851 Graecis
1628 796 1994 865 acceperunt?
2022 793 2175 849 Unde

582 909 711 965 ergo
748 892 950 947 habent
994 889 1155 944 hodie
1198 896 1258 943 ut
1305 886 1617 942 subdiaconi
1668 887 1723 941 in
1774 887 1931 940 lineis
1980 886 2174 940 tunicis

578 983 897 1055 procedant,
927 981 1031 1036 nisi
1061 979 1188 1048 quia
1235 980 1338 1034 hoc
1378 994 1408 1033 a
1438 986 1610 1033 matre
1661 993 1755 1034 sua
1796 976 2040 1032 Romana
2068 976 2174 1032 Ee-

578 1077 739 1133 clesia
769 1074 1163 1145 perceperunt?
1210 1070 1374 1142 Kyrie
1420 1072 1610 1124 eteison
1660 1078 1841 1124 autem
1872 1084 1971 1124 nos
2000 1084 2175 1138 neque

577 1168 809 1222 diximus
840 1180 1016 1234 neque
1045 1165 1303 1231 dicimus,
1343 1163 1481 1217 sicut
1519 1178 1548 1216 a
1578 1161 1777 1217 Grzecis
1804 1161 2017 1227 dicitur,
2050 1161 2175 1231 quia

577 1260 631 1315 in
662 1259 868 1315 Graecia
898 1274 1087 1313 omnes
1114 1257 1272 1311 simul
1303 1257 1505 1317 dicunt,
1539 1253 1680 1323 apud
1718 1269 1818 1307 nos
1848 1269 1977 1307 vero
2005 1268 2034 1306 a
2066 1253 2175 1307 cle-

577 1350 703 1405 ricis
732 1349 892 1404 simul
917 1347 1127 1410 dicitur,
1156 1361 1185 1399 a
1211 1345 1411 1415 populo
1440 1342 1819 1412 respondetur.
1854 1341 1920 1394 Et
1948 1342 2173 1397 totidem

577 1439 787 1493 vicibus
815 1438 978 1492 etiam
1006 1435 1207 1490 Christe
1228 1436 1418 1489 eleison
1447 1434 1664 1501 dicitur,
1686 1434 1831 1503 quod
1862 1434 2001 1502 apud
2027 1432 2175 1487 Grae-

579 1546 674 1585 cos
703 1529 1015 1583 nullomodo
1044 1526 1258 1582 dicitur.
1306 1526 1365 1579 ιιι
1410 1525 1737 1594 quotidianis
1766 1534 1947 1579 autem
1997 1526 2174 1580 missis

579 1622 686 1676 alia
734 1636 853 1691 qua:
902 1619 1009 1674 dici
1058 1619 1234 1673 solent
1288 1626 1545 1681 tacemus,
1591 1616 1963 1669 tantummodo
2011 1615 2175 1678 quie

576 1718 793 1785 eteison,
815 1723 871 1770 et
899 1713 1100 1767 Christe
1137 1713 1328 1767 eleison
1359 1710 1605 1773 dicimus,
1638 1716 1695 1762 ut
1725 1709 1777 1762 in
1806 1709 1889 1762 his
1910 1714 2172 1778 depreca-

577 1809 740 1863 tionis
780 1807 1000 1862 vocibus
1039 1805 1201 1875 paulo
1236 1804 1438 1859 diutius
1477 1818 1825 1870 occupemur.
1858 1801 2173 1857 Orationem

579 1913 713 1953 vero
743 1896 1073 1951 Dominicam
1117 1894 1315 1949 idcirco
1350 1909 1477 1947 mox
1519 1901 1641 1962 post
1682 1908 1899 1962 precem
1927 1892 2172 1959 dicimus,

576 1990 704 2059 quia
740 2004 857 2044 mos
884 1988 1255 2058 apostolorum
1287 1987 1387 2040 fuit
1416 1997 1474 2041 ut
1516 1987 1581 2040 ad
1614 1988 1787 2056 ipsam
1837 1987 2177 2042 solummodo

576 2081 877 2137 orationem
908 2079 1200 2134 oblationis
1230 2080 1463 2133 hostiam
1491 2086 1893 2133 consecrarent.
1927 2076 1991 2131 Et
2020 2078 2178 2133 valde

576 2175 705 2229 mihi
736 2172 1123 2228 inconveniens
1148 2172 1320 2226 visum
1352 2178 1435 2225 est
1461 2179 1518 2225 ut
1559 2185 1778 2239 precem
1808 2184 1970 2238 quam
2012 2169 2174 2224 sche-

576 2266 798 2321 lastieus
820 2272 1203 2334 composuerat
1224 2278 1384 2332 super
1413 2262 1743 2325 oblationem
1774 2261 2096 2327 diceremus,
2122 2268 2177 2314 ct

578 2358 749 2427 ipsam
781 2355 1125 2409 traditionem
1174 2368 1335 2421 quam
1374 2351 1707 2421 Redemptor
1737 2359 1920 2406 noster
1948 2365 2173 2421 compo-

579 2450 683 2506 suit
713 2463 876 2518 super
904 2447 1023 2516 ejus
1048 2462 1241 2516 corpus
1270 2453 1324 2500 et
1368 2446 1683 2514 sanguinem
1709 2460 1819 2499 non
1849 2443 2171 2499 diceremus.

578 2538 687 2594 Sed
708 2548 763 2592 et
784 2538 1063 2594 Dominica
1094 2538 1269 2592 oratio
1290 2536 1431 2606 apud
1458 2534 1675 2591 Grreeos
1704 2536 1772 2590 ab
1800 2536 1944 2590 omni
1976 2535 2177 2605 populo

579 2628 796 2693 dicitur,
830 2629 971 2698 apud
998 2644 1098 2683 nos
1126 2642 1257 2682 vero
1287 2642 1317 2681 a
1346 2627 1463 2682 solo
1508 2625 1788 2681 sacerdote
1819 2635 2084 2681 cantatur.
2118 2625 2177 2681 In

580 2735 687 2790 quo
712 2733 841 2789 ergo
869 2718 1177 2775 Grzceorum
1201 2717 1617 2774 consuetudines
1644 2718 1819 2773 secuti
1848 2735 2054 2785 sumus,
2084 2718 2177 2789 qui

580 2820 672 2868 aut
699 2821 910 2869 veteres
940 2821 1154 2868 nostras
1180 2812 1552 2882 reparavimus
1571 2856 1584 2876 ,
1614 2820 1707 2866 aut
1736 2827 1905 2868 novas
1934 2820 1989 2867 et
2018 2814 2178 2868 utiles

581 2909 976 2971 constituimus,
1006 2909 1060 2963 in
1085 2907 1279 2977 quibus
1324 2915 1502 2961 tamen
1528 2906 1664 2962 alios
1693 2916 1716 2943 α
1746 2923 1855 2963 non
1885 2908 2178 2978 probamur

581 3000 813 3056 imitari?
840 2998 983 3067 Ergo
1009 3008 1189 3053 vestra
1216 2998 1468 3065 charitas,
1496 3014 1616 3052 cum
1641 3000 1856 3054 occasio
1880 2998 2091 3054 dederit
2121 3001 2178 3054 ut

581 3091 649 3145 ad
678 3090 1037 3145 Catanensem
1066 3090 1339 3145 civitatem
1369 3096 1591 3158 pergat,
1633 3089 1719 3143 vel
1757 3090 1810 3143 in
1837 3088 2176 3160 Syracusana

582 3181 846 3248 Ecclesia,
881 3198 977 3237 eos
1007 3198 1145 3251 quos
1174 3181 1347 3236 credit
1374 3192 1466 3235 aut
1509 3181 1757 3249 intelligit
1778 3222 1793 3247 ,
1828 3182 1952 3251 quia
1982 3182 2048 3237 de
2074 3184 2176 3238 hac

2279 610 2721 666 consuetudinem
2752 626 2932 678 suam,
2962 609 3219 680 praecepit
3257 608 3539 663 sacellario
3581 616 3640 661 ut
3669 607 3883 662 duode-

2277 700 2380 755 cim
2408 702 2722 771 peregrinos
2756 702 2824 756 ad
2866 701 3149 772 prandium
3199 699 3471 754 invitaret.
3516 698 3615 765 Qui
3648 712 3883 769 pergens

2272 790 2420 859 jussa
2449 792 2756 863 complevit,
2783 808 2988 863 eosque
3018 793 3084 847 ad
3115 808 3357 849 mensam
3388 801 3592 862 pariter
3614 798 3642 836 ι)
3666 792 3880 847 ordina-

2276 886 2372 941 vit.
2406 886 2541 941 Dum
2569 895 2748 943 autem
2796 888 2954 943 simul
3007 887 3431 955 discumberent,
3463 888 3679 941 intuens
3718 902 3881 957 papa,

2278 977 2533 1033 tredecim
2591 979 2934 1045 numeravit;
2986 987 3041 1033 et
3093 979 3359 1034 accersito
3413 978 3735 1043 sacellario,
3788 994 3883 1032 cur

2277 1076 2465 1124 contra
2504 1069 2800 1139 jussionem
2849 1086 2999 1127 suam
3055 1070 3274 1125 tertium
3324 1069 3593 1124 decimum
3653 1069 3883 1124 invitare

2274 1162 2679 1231 praesumpserit
2734 1162 3030 1231 inquisivit.
3087 1161 3181 1215 llle
3228 1160 3657 1229 obstupefactus,
3695 1160 3883 1214 convi-

2276 1261 2465 1309 vantes
2497 1253 2810 1322 peregrinos
2838 1254 3102 1308 curiosius
3146 1253 3476 1317 numeravit,
3510 1262 3562 1306 et
3591 1251 3879 1305 duodecim

2277 1344 2422 1398 solos
2456 1344 2736 1399 inveniens
2759 1384 2773 1409 ,
2803 1345 2973 1399 veluti
3015 1359 3239 1399 securus
3287 1342 3568 1413 respondit
3598 1346 3629 1393 z"
3652 1361 3671 1394 ι
3704 1341 3879 1397 Crede

2277 1434 2428 1498 mihi,
2452 1435 2785 1489 honorabilis
2809 1434 2985 1501 Pater,
3007 1452 3115 1491 non
3136 1444 3262 1490 sunt
3287 1436 3387 1489 nisi
3409 1435 3713 1499 duodecim,
3739 1436 3880 1488 sicut

2278 1527 2394 1597 ipse
2420 1527 2648 1597 jussisti.
2690 1547 2707 1580 ι
2742 1528 2883 1596 Ergo
2914 1528 3040 1583 dum
3071 1530 3352 1603 convictus
3376 1529 3569 1599 saepius
3592 1528 3877 1583 duodecim

2279 1618 2570 1674 identidem
2601 1630 2931 1686 numeraret,
2965 1635 3029 1673 ac
3055 1620 3270 1674 tertium
3300 1620 3567 1675 decimum
3599 1636 3760 1689 quem
3791 1636 3880 1675 so-

2278 1711 2361 1767 lus
2390 1727 2529 1782 papa
2572 1712 2756 1767 videre
2786 1721 3023 1782 poterat,
3053 1728 3162 1767 non
3205 1712 3445 1781 videret,
3496 1712 3879 1767 animadvertit

2281 1804 2573 1874 spiritualis
2600 1804 2756 1860 Pater
2773 1804 3068 1874 Gregorius
3084 1802 3260 1860 virum
3284 1806 3507 1875 propius
3529 1805 3879 1860 discumben-

2206 1897 2253 1957 B
2282 1906 2390 1953 tem
2412 1898 2591 1953 vultus
2619 1899 2810 1954 crebro
2837 1907 3173 1965 convertere,
3199 1908 3255 1954 et
3276 1913 3417 1954 nunc
3454 1898 3877 1963 adolescentem,

2284 2006 2426 2045 nunc
2455 2004 2583 2044 vero
2610 1990 2851 2044 vetulum
2878 1989 3187 2044 veneranda
3216 1990 3447 2059 quadam
3477 1990 3676 2044 canitie
3710 1990 3878 2043 simu-

2280 2080 2413 2134 lare.
2445 2079 2622 2135 Finito
2650 2081 2921 2146 convivio,
2951 2081 3236 2135 duodecim
3263 2081 3479 2150 quidem
3508 2081 3657 2135 abire
3679 2082 3879 2152 permi—

2280 2173 2381 2240 sit;
2412 2174 2627 2228 tertium
2656 2173 2926 2229 decimum
2948 2189 3078 2228 vero
3108 2190 3270 2229 manu
3298 2174 3613 2244 suscipiens,
3643 2175 3699 2229 in
3729 2175 3877 2229 cubi-

2280 2263 2460 2318 culum
2506 2280 2662 2318 suum
2694 2264 2922 2330 induxit,
2957 2265 3307 2321 vehementer
3346 2266 3598 2335 adjurans
3638 2272 3699 2320 ut
3727 2266 3777 2320 ei
3820 2281 3878 2321 se

2281 2372 2589 2427 nomenque
2619 2372 2773 2411 suum
2804 2356 3121 2426 simpliciter
3148 2358 3378 2427 prodere
3408 2358 3745 2426 dignaretur.
3778 2358 3877 2424 Qui

2280 2447 2616 2516 respondens
2640 2490 2655 2514 ,
2708 2446 2881 2500 dixit:
2924 2466 2942 2497 ι
2974 2445 3039 2499 Ει
3071 2462 3166 2501 cur
3198 2448 3501 2516 interrogas
3540 2448 3609 2503 de
3660 2450 3876 2504 nomine

2280 2552 2425 2605 meo,
2443 2539 2587 2607 quod
2610 2545 2692 2593 est
2718 2537 2997 2593 mirabile?
3026 2538 3407 2593 Verumtamen
3439 2540 3596 2608 scito,
3614 2543 3874 2597 memoria

2279 2642 2694 2697 recognoscens,
2725 2630 2850 2699 quia
2874 2644 2973 2698 ego
2996 2645 3113 2683 sum
3139 2630 3427 2699 naufragus
3460 2631 3548 2684 ille
3573 2632 3664 2699 qui
3698 2647 3873 2701 quon-

2278 2718 2403 2773 dam
2428 2719 2549 2773 veni
2574 2720 2639 2774 ad
2672 2728 2744 2782 te,
2770 2720 2985 2787 quando
3006 2719 3282 2774 scribebas
3312 2720 3366 2773 in
3394 2720 3529 2774 cella
3557 2722 3873 2779 monasterii

2281 2812 2358 2864 tui
2380 2811 2445 2865 ad
2462 2811 2654 2865 clivum
2672 2810 2879 2874 Scauri,
2898 2812 2983 2866 cui
3008 2812 3200 2867 dedisti
3221 2813 3506 2867 duodecim
3528 2814 3872 2881 numismata,

2280 2911 2336 2958 et
2358 2914 2667 2972 argenteam
2697 2904 2997 2971 scutellam,
3030 2920 3189 2973 quam
3221 2906 3315 2959 tibi
3349 2907 3569 2960 miserat
3590 2924 3712 2961 cum
3740 2908 3872 2963 infu-

2278 2994 2352 3049 sis
2382 2994 2737 3063 leguminibus
2780 2996 2938 3049 bcata
2966 2994 3129 3050 Silvia
3175 3004 3350 3050 mater
3380 3004 3489 3051 tua.
3540 2996 3609 3050 Et
3642 3000 3746 3053 hoc
3776 3000 3873 3055 tibi

2278 3100 2378 3153 pro
2401 3093 2552 3138 certo
2582 3085 2651 3140 sit
2672 3086 2968 3154 cognitum,
3000 3087 3121 3155 quia
3147 3088 3327 3143 abillo
3355 3087 3443 3143 die
3470 3105 3577 3158 quo
3602 3091 3729 3145 mihi
3763 3093 3873 3149 haec

2278 3178 2439 3231 hilari
2484 3178 2662 3233 animo
2715 3180 2981 3245 tribuisti,
3030 3181 3316 3236 destinavit
3355 3191 3408 3237 te
3456 3182 3713 3238 Dominus
3762 3182 3873 3244 ﬁeri

584 3288 645 3331 re
672 3288 1009 3328 murmurare
1035 3280 1344 3342 potuerunt,
1375 3271 1517 3326 facta
1546 3272 1930 3336 collocutione,
1963 3275 2178 3344 doceat,
2205 3271 2253 3332 C
2283 3274 2563 3340 prtesulem
2595 3281 2791 3326 sanctae
2821 3288 2928 3327 sua:
2954 3270 3225 3339 Ecclesiae,
3260 3291 3358 3345 pro
3388 3289 3492 3344 qua
3522 3285 3578 3331 et
3600 3279 3874 3347 proprium

587 3371 643 3418 et
671 3364 824 3432 quasi
847 3363 951 3417 alia
982 3379 1047 3418 ex
1081 3364 1367 3417 occasione
1397 3377 1491 3416 eos
1518 3361 1784 3418 instruere
1803 3378 1911 3417 non
1936 3364 2179 3421 desistat.

586 3456 722 3513 Nam
770 3456 838 3512 de
882 3455 1477 3524 Constantinopolitana
1526 3455 1765 3510 Ecclesia
1806 3454 1946 3526 quod
1976 3456 2179 3524 dicunt,

588 3547 712 3617 quis
761 3562 879 3602 eam
922 3546 1133 3601 dubitet
1179 3544 1294 3600 sedi
1345 3546 1657 3616 apostolicae
1695 3562 1815 3603 esse
1843 3548 2182 3617 subjectam?

589 3637 743 3704 Quod
765 3646 818 3693 et
840 3638 1108 3708 piissimus
1133 3636 1382 3691 dominus
1405 3638 1718 3707 imperator,
1734 3647 1788 3693 et
1814 3638 1979 3694 frater
1998 3648 2184 3698 noster

589 3729 827 3799 ejusdem
879 3728 1113 3784 civitatis
1150 3728 1437 3798 episcopus
1467 3728 1679 3783 assidue
1721 3728 2067 3799 proﬁtentur;
2102 3741 2183 3788 ta-

588 3836 711 3875 men
750 3821 795 3874 si
822 3820 948 3891 quid
977 3818 1105 3875 boni
1128 3860 1142 3886 ,
1185 3819 1266 3875 vel
1295 3818 1433 3889 ipsa,
1472 3819 1560 3874 vel
1589 3820 1756 3875 altera
1786 3819 2025 3877 Ecclesia
2045 3863 2058 3887 ,
2088 3823 2181 3878 ha-

585 3915 699 3981 bet,
723 3928 822 3983 ego
852 3924 907 3969 et
934 3914 1175 3969 minores
1202 3928 1371 3980 meos,
1403 3927 1542 3982 quos
1570 3912 1637 3967 ab
1665 3912 1864 3969 illicitis
1894 3914 2176 3984 prohibeo,

586 4006 641 4060 in
668 4006 814 4061 bono
846 4005 1039 4059 imitari
1070 4015 1291 4075 paratus
1313 4020 1451 4059 sum.
1482 4005 1690 4059 Stultus
1724 4014 1806 4058 est
1836 4007 1976 4060 enim
2004 4007 2095 4076 qui
2126 4008 2179 4062 in

587 4114 654 4153 eo
683 4113 743 4152 se
771 4099 1000 4167 primum
1031 4098 1327 4165 existimat,
1358 4107 1417 4152 ut
1441 4098 1582 4152 bona
1611 4112 1731 4166 qum
1752 4098 1946 4153 viderit
1972 4100 2181 4156 discere

585 4197 917 4246 contemnat.
942 4208 960 4240 ι
999 4188 1138 4259 (Lib.
1171 4206 1247 4255 ix,
1271 4207 1353 4258 ep.
1386 4188 1498 4255 12.)

657 4279 744 4334 2'2.
786 4278 969 4333 Tanta:
1012 4279 1391 4349 hospitalitatis
1431 4280 1721 4349 Gregorius
1769 4281 1821 4337 in
1867 4283 1984 4352 ipso
2013 4284 2178 4340 etiam

583 4397 912 4469 patriarcbio
941 4398 1255 4467 permansit,
1290 4406 1349 4452 ut
1377 4398 1619 4468 exceptis
1646 4398 1729 4454 his
1757 4415 1912 4468 quos,
1945 4410 2050 4456 tam
2082 4419 2180 4473 per

581 4490 826 4545 diversas
854 4490 1104 4557 regiones
1125 4504 1286 4559 quam
1314 4488 1499 4543 Romae
1543 4504 1760 4559 quoque
1790 4491 2176 4561 Langobardo-

581 4601 699 4642 rum
723 4586 827 4657 52
850 4584 1087 4656 pertidim
1112 4584 1318 4653 gladios
1345 4585 1626 4654 fugientes,
1652 4586 2012 4642 ecclesiastica
2036 4589 2177 4658 stipe

2287 3364 2600 3432 sanguinem
2645 3364 2797 3431 fudit,
2828 3372 2882 3419 et
2911 3380 3031 3420 esse
3062 3375 3115 3420 te
3143 3382 3504 3423 successorem
3535 3377 3698 3439 atque
3730 3373 3874 3426 vica-

2286 3455 2424 3510 rium
2455 3458 2824 3526 apostolorum
2856 3458 3110 3528 principis
3141 3457 3320 3527 Petri,
3366 3462 3516 3530 cujus
3546 3470 3600 3518 et
3625 3465 3873 3521 virtutem

2288 3548 2525 3602 imitatus
2565 3562 2623 3602 es
2650 3564 2771 3603 eum
2800 3549 3156 3604 substantiam
3205 3549 3543 3608 offerentium
3575 3555 3873 3627 divideret,

2288 3649 2449 3710 prout
2491 3640 2684 3709 cuique
2732 3657 2867 3710 Opus
2912 3650 3047 3697 erat.
3080 3662 3098 3695 ›
3146 3642 3271 3699 Haec
3316 3645 3538 3701 audiens
3587 3641 3876 3717 Gregorius

2286 3730 2455 3785 dixit:
2491 3750 2508 3781 ι
2537 3729 2606 3783 Et
2635 3738 2690 3785 tu
2722 3734 2994 3801 quomodo
3017 3736 3157 3789 nosti
3180 3736 3323 3805 quod
3354 3744 3481 3793 tunc
3504 3755 3589 3795 me
3622 3741 3875 3797 Dominus

2286 3839 2517 3893 prmesse
2547 3834 2745 3880 sanctae
2774 3824 3026 3882 Erclesim
3055 3844 3163 3883 sua:
3191 3829 3544 3886 destinarit?»
3579 3832 3648 3886 At
3677 3819 3766 3889 ille
3796 3836 3874 3889 in-

2286 3918 2402 3985 quit
2426 3934 2437 3968 :
2471 3934 2488 3967 c
2516 3915 2778 3981 Quoniam
2798 3932 2898 3986 ego
2924 3920 3143 3988 angelus
3170 3921 3284 3989 ejus
3313 3938 3452 3990 sum,
3485 3932 3539 3978 et
3565 3932 3691 3980 tunc
3713 3928 3781 3981 ab
3809 3942 3874 3981 eo

2287 4009 2353 4063 ad
2382 4022 2527 4064 tuum
2552 4012 2928 4080 inquirendum
2963 4015 3297 4084 propositum
3324 4017 3640 4073 destinatus.
3672 4038 3689 4071 ι
3727 4018 3874 4075 Tunc

2285 4102 2596 4171 Gregorius,
2623 4106 2749 4171 quia
2781 4105 3013 4159 nondum
3054 4106 3339 4162 manifeste
3365 4108 3571 4163 viderat
3602 4110 3872 4182 angelum,

2283 4209 2507 4263 prorsus
2532 4198 2763 4265 expavit,
2793 4197 2999 4265 sibique
3027 4199 3168 4254 lnme
3201 4200 3376 4255 taliter
3405 4200 3670 4257 dicentem
3721 4204 3873 4258 audi-

2284 4289 2399 4342 vit:
2434 4307 2453 4340 ι
2489 4288 2566 4343 Ne
2593 4290 2801 4355 timeas,
2834 4306 3009 4359 neque
3052 4293 3334 4360 formides,
3364 4310 3490 4350 ecce
3536 4297 3680 4351 enim
3730 4299 3873 4354 misit

2285 4396 2373 4434 me
2419 4380 2677 4436 Dominus
2702 4424 2718 4455 ,
2763 4390 2824 4435 ut
2869 4383 2967 4437 sim
3000 4384 3095 4438 tibi
3125 4394 3324 4453 custos,
3357 4387 3596 4457 quandiu
3626 4388 3791 4445 fueris
3821 4391 3873 4447 in

2286 4471 2389 4526 isto
2417 4474 2629 4527 mortali
2661 4474 2882 4538 szeculo,
2913 4483 3178 4543 quatenus
3226 4493 3601 4548 quamcunque
3640 4494 3752 4534 rem
3783 4496 3873 4550 pe~

2288 4565 2452 4627 tieris,
2473 4581 2568 4635 per
2590 4580 2676 4619 me
2697 4566 2835 4635 apud
2858 4582 2978 4619 cum
3000 4566 3311 4623 lidneialiter
3327 4570 3501 4624 valeas
3518 4572 3828 4641 impetrare.
3848 4592 3867 4625 ι

581 4679 1005 4733 misericorditer
1034 4676 1322 4742 nutrieba"
1354 4678 1420 4730 ad
1459 4693 1701 4732 mensam
1751 4696 1902 4735 suam
1934 4682 2175 4749 quoudic
2206 4649 2252 4706 Ῑ)
2280 4660 2429 4715 Illico
2460 4658 2751 4729 Gregorius
2779 4662 2831 4715 in
2859 4662 3050 4716 faciem
3077 4679 3226 4717 suam
3253 4666 3477 4731 corruit,
3512 4667 3697 4723 dicens
3724 4688 3735 4722 :
3777 4690 3794 4721 ί
3818 4669 3871 4727 Si

579 4771 893 4840 peregrinos
913 4769 1181 4839 quoslibet
1205 4769 1476 4823 invitaret.
1504 4769 1648 4824 Inter
1674 4787 1809 4839 quos
1829 4772 1913 4827 die
1940 4774 2173 4842 quadam

580 4875 719 4914 unus
746 4861 993 4926 accessit,
1026 4862 1076 4913 in
1101 4846 1253 4929 cujus
1282 4861 1532 4916 manibus
1556 4862 1679 4916 dum
1720 4864 1834 4932 ipse
1862 4881 1927 4919 ex
1956 4866 2173 4921 humili-

581 4952 709 5005 tatis
739 4951 1035 5005 ministerio
1064 4968 1253 5021 aquam
1286 4953 1510 5007 fundere
1546 4956 1728 5023 vellet,
1760 4972 2053 5012 conversus
2083 4976 2173 5013 ur-

577 5057 732 5097 ceum
785 5028 1009 5112 accepit,
1040 5043 1137 5098 sed
1183 5053 1405 5112 repente
1454 5061 1573 5100 cum
1630 5048 1683 5100 in
1730 5046 1883 5115 cujus
1927 5052 2171 5107 manibus

576 5148 772 5202 aquam
807 5134 1026 5189 tundere
1053 5135 1299 5189 voluerat
1345 5153 1453 5191 non
1506 5139 1728 5193 invenit.
1780 5140 2022 5212 Cumque
2073 5144 2175 5199 hoc

576 5226 774 5283 factum
806 5244 986 5283 secum
1018 5229 1132 5299 ipse
1160 5231 1464 5298 miraretur,
1509 5233 1696 5287 eadem
1727 5244 1884 5290 nocte
1916 5237 2172 5292 Dominus

574 5323 624 5378 ei
655 5338 751 5393 per
782 5322 1041 5378 visionem
1068 5323 1238 5378 dixit:
1279 5344 1297 5376 ε
1325 5324 1546 5380 (laeteris
1576 5326 1765 5381 diebus
1792 5343 1879 5382 me
1913 5330 1964 5381 in
1996 5344 2170 5383 mem-

574 5413 681 5469 bris
724 5415 896 5481 meis,
948 5415 1203 5472 hesterno
1254 5425 1431 5472 autem
1481 5417 1567 5471 die
1613 5433 1699 5472 me
1747 5418 1798 5471 in
1850 5421 2169 5491 memetipso

572 5518 876 5587 suscepisti.
905 5535 922 5569 ι

646 5688 669 5712 κ
708 5677 864 5740 Editi,
883 5676 1295 5746 comprobantur,
1318 5672 1739 5743 repugnantibus
1762 5672 1887 5727 Mss.
1908 5681 1959 5727 ct
1980 5681 2165 5729 contra

577 5748 747 5801 sancti
797 5746 1039 5815 Gregorii
1084 5756 1338 5801 mentem.

644 5817 670 5854 ι’
710 5816 887 5887 Bigot.
913 5813 971 5873 et
1003 5816 1169 5885 Utic.,
1195 5816 1455 5881 invitavit,
1480 5813 1652 5871 Porro
1691 5815 1780 5870 hic
1827 5816 2127 5871 sacellarius
2146 5859 2161 5886 ,

2284 4762 2507 4823 preptcr
2534 4754 2785 4823 pusillum
2832 4770 2965 4808 meae
3005 4756 3285 4824 parvitatis
3324 4760 3696 4815 munusculum
3728 4770 3871 4820 tanta

2283 4848 2413 4901 mihi
2436 4848 2683 4902 retribuit
2703 4848 3259 4917 omnipotentissimus
3282 4850 3559 4918 Dominus,
3585 4864 3643 4907 ut
3664 4863 3719 4908 et
3744 4871 3871 4923 pon-

2282 4940 2481 4996 tificem
2509 4956 2595 4996 me
2621 4951 2821 4996 sanctae
2849 4958 2957 4996 sua:
2989 4940 3240 4997 Ecclesiae
3260 4944 3478 5011 faceret,
3511 4954 3567 5000 et
3595 4948 3871 5004 custodem

2282 5033 2412 5087 mihi
2442 5050 2595 5087 suum
2644 5034 2887 5103 angelum
2922 5034 3203 5103 deputaret
3229 5078 3242 5100 ,
3276 5045 3476 5104 quanta
3516 5049 3697 5108 putem
3745 5040 3870 5097 mihi

2281 5126 2513 5191 restitui,
2536 5126 2579 5180 si
2601 5125 2652 5179 in
2681 5127 2963 5195 praeceptis
2994 5126 3110 5194 ejus
3142 5127 3265 5180 totis
3288 5127 3491 5182 viribus
3522 5144 3867 5199 permanens,

2280 5217 2384 5288 53
2413 5216 2562 5285 plura
2584 5216 2838 5272 studuero
2869 5217 2936 5271 de
2965 5216 3206 5287 pluribus
3235 5220 3505 5287 erogare?
3540 5238 3559 5271 ι

2349 5327 2437 5383 εί.
2477 5328 2638 5395 Igitur
2663 5328 2925 5398 incipiens
2951 5340 3154 5383 tantum
3186 5328 3387 5397 largior
3417 5344 3536 5384 esse
3574 5330 3641 5385 de
3670 5331 3867 5387 collato

2274 5424 2559 5493 temporali
2584 5409 2871 5479 commodo
2890 5466 2903 5489 ,
2935 5435 3194 5493 quantum
3236 5426 3436 5480 certior
3464 5424 3531 5481 de
3558 5426 3866 5496 recipiendo

2272 5518 2492 5588 prmtnio
2522 5519 2875 5589 sempiterno,
2906 5528 3219 5573 cunctorum
3251 5518 3696 5588 patrimoniorum
3730 5532 3861 5589 pra:-

2271 5687 2367 5726 seu
2398 5672 2575 5741 potius
2602 5672 2952 5734 sarcellarius,
2987 5672 3200 5736 dicitur,
3234 5671 3323 5740 qui
3355 5670 3600 5726 sacculos
3622 5670 3690 5724 ad
3715 5672 3860 5725 elee—

2271 5758 2552 5814 mosynam
2604 5752 2818 5814 servat;
2860 5758 2953 5795 seu
3004 5744 3388 5798 thesaurarius.
3432 5742 3586 5814 Apud
3613 5750 3858 5797 sanctum

2275 5812 2564 5867 Antoiiiinn
2590 5813 2839 5867 scribitur
2858 5813 3214 5867 saccellariue.
