4118 6444
290 355 355 411 97
883 358 942 416 S.
982 355 1313 416 GREGORII
1352 356 1567 415 MAGNI
1607 356 1793 425 VITA,
1835 350 2040 412 AUCT.
2080 349 2343 409 JOANNE
2382 348 2699 407 DIACONO.
2744 348 2874 406 LIB.
2915 348 2984 408 ll.
3508 350 3581 407 98
3646 326 3651 327 ί

286 472 611 542 dierumque
650 471 854 528 reditus
899 488 967 529 ex
987 483 1014 512 ι
1043 474 1328 532 Gelasiano
1372 476 1663 546 polyptyco
1684 518 1699 543 ,
1725 472 1877 542 cujus
1902 478 1958 535 Α
1980 470 2027 528 si
2054 484 2177 525 eum
2206 466 2439 539 propriis
2468 469 2734 538 manibus,
2763 469 2908 540 quod
2935 469 3086 527 dictu
3110 466 3264 525 nefas
3288 471 3390 533 est,
3420 475 3583 535 pere‘

287 564 543 620 nimirum
567 564 988 621 studiosissimus
1002 567 1284 623 videbatur
1303 568 1670 639 pedissequus,
1698 566 1720 605 δ
1744 568 1880 622 εὐω-

287 654 469 717 ravit,
529 668 823 724 eorumque
874 656 1221 724 pensionibus
1268 660 1322 712 in
1361 674 1494 713 auro
1548 668 1878 729 argentoque

289 743 526 815 (collatis
539 744 786 800 omnibus
802 746 1080 803 ordinibus
1095 749 1491 814 ecclesiasticis,
1507 748 1590 803 vel
1606 748 1876 818 palatinis,

286 838 652 905 monasteriis,
680 840 954 906 ecclesiis,
996 842 1338 907 cmmeteriis,
1368 842 1658 908 diaconiis,
1704 858 1878 897 xeno-

286 927 498 983 docbiis
527 929 764 994 urbanis,
797 932 879 986 vel
903 933 1241 1002 suburbanis)
1272 944 1405 997 quot
1427 933 1583 989 solidi
1609 945 1630 974 ε
1654 935 1876 1003 singulis

283 1027 479 1087 quater
512 1018 566 1072 in
595 1033 737 1074 anno
765 1020 1231 1089 distribuerentur,
1262 1021 1470 1077 Pascha
1500 1024 1743 1092 scilicet,
1774 1039 1873 1078 na-

284 1115 375 1168 tali
405 1116 772 1185 apostolorum
791 1158 806 1185 ,
832 1117 998 1171 natali
1026 1118 1199 1172 sancti
1228 1118 1490 1186 Andreae,
1520 1120 1876 1190 natalitioque

277 1220 400 1270 suo,
424 1221 523 1275 per
549 1207 933 1278 polyptychum
961 1222 1070 1277 quo
1090 1208 1353 1265 hactenus
1383 1220 1639 1278 erogatur
1660 1211 1869 1265 indixit.

350 1294 441 1349 25.
479 1297 644 1351 Extra
672 1313 808 1367 quos
836 1299 1010 1368 primo
1040 1299 1331 1354 Dominirae
1360 1301 1774 1355 resurrectionis
1803 1300 1875 1356 di-

276 1387 461 1442 luculo
489 1388 541 1441 in
568 1389 789 1443 basilica
825 1391 1096 1459 quondam
1145 1391 1438 1446 doctissimi
1490 1408 1641 1463 papae
1674 1393 1869 1463 Vigilii,

272 1481 427 1551 juxta
456 1498 617 1551 quam
669 1484 1183 1539 consuetudinaliter
1211 1485 1519 1552 habitabat,
1566 1486 1635 1541 ad
1673 1488 1874 1557 imper-

273 1575 517 1631 tiendum
552 1577 699 1645 pacis
747 1577 989 1632 osculum
1032 1578 1303 1644 residens,
1336 1579 1549 1633 cunctis
1580 1580 1867 1649 episcopis,

271 1671 622 1742 presbyteris,
648 1670 984 1739 diaconibus,
1009 1671 1239 1740 aliisque
1258 1668 1284 1707 ἀ
1312 1672 1650 1727 axiomaticis
1676 1688 1871 1730 aureos

269 1764 552 1831 erogabat.
577 1764 831 1820 Natalltio
852 1780 981 1819 vero
1011 1765 1400 1835 apostolorum,
1426 1766 1512 1819 vel
1540 1780 1659 1831 suo,
1682 1765 1868 1820 mistos

1984 567 2193 622 misset.

2012 728 2015 735 λ
2049 660 2140 716 50.
2172 659 2358 718 Exstat
2384 673 2552 730 usque
2580 656 2744 713 hodie
2769 656 2823 710 in
2851 656 3218 713 sacratissimo
3246 655 3578 715 Lateranen-

1979 753 2053 809 sis
2078 754 2261 824 palatii
2290 752 2489 809 scrinio
2519 748 2679 818 hujus
2724 745 3030 803 confectum
3058 749 3393 819 temporibus
3421 746 3581 805 charé

1979 853 2192 900 taceum
2222 842 2537 913 praegrande
2563 840 2837 903 volumen,
2870 838 2924 892 in
2952 854 3059 908 quo
3087 841 3389 896 communis
3417 857 3579 899 sexus

1978 946 2293 994 cunctarum
2340 945 2562 992 aetatum
2611 950 2676 990 ac
2739 931 3134 1003 professionum
3186 934 3421 1005 nomina
3468 944 3577 991 tam

1979 1031 2165 1087 Roma:
2193 1047 2353 1101 quam
2377 1047 2475 1102 per
2503 1028 2811 1085 suburbana
2840 1028 3154 1084 civitatesve
3183 1030 3417 1096 vicinas,
3449 1046 3577 1087 nec-

1976 1139 2085 1179 non
2116 1124 2433 1192 longinquas
2462 1122 2758 1176 maritimas
2785 1120 2946 1175 urbes
2967 1119 3294 1190 degentium,
3325 1122 3433 1192 54
3453 1138 3576 1179 cum

1976 1215 2087 1271 suis
2107 1214 2540 1283 cognominibus,
2569 1210 2926 1281 temporibus,
2950 1218 3005 1265 et
3050 1211 3575 1268 reniunerationibus

1976 1306 2283 1377 expressius
2310 1306 2673 1363 continentur.
2710 1302 2949 1371 Quorum
2979 1317 3266 1370 summam,
3290 1318 3359 1357 ne
3385 1302 3573 1358 videli-

1975 1408 2064 1454 cet
2084 1398 2350 1453 fastiditus
2372 1396 2663 1461 transiliar,
2679 1409 2778 1464 ego
2793 1393 3082 1449 transferre
3102 1392 3344 1461 diffugio,
3359 1393 3572 1465 meique

1975 1487 2192 1543 lectoris
2214 1488 2431 1543 oculutn
2459 1488 2528 1541 ad
2558 1486 2701 1542 illius
2732 1485 3025 1541 venerandi
3071 1484 3255 1540 scrinii
3285 1484 3570 1555 plenitudi.

1973 1596 2095 1635 nem
2116 1623 2131 1646 ,
2164 1581 2314 1649 cujus
2343 1581 2459 1651 ipse
2487 1594 2626 1649 pene
2647 1580 2702 1634 in
2728 1580 2936 1634 cunctis
2983 1579 3395 1646 auctoritatem,
3431 1593 3570 1650 papa

1971 1672 2262 1741 largiente,
2296 1679 2510 1727 secutus
2538 1686 2687 1739 sum,
2720 1670 3048 1725 transmitto.

2046 1766 2133 1822 5t.
2182 1764 2450 1821 Prmterea
2502 1780 2624 1821 cum
2653 1764 2977 1819 Arianorum
3013 1764 3235 1822 basilica
3262 1767 3318 1824 in
3348 1770 3568 1841 regione

266 1856 469 1911 solidos
515 1858 779 1924 olferens,
829 1858 1113 1929 peregrina
1162 1859 1512 1915 nihilominus
1541 1859 1859 1915 vestimenta
1888 1858 2109 1920 Burbis
2158 1857 2320 1927 hujus
2368 1872 2486 1925 quae
2539 1856 2781 1912 Suburra
2830 1855 3024 1911 dicitur
3067 1857 3249 1915 clausa
3298 1876 3469 1931 usque
3498 1865 3565 1920 ad

265 1948 521 2003 donabat.

338 2060 428 2113 26.
462 2058 720 2117 Omnibus
770 2064 992 2119 omnino
1021 2062 1305 2129 Kalendis,
1339 2064 1663 2134 pauperibus
1692 2079 1858 2133 gene-

262 2152 453 2207 raliter
479 2155 695 2209 easdem
743 2156 950 2225 species
977 2172 1096 2225 qum
1145 2157 1574 2225 congerebantur
1601 2174 1667 2213 ex
1713 2158 1857 2213 redi-

263 2244 408 2298 tibus
456 2246 760 2316 erogabat:
805 2255 859 2301 et
906 2262 1005 2302 suo
1056 2256 1299 2317 tempore
1342 2248 1703 2315 frumentum,
1757 2264 1858 2304 suo

263 2336 467 2399 vinum,
499 2352 598 2391 suo
639 2353 879 2405 caseum,
912 2354 1011 2393 suo
1061 2338 1329 2407 legumen,
1374 2354 1470 2394 suo
1499 2339 1727 2403 lardum,
1757 2354 1856 2394 suo

266 2438 290 2467 ο
319 2428 714 2483 manducabilia
744 2430 993 2484 animalia
1014 2470 1028 2493 ,
1061 2446 1159 2485 suo
1190 2430 1365 2499 pisces
1410 2430 1497 2485 vel
1538 2431 1715 2485 oleum
1755 2446 1854 2500 pa-

261 2518 579 2575 terfamilias
644 2520 857 2575 Domini
926 2521 1314 2577 discretissime
1388 2521 1684 2578 dividebat.
1761 2521 1853 2576 Pi-

260 2623 477 2684 gmenta
506 2629 639 2670 vero
669 2614 879 2684 aliaque
915 2614 933 2653 ί
965 2614 1280 2670 delicatiora
1308 2616 1631 2671 commercia
1659 2615 1856 2685 primo-

260 2705 410 2759 ribus
440 2707 829 2761 honorabiliter
857 2706 1137 2773 oﬂerebat,
1164 2708 1237 2761 ita
1260 2723 1319 2761 ut
1347 2707 1479 2761 nihil
1524 2708 1669 2762 aliud
1690 2722 1852 2777 quam

258 2798 567 2852 communia
614 2797 858 2867 quaedam
928 2798 1155 2865 horrea,
1215 2799 1515 2857 communis
1572 2804 1853 2868 putaretur

260 2888 518 2945 Ecclesia.

330 3006 419 3059 27.
466 3003 657 3059 Tribus
690 3004 924 3060 millibus
953 3004 1164 3060 ancillis
1191 3003 1308 3069 Dei,
1359 3019 1492 3074 quas
1534 3002 1708 3059 Graeci
1748 3019 1852 3057 mo-

256 3098 475 3150 nastrias
504 3105 715 3164 vocant,
740 3098 1044 3167 quindecim
1066 3098 1229 3152 libras
1248 3098 1363 3151 auri
1389 3112 1488 3166 pro
1509 3095 1849 3152 lectisterniis

256 3189 437 3254 dedit,
490 3191 673 3259 eisque
723 3206 821 3261 pro
872 3190 1199 3259 quotidianis
1254 3190 1533 3259 stipendiis
1571 3190 1847 3258 octoginta

254 3281 421 3338 libras
452 3283 753 3337 annualiter
798 3282 1129 3337 conferebat.
1163 3282 1238 3337 De
1286 3282 1480 3352 quibus
1524 3282 1845 3337 Theoctistze

253 3375 494 3447 patricia:
536 3375 821 3430 scribens:
861 3395 877 3426 ι
914 3374 1145 3439 I-larum,
1189 3374 1389 3443 inquit,
1440 3374 1561 3428 talis
1590 3374 1698 3428 vita
1740 3382 1844 3440 est,

253 3478 418 3537 atque
445 3469 499 3522 in
529 3476 735 3523 tantum
765 3468 1015 3538 lacrymis
1059 3478 1113 3524 et
1141 3467 1464 3522 abstinentia
1492 3465 1753 3529 districta,
1785 3474 1845 3520 ut

251 3550 537 3619 credamus
584 3566 707 3634 quia
760 3564 805 3618 si
853 3564 981 3633 ipsa:
1008 3579 1113 3618 non
1156 3571 1364 3631 essent,
1396 3563 1571 3617 nullus
1600 3572 1845 3617 nostrum

248 3653 360 3724 jam
392 3670 488 3723 per
516 3662 599 3709 tot
628 3669 795 3709 annos
836 3654 887 3707 in
916 3655 1039 3709 loco
1064 3653 1168 3708 hoc
1198 3654 1490 3709 subsistere
1535 3653 1677 3706 inter
1705 3651 1845 3706 Lan-

248 3748 613 3819 gobardorum
639 3748 845 3817 gladios
874 3748 1155 3817 potuisset.
1189 3767 1206 3799 ›
1245 3746 1263 3819 (
1296 3745 1409 3800 Lib.
1444 3762 1514 3811 vt,
1546 3763 1627 3815 ep.
1656 3744 1769 3815 26.)

322 3860 411 3912 28.
440 3859 776 3924 Quotidianis
807 3859 1109 3927 quibusque
1137 3858 1325 3911 diebus
1351 3874 1447 3929 per
1488 3859 1728 3911 omnium
1758 3871 1844 3911 rc-

244 3954 471 4023 gionum
501 3952 649 4005 vicos
674 3950 757 4003 vel
788 3951 1045 4018 compita,
1078 3949 1301 4003 infirmis
1328 3964 1423 4003 seu
1454 3949 1692 4017 qualibet
1720 3964 1842 4004 cor-

244 4044 398 4116 poris
423 4051 577 4111 parte
619 4041 885 4096 debilibus
928 4049 1079 4095 cocta
1103 4040 1367 4109 stipendia
1396 4056 1492 4110 per
1521 4041 1844 4096 constitutos

243 4137 559 4191 veredarios
575 4134 875 4189 emittebat.
890 4133 1378 4189 Verecundioribus
1388 4149 1537 4199 vero,
1554 4141 1840 4203 antequam

244 4229 364 4298 ipse
392 4228 565 4282 cibum
596 4231 833 4296 caperet,
867 4243 897 4280 a
940 4242 1125 4281 mensa
1153 4241 1249 4280 sua
1296 4226 1685 4281 benedictionis
1710 4242 1843 4296 apo-

243 4323 449 4379 stolicae
481 4324 718 4377 ostiatim
748 4322 977 4390 dirigere
1026 4323 1252 4377 curabat
1299 4324 1607 4390 scutellam,
1657 4324 1731 4378 ita
1783 4334 1843 4379 ut

245 4415 519 4469 neminem
544 4430 763 4484 prorsus
797 4415 1073 4483 exciperet
1102 4414 1589 4470 misericordissimi
1613 4415 1840 4471 benevo-

242 4507 410 4563 lentia
442 4509 752 4578 provisoris,
777 4523 934 4577 quem
958 4509 1023 4562 ad
1052 4507 1211 4563 fidem
1234 4516 1471 4563 traxerat
1491 4508 1835 4579 omnipoten-

243 4600 316 4654 tis
345 4600 581 4668 cognitio
603 4599 894 4654 Creatoris.

319 4708 408 4762 29.
440 4707 643 4763 Horum
675 4710 799 4763 dum
840 4707 1127 4777 quemdam
1173 4722 1464 4777 pauperem
1511 4707 1564 4761 in
1595 4708 1835 4775 angustis

246 4810 274 4849 Β
323 4801 681 4855 andronarum
722 4801 1021 4856 recessibus
1077 4815 1107 4853 a
1158 4798 1559 4869 veSpillionibus
1607 4798 1834 4853 inveniri

238 4904 513 4952 mortuum
559 4896 901 4964 contigisset,
949 4895 1223 4950 :estimans
1250 4910 1369 4949 eum
1416 4894 1568 4964 stipis
1596 4892 1776 4962 inopia
1806 4890 1831 4927 ιι

238 4986 499 5057 periisse,
548 4987 619 5040 ita
650 5002 747 5056 per
772 4986 979 5055 aliquot
1005 4985 1152 5050 dies,
1201 4993 1261 5040 ut
1306 4985 1530 5053 dicitur,
1578 5001 1609 5040 a
1637 4986 1828 5041 missa-

238 5094 359 5136 rum
388 5077 752 5133 celebratione
799 5075 1080 5144 vacando,
1129 5076 1369 5131 tristatus
1411 5084 1523 5144 est,
1574 5084 1828 5145 tanquam

317 5244 341 5271 ει
372 5236 414 5287 Α
442 5234 631 5289 Graeco
660 5238 880 5306 πτυχίς,
907 5230 1170 5306 significat
1198 5232 1423 5306 vestium
1448 5270 1463 5293 ,
1496 5233 1825 5306 chartarum,

237 5314 295 5359 et
341 5306 567 5358 aliorum
623 5321 741 5373 quae
769 5303 1197 5373 "cornplicantur
1242 5303 1475 5370 singulas
1519 5303 1825 5373 plicaturas,

238 5375 365 5429 folia
406 5385 461 5429 et
491 5372 734 5429 laminas.
772 5375 995 5429 Manum.
1025 5401 1097 5411 —
1126 5372 1220 5427 Hic
1251 5373 1459 5427 libellus
1508 5372 1590 5426 est
1638 5375 1689 5425 in
1720 5391 1828 5443 quo

236 5446 443 5501 reditus
487 5446 834 5500 ecclesiastici
882 5444 1298 5509 annotabantur,
1352 5454 1405 5497 et
1451 5444 1577 5510 quid
1606 5444 1829 5513 singulis

236 5515 601 5641 {pbdigeltitiibluls
630 5526 963 5623 grogaretur.
992 5515 1066 5570 De
1094 5515 1195 5569 hac
1236 5530 1389 5579 voce,
1420 5514 1539 5569 vide
1567 5514 1722 5584 epist.
1756 5514 1825 5569 40

260 5604 331 5641 ιυ.
360 5604 451 5652 vn,
492 5604 597 5641 mu.
630 5604 683 5640 τι.

310 5655 345 5730 δᾳ
364 5658 422 5712 In
450 5656 631 5730 C_olb.,
654 5658 1052 5730 nggregavit;iin
1081 5657 1549 5730 Reg.,adltwrere.
1572 5654 1629 5711 1n
1656 5654 1820 5722 Utic.,

236 5727 703 5800 verburadaeravit'
721 5727 1133 5800 Sup'erscribitur
1174 5729 1251 5782 vel
1291 5728 1537 5800 erogavit.

312 5809 335 5867 ς
364 5799 531 5853 Abest
556 5800 771 5867 singulis
792 5815 819 5851 a
852 5799 975 5853 Mss.
1001 5799 1182 5853 Norm.

310 5866 337 5907 ά
366 5868 427 5925 Id
455 5879 555 5935 est,
587 5866 715 5927 viris
744 5871 795 5924 in
822 5870 1165 5938 dignitatibus
1193 5870 1495 5927 constitutis
1516 5870 1582 5925 ab
1604 5873 1819 5939 ἀξίωμα,

1964 1946 2209 2015 Gregorii
2239 1947 2581 2016 pontificatus
2603 1956 2845 2015 tempora
2875 1948 3247 2018 remansisset,
3276 1951 3479 2020 placuit
3508 1953 3561 2009 ei

1964 2047 2025 2093 ut
2050 2039 2103 2093 in
2134 2038 2238 2093 fide
2266 2039 2550 2103 catholica,
2576 2039 2893 2094 introductis
2920 2039 3048 2095 illuc
3092 2041 3238 2097 beati
3260 2043 3566 2103 Sebastiani

1962 2141 2019 2187 et
2037 2141 2233 2188 sancta:
2246 2131 2469 2200 Agathac
2488 2140 2783 2202 martyrum
2806 2131 3067 2203 reliquiis,
3086 2134 3324 2190 dedicari
3337 2136 3563 2195 debuise

1961 2232 2063 2287 set,
2095 2223 2240 2293 quod
2267 2223 2467 2278 factum
2494 2232 2595 2279 est.
2628 2222 2762 2277 Nam
2792 2239 2915 2278 cum
2941 2238 3136 2293 magna
3164 2227 3350 2297 populi
3375 2230 3559 2285 multi-

1962 2315 2146 2371 tudine
2164 2314 2458 2385 Gregorius
2484 2316 2671 2371 laudes
2700 2316 2944 2371 canendo
2990 2317 3341 2386 perveniens,
3381 2320 3561 2376 basili~

1961 2422 2080 2464 cam
2103 2408 2379 2478 praefatam
2396 2407 2667 2477 ingressus
2689 2415 2803 2474 est;
2827 2422 3058 2477 cumque
3080 2409 3401 2466 venerabilis
3422 2427 3560 2481 pon-

1959 2498 2089 2555 tifex
2111 2500 2223 2568 jam
2246 2500 2528 2555 missarum
2574 2498 2840 2554 solemnia
2869 2499 3188 2565 celebraret,
3247 2515 3311 2555 ac
3338 2512 3559 2573 propter

1957 2595 2203 2665 ejusdem
2218 2595 2323 2649 loci
2344 2594 2618 2663 angustias
2649 2594 2837 2665 populi
2858 2609 2917 2649 se
2938 2594 3094 2649 turba
3108 2595 3555 2667 comprimerent,

1957 2686 2174 2757 quidam
2204 2702 2274 2741 ex
2296 2687 2381 2741 bis
2410 2686 2505 2756 qui
2533 2693 2689 2741 extra
2738 2680 3033 2740 sacrarium
3063 2685 3298 2750 stabant,
3333 2703 3556 2757 porcum

1956 2776 2135 2831 subito
2166 2777 2309 2831 inter
2336 2791 2465 2831 suos
2496 2776 2682 2846 pedes,
2713 2776 2818 2830 huc
2846 2783 2902 2830 et
2946 2775 3072 2829 illuc
3098 2774 3403 2833 discurrere
3431 2793 3556 2834 seu.

1954 2874 2162 2923 serunt.
2194 2866 2365 2932 Quem
2410 2865 2538 2921 dum
2569 2866 2934 2937 unusquisque
2962 2867 3205 2933 sentiret,
3239 2876 3296 2923 et
3315 2866 3468 2937 juxta
3497 2885 3555 2926 se

1953 2961 2220 3016 stantibus
2271 2961 2570 3025 indicaret,
2626 2958 2771 3014 idem
2839 2974 3033 3029 porcus
3078 2960 3317 3015 ecclesiae
3359 2960 3554 3030 januas

1953 3053 2125 3123 petiit,
2156 3060 2211 3108 et
2242 3068 2452 3118 omnes,
2482 3067 2579 3122 per
2605 3065 2741 3120 quos
2768 3048 3006 3116 transiit,
3043 3050 3099 3105 in
3126 3050 3545 3108 admirationem

1953 3147 2255 3212 convertit;
2281 3144 2375 3201 sed
2401 3144 2575 3199 videri
2621 3144 2696 3197 nil
2725 3143 2929 3215 potuit,
2959 3143 3204 3211 quamvis
3244 3144 3435 3199 sentiri
3461 3160 3552 3215 ρος

1874 3239 1921 3302 C.
1951 3240 2161 3294 tuisset.
2203 3234 2358 3303 Quod
2386 3235 2588 3290 idcirco
2632 3233 2813 3288 divina
2839 3233 3014 3303 pietas
3044 3232 3302 3301 ostendit,
3333 3242 3391 3288 ut
3421 3249 3551 3290 cun-

1947 3329 2048 3385 ctis
2074 3334 2379 3398 patesceret
2421 3324 2550 3396 quia
2577 3323 2829 3379 veniente
2875 3338 2999 3377 cum
3046 3322 3285 3394 reliquiis
3333 3332 3552 3379 sancto-

1948 3438 2067 3477 rum
2095 3419 2387 3490 Gregorio,
2418 3418 2487 3475 de
2530 3417 2653 3474 loco
2698 3415 2890 3472 eodem
2940 3415 3246 3475 immundus
3274 3416 3548 3474 habitator

1948 3516 2146 3572 exiret.

2016 3605 2106 3664 52.
2154 3604 2381 3660 Peracta
2421 3604 2584 3672 igitur
2629 3603 2918 3658 missarum
2965 3601 3361 3667 celebratione,
3408 3618 3547 3674 papa

1947 3714 2069 3755 cum
2098 3698 2255 3768 plebe
2284 3696 2538 3760 recessit;
2569 3695 2664 3749 sed
2695 3694 2868 3748 adhuc
2897 3701 3059 3749 nocte
3098 3692 3288 3748 eadem
3317 3707 3543 3762 magnus

1950 3792 2005 3846 in
2036 3792 2276 3861 ejusdem
2305 3790 2560 3845 Ecclesia:
2587 3790 2747 3844 tectis
2775 3789 3031 3858 strepitus
3060 3788 3233 3844 factus
3262 3797 3345 3844 est
3363 3828 3377 3854 ,
3409 3806 3473 3846 ac
3503 3790 3546 3850 si

1949 3887 2002 3940 in
2051 3899 2114 3938 ea
2162 3882 2354 3952 aliquis
2400 3879 2631 3936 errando
2674 3880 3017 3934 discurreret.
3070 3878 3330 3949 Sequenti
3358 3887 3551 3935 autent-

1948 3982 2111 4030 nocte
2148 3972 2364 4041 gravior
2408 3971 2617 4027 sonitus
2638 3960 2936 4035 Aexcrevit,
2994 3984 3115 4023 cum
3163 3969 3342 4024 subito
3368 3977 3543 4027 tantus

1948 4078 2124 4123 terror
2153 4066 2409 4131 insonuit,
2433 4080 2496 4120 ac
2524 4064 2569 4120 si
2596 4064 2772 4121 omnis
2792 4054 3019 4118 ecclesia
3049 4062 3140 4117 illa
3168 4078 3199 4117 a
3228 4064 3545 4121 fundamen-

1948 4159 2015 4213 tis
2044 4158 2230 4212 fuisset
2271 4171 2478 4221 eversa,
2511 4164 2566 4211 et
2606 4156 2851 4225 protinus
2890 4154 3140 4220 recessit,
3170 4169 3236 4209 ac
3260 4155 3406 4210 nulla
3434 4155 3543 4213 illic

1945 4251 2170 4306 ulterius
2202 4248 2517 4318 inquietudo
2546 4247 2752 4317 antiqui
2798 4246 2971 4301 hostis
3010 4246 3288 4317 apparuit;
3320 4246 3413 4301 sed
3443 4263 3541 4317 per

1944 4342 2166 4397 terroris
2212 4340 2476 4404 sonitum,
2505 4352 2667 4407 quem
2696 4336 2853 4401 fecit,
2908 4335 3143 4391 innotuit
3174 4352 3205 4391 a
3230 4336 3353 4392 loco
3380 4352 3541 4406 quem

1943 4434 2037 4489 diu
2061 4439 2306 4487 tenuerat
2334 4428 2477 4499 quod
2507 4444 2604 4499 per
2632 4427 3029 4483 invocationem
3048 4426 3295 4496 Gregorii
3318 4435 3540 4483 coactus

1942 4528 2143 4583 exibat.
2179 4524 2308 4579 Post
2350 4537 2556 4593 paucos
2585 4536 2715 4576 vero
2762 4520 2877 4575 dies
2921 4520 2974 4574 in
3004 4534 3197 4588 magna
3239 4519 3538 4581 serenitate

1862 4622 1912 4680 D
1940 4619 2079 4674 aeris
2108 4630 2270 4686 super
2290 4615 2459 4669 altare
2481 4612 2722 4681 ejusdem
2745 4611 2989 4668 ecclesiae
3013 4611 3182 4664 nubes
3202 4609 3416 4665 caelitus
3440 4610 3538 4666 de-

1938 4709 2175 4777 scendit,
2206 4722 2415 4776 suoquc
2460 4706 2589 4760 illud
2619 4705 2885 4760 velamine
2916 4703 3159 4773 operuit,
3211 4717 3537 4773 omnemque

1937 4802 2219 4860 ecclesiam
2241 4810 2392 4856 tanto
2423 4810 2631 4855 terrore
2684 4815 2746 4853 ac
2777 4799 3045 4853 suavitate
3073 4796 3255 4852 odoris
3273 4797 3533 4868 implevit,

1936 4905 2013 4961 ut,
2046 4892 2351 4964 patentibus
2377 4891 2575 4961 januis,
2607 4888 2779 4942 nullus
2810 4887 2917 4941 illic
2941 4896 3288 4957 praesumeret
3308 4890 3532 4956 intrare,

1935 4996 1992 5042 et
2019 4986 2328 5043 sacerdotes
2360 4991 2523 5051 atque
2544 4979 2820 5047 custodes,
2844 4980 2929 5035 vel
2959 4979 3012 5034 hi
3033 4980 3125 5049 qui
3154 4980 3221 5035 ad
3250 4982 3533 5038 celebran-

1934 5080 2001 5135 da
2046 5080 2327 5133 missarum
2375 5074 2637 5147 solemnia
2686 5081 2976 5140 venerant,
3009 5081 3065 5129 et
3093 5088 3208 5129 rem
3256 5073 3532 5147 videbant,

1931 5236 2181 5303 dignitas.
2213 5232 2329 5288 Non
2360 5247 2482 5287 raro
2515 5229 2753 5287 Joannes
2798 5230 3070 5287 Diaconus
3100 5237 3327 5302 usurpat
3354 5245 3524 5287 verna

1932 5305 2237 5441 ϐΐῗίὲὁιιι,
2271 5376 2482 5431 Gemet.
2512 5381 2566 5428 et
2607 5374 2747 5443 Big.,
2776 5374 3144 5437 manducalia,
3193 5371 3339 5443 quod
3365 5371 3525 5427 etiam

1933 5448 2059 5503 olim
2093 5449 2144 5502 in
2177 5446 2317 5503 Utic.
2352 5447 2643 5514 legebatur.

2010 5518 2027 5557 ί
2061 5518 2238 5583 Coll»,
2269 5512 2480 5575 Gemet.
2508 5525 2563 5571 et
2592 5516 2790 5586 Bigot.,
2818 5516 3028 5571 ditiora.
3073 5512 3212 5569 Utic.
3241 5522 3526 5582 utramque

1934 5590 2217 5646 lectionem
2259 5599 2453 5646 servat.

2006 5673 2029 5706 κ
2060 5662 2302 5738 ’Ληίδρὼη
2334 5662 2502 5738 ἰοειιὶ
2533 5660 2583 5711 in
2614 5674 2723 5729 quo
2751 5656 2852 5712 soli
2880 5656 2982 5710 viri
3010 5655 3245 5733 degunt;
3275 5653 3522 5713 hinc“.

1931 5734 2096 5788 drona
2122 5730 2427 5787 formatum.
2465 5730 2630 5786 Bone.

2004 5800 2032 5840 δ
2069 5803 2330 5875 defecisse.
