4118 6444
574 357 646 426 99
1149 364 1208 422 S.
1250 359 1577 422 GREGOBll
1615 359 1833 419 MAGNI
1874 361 2057 432 YlTA,
2100 363 2302 422 AUCT.
2345 355 2612 423 JOANNE
2654 359 2975 424 DlACONO.
3019 365 3150 424 Lm.
3190 367 3260 426 ΙΙ.

3770 371 3878 430 100

577 479 784 555 ingredi
814 479 1034 541 minime
1052 488 1320 554 poterant,
1353 490 1407 537 et
1435 483 1754 538 suavitatem
1784 481 1991 538 miriﬁci
2023 482 2156 539 odo-
2187 483 2240 545 Α
2265 483 2579 552 roboratus,
2632 498 2730 556 per
2779 484 3013 541 Etherii
3076 485 3409 541 Arelatensis
3453 485 3625 555 vatis,
3668 499 3882 559 perque

575 577 653 632 ris
680 577 981 631 trahebant.
1017 575 1109 628 Die
1135 590 1263 628 vero
1286 574 1388 627 alia
1439 575 1490 628 in
1538 591 1601 628 ea
1627 573 1902 643 lampades
1931 575 2047 629 sine
2093 573 2176 629 lu'

576 668 722 723 mine
747 674 872 722 sunt
891 679 1149 720 accensae.
1175 662 1302 719 P‘ost
1330 678 1532 734 paucos
1554 664 1748 718 iterum
1777 663 1891 718 dies
1912 679 2052 728 cum,
2081 679 2176 718 ex-

577 759 736 832 pletis
764 759 1042 813 missarum
1068 755 1662 823 solemniis,exstinctis
1689 754 2046 824 lampadibus,
2081 771 2175 810 cu-

576 861 691 912 stos
747 868 812 908 ex
861 850 1050 905 eadem
1103 859 1129 888 ⁸
1186 849 1412 904 ecclesia
1471 863 1720 918 egressus
1779 848 2002 914 fuisset,
2051 855 2175 919 post

576 947 846 1021 paululum
870 943 1108 1009 intravit,
1127 949 1181 997 et
1204 941 1477 1014 lampades
1492 955 1624 1010 quas
1645 941 1978 996 exstinxerat
1995 941 2175 995 lucen-

577 1048 657 1094 tes
685 1037 907 1108 reperit,
941 1051 1076 1106 quas
1105 1034 1435 1104 negligenter
1485 1032 1808 1087 exstinxisse
1838 1045 1897 1086 se
1921 1031 2170 1094 credidit,

575 1140 738 1198 atque
761 1143 855 1183 eas
880 1127 990 1196 jam
1020 1127 1301 1183 sollicitius
1325 1124 1614 1190 exstinxit,
1662 1124 1750 1194 qui
1784 1123 1968 1178 exiens
1997 1123 2174 1178 eccle-

573 1222 708 1278 siam
734 1221 946 1275 clausit.
979 1219 1084 1274 Sed
1117 1225 1237 1287 post
1263 1218 1516 1271 horarum
1541 1214 1701 1268 trium
1718 1214 1948 1286 spatium
1965 1226 2174 1282 regres-

572 1331 689 1378 sus,
723 1315 963 1369 lucentes
990 1311 1264 1381 lampades
1290 1324 1425 1378 quas
1466 1307 1799 1362 exstinxerat
1841 1305 2070 1370 invenit,
2116 1312 2176 1359 ut

573 1405 828 1463 videlicet
857 1420 923 1459 ex
953 1404 1070 1474 ipso
1113 1401 1311 1456 lumine
1333 1406 1520 1470 aperte
1550 1399 1891 1459 claresceret,
1925 1398 2047 1465 quia
2079 1411 2176 1465 per

573 1502 792 1556 beatum
822 1497 1141 1568 Gregorium
1187 1495 1334 1550 locus
1366 1493 1458 1547 ille
1496 1491 1564 1547 de
1610 1490 1848 1546 tenebris
1895 1489 1962 1544 ad
2001 1490 2174 1544 lucem

573 1590 831 1646 venisset.

650 1682 738 1750 55.
771 1681 878 1737 Sed
905 1695 1028 1736 cum
1075 1677 1366 1746 Gregorius
1415 1689 1514 1746 pro
1563 1672 1944 1730 convertendis
1991 1671 2175 1740 Anglis

575 1769 899 1840 Saxonibus,
928 1767 1377 1839 quemadmodum
1406 1768 1459 1822 in
1491 1766 1817 1821 monachatu
1846 1778 1943 1818 suo
1973 1777 2175 1834 propo-

2278 576 2506 632 aliorum
2537 579 2911 649 episcoporum
2939 577 3142 643 Galliae,
3194 592 3488 649 regumque
3531 580 3729 648 quibus
3778 595 3880 636 eos

2276 670 2549 740 piissimus
2575 670 2736 726 Pater
2760 672 2987 741 propriis
3016 671 3208 725 litteris
3229 671 3659 736 commendarat,
3693 673 3882 742 hospi-

2278 762 2381 828 tia,
2425 760 2755 816 Britanniam
2786 763 2970 833 petiit,
3021 771 3076 816 et
3104 762 3172 816 ad
3225 773 3250 810 ε
3292 762 3639 818 Edelbertum
3689 779 3880 834 regem

2277 853 2688 910 Cantuariorum
2741 857 2994 922 veniens,
3026 856 3120 910 Dei
3169 866 3500 926 cooperante
3526 859 3731 925 gratia,
3767 873 3878 915 non

2276 950 2450 1002 solum
2495 947 2763 1002 licentiam
2810 948 3167 1018 praedicandi,
3198 965 3384 1004 verum
3415 951 3582 1004 etiam
3616 951 3796 1006 victus
3826 959 3882 1007 et

2277 1053 2584 1093 mansrones
2607 1039 2659 1093 in
2691 1039 2909 1093 civitate
2943 1040 3359 1109 Dorovernensi,
3409 1056 3530 1112 quas
3560 1050 3678 1097 erat
3726 1042 3880 1111 regni

2277 1135 2394 1204 ejus
2419 1134 2752 1203 metropolis,
2786 1133 2938 1188 facile
2967 1134 3292 1204 impetravit.
3321 1133 3400 1189 Ad
3429 1150 3591 1205 quam
3622 1134 3882 1204 Augusti-i

2277 1241 2377 1281 nus
2401 1241 2522 1280 cum
2552 1225 2743 1287 sociis,
2791 1223 3011 1294 prrelata
3043 1239 3238 1289 cruce,
3289 1238 3386 1280 seu
3414 1225 3712 1281 Salvatoris
3743 1226 3884 1279 imae

2276 1319 2431 1388 gine,
2467 1317 2905 1388 appr0pinquans
2925 1315 3151 1382 cecinit,
3194 1317 3380 1373 dicens
3411 1334 3423 1370 :
3463 1335 3483 1369 ι
3518 1317 3883 1387 Deprecamur

2279 1420 2361 1476 te,
2397 1411 2650 1474 Domine,
2684 1413 2736 1464 in
2787 1411 2932 1464 omni
2964 1409 3330 1465 misericordia
3377 1417 3487 1476 tua,
3520 1418 3579 1464 ut
3607 1407 3883 1464 auferatur

2276 1502 2425 1557 furor
2453 1511 2576 1557 tuus
2604 1503 2790 1570 iraque
2814 1509 2904 1556 tua
2935 1516 2963 1554 a
2991 1501 3209 1555 civitate
3230 1501 3354 1568 ista,
3379 1507 3433 1555 et
3455 1515 3484 1555 a
3507 1500 3670 1554 domo
3691 1509 3883 1556 sancta

2279 1605 2390 1661 tua,
2415 1597 2668 1666 quoniam
2693 1592 3051 1664 peccavimus.
3085 1612 3103 1645 ι
3129 1589 3554 1648 Praedicantibus
3575 1599 3758 1646 autem
3780 1593 3880 1659 eis,

2279 1695 2334 1740 et
2363 1686 2414 1739 in
2443 1687 2660 1739 nomine
2689 1683 2813 1738 Jesu
2866 1683 3121 1739 miracula
3153 1681 3475 1737 facientibus
3495 1723 3509 1747 ,
3534 1681 3886 1737 crediderunt

2279 1778 2465 1844 multi,
2498 1787 2554 1832 et
2587 1775 2845 1846 baptizati
2893 1785 3050 1843 sunt,
3099 1775 3359 1829 mirantes
3404 1772 3712 1828 innocentis
3761 1773 3886 1827 vita

575 1873 759 1922 suerat
778 1906 792 1931 ,
843 1863 1074 1919 assiduis
1103 1861 1488 1929 cogitationum
1517 1857 1768 1912 ﬂuctibus
1814 1856 1841 1893 δ
1872 1864 2173 1924 urgeretur,
2210 1863 2257 1925 Β
2283 1857 2702 1940 είωριίοίιθιθω,
2727 1868 3263 1938 complectentem“
3279 1865 3617 1922 dulcedinem
3646 1865 3887 1922 πιαιίι

575 1971 703 2013 mox
733 1952 1142 2020 ubi,Ecclesi:e
1167 1960 1308 2006 statu
1354 1949 1689 2019 composito,
1727 1959 1748 1984 ε
1780 1953 2030 2015 quartum
2075 1945 2178 2014 ξἶὸ

573 2049 654 2105 sui
705 2045 1050 2118 pontificatus
1097 2059 1296 2098 annum
1345 2042 1598 2108 intravit,
1653 2039 2005 2109 Augustinum
2057 2053 2178 2092 cum

574 2139 692 2194 aliis
721 2137 912 2192 domus
938 2149 1048 2191 suae
1099 2133 1125 2172 ἀ
1178 2134 1494 2190 monasterii
1540 2133 1818 2188 monachis
1865 2133 1916 2185 in
1963 2130 2178 2183 Britan-

575 2231 716 2286 niam
747 2227 1146 2298 evangelizandi
1177 2229 1347 2297 gratia
1376 2226 1686 2282 destinavit.
1727 2235 1750 2263 θ
1782 2224 1883 2290 Qui
1918 2230 2180 2291 suscepta

577 2321 1062 2396 peregrinationis,
1127 2328 1250 2390 post
1298 2320 1414 2375 dies
1479 2318 1716 2386 aliquot,
1792 2316 1949 2370 inerti
2017 2313 2180 2368 taedio

576 2413 924 2486 praegravati,
977 2409 1154 2466 redire
1183 2411 1400 2465 domum
1431 2410 1612 2480 potius
1661 2424 1821 2479 quam
1870 2407 2174 2469 barbaram,

576 2512 771 2574 feram,
830 2507 1271 2575 incredulamque
1318 2514 1568 2574 gentem,
1621 2505 1777 2572 cujus
1823 2517 1894 2556 ne
1937 2502 2176 2568 linguam

576 2603 790 2675 quidem
822 2599 1210 2670 intelligerent,
1255 2599 1407 2654 adire
1457 2598 1833 2654 decreverunt.
1865 2594 1976 2650 Nec
2005 2609 2174 2658 Inora,

577 2697 967 2768 Augustinum,
1023 2708 1184 2763 quem
1232 2693 1308 2747 eis
1356 2692 1670 2762 episcopum
1727 2686 2174 2750 consecrandum,

578 2792 621 2848 si
673 2791 740 2846 ab
785 2787 968 2860 Anglis
1012 2787 1421 2858 exciperentur,
1478 2783 1780 2848 indixerat,
1832 2781 2057 2835 Romam
2088 2793 2178 2832 re-

579 2887 830 2949 mittunt,
880 2895 1150 2938 summum
1217 2877 1498 2950 praesulem
1547 2875 1906 2956 deprecantes
1960 2879 2017 2925 ut
2067 2877 2178 2923 tam

578 2975 935 3041 laboriosam,
970 2981 1079 3028 tam
1104 2973 1398 3038 incertam,
1445 2973 1664 3038 tamque
1693 2967 2053 3038 periculosam
2087 2978 2180 3033 pe-

581 3069 997 3140 regrinationem
1040 3065 1142 3121 sibi
1189 3081 1359 3134 nuper
1406 3062 1713 3133 impositam
1759 3063 2092 3118 removeret,
2127 3061 2182 3109 et

583 3157 642 3216 ad
671 3161 807 3216 suos'
840 3158 1040 3216 reverti
1089 3158 1446 3227 permitteret.
1497 3153 1702 3221 Quibus
1751 3150 1838 3204 ille
1887 3148 2179 3218 rescripsit,

583 3251 766 3306 dicens
801 3269 812 3302 :

657 3365 804 3419 54.1
841 3361 1132 3431 Gregorius
1162 3360 1466 3430 episcopus,
1509 3370 1698 3411 servus
1737 3367 2018 3408 servorum
2061 3350 2178 3416 Dei,

583 3459 750 3515 servis
779 3457 990 3511 Domini
1019 3456 1186 3509 nostri
1213 3453 1341 3508 Jesu
1369 3453 1590 3507 Christi.
1626 3449 1760 3516 Quia
1789 3448 1978 3502 melius
2007 3446 2185 3501 fuerat

583 3550 723 3608 bona
751 3567 856 3605 non
889 3549 1146 3618 incipere,
1171 3561 1331 3617 quam
1376 3545 1443 3598 ab
1470 3544 1552 3598 his
1580 3558 1698 3611 qua:
1726 3551 1903 3612 coepta
1932 3549 2056 3623 sunt
2085 3555 2182 3593 co-

585 3646 841 3714 gitatione
872 3651 1166 3698 retrorsum
1197 3639 1410 3704 redire,
1442 3652 1654 3692 summo
1701 3634 1880 3689 studio
1901 3675 1914 3699 ,
1949 3631 2185 3687 dilectis-

585 3739 701 3794 simi
733 3719 885 3802 Filii,
932 3743 1149 3806 oportet
1196 3741 1255 3786 ut
1299 3746 1436 3801 opus
1485 3731 1685 3784 bonum
1727 3724 1871 3796 quod
1926 3723 2182 3793 coepistis,

585 3825 879 3886 auxiliante
909 3829 1171 3890 Domino,
1219 3822 1557 3893 compleatis.
1612 3819 1722 3875 Nec
1750 3818 1903 3872 labor
1932 3832 2028 3870 vos
2055 3827 2184 3884 ergo

585 3927 809 3992 itineris,
830 3939 930 3979 nec
948 3920 1326 3976 maledicorum
1345 3916 1622 3971 hominum
1639 3913 1833 3981 lingua:
1845 3910 2184 3971 deterreant;

586 4016 678 4071 sed
708 4014 854 4070 omni
877 4010 1148 4074 instantia,
1178 4007 1433 4075 ornnique
1459 4004 1689 4068 fervore,
1723 4018 1841 4072 quae
1872 3997 2183 4059 inchoastis,

587 4105 698 4160 Deo
723 4112 966 4170 auctore,
991 4101 1248 4172 peragite,
1274 4099 1503 4164 scientes
1516 4094 1659 4163 quod
1674 4093 1910 4147 laborem
1935 4105 2188 4159 magnum

589 4197 760 4266 major
787 4204 1002 4250 aeterna:
1035 4189 1408 4247 retributionis
1451 4187 1622 4256 gloria
1670 4186 2051 4253 consequetur.
2084 4182 2189 4236 Be-

591 4291 792 4345 meanti
819 4297 997 4342 auteln
1028 4283 1322 4352 Augustino
1351 4279 1642 4352 praeposito
1691 4286 1896 4345 vestro,
1926 4292 2084 4345 quem
2133 4282 2188 4330 et

591 4381 841 4435 abbatem
865 4377 1014 4432 vobis
1060 4373 1464 4435 constituimus,
1523 4370 1574 4423 in
1622 4368 1871 4423 omnibus
1914 4365 2191 4420 humiliter

592 4472 830 4537 obedite,
861 4469 1093 4524 scientes
1123 4465 1314 4521 vestris
1360 4461 1641 4516 animabus
1668 4477 1765 4530 per
1796 4460 1975 4514 onmia
2007 4457 2188 4528 profu-

593 4577 774 4622 turum
793 4562 1051 4635 quidquid
1083 4577 1112 4614 a
1162 4559 1312 4613 vobis
1363 4556 1523 4612 fuerit
1573 4557 1624 4610 in
1676 4554 1791 4624 ejus
1823 4554 2192 4608 admonitione

2282 1962 2556 2018 doctrinas.

2350 2077 2439 2132 56.
2472 2077 2814 2147 Quapropter
2834 2075 3162 2144 Augustinus
3193 2073 3381 2127 Arelas
3407 2072 3586 2139 venit,
3613 2077 3672 2126 et
3690 2085 3882 2128 smun-

2281 2167 2405 2222 dum
2427 2166 2670 2237 Gregorii
2699 2166 3000 2220 iussionem
3024 2166 3091 2220 ab
3114 2165 3141 2202 ιι
3166 2163 3417 2218 Etherio
3437 2165 3726 2234 episcopus
3755 2179 3885 2219 eon-

2281 2271 2542 2327 secratus,
2576 2261 2628 2315 in
2653 2259 2980 2314 Britanniam
3009 2257 3301 2320 remeavit;
3335 2255 3590 2324 illicoque
3617 2270 3717 2326 per
3743 2253 3884 2311 Lau-

2281 2353 2512 2406 rentium
2559 2351 2962 2421 presbyterum,
3013 2356 3068 2403 et
3115 2347 3332 2402 Petrum
3381 2347 3705 2401 monachum
3737 2361 3884 2419 papae

2281 2444 2542 2512 Gregorio
2571 2443 2980 2499 conversionem
3004 2441 3177 2511 gentis
3209 2440 3526 2508 Anglorum,
3555 2454 3724 2509 seque
3751 2455 3884 2494 con-

2282 2546 2549 2592 secratum
2567 2538 2821 2600 innotuit,
2842 2532 3135 2607 suggerens
3156 2543 3215 2590 ut
3240 2537 3341 2591 sibi
3364 2536 3605 2590 mitteret
3626 2535 3885 2606 plurimos

2282 2621 2433 2686 verbi
2463 2630 2755 2695 ministros,
2801 2645 2867 2685 eo
2921 2629 3064 2700 quod
3113 2644 3345 2684 messem
3395 2628 3618 2698 quidem
3663 2628 3886 2686 multam

2284 2721 2529 2788 haberet,
2561 2722 2842 2792 operarios
2875 2729 3055 2776 autem
3086 2736 3311 2790 paucos.

2358 2813 2446 2867 57.
2481 2815 2684 2880 Quibus
2709 2812 3065 2869 relationibus
3091 2812 3384 2882 Gregorius
3412 2813 3466 2868 in
3517 2811 3738 2869 Christo
3759 2813 3886 2870 laeti.

2286 2906 2512 2968 licatus,
2543 2906 2687 2959 misit
2731 2904 3028 2972 Augustino
3079 2905 3338 2975 plurimos
3383 2905 3534 2960 verbi
3589 2906 3884 2975 minisu'os,

2286 2999 2390 3069 56
2413 2998 2466 3052 in
2495 2996 2686 3066 quibus
2715 2997 2971 3068 praecipui
2998 3004 3155 3051 erant
3182 2995 3435 3061 Mellitus,
3466 2995 3671 3062 Justus,
3703 2995 3883 3051 Pauli-

2287 3107 2410 3156 nus,
2440 3098 2496 3144 et
2538 3089 2550 3125 ί
2589 3087 2935 3153 Ruﬁnianus;
2985 3095 3042 3143 et
3091 3102 3188 3158 per
3235 3102 3330 3143 eos
3378 3087 3626 3143 universa
3674 3101 3796 3158 quae
3823 3086 3885 3144 ad

2288 3183 2489 3237 cultum
2530 3189 2686 3235 erant
2743 3179 2998 3237 Ecclesiae
3055 3181 3386 3245 necessaria,
3462 3195 3592 3236 vasa
3641 3181 3887 3239 videlicet

2213 3261 2258 3323 C
2289 3285 2471 3338 sacra,
2505 3279 2560 3325 et
2604 3271 2923 3325 vestimenta
2971 3271 3253 3337 altarium,
3284 3281 3603 3325 ornamenta
3633 3271 3886 3327 ecclesiae

2287 3365 2443 3430 stica,
2470 3364 2791 3419 vestimenta
2814 3363 3107 3427 clericalis.
3122 3364 3496 3433 apostolorum
3517 3371 3573 3418 et
3593 3363 3886 3420 multorum

2288 3463 2595 3509 sanctorum
2625 3455 2900 3524 reliquias,
2943 3464 2999 3510 et
3042 3453 3272 3510 Codices
3301 3456 3519 3510 inultos.
3569 3454 3715 3511 Misit
3756 3456 3806 3510 ei
3835 3464 3886 3512 et

2288 3547 2533 3617 pallium,
2558 3547 2752 3616 jubens
2775 3556 2832 3602 ut
2857 3547 2956 3602 sub
2987 3549 3273 3618 metropoli
3322 3563 3416 3604 sua
3446 3546 3653 3603 Cantia)
3680 3547 3885 3603 duode-

2288 3639 2391 3692 cim
2421 3640 2706 3708 episcopos
2721 3638 3018 3706 ordinaret,
3051 3639 3116 3692 ad
3139 3639 3478 3694 Lundoniam
3506 3647 3563 3695 et
3583 3639 3882 3696 Eburacam

2289 3734 2528 3801 singulos
2559 3734 2844 3802 episcopos
2876 3733 3134 3798 mitteret,
3168 3734 3259 3804 qui
3287 3734 3387 3789 sub
3412 3748 3472 3789 se
3496 3733 3782 3789 duodecim
3812 3733 3888 3790 ni-

2290 3825 2581 3880 hilominus
2601 3826 2884 3896 episcopos
2905 3833 3311 3890 consecrantes,
3337 3827 3553 3897 pallium
3577 3827 3646 3882 ab
3669 3836 3886 3898 aposto-

2291 3916 2390 3972 lica
2419 3917 2546 3972 sede
2566 3917 2921 3988 perciperent,
2970 3925 3026 3972 et
3053 3927 3176 3988 post
3226 3918 3505 3987 Augustini
3538 3917 3746 3974 obitum
3777 3919 3886 3991 ipse

2291 4007 2429 4062 inter
2459 4023 2551 4064 eos
2589 4009 2794 4079 primus
2823 4009 3008 4064 haberi
3051 4009 3340 4078 debuisset,
3372 4011 3464 4080 qui
3503 4011 3653 4082 prius
3699 4027 3886 4068 conse-

2292 4100 2433 4156 crari
2471 4101 2773 4156 meruisset.
2826 4100 3086 4172 Praecepit
3124 4118 3338 4174 quoque
3384 4112 3442 4159 ut
3493 4105 3546 4159 in
3595 4103 3887 4175 Anglorqu

2291 4202 2450 4260 gente
2479 4193 2744 4247 idolorum
2775 4192 2892 4246 lana
2925 4209 3030 4248 non
3060 4193 3390 4261 destrueret,
3419 4195 3514 4251 sed
3543 4196 3887 4256 sanctificatis

2294 4287 2446 4356 aquis
2493 4302 2736 4356 respersa
2785 4287 2838 4340 in
2868 4287 3116 4342 basilicas
3163 4287 3459 4344 dedicaret.
3492 4287 3558 4344 Et
3586 4291 3709 4360 quia
3741 4292 3885 4347 sole-

2294 4377 2423 4430 bant
2451 4377 2694 4432 Saxones
2724 4378 2778 4432 in
2808 4376 3075 4433 sacriﬁcio
3124 4377 3431 4434 daamonum
3478 4380 3645 4435 boves
3691 4382 3886 4438 mullos

2294 4470 2570 4538 occidere,
2611 4469 2772 4540 jussit
2805 4479 2859 4524 ut
2890 4471 2940 4524 in
2969 4471 3080 4542 die
3109 4471 3494 4538 dedicationis,
3520 4472 3605 4526 vel
3637 4473 3887 4531 natalitiis

2294 4571 2601 4616 sanctorum
2627 4573 2942 4633 martyrum,
2975 4577 3204 4629 quorum
3231 4563 3469 4631 reliquiae
3493 4563 3601 4618 illic
3626 4580 3884 4634 poneren-

593 4658 942 4728 completum.
971 4653 1324 4720 Omnipotens
1352 4648 1493 4702 Deus
1521 4664 1616 4702 sua
1655 4663 1752 4700 vos
1781 4647 1950 4714 gratia
1999 4653 2185 4714 prote-
2221 4655 2268 4717 ο
2295 4659 2397 4715 tur,
2429 4653 2771 4706 tabernacula
2802 4653 2902 4705 sibi
2933 4653 3074 4706 circa
3102 4652 3318 4707 easdem
3347 4653 3620 4720 ecclesias,
3673 4670 3794 4723 qua:
3821 4671 3886 4711 ex

595 4755 705 4816 gat,
742 4745 759 4784 ί
795 4755 849 4801 et
872 4745 1034 4800 vestri
1065 4740 1267 4797 laboris
1297 4739 1526 4793 fructum
1559 4739 1612 4792 in
1642 4747 1840 4791 acterna
1884 4751 1969 4788 me
2016 4735 2187 4803 patria

594 4839 779 4895 videre
809 4837 1101 4901 concedat,
1151 4843 1418 4904 quatenus
1444 4840 1497 4884 et
1545 4831 1587 4883 si
1615 4829 1889 4882 vobiscum
1942 4826 2188 4880 laborare

596 4947 828 5001 nequeo,
870 4928 1026 4983 simul
1056 4929 1105 4980 in
1135 4925 1328 4993 gaudio
1360 4921 1727 5010 retriln.1.ti0nis
1757 4918 2016 4986 inveniar,
2061 4917 2187 4986 quia

597 5023 845 5078 laborare
866 5021 1068 5075 scilicet
1097 5017 1239 5070 volo.
1281 5035 1298 5066 ι
1338 5012 1475 5086 (Lib.
1508 5009 1576 5075 vr,
1611 5013 1761 5083 epist.
1794 5009 1903 5079 Si.)

670 5113 758 5168 55.
786 5111 878 5165 llis
908 5107 1368 5165 exhortationibus
1409 5105 1736 5174 Augustinus
1778 5118 1899 5156 cum
1931 5100 2186 5156 fratribus

589 5321 594 5326 .
673 5279 696 5308 ⁸
727 5269 899 5336 Bigot.
934 5274 988 5321 et
1014 5264 1178 5330 Utic.,
1210 5264 1446 5318 basilica.

672 5339 700 5379 ι)
725 5339 876 5404 Mss.,
905 5346 1219 5408 argueretur.

675 5423 697 5450 ο
727 5401 1102 5475 1ηιοᾉςεαςῖιιηι,
1149 5407 1248 5463 etsi
1299 5401 1423 5459 Mss.
1476 5401 1701 5458 Codices
1751 5402 1984 5458 habeant
2033 5420 2189 5474 quar-

597 5495 778 5607 den
808 5552 943 5621 Reg.
976 5550 1268 5609 omittitur,
1320 5545 1638 5599 monasterii.
1683 5542 1834 5598 Colb.
1879 5552 1933 5598 et
1977 5543 2184 5612 Norm.,

596 5625 918 5678 Britannias.

669 5705 692 5731 θ
727 5693 890 5755 Utic.,
940 5693 1026 5762 qui
1068 5691 1164 5762 iter
1200 5687 1552 5762 suscipientf’s.

671 5763 689 5800 ί
726 5754 1094 5826 Ειιὶιςνξιιὶοη
1129 5760 1414 5814 Gussanv.,
1450 5754 1671 5820 Mabill.,
1714 5765 1759 5807 et
1788 5757 1946 5809 nostri
1969 5757 2182 5824 laboris,

595 5833 1087 5889 contradicentibus
1118 5831 1242 5885 Mss.
1282 5837 1336 5883 et
1367 5828 1625 5880 orationis
1667 5827 1824 5886 serie,
1860 5843 1963 5896 qua
2019 5828 2186 5896 liquet

596 5902 918 5971 Gregorium
955 5902 1155 5957 nullam
1184 5900 1284 5955 sibi
1312 5898 1509 5954 laboris
1539 5897 1813 5968 apostolici
1839 5907 2042 5967 partem
2074 5913 2183 5966 ιπω

195 6167 772 6436 Α

2299 4744 2433 4797 fanis
2465 4751 2809 4798 commutat-.e
2836 4754 2988 4808 sunt,
3039 4744 3105 4799 de
3137 4746 3300 4799 ramis
3330 4747 3581 4801 arborum
3626 4746 3884 4816 facerent,

2296 4844 2350 4889 et
2379 4835 2642 4901 religiosis
2683 4835 2943 4888 conviviis
2996 4835 3367 4890 solemnitates
3394 4837 3602 4892 debitas
3643 4839 3888 4894 celebra-

2295 4938 2433 4981 rent.
2467 4926 2528 4978 Et
2555 4929 2676 4995 quia
2709 4943 2869 4997 super
2915 4927 3230 4996 quibusdam
3277 4929 3524 4999 capitulis
3561 4930 3886 4998 Augustinus

2295 5034 2417 5073 eum
2450 5019 2811 5084 interrogans,
2855 5019 3082 5086 qualiter
3109 5017 3394 5087 episcopus
3441 5034 3562 5073 cum
3609 5019 3722 5074 suis
3758 5036 3888 5076 con-

2293 5109 2495 5166 versari
2525 5110 2745 5165 deberet
2765 5109 2990 5175 clericis,
3021 5109 3319 5180 requisivit,
3347 5111 3537 5165 doctor
3559 5110 3886 5167 humillimus

2295 5263 2556 5318 modestia
2605 5265 2840 5320 tribuere
2873 5281 2886 5318 :
2914 5273 3165 5335 quatenus
3210 5264 3307 5318 etsi
3343 5262 3600 5319 vobiscum
3646 5266 3885 5323 laborare

2294 5351 2634 5476 "equEOémec.
2668 5422 2787 5462 cum
2815 5404 2988 5476 Bigot.
3023 5415 3078 5460 et
3101 5405 3277 5472 Colb.,
3317 5383 3682 5475 'Edilberlum,
3719 5407 3879 5476 Utic.,

2291 5469 2635 5532 Adelﬁertum.

2363 5550 2389 5584 ιι
2423 5548 2728 5617 Legendum
2787 5547 3033 5616 Virgilio,
3077 5551 3168 5616 qui
3212 5557 3338 5603 tunc
3389 5547 3720 5604 Arelatensis
3768 5555 3883 5607 erat

2289 5621 2591 5689 episcopus.
2620 5619 2895 5689 Aitherius
2910 5635 3046 5672 vero
3072 5619 3311 5688 Lugdun.
3337 5617 3516 5673 Errori
3543 5621 3882 5677 occasionem

2290 5685 2516 5760 priebuit
2543 5691 2703 5754 Beda,
2735 5692 2772 5760 7|.
2805 5685 3012 5760 tliist.,
3047 5705 3092 5744 c.
3127 5685 3212 5743 27.

2370 5761 2378 5796 ί
2438 5763 2673 5830 Audet-5.,
2723 5759 2924 5830 Eruﬁu.
2977 5759 3147 5824 Utic.,
3203 5759 3441 5831 Ruﬁnus.
3482 5758 3647 5829 Reg,
3694 5760 3880 5834 Ruﬁn-

2289 5849 2400 5886 ηιιε.
