4118 6486
224 388 306 456 till
796 391 854 450 5.
897 385 1224 447 ςκεαυκιῐ
1263 386 1479 447 MAGNI
1516 385 1703 456 VITA,
1746 383 1949 447 AUCT.
1992 386 2258 448 JOANNE
2296 382 2616 447 0150080.
2654 378 2787 448 Lm.
2827 382 2892 447 ll.

3380 381 3489 453 tot

218 518 346 577 Inter
371 517 559 569 castora
599 509 679 564 sic
724 506 994 577 rescripsit
1026 525 1040 561 :
1078 524 1096 558 ι
1134 504 1273 575 Quia
1320 513 1406 559 tua
1456 503 1789 569 fraternitas,
1822 507 1871 566 Α
1897 515 2119 577 gantur;
2152 509 2247 564 sed
2274 510 2444 564 adhuc
2470 509 2590 563 illos
2620 508 2920 581 eeophytos
2945 508 3256 581 existentes,
3298 513 3490 585 tropis-

217 599 508 663 rnonasterii
539 598 737 667 regulis
761 598 991 661 erudita,
1024 612 1267 652 seorsum
1294 597 1475 650 vivere
1498 611 1605 650 non
1631 596 1793 653 debet

231 715 245 751 l
287 693 491 750 clericis
535 689 679 757 suis,
731 690 782 743 in
816 688 1057 742 Ecclesia
1086 689 1378 757 Anglorum
1401 725 1419 749 ,
1449 700 1569 755 qua:
1598 702 1788 757 nuper,

223 797 417 845 ructare
469 784 610 848 Deo,
655 782 720 835 ad
752 791 777 818 α
809 781 969 835 ﬁdem
1008 780 1268 850 perducta
1299 787 1380 833 est
1400 818 1414 840 ,
1468 779 1607 833 hanc
1636 778 1795 834 debet

211 874 659 935 conversationem
711 872 1019 937 instituere,
1058 885 1177 940 quae
1221 870 1273 924 in
1322 870 1475 924 initio
1521 870 1793 924 nascentis

212 969 444 1024 Ecclesiae
474 965 569 1019 fuit
595 965 837 1034 patribus
866 965 1081 1031 nostris,
1112 965 1164 1017 in
1194 962 1388 1033 quibus
1408 963 1584 1018 nullus
1603 974 1790 1018 eorum

209 1079 272 1117 ex
298 1061 377 1116 his
400 1073 518 1128 qutc
547 1058 895 1129 possidebant
943 1056 1145 1126 aliquid
1193 1072 1347 1111 suum
1390 1069 1509 1111 esse
1556 1056 1787 1122 dicebat,

207 1155 292 1211 sed
321 1161 471 1208 erant
494 1152 599 1206 illis
627 1152 807 1207 omnia
835 1152 1162 1205 communia.
1203 1170 1222 1202 ι
1251 1149 1386 1204 Cum
1410 1163 1514 1205 una
1544 1150 1615 1204 sit
1636 1149 1788 1221 ﬁdes,

207 1261 297 1300 cur
321 1259 479 1314 super
526 1243 809 1298 missarum
842 1242 1207 1297 celebratione
1240 1242 1515 1297 Gallicana
1547 1240 1790 1297 Ecclesia

208 1337 433 1392 Romam
482 1335 758 1391 discordet
812 1334 1114 1404 Augustino
1180 1336 1438 1404 qurerenti
1497 1336 1790 1405 Gregorius

206 1428 314 1482 ait:
349 1445 367 1478 ι
400 1426 560 1480 Novit
588 1433 676 1479 tua
724 1424 1031 1480 fraternitas
1072 1425 1328 1479 Romanae
1375 1425 1630 1481 Ecclesiae
1658 1441 1788 1480 con-

206 1517 547 1583 suetudinem,
580 1517 634 1570 in
659 1531 762 1586 qua
803 1532 863 1570 se
891 1516 1136 1570 meminit
1181 1517 1491 1571 contritam.
1521 1516 1625 1571 Sed
1656 1517 1787 1570 mihi

204 1610 367 1681 placet
394 1617 451 1663 ut
503 1609 620 1664 sive
668 1609 721 1662 in
749 1608 991 1662 Romana
1018 1651 1032 1677 ,
1064 1610 1177 1664 sive
1198 1609 1251 1663 in
1281 1609 1521 1677 qualibet
1547 1608 1787 1665 Ecclesia

203 1703 387 1773 aliquid
413 1702 690 1771 invenisti,
720 1703 863 1771 quod
893 1703 1013 1771 plus
1062 1702 1421 1772 omnipotenti
1453 1702 1566 1756 Deo
1617 1702 1789 1773 possit

202 1800 426 1867 placere,
458 1795 690 1850 sollicite
736 1795 936 1862 eligas,
990 1802 1045 1849 et
1088 1794 1142 1848 in
1177 1795 1473 1863 Anglorum
1523 1794 1781 1861 Ecclesia,

1894 601 2029 655 sime
2067 615 2163 656 eos
2192 602 2351 672 prius
2379 602 2565 657 illicita
2595 602 2792 658 docere
2821 600 2841 640 ί
2874 602 3075 667 vitare,
3126 609 3182 657 et
3218 605 3397 661 verbis
3427 619 3492 666 ae

1896 695 2161 763 exemplis
2187 696 2480 758 instruere,
2528 702 2583 748 et
2612 708 2730 763 quae
2758 700 2881 763 post
2909 694 2977 749 de
3007 696 3205 750 talibus
3248 699 3486 767 egerint,

1894 787 2293 842 rationabiliter
2337 804 2403 843 ae
2453 785 2683 841 ﬁdeliter
2729 788 3017 843 excludere
3065 796 3301 859 oportet.
3355 792 3488 847 Nam

1889 876 2043 946 juxta
2076 878 2413 947 Apostolum,
2440 879 2532 948 qui
2560 879 2634 932 ait
2662 884 2675 932 ἐ
2711 878 2825 931 Lac
2846 879 2985 935 vobis
3006 890 3183 951 potum
3210 882 3351 947 dedi,
3385 894 3489 941 non

1894 982 2061 1025 escam
2095 972 2111 1041 (
2132 971 2161 1024 Ι
2186 970 2304 1027 Cor.
2339 986 2424 1039 in,
2460 970 2557 1041 2),
2592 980 2617 1017 α
2643 972 2745 1025 ista
2770 970 2874 1027 illis
2892 973 3072 1039 modo,
3108 989 3216 1030 non
3235 976 3487 1046 posteris,

1892 1071 1955 1117 ut
1986 1061 2261 1131 pra°ﬁxnm
2304 1072 2417 1130 est,
2464 1063 2794 1133 temporibus
2822 1065 3050 1118 tenenda
3082 1062 3107 1101 δ
3138 1066 3490 1134 indulsimus,

1894 1168 1965 1209 ne
1993 1155 2191 1210 bonum
2222 1155 2365 1226 quod
2396 1154 2604 1208 inﬁrma
2636 1155 2813 1208 adhuc
2841 1155 3025 1209 radice
3052 1156 3353 1225 plantarum
3373 1165 3491 1213 erat

1902 1246 1917 1284 ί
1947 1255 2245 1307 emeretur.
2280 1246 2372 1303 sed
2403 1255 2638 1315 ereptum
2663 1246 3055 1315 aliquantulum
3078 1243 3401 1314 timeretur,
3434 1259 3491 1303 et

1891 1346 2064 1408 usque
2089 1338 2153 1392 ad
2175 1338 2562 1409 perfectionem
2582 1336 2997 1393 custodiretur.»
3028 1335 3168 1408 (Lib.
3195 1352 3303 1401 xiv,
3334 1341 3487 1409 epist.

1858 1486 1861 1489 ,
1892 1434 2014 1501 ult.)
2043 1431 2169 1486 Haec
2197 1446 2325 1501 ergo
2350 1430 2547 1486 idcirco
2570 1429 2979 1499 perstringenda
3003 1430 3208 1497 curavi,
3237 1437 3295 1484 ut
3314 1430 3371 1484 hi
3398 1430 3489 1498 qui

1894 1525 2188 1579 occasione
2238 1538 2391 1577 novre
2443 1522 2859 1591 dispensationis
2916 1522 3099 1578 illicita
3149 1522 3489 1579 matrimonia

1890 1616 2248 1680 contrahunt,
2301 1614 2718 1669 eruditissimum
2770 1628 2963 1684 papam
3011 1613 3329 1683 Gregorium
3380 1624 3487 1668 non

1891 1707 2212 1775 regulariter
2249 1712 2454 1773 quarta:
2492 1704 2852 1773 generationis
2893 1705 3141 1775 copulam
3186 1704 3487 1772 censuisse,
3588 1756 3591 1757 ν

1888 1798 2000 1853 imo
2030 1797 2314 1851 venialiter
2343 1797 2608 1866 simulque
2648 1797 3022 1866 temporaliter
3051 1797 3362 1867 permisisse
3389 1813 3486 1854 co-

202 1905 309 1958 quze
331 1889 506 1943 adhuc
534 1903 670 1943 nova
694 1897 776 1942 est
804 1888 867 1941 ad
901 1886 1091 1954 fidem,
1138 1888 1476 1941 institutione
1513 1890 1784 1958 prrecipua
1818 1894 1862 1953 Β
1888 1899 2170 1961 gnoscant.
2214 1890 2378 1959 Cujus
2411 1891 2664 1944 nimirum
2695 1890 2946 1960 precibus
2980 1889 3120 1945 Deus
3151 1890 3487 1961 omnipotens

200 1996 307 2050 qum
327 1980 391 2035 de
418 1980 607 2035 multis
645 1979 903 2035 Ecclesiis
930 1980 1183 2048 colligere
1228 1982 1486 2050 potuisti,
1516 1980 1783 2036 infundas.

200 2075 303 2129 Non
352 2076 499 2130 enim
541 2090 641 2145 pro
671 2076 801 2129 locis
849 2090 964 2139 res,
1016 2075 1112 2133 sed
1144 2088 1243 2142 pro
1294 2076 1449 2128 bonis
1478 2076 1639 2128 rebus
1669 2076 1786 2131 loca

199 2167 410 2221 amanda
454 2177 603 2221 sunt.
636 2167 716 2222 Ex
745 2168 967 2235 singulis
1007 2181 1137 2235 ergo
1177 2168 1479 2236 quibusque
1509 2166 1784 2232 Ecclesiis,

199 2274 303 2329 qua:
329 2260 440 2329 pia,
481 2274 602 2329 quae
633 2260 885 2328 religiosa
906 2301 920 2322 ,
952 2275 1073 2328 quas
1099 2267 1245 2313 recta
1275 2267 1430 2324 sunt,
1484 2260 1680 2328 eligas,
1733 2268 1787 2314 et

198 2348 297 2403 lucc
322 2350 474 2417 quasi
509 2351 561 2403 in
590 2350 809 2404 vasculo
838 2350 1098 2412 collecta,
1129 2350 1271 2419 apud
1303 2350 1597 2418 Anglorum
1629 2365 1785 2405 men-

196 2458 299 2500 sam
326 2444 377 2499 in
421 2442 869 2497 consuetudinem
915 2452 1111 2497 vertas.
1156 2462 1173 2493 ι
1211 2443 1572 2511 interrogatus
1620 2444 1785 2499 etiam

196 2536 444 2606 quomodo
503 2550 567 2589 ea
616 2550 734 2604 quae
764 2533 906 2589 fures
933 2535 1002 2589 de
1042 2535 1285 2590 ecclesiis
1313 2535 1635 2590 abstulerint
1662 2537 1783 2590 red-

195 2626 312 2683 dere
335 2628 607 2690 debeant,
638 2627 953 2683 mitissimus
981 2626 1141 2682 Pater
1174 2645 1186 2680 :
1225 2645 1242 2678 ‹
1278 2628 1450 2693 Absit,
1484 2629 1690 2697 inquit,
1724 2636 1784 2682 ut

193 2718 403 2773 ecclesia
448 2734 583 2773 cum
630 2726 921 2786 augmento
969 2719 1195 2788 recipiat
1242 2719 1388 2788 quod
1437 2720 1505 2774 de
1554 2721 1785 2775 terrenis

193 2811 335 2866 rebus
379 2811 602 2866 videtur
630 2811 907 2874 amittere,
954 2818 1010 2866 et
1054 2811 1200 2865 lucra
1247 2822 1383 2864 vana
1428 2813 1725 2880 requirere.
1757 2831 1777 2865 ι

191 2901 317 2959 Sane
338 2904 641 2973 requisitas
666 2904 737 2958 ab
783 2903 973 2958 eodem
1004 2902 1301 2971 Augustino
1332 2917 1502 2971 usque
1544 2903 1612 2956 ad
1643 2918 1782 2972 quo-

192 3002 284 3047 tam
305 2995 715 3063 generationem
742 2994 926 3049 fideles
950 2995 1179 3049 debeant
1202 2984 1463 3063 copulari,
1490 2994 1784 3064 Gregorius

190 3087 573 3157 iispensatorie
600 3088 677 3143 sic
723 3089 1034 3157 rescripsit:
1076 3105 1093 3138 ι
1129 3087 1383 3153 Quaedam
1432 3098 1647 3143 terrena
1695 3089 1783 3144 lex

188 3182 231 3235 in
260 3180 511 3236 Romana
542 3174 817 3250 republica
838 3181 1102 3249 permittit
1127 3190 1188 3234 ut
1213 3182 1327 3235 sive
1350 3182 1514 3236 frater
1529 3191 1584 3237 et
1602 3197 1778 3248 soror,

1892 1993 2101 2040 tantam
2131 1986 2432 2054 Augustino
2463 1985 2688 2054 ejusque
2726 1983 2888 2039 sociis
2921 1982 3285 2039 faciendorum
3314 1985 3490 2053 signo~

1891 2092 2011 2131 rum
2038 2070 2265 2145 gratiam
2290 2077 2540 2141 contulit,
2574 2085 2631 2130 ut
2656 2076 2878 2131 verbum
2912 2076 3033 2130 vita:
3061 2077 3205 2145 quod
3235 2091 3332 2131 ore
3358 2090 3491 2144 prm-

1891 2168 2146 2223 dicabant
2160 2170 2434 2237 signorum
2448 2168 2688 2223 efficacia
2707 2167 3108 2223 conﬁrmarent.
3127 2165 3277 2223 Unde
3292 2168 3488 2223 factum

1890 2270 1973 2317 est
1994 2269 2053 2315 ut
2074 2262 2261 2330 paucis
2286 2244 2626 2316 elaben'tibus
2648 2263 2822 2326 annis,
2848 2261 3013 2316 etiam
3035 2262 3216 2316 creteri
3241 2259 3488 2315 Saxonim

1888 2364 2047 2423 reges
2085 2353 2148 2406 ad
2191 2352 2390 2407 Christi
2432 2353 2644 2408 Domini
2692 2352 2850 2408 ﬁdem
2895 2367 2994 2422 per
3039 2350 3335 2421 discipulos
3373 2351 3490 2421 ejus

1891 2444 2231 2500 accederent.

2094 2535 2171 2590 De
2200 2536 2351 2604 cujus
2389 2537 2564 2607 gentis
2592 2537 2985 2603 conversione,
3026 2533 3293 2606 simulque
3323 2535 3491 2590 mira-

1889 2628 2130 2684 culorum
2160 2628 2417 2697 prodigiis
2446 2645 2565 2699 quae
2592 2629 2788 2684 ibidem
2819 2625 3054 2693 ﬁebant,
3098 2626 3169 2683 ita
3200 2626 3489 2697 Gregorius

1890 2718 1943 2772 in
1986 2719 2133 2773 libris
2170 2718 2463 2774 Moralibus
2503 2720 2784 2789 perhibet,
2818 2720 3004 2775 dicens
3033 2737 3046 2773 :
3087 2739 3105 2771 ι
3140 2718 3282 2775 Ecce
3312 2720 3490 2789 lingua

1889 2810 2217 2875 Britanniae,
2248 2826 2369 2881 qurc
2401 2811 2531 2865 nihil
2572 2808 2712 2866 aliud
2746 2820 2971 2867 noverat
3011 2824 3172 2880 quam
3203 2811 3490 2869 barbarum

1887 2901 2167 2965 frendere,
2215 2904 2528 2969 jamdudum
2568 2906 2620 2958 in
2664 2904 2756 2959 Dei
2796 2903 3043 2959 laudibus
3072 2903 3296 2958 Hebraea
3328 2906 3491 2975 erepit

1854 3040 1855 3043 η
1888 2994 2053 3048 verba
2083 3008 2363 3049 resonare.
2408 2994 2545 3049 Ecce
2575 2995 2851 3062 quondam
2892 2994 3162 3059 tumidus,
3203 2993 3313 3063 jam
3358 2994 3491 3049 sub-

1852 3156 1855 3157 7
1889 3094 2091 3141 stratus
2119 3096 2426 3142 sanctorum
2458 3087 2683 3156 pedibus
2731 3087 2898 3140 servit
2941 3082 3216 3148 Oceanus,
3268 3084 3490 3154 ejusque

1888 3177 2150 3231 barbaros
2173 3185 2369 3241 motus,
2398 3193 2535 3247 quos
2559 3178 2760 3232 terreni
2782 3177 3052 3246 principes
3075 3176 3329 3230 edomare
3347 3174 3490 3232 ferro

188 3285 269 3325 seu
295 3273 461 3328 duoru
480 3288 535 3326 η)
566 3273 788 3327 fratrum
818 3288 1218 3341 germanorum,
1259 3274 1345 3328 vel
1376 3275 1598 3329 duarum
1628 3292 1781 3332 soro-
1811 3275 1857 3339 α
1890 3268 2279 3336 nequiverant,
2327 3268 2426 3323 hos
2455 3284 2554 3338 pro
2582 3268 2761 3323 divina
2808 3267 3100 3324 formidine
3142 3270 3489 3327 sacerdotum

189 3379 292 3417 rum
320 3364 458 3421 filius
495 3373 552 3420 et
579 3363 685 3419 tilia
715 3365 1062 3419 misceantur.
1107 3364 1213 3419 Sed
1241 3367 1615 3435 experimento
1637 3368 1778 3423 didi-

192 3456 347 3513 cimus
373 3473 443 3514 ex
469 3458 569 3513 tali
613 3458 867 3527 conjugio
913 3458 1157 3512 sobolem
1207 3474 1315 3513 non
1358 3475 1519 3530 posse
1565 3476 1783 3516 succre-

192 3565 354 3621 scere,
370 3552 396 3591 ι’
410 3562 465 3608 et
481 3568 639 3608 sacra
663 3554 746 3607 lex
758 3553 1012 3623 prohibet
1031 3556 1367 3623 cognationis
1391 3557 1780 3627 turpitudinem

192 3643 442 3698 revelare.
482 3641 633 3698 Unde
654 3654 878 3698 necesse
896 3652 981 3697 est
1026 3654 1086 3697 ut
1128 3644 1237 3712 jam
1268 3647 1445 3713 tertia,
1481 3648 1563 3703 vel
1588 3656 1780 3715 quarta

190 3735 532 3801 generatione
555 3736 833 3802 generatio
865 3734 1100 3788 fidelium
1131 3735 1357 3789 licenter
1384 3736 1484 3790 sibi
1505 3736 1651 3803 jungi
1694 3737 1782 3791 de-

190 3822 322 3878 beat.
375 3824 513 3879 Nam
546 3835 570 3863 ο
619 3825 673 3879 in
735 3825 1004 3891 secunda,
1053 3825 1155 3894 57
1202 3840 1363 3895 (mam
1406 3827 1777 3894 pnediximus,

188 3914 500 3969 omnimodo
539 3912 697 3968 debet
744 3913 1031 3968 abstinere.
1092 3933 1111 3965 ι
1165 3913 1306 3984 (Lib.
1355 3930 1436 3979 ιι,
1470 3917 1621 3983 epist.
1663 3915 1781 3986 64.)

247 4006 338 4061 58.
365 4004 575 4060 Verum
596 4010 718 4073 post
738 4002 964 4057 multum
988 4004 1248 4072 temporis
1269 4020 1298 4056 a
1323 4002 1501 4059 Felice
1523 4004 1785 4059 Messana:

187 4096 378 4155 Sicilire
407 4096 642 4169 prmsule
682 4095 973 4164 requisitos
1004 4105 1183 4151 utrum
1212 4096 1509 4166 Augustino
1538 4099 1784 4167 scripsis-

188 4197 263 4245 set
290 4198 349 4244 ut
380 4188 680 4259 Anglorum
707 4186 898 4255 quarta
918 4189 1267 4257 generatione
1296 4196 1575 4242 contracta
1597 4191 1783 4244 matri-

188 4282 362 4336 monia
389 4280 619 4335 minime
644 4278 1000 4344 solverentur,
1026 4279 1364 4334 humillimus
1397 4279 1552 4335 Pater
1576 4279 1782 4350 Grego-

187 4371 292 4427 rius
340 4372 488 4427 inter
533 4378 731 4425 cmtera
777 4370 935 4425 talem
966 4370 1200 4426 reddidit
1227 4372 1492 4428 rationem
1524 4391 1538 4427 :
1576 4392 1595 4424 ι
1628 4372 1780 4439 Quod

188 4466 371 4536 scripsi
391 4465 716 4533 Augustino,
741 4464 1038 4532 Anglorum
1060 4466 1234 4533 gentis
1256 4466 1532 4536 episcopo,
1562 4468 1782 4522 alumno

188 4558 470 4627 videlicet,
502 4555 530 4595 ἀ
559 4566 619 4612 ut
642 4557 960 4613 recordatus
980 4572 1069 4620 es,
1097 4566 1217 4620 tuo,
1250 4559 1318 4613 de
1342 4562 1617 4628 sanguinis
1646 4577 1778 4616 con-

1887 3374 1983 3414 ora
2010 3360 2342 3429 simplicibus
2370 3361 2548 3415 verbis
2572 3361 2775 3429 ligant;
2801 3369 2854 3416 et
2876 3362 2966 3431 qui
2987 3370 3232 3416 catervas
3249 3378 3490 3432 pugnan-

1889 3453 2021 3507 tium
2050 3452 2275 3507 iniidelis
2305 3468 2644 3523 nequaquam
2674 3461 2962 3516 metuerat,
3000 3453 3111 3522 jam
3144 3469 3283 3508 nunc
3314 3453 3489 3511 ﬁdelis

1886 3545 2168 3600 humilium
2196 3547 2406 3614 linguas
2429 3546 2601 3599 timet.
2634 3547 2764 3612 Quia
2794 3547 2936 3601 enim
2960 3547 3229 3616 perceptis
3255 3547 3490 3602 cmlesli-

1885 3636 1987 3691 bus
2008 3638 2212 3703 verbis,
2244 3638 2666 3693 clarescentibus
2687 3653 2904 3709 quoque
2925 3639 3215 3702 miraculis,
3249 3642 3417 3693 virtus
3440 3640 3490 3696 ei

1887 3728 2082 3783 divinae
2131 3730 2457 3797 cognitionis
2514 3731 2843 3799 infunditur,
2901 3731 3143 3800 ejusdem
3196 3732 3489 3787 divinitatis

1888 3828 2103 3874 terrore
2133 3819 2469 3883 refrenatur;
2511 3829 2569 3873 ut
2600 3835 2765 3889 prave
2801 3834 2959 3887 agere
2990 3828 3229 3888 metuat,
3268 3837 3332 3877 ac
3363 3821 3489 3881 totis

1886 3910 2169 3965 desideriis
2215 3911 2280 3964 ad
2324 3911 2641 3964 aeternitatis
2681 3912 2910 3979 gratiam
2954 3914 3237 3981 pervenire
3280 3929 3486 3967 concu-

1885 4002 2077 4070 piscat.
2120 4019 2137 4052 ι
2176 4000 2332 4070 (Lib.
2368 4017 2510 4055 xxvn
2542 4002 2704 4079 Men,
2740 4018 2791 4056 n.
2825 4002 2949 4074 2i.)
2982 4002 3210 4074 Eulogio
3235 4019 3488 4074 quoque,

1885 4088 2207 4160 patriarcha:
2251 4089 2644 4158 Alexandrino,
2676 4091 2743 4146 de
2771 4091 3015 4147 doctrina
3046 4108 3156 4148 sum
3199 4092 3486 4165 Ecclesia),
3530 4096 3533 4101 ’

1886 4183 2241 4236 conversione
2306 4183 2722 4251 haereticorum,
2782 4184 3187 4254 concordiaque
3246 4186 3486 4243 fidelium

1886 4274 2189 4344 plausibilia
2223 4274 2498 4340 referenti,
2533 4273 2826 4344 Gregorius
2849 4276 2923 4330 ita
2945 4277 3262 4348 rescripsrt:
3296 4297 3314 4330 ι
3343 4278 3486 4345 Quo-

1887 4366 2031 4421 niam
2063 4366 2115 4420 in
2144 4366 2299 4420 bonis
2328 4381 2449 4435 quae
2478 4368 2656 4436 agitis,
2693 4369 2807 4424 scio
2837 4370 2983 4438 quod
3013 4377 3067 4425 et
3097 4371 3217 4426 aliis
3246 4386 3483 4440 congau-

1884 4456 2051 4521 detis,
2087 4464 2277 4513 vestrm
2304 4473 2521 4527 quoque
2548 4459 2656 4531 58
2684 4461 2870 4529 gratia:
2901 4462 3070 4516 vicem
3107 4462 3277 4517 reddo
3298 4504 3312 4527 ,
3357 4464 3505 4531 quia.

1886 4546 2012 4607 dom
2054 4562 2184 4617 gens
2231 4549 2559 4617 Anglorum,
2607 4552 2659 4606 in
2707 4552 2889 4607 mundi
2933 4552 3131 4622 angulo
3174 4556 3378 4624 posita,
3428 4556 3481 4609 in

189 4649 484 4720 ῖυηθιίοηο,
513 4651 610 4719 ipsi
632 4658 689 4704 ει
709 4649 1000 4718 Anglorum
1019 4652 1187 4719 genii,
1209 4666 1327 4720 quae
1346 4668 1515 4722 nuper
1530 4654 1595 4708 ad
1617 4654 1775 4709 ﬁdem
1806 4628 1869 4718 θ’
1886 4639 2033 4694 cultu
2063 4640 2327 4707 lignorum
2355 4656 2419 4696 ac
2446 4642 2679 4711 lapidum
2706 4644 2907 4715 perﬁda
2939 4660 3078 4700 nunc
3109 4662 3276 4715 usque
3302 4662 3479 4702 rema-

190 4748 429 4805 venerat,
468 4749 493 4778 ο
518 4754 588 4794 ne
617 4753 647 4793 a
674 4739 818 4794 bono
844 4740 987 4809 quod
1015 4746 1253 4809 coeperat
1278 4742 1566 4797 metuendo
1596 4744 1775 4805 austes‘

188 4832 326 4887 riora
355 4832 658 4895 recederet,
686 4831 992 4900 Specialitcr
1011 4839 1065 4886 et
1089 4848 1197 4885 non
1226 4834 1547 4901 generaliter
1567 4818 1776 4891 cmtcris

188 4941 269 4981 me
298 4927 587 4998 scripsisse
624 4936 937 4994 cognoscas.
984 4923 1137 4979 Unde
1165 4934 1220 4979 et
1260 4926 1387 4980 mihi
1416 4928 1568 4982 testis
1596 4930 1774 4985 omnis

189 5013 431 5073 Romana
460 5016 653 5073 civitas
694 5014 903 5077 existit,
951 5028 1052 5067 nec
1096 5029 1160 5089 ea
1200 5015 1640 5089 intentione'htcc
1670 5019 1775 5074 illis

189 5110 398 5179 scriptis
426 5106 699 5172 mandavi,
731 5115 791 5160 ut
811 5112 1091 5174 postquam
1114 5084 1265 5157 lirma
1292 5105 1471 5175 radice
1484 5084 1691 5162 ’fuerint
1720 5109 1772 5163 in

190 5200 288 5256 [ide
316 5200 563 5265 solidati,
607 5199 653 5253 si
691 5196 825 5252 infra
852 5209 1121 5265 propriam
1146 5196 1660 5277 consangpinitatem
1692 5199 1777 5252 in-

190 5296 327 5350 venti
368 5292 600 5355 fuerint,
648 5305 758 5345 non
798 5294 1143 5359 separentur,
1194 5294 1288 5341 aut
1328 5288 1461 5345 infra
1507 5289 1779 5345 affinitatis

190 5386 406 5453 lineam,
438 5386 500 5442 id
529 5392 614 5443 est
637 5396 805 5453 usque
828 5382 894 5436 ad
918 5381 1199 5452 septimam
1227 5383 1633 5451 generationem
1653 5385 1779 5453 jun-

256 5513 281 5540 ε
308 5504 581 5573 Υιιιςθιί,
620 5514 862 5573 converse
904 5506 1011 5551 est.-
1074 5563 1119 5573 ﬁ
1149 5565 1160 5573 _
1306 5567 1355 5573 __
1570 5550 1577 5559 .

255 5573 281 5611 ι)
303 5563 655 5629 Ηεεοῖιεείιηι
706 5570 759 5624 in
788 5568 963 5635 Bigot.
994 5574 1045 5620 et
1069 5563 1238 5638 Utic.,
1268 5567 1357 5622 ubi
1401 5576 1523 5638 post
1552 5586 1778 5625 succres-

192 5661 298 5700 cere
319 5643 632 5698 immediate
653 5640 891 5709 sequitur
925 5655 937 5690 ε
968 5637 1138 5709 unde,
1174 5644 1279 5709 etc.

261 5728 281 5754 ε
312 5714 502 5769 Norm.
529 5756 543 5778 ,
595 5707 773 5766 name
815 5709 1060 5764 secunda.
1094 5707 1398 5776 Andegav.,
1432 5726 1551 5763 nam
1592 5728 1775 5765 secun-

192 5786 544 5909 tlaflui’lurimi
576 5853 740 5913 Edit.,
787 5857 840 5903 ut
876 5848 1116 5903 recordor
1156 5858 1349 5906 nostro.
1402 5852 1531 5920 Ipsis
1577 5854 1772 5909 suli'ra-

187 5934 380 5992 gantur
417 5925 582 5987 Coll).
616 5932 671 5979 et
717 5922 847 5990 Reg.
882 5920 1166 5991 Sequimur
1204 5930 1311 5977 tres
1348 5921 1473 5979 Mss.
1506 5923 1688 5980 Norm.
1724 5935 1777 5982 et

1843 4754 1853 4761 -
1885 4740 2073 4796 neret,
2112 4748 2176 4788 ex
2221 4742 2409 4790 vestra:
2439 4735 2570 4790 mihi
2599 4737 2866 4792 orationis
2896 4737 3163 4806 adjutorio
3196 4740 3395 4807 placuit
3424 4748 3484 4795 ut

1884 4826 1950 4880 ad
1975 4841 2092 4881 eam
2123 4830 2438 4883 monasterii
2470 4831 2574 4885 mei
2606 4831 2929 4885 monachum
2961 4831 3012 4884 in
3045 4831 3480 4902 praedicationem

1884 4920 2283 4984 transmittere,
2332 4922 2443 4977 Deo
2475 4930 2723 4987 auctore,
2758 4922 3109 4990 debuissem;
3138 4927 3227 4995 qui
3247 4968 3261 4992 ,
3293 4928 3415 4983 data
3449 4946 3478 4984 a

1884 5023 1972 5063 me
2020 5010 2271 5073 licentia,
2306 5026 2358 5091 Ia
2416 4996 2827 5069 Germaniarum
2876 5012 3146 5084 episcopis
3194 5019 3480 5090 episcOpus

1883 5096 2085 5163 factus,
2137 5116 2258 5155 cum
2313 5116 2499 5155 eorum
2546 5116 2761 5172 quoque
2810 5103 3017 5161 solatiis
3064 5108 3128 5160 ad
3170 5110 3478 5178 prredictam

1886 5197 2099 5256 gentem
2130 5190 2181 5242 in
2215 5191 2374 5244 tinem
2414 5191 2595 5245 mundi
2627 5192 2918 5262 perductus
2952 5204 3051 5251 est.
3098 5195 3159 5251 Et
3185 5197 3296 5267 jam
3339 5216 3480 5256 nunc

1886 5279 1954 5335 de
1989 5281 2104 5350 ejus
2139 5282 2310 5337 salute
2341 5291 2393 5339 et
2422 5298 2588 5353 opere
2626 5283 2694 5338 ad
2738 5302 2835 5342 nos
2865 5288 3063 5358 scripta
3093 5299 3476 5359 pervenerunt,

1885 5373 2010 5441 quia
2052 5375 2214 5431 tantis
2242 5377 2543 5442 miraculis,
2593 5378 2677 5433 vel
2708 5378 2853 5448 ipse,
2897 5381 2983 5436 vel
3018 5381 3073 5435 hi
3114 5381 3207 5453 qui
3248 5398 3367 5437 cum
3409 5397 3475 5436 eo

1886 5482 2131 5540 Bolland.
2164 5487 2299 5543 Edit.

1963 5567 1985 5634 ξ
2018 5557 2257 5634 ’l‘urori.,_
2274 5576 2337 5613 ne
2363 5560 2425 5614 ab
2453 5578 2555 5634 uno
2585 5562 2739 5634 quod.

1964 5625 1983 5663 ί
2015 5628 2179 5703 Abest
2210 5630 2371 5686 vitare
2398 5648 2427 5685 a
2454 5625 2661 5696 Norrn.,
2695 5633 2829 5703 Reg.
2859 5640 2915 5688 et
2941 5632 3090 5689 Cnlb.

1962 5708 1986 5769 β
2015 5699 2243 5769 Andcg.,
2273 5704 2365 5755 ita.

1962 5766 1985 5847 ξ
2020 5766 2189 5847 ψίᾳξ
2212 5766 2511 5847 indicimus.

1967 5841 1979 5878 ί
2015 5841 2243 5911 Andeg.,
2272 5859 2390 5897 cum
2418 5844 2571 5900 Colb.
2601 5856 2655 5899 et
2685 5845 2891 5913 Norm.,
2920 5856 3238 5903 curreretur.
