4118 6470
616 359 719 417 105

1213 354 1270 413 S.
1308 351 1639 412 GREGORII
1678 351 1893 410 MAGNI
1932 351 2119 421 VITA,
2162 348 2367 406 AUCT.
2408 348 2671 405 JOANNE
2709 344 3027 405 DIACONO.
3070 346 3199 403 LIB.
3237 346 3307 405 II.

3810 348 3912 405 I04

616 475 914 535 transmissi
940 482 1093 543 sunt,
1125 472 1178 527 in
1205 478 1364 541 gente
1391 468 1583 525 eadem
1608 474 1929 533 coruscant,
1960 474 2019 521 ut
2045 463 2195 536 Apo-
2224 472 2275 529 Α
2301 463 2604 533 sigillasset,
2635 460 2823 530 legatis
2849 459 3075 529 largitus
3096 465 3199 515 est.
3229 457 3323 514 llli‘
3337 466 3623 531 susceptas
3643 459 3912 530 reliquias

616 574 879 633 stolorum
908 571 1132 627 virtutes
1170 568 1225 622 in
1264 565 1432 636 signis
1461 579 1582 634 quae
1615 564 1877 619 exhibent
1905 560 2102 616 imitari
2132 560 2213 614 vi-

617 665 865 722 deantur.
908 662 966 717 In
995 658 1341 716 solemnitate
1369 665 1549 713 autem
1577 656 1860 711 dominicae
1889 653 2212 720 nativitatis,

620 772 743 828 quae
771 766 796 794 ι
828 755 997 826 prima
1026 751 1321 807 indictione
1350 756 1622 806 transacta
1652 755 1768 813 est,
1809 746 2094 816 plusquam
2121 744 2217 800 de-

619 863 737 905 cem
766 844 930 900 millia
960 840 1119 912 Angli
1140 842 1209 898 ab
1232 841 1426 897 eodem
1455 838 1687 895 nuntiati
1714 846 1840 895 sunt
1860 836 2026 893 fratre
2046 844 2103 893 et
2122 851 2215 893 co-

620 940 884 1010 episcopo
913 944 1103 992 nostro
1143 934 1423 1007 baptizati.
1471 932 1625 1000 Quod
1654 931 1855 987 idcirco
1884 929 2125 995 narravi,
2157 936 2217 983 ut

621 1028 965 1099 cognoscatis
989 1026 1119 1096 quid
1146 1026 1200 1080 in
1222 1023 1586 1080 Alexandrino
1610 1021 1814 1093 populo
1837 1019 2135 1090 loquendo,
2161 1025 2217 1074 et

621 1119 748 1191 quid
792 1119 846 1174 in
893 1118 1079 1173 mundi
1121 1115 1318 1173 ﬁnibus
1359 1115 1516 1186 agitis
1556 1112 1783 1169 orando.
1825 1111 2033 1167 Vestrae
2070 1110 2215 1166 enim

625 1212 903 1268 orationes
930 1221 1056 1268 sunt
1076 1211 1130 1267 in
1159 1211 1280 1267 loco
1308 1210 1395 1264 ubi
1424 1224 1529 1264 non
1559 1207 1719 1274 estis,
1765 1220 1992 1275 quarum
2020 1218 2216 1275 opera-

624 1302 802 1359 tiones
843 1310 1045 1357 sancta:
1089 1308 1456 1356 monstrantur
1481 1297 1535 1353 in
1574 1312 1641 1353 eo
1668 1296 1819 1363 loco,
1868 1295 1960 1351 ubi
2003 1294 2153 1351 estis.
2189 1312 2210 1347 ι

625 1392 784 1463 (Lib.
816 1409 930 1458 vni,
961 1393 1113 1463 epist.
1145 1388 1263 1462 '50.)
1358 1384 1366 1392 ’
1832 1462 1837 1469 λ

693 1485 783 1541 to.
845 1484 1199 1540 Nihilominus
1248 1482 1425 1540 eidem
1477 1482 1776 1554 Augustino
1812 1497 1974 1555 super
2011 1481 2217 1540 eisdem

625 1575 893 1632 miraculis
921 1576 1063 1630 inter
1102 1576 1205 1630 alia
1243 1576 1464 1643 scribit,
1512 1577 1762 1645 inquiens
1809 1595 1822 1630 :
1881 1596 1899 1629 ‹
1935 1576 2063 1632 Scio
2089 1576 2217 1647 quia

625 1669 966 1739 omnipotens
1001 1668 1143 1724 Deus
1177 1683 1275 1739 per
1302 1668 1646 1723 dilectionem
1677 1677 1826 1723 tuam
1869 1669 1922 1723 in
1963 1677 2213 1738 gentem,

626 1762 653 1799 ι’
685 1777 847 1832 quam
875 1763 999 1832 eligi
1029 1762 1230 1830 voluit,
1268 1775 1461 1830 magna
1487 1759 1749 1816 miracula
1777 1760 2033 1817 08tendit.
2067 1759 2220 1816 Unde

2316 556 2665 613 veneratione
2693 568 2931 623 congrua
2961 551 3295 618 deferentes,
3347 560 3636 622 postquam
3662 552 3913 623 quaedam

2315 647 2527 703 itineris
2564 643 2811 699 milliaria
2855 648 3337 712 consumpserunt,
3388 641 3552 698 stulte
3594 658 3654 699 se
3702 651 3913 700 tantum

2317 737 2573 795 viaticum
2616 734 2918 791 confecisse
2964 747 3303 788 murmurare
3350 741 3664 804 coeperunt,
3715 734 3761 789 si
3814 750 3914 792 ne-

2316 830 2492 887 sciant
2543 836 2723 884 utrum
2771 833 3084 883 sanctorum
3132 840 3256 882 ossa
3303 840 3373 880 an
3420 826 3592 895 magis
3630 818 3835 884 'carnes
3882 845 3915 884 a

2317 921 2564 979 Romano
2624 919 2881 991 pontiﬁce
2939 918 3323 988 suscepissent.
3388 916 3577 988 Itaque
3636 922 3917 977 communi

2318 1014 2578 1080 consilio,
2622 1020 2835 1068 remoto
2860 1010 3154 1081 pontiﬁcali
3196 1010 3508 1080 signaculo,
3548 1013 3918 1083 reseratisque

2318 1108 2632 1183 pyxidibus,
2678 1105 2968 1178 particulas
3012 1103 3237 1160 brandei
3285 1113 3626 1175 repererunt.
3671 1105 3802 1162 Mox
3847 1106 3919 1163 ad

2318 1201 2467 1257 urbis
2490 1199 2688 1255 moenia
2712 1213 2836 1254 cum
2867 1196 3049 1253 furore
3076 1196 3243 1253 nimio
3280 1205 3614 1254 revertentes
3635 1239 3651 1265 ,
3692 1214 3794 1269 per
3830 1214 3918 1255 ar-

2318 1294 2695 1352 chidiaconum
2710 1308 2741 1347 a
2762 1290 3026 1360 Gregorio
3041 1290 3258 1348 delusos
3274 1290 3459 1357 fuisse,
3480 1299 3540 1346 ut
3553 1306 3652 1361 pro
3674 1292 3919 1362 reliquiis

2318 1386 2481 1442 vilem
2522 1399 2762 1455 pannum
2808 1383 3172 1453 susciperent,
3221 1380 3472 1440 ﬂebiliter
3518 1383 3915 1453 querebantur,

2314 1476 2564 1536 dicentes
2592 1475 2842 1535 dominos
2867 1490 2995 1533 suos
3022 1474 3399 1548 pulcherrimis
3419 1475 3597 1548 palliis
3617 1475 3917 1546 abundare,

2320 1588 2385 1629 ac
2412 1588 2511 1643 per
2546 1572 2651 1628 hoc
2690 1572 3058 1627 Romanorum
3088 1569 3283 1625 vilibus
3311 1569 3564 1625 brandeis
3593 1586 3704 1625 non
3732 1585 3921 1640 egere.

2320 1665 2483 1721 Forte
2506 1676 2632 1720 tunc
2657 1663 2950 1734 Gregorius
2978 1664 3262 1719 missarum
3294 1662 3556 1719 solemnia
3583 1663 3918 1721 celebrabat.

2321 1759 2525 1827 Quibus
2553 1758 2783 1829 expletis
2806 1800 2822 1828 ,
2862 1758 2930 1813 ab
2954 1756 3156 1813 eisdem
3187 1756 3375 1827 legatis
3404 1756 3703 1813 brandeum
3733 1772 3920 1814 coram

627 1867 849 1908 necesse
887 1860 971 1908 est
1000 1858 1060 1906 ut
1097 1850 1165 1906 de
1192 1851 1383 1907 eodem
1418 1850 1561 1907 dono
1604 1850 1844 1917 caelesti,
1890 1860 1946 1906 et
1981 1850 2219 1907 timendo
2251 1866 2298 1925 Β
2322 1853 2531 1909 cunrtis
2551 1852 2839 1923 recipiens,
2862 1866 3026 1922 super
3045 1850 3217 1905 altare
3236 1849 3564 1921 composuit,
3594 1864 3765 1919 seque
3799 1865 3921 1906 cum

628 1944 893 2012 gaudeas,
942 1955 999 2000 et
1042 1944 1325 2015 gaudendo
1374 1944 1724 2014 pertimescas
1764 1942 2039 2013 :gaudeas
2076 1941 2225 1998 vide-

627 2034 793 2104 licet,
842 2036 967 2107 quia
998 2036 1293 2107 Anglorum
1319 2036 1512 2091 animae
1541 2051 1639 2105 per
1666 2036 1936 2091 exteriora
1963 2035 2224 2091 miracula

627 2126 695 2181 ad
748 2128 1061 2183 interiorem
1116 2128 1342 2196 gratiam
1391 2128 1811 2197 pertrahuntur;
1869 2127 2223 2197 pertimescas

629 2235 778 2283 vero,
811 2235 877 2275 ne
905 2219 1047 2275 inter
1072 2220 1223 2288 signa
1251 2234 1370 2290 qua:
1395 2216 1530 2273 ﬁunt
1552 2217 1795 2276 inﬁrmus
1821 2218 2033 2275 animus
2059 2219 2115 2273 in
2138 2218 2222 2274 sui

631 2310 1050 2382 praesumptione
1077 2325 1137 2365 se
1162 2310 1373 2378 elevet,
1404 2318 1463 2363 ut
1491 2310 1631 2364 unde
1659 2308 1803 2365 foras
1838 2324 1933 2380 per
1960 2310 2224 2363 honorem

634 2400 860 2464 tollitur,
894 2399 1018 2455 inde
1046 2416 1143 2470 per
1172 2401 1387 2455 inanem
1412 2399 1640 2470 gloriam
1668 2400 1814 2455 intus
1844 2399 2029 2468 cadat,
2055 2409 2162 2456 etc.
2198 2418 2218 2453 ›

636 2492 786 2564 (Lib.
816 2510 893 2558 χι,
924 2493 1073 2564 epist.
1106 2490 1222 2561 28.)

706 2584 797 2638 41.
839 2584 967 2652 Qum
996 2592 1179 2641 autem
1214 2583 1282 2639 de
1310 2582 1555 2653 Gregorii
1597 2582 1868 2638 miraculis
1896 2596 2061 2653 penes
2102 2597 2226 2638 eas-

636 2676 757 2731 dem
788 2676 1081 2745 Anglorum
1116 2676 1387 2733 Ecclesias
1419 2676 1578 2745 vulgo
1608 2675 1889 2744 leguntur.
1928 2674 2229 2730 omittenda

635 2781 741 2822 non
772 2767 1025 2836 arbitror,
1056 2783 1125 2823 ne
1148 2767 1375 2824 studiosi
1400 2767 1621 2824 lectoris
1642 2768 1872 2835 animus,
1904 2775 1997 2821 aut
2016 2766 2232 2822 defrau-

637 2860 795 2916 dasse
848 2860 1229 2930 pertinaciter,
1272 2868 1364 2915 aut
1403 2861 1740 2930 negligenter
1781 2859 2105 2930 praeteriisse
2144 2873 2231 2914 me

640 2963 664 2993 ο
682 2953 1044 3022 cognitionem
1059 2967 1352 3023 congruam
1375 2954 1695 3024 suspicetur.
1715 2953 1961 3009 Matrona
1987 2953 2230 3024 quaedam

634 3040 796 3100 beato
822 3040 1108 3113 Gregorio,
1140 3059 1239 3113 per
1266 3045 1531 3100 stationes
1559 3045 1800 3115 publicas
1826 3046 2109 3100 missarum
2138 3059 2231 3099 so-

634 3132 833 3189 lemnia
877 3133 1206 3199 celebranti,
1257 3134 1444 3190 solitas
1480 3136 1782 3191 oblationes
1809 3135 2097 3190 obtulerat.
2132 3134 2233 3190 Cui

2325 1943 2575 1999 omnibus
2622 1942 2679 1997 in
2719 1942 3022 1997 orationem
3060 1940 3235 2005 dedit,
3287 1947 3346 1994 ut
3389 1939 3532 1995 Deus
3576 1940 3923 2010 omnipotens

2326 2042 2506 2089 utrum
2535 2032 2681 2104 quod
2707 2048 2740 2087 a
2765 2031 3038 2088 liminibus
3065 2030 3434 2102 apostolorum
3462 2030 3531 2087 de
3556 2045 3711 2086 more
3740 2040 3923 2087 trans-

2325 2126 2547 2181 missum
2574 2134 2656 2182 est
2694 2140 2793 2196 pro
2821 2125 3064 2196 reliquiis
3092 2133 3388 2196 martyrum
3417 2124 3670 2180 venerari
3700 2124 3921 2181 deberet

2327 2217 2653 2286 quantocius
2694 2216 2975 2272 indicaret.
3022 2214 3227 2271 Deinde
3275 2215 3343 2270 ab
3382 2215 3629 2271 oratione
3668 2228 3920 2285 surgens,

2330 2308 2641 2365 incredulos
2661 2309 2870 2379 legatos
2889 2308 3110 2379 propius
3130 2316 3310 2364 astare
3329 2308 3607 2379 praecepit.
3635 2308 3921 2364 Cultellnm

2326 2401 2502 2471 petiit,
2531 2410 2556 2439 ο
2587 2415 2739 2456 more
2783 2399 3109 2456 sanctissimi
3150 2414 3303 2470 papa:
3349 2398 3573 2466 Leonis,
3624 2399 3922 2455 brandeum

2328 2497 2575 2566 pupugit,
2601 2496 2669 2551 de
2692 2494 2846 2564 cujus
2868 2494 3249 2565 punctionibus
3273 2496 3491 2565 sanguis
3515 2497 3767 2567 protinus
3788 2511 3922 2552 ema-

2329 2588 2496 2642 navit.
2529 2586 2648 2654 Quo
2673 2587 2936 2643 miraculo
2967 2596 3074 2642 tam
3096 2587 3256 2657 legati
3284 2586 3517 2657 confusi,
3546 2604 3709 2660 quam
3738 2604 3922 2645 omnes

2330 2679 2424 2749 qui
2454 2679 2681 2734 aderant
2710 2678 3213 2757 tremefactihjussu
3240 2677 3490 2749 Gregorii
3518 2696 3643 2737 cum
3671 2696 3743 2737 eo
3772 2690 3922 2739 terra:

2331 2772 2588 2845 prostrati
2632 2781 2777 2836 sunt,
2833 2787 2936 2828 nec
2984 2782 3113 2828 ante
3152 2773 3219 2828 ab
3261 2774 3509 2829 oratione
3554 2783 3922 2846 cessaverunt,

2332 2880 2491 2936 quam
2522 2871 2717 2920 cuncta
2744 2862 3111 2920 brandeorum
3137 2863 3402 2921 foramina
3425 2864 3680 2921 divinitus
3710 2866 3924 2923 claude-

2333 2965 2538 3011 I’OIIIUI‘.

2403 3048 2492 3102 45.
2525 3047 2753 3115 Quidam
2775 3056 3036 3119 praeterea
3058 3047 3284 3103 divitum
3314 3048 3705 3116 Romanorum,
3739 3051 3923 3108 relicta

2333 3139 2591 3210 conjuge,
2646 3141 2821 3199 fuerat
2870 3156 2901 3196 a
2950 3141 3196 3198 Romano
3243 3143 3499 3213 pontiﬁce
3544 3146 3924 3201 communione

637 3232 763 3294 post
795 3223 1051 3294 mysteria
1081 3223 1373 3278 traditurus
1396 3265 1413 3292 ,
1451 3240 1572 3279 cum
1610 3226 1815 3279 diceret
1845 3242 1858 3278 :
1887 3224 2094 3294 Corpus
2118 3224 2221 3278 Do-

2335 3235 2593 3307 privatus.
2620 3235 2773 3303 Quod
2801 3234 2893 3290 ille
2921 3235 3302 3291 molestissime
3331 3236 3527 3304 ferens,
3558 3245 3615 3292 et
3640 3239 3924 3294 auctorita-

637 3313 981 3374 mininostri
1026 3310 1155 3368 Jesu
1197 3312 1395 3368 Christi
1439 3322 1725 3370 conservet
1768 3313 2000 3367 animam
2041 3321 2223 3379 tuam,

636 3402 838 3458 lasciva
865 3402 1099 3458 subrisit.
1141 3402 1235 3458 Ille
1270 3405 1528 3459 continuo
1573 3404 1852 3459 dexteram
1884 3404 1951 3459 ab
1984 3403 2103 3474 ejus
2131 3419 2227 3459 ore

637 3501 987 3559 convertens,
1036 3503 1247 3565 partem
1286 3495 1435 3550 illam
1483 3496 1739 3551 dominici
1784 3496 2027 3567 corporis
2065 3511 2227 3567 super

637 3585 811 3641 altare
850 3584 1121 3656 deposuit.
1163 3585 1404 3656 Expletis
1432 3601 1563 3642 vero
1602 3586 1886 3644 missarum
1913 3588 2189 3643 solemniis
2210 3629 2227 3657 ,

636 3683 938 3731 matronam
985 3692 1168 3731 coram
1215 3678 1417 3748 populo
1463 3678 1734 3747 inquisivit
1780 3694 1939 3747 quam
1988 3678 2059 3734 ob
2111 3695 2228 3734 rem

636 3781 833 3837 corpus
872 3766 1201 3823 dominicum
1242 3775 1561 3839 susceptura
1588 3767 1763 3823 ridere
1804 3770 2225 3840 praesumpserit.

634 3857 706 3911 At
735 3857 823 3912 illa
847 3857 939 3913 diu
969 3859 1278 3923 mussitans,
1309 3859 1527 3915 tandem
1556 3860 1824 3931 prorupit,
1855 3862 1980 3932 quia
2010 3877 2223 3933 panem,

634 3949 917 4019 inquiens,
954 3964 1115 4019 quem
1144 3950 1376 4020 propriis
1408 3951 1656 4007 manibus
1685 3967 1772 4006 me
1801 3951 1993 4008 fecisse
2020 3968 2225 4023 cogno-

634 4054 839 4111 veram,
866 4050 924 4097 tu
955 4058 1151 4113 corpus
1179 4043 1511 4100 dominicum
1542 4046 1884 4115 perbibebas.
1916 4046 2067 4103 Tunc
2089 4046 2227 4104 Gre-

634 4135 838 4204 gorius,
866 4150 966 4204 pro
995 4134 1377 4191 incredulitate
1406 4137 1665 4203 mulieris,
1699 4154 1821 4192 cum
1848 4146 1962 4193 tota
1988 4139 2145 4209 plebe
2169 4155 2230 4197 se

635 4226 691 4282 in
720 4227 1023 4285 orationem
1053 4228 1375 4297 prostravit;
1416 4238 1471 4283 et
1508 4239 1631 4299 post
1663 4231 1938 4301 paululum
1967 4247 2224 4310 surgens,

635 4315 951 4386 particulam
975 4316 1128 4385 panis
1151 4332 1312 4387 quam
1333 4334 1496 4389 super
1517 4320 1689 4375 altare
1714 4331 1988 4391 posuerat,
2008 4338 2229 4379 carnem

635 4406 829 4461 factam
858 4407 1059 4476 reperit
1088 4425 1101 4460 :
1143 4422 1307 4477 quam
1338 4424 1520 4464 coram
1551 4412 1761 4467 cunctis
1796 4413 2081 4469 incredulae
2111 4430 2228 4469 im-

635 4507 803 4555 tronze
823 4499 1220 4565 demonstrans,
1249 4502 1318 4556 ad
1338 4502 1670 4559 credulitatis
1689 4506 1916 4574 gratiam
1944 4516 2053 4562 tam
2080 4508 2226 4564 illam

2332 3335 2440 3381 tem
2472 3326 2608 3381 tanti
2637 3326 2907 3397 pontiﬁcis
2931 3341 3196 3382 evacuare
3235 3343 3343 3384 non
3374 3328 3704 3399 praevalens,
3741 3345 3924 3401 mago-

2329 3432 2449 3472 rum
2496 3415 2748 3485 suifragia
2796 3417 3097 3486 requisivit.
3159 3419 3291 3486 Qui,
3351 3420 3562 3489 magnis
3614 3422 3924 3477 muneribus

2329 3509 2596 3577 persuasi,
2628 3523 2789 3580 posse
2818 3523 2878 3564 se
2901 3510 3013 3565 suis
3040 3511 3368 3568 carminibus
3395 3526 3555 3582 agere
3576 3521 3656 3581 ut,
3688 3515 3924 3571 immisso

2331 3600 2574 3656 daemone
2596 3642 2611 3668 ,
2643 3600 2829 3656 tandiu
2859 3601 3100 3658 caballus
3123 3604 3392 3673 pontiﬁcis
3418 3614 3713 3661 vexaretur
3755 3623 3924 3678 quon-

2330 3707 2464 3762 sque
2493 3708 2614 3747 cum
2638 3708 2851 3750 sessore
2878 3709 2979 3750 suo
3006 3694 3422 3765 periclitaretur,
3454 3698 3774 3755 ﬁducialiter
3802 3716 3927 3771 pro--

2330 3784 2614 3839 miserunt.
2647 3783 2762 3841 Hac
2802 3786 3042 3842 incestus
3064 3785 3233 3856 judex
3258 3788 3648 3857 pollicitatione
3672 3789 3923 3855 lzetatus,

2332 3890 2518 3945 magos
2552 3875 2706 3946 juxta
2744 3877 2888 3932 viam
2928 3893 3034 3948 qua
3076 3877 3317 3947 pontifex
3358 3880 3427 3935 ad
3468 3881 3759 3937 stationem
3801 3898 3922 3953 pro-

2332 3965 2569 4023 fecturus
2590 3976 2709 4022 erat
2736 3969 2791 4023 in
2815 3968 2962 4024 edito
2990 3978 3137 4024 stare
3159 3970 3419 4041 permisit,
3452 3978 3512 4026 ut
3537 3971 3723 4028 videre
3749 3981 3922 4032 trans-

2332 4069 2550 4128 euntes,
2582 4076 2693 4116 non
2720 4061 2890 4117 videri
2917 4076 2949 4116 a
2980 4065 3384 4120 transeuntibus
3413 4073 3652 4135 possent.
3686 4067 3924 4137 Cumque

2331 4154 2470 4222 magi
2506 4169 2574 4209 ex
2608 4153 3005 4224 planetatorum
3049 4157 3593 4228 mappulatorumque
3621 4161 3923 4229 processio-

2331 4244 2489 4299 nibus
2516 4259 2769 4315 magnum
2793 4246 3101 4316 pontiﬁcem
3123 4251 3523 4319 cognovissent,
3550 4250 3795 4308 immisso
3816 4254 3924 4310 dte-

2330 4353 2520 4406 Inone,
2563 4347 2671 4393 tam
2718 4338 2928 4396 fortiter
2967 4341 3083 4410 ejus
3108 4358 3302 4414 equum
3331 4344 3517 4399 vexari
3549 4344 3800 4401 fecerunt
3823 4389 3838 4415 ,
3870 4356 3925 4404 ut

2332 4446 2603 4501 nunquam
2646 4448 2678 4487 a
2718 4448 2933 4489 sessore
2962 4435 3085 4490 'sive
3126 4450 3157 4490 a
3200 4438 3520 4494 stratoribus
3564 4443 3738 4497 teneri
3768 4458 3925 4513 posse

2331 4531 2629 4591 putaretur.
2665 4521 2814 4579 Tunc
2841 4524 3151 4593 Gregorius,
3184 4528 3460 4584 revelante
3483 4528 3685 4601 Spiritu
3712 4542 3922 4599 sancto,

634 4604 890 4646 revocare
930 4591 1140 4660 potuit,
1190 4607 1350 4661 quam
1394 4602 1563 4649 totum
1610 4596 1866 4666 p0pulum
1906 4599 2221 4657 confirmare

2330 4612 2716 4669 daemoniacam
2738 4614 3150 4672 submissionem
3172 4632 3523 4689 cognoscens,
3546 4632 3735 4680 sancto
3751 4625 3925 4681 crucis

635 4683 858 4737 curavit.
916 4682 1121 4739 Rursus
1167 4684 1349 4754 itaque
1400 4685 1453 4739 in
1503 4686 1806 4742 orationem
1852 4703 1973 4744 cum
2019 4691 2224 4747 eisdem

635 4782 937 4843 prostratus
962 4814 977 4840 ,
1051 4777 1228 4832 carnis
1304 4777 1531 4833 frustum
1596 4779 1651 4834 in
1715 4780 1869 4852 panis
1931 4782 2225 4852 primordia

634 4870 967 4924 reformavit.

712 4959 794 5014 42.
826 4960 945 5015 Alio
966 4976 1182 5031 quoque
1208 4972 1455 5035 tempore
1476 4968 1557 5022 vir
1586 4968 1679 5024 Dei
1711 4968 2034 5041 Gregorius,
2066 4972 2227 5028 mira-

634 5051 815 5106 culum
838 5067 977 5122 pene
997 5054 1123 5110 huic
1143 5056 1316 5114 simile
1335 5062 1683 5129 perpetravit.
1712 5062 1844 5117 Nam
1864 5080 2005 5133 cum,
2035 5074 2224 5134 peten-

636 5141 778 5196 tibus
817 5142 1132 5213 quibusdam
1161 5147 1584 5205 occidentalibus
1613 5166 1709 5221 per
1748 5153 1954 5223 legatos
1974 5192 1989 5218 ,
2028 5154 2137 5226 59
2166 5156 2223 5212 in

630 5233 857 5303 singulis
899 5238 1187 5307 pyxidibus
1215 5242 1314 5297 sub
1349 5244 1654 5299 nominibus
1681 5246 1974 5314 petitorum
2016 5257 2222 5321 marty.

632 5341 753 5380 rum
785 5323 810 5363 ά
850 5328 1147 5385 brandeum
1186 5333 1346 5389 solito
1386 5349 1540 5390 more
1577 5336 1941 5406 concludens,
1991 5339 2222 5411 desuper

706 5469 732 5536 ξι
765 5458 927 5536 lilio,
959 5479 1070 5536 qua:
1097 5464 1193 5518 hac
1221 5466 1407 5536 prima.

701 5528 728 5568 δ
756 5532 931 5611 Colb.,
962 5528 1178 5611 Gemet._
1205 5528 1269 5611 ac
1290 5536 1489 5611 Digot.,
1518 5540 1861 5611 quamielegit,
1888 5552 1945 5595 ut
1965 5546 2142 5599 voluit.

706 5611 728 5639 ο
761 5601 989 5680 Andeg.,
1030 5607 1312 5680 cognitioni
1349 5601 1609 5678 congruae.
1650 5601 1892 5677 Gemet'q
1933 5617 2212 5680 cognitioni

630 5687 881 5753 congruat:
912 5671 1026 5753 Dig.
1051 5671 1291 5753 ef_tltic.,
1322 5671 1612 5746 cognitione
1640 5671 1890 5753 congrua:
1994 5671 2006 5683 ’

702 5740 727 5776 εί
756 5740 813 5823 In
842 5740 1287 5823 Colb._et_Noritt.
1331 5740 1544 5819 semper
1570 5740 1846 5818 scribifur,
1895 5756 2199 5823 prandeum.

630 5808 961 5897 Drandenin.
1010 5812 1212 5897 Isidoro
1241 5808 1494 5897 zonarum
1522 5836 1715 5897 genus,
1764 5808 1940 5879 veIuIn
1970 5835 2055 5879 est
2074 5808 2199 5897 quo

625 5893 826 5952 corpus
838 5879 1097 5953 defuncti,
1109 5885 1195 5942 vel
1223 5901 1388 5943 sacrae
1401 5879 1640 5962 reliquiae
1670 5879 1939 5964 teguntur.
1962 5879 2188 5955 Manlia:

2328 4703 2602 4771 signaculo
2623 4742 2637 4765 ,
2681 4712 2786 4758 tam
2817 4706 3084 4761 caballum
3110 4722 3141 4762 a
3164 4710 3414 4779 praesenti
3458 4712 3608 4768 rabie
3646 4713 3921 4782 liberavit,

2328 4807 2489 4862 quam
2519 4794 2794 4851 maleﬁcos
2821 4812 2889 4851 ex
2918 4797 3124 4856 latente
3151 4801 3386 4857 culmine
3406 4801 3603 4886 jubens
3627 4805 3920 4877 deponere,

2328 4891 2587 4952 perpetua
2610 4885 2856 4941 caecitate
2895 4887 3161 4945 multavit.
3212 4891 3359 4958 Quos
3382 4901 3595 4949 reatum
3619 4911 3775 4953 suum
3799 4914 3921 4970 sug-

2330 4974 2573 5041 gestione
2601 4975 2794 5031 incesti
2818 4975 3015 5047 judicis
3056 4981 3404 5051 conﬁtentes,
3450 5000 3516 5042 ac
3541 4997 3667 5057 post
3694 4991 3921 5047 multum

2330 5068 2591 5137 temporis
2615 5070 2684 5124 ad
2709 5072 2852 5127 sacri
2879 5072 3220 5143 baptismatis
3247 5078 3477 5145 gratiam
3506 5080 3809 5150 venientes,
3843 5084 3921 5140 lu.

2324 5160 2559 5217 minibus
2581 5162 2817 5233 quidem,
2852 5165 2870 5204 ί
2897 5181 2967 5221 ne
2994 5168 3199 5237 magica
3228 5169 3552 5241 relegerent,
3581 5173 3812 5234 reddere
3832 5191 3920 5231 no-

2323 5251 2439 5319 luit,
2472 5268 2568 5309 eos
2594 5262 2775 5311 tamen
2804 5257 3167 5313 ecclesiastica
3189 5260 3331 5330 stipe
3358 5261 3551 5317 nutriri
3569 5264 3849 5337 pmcepit.

2392 5343 2479 5398 44.
2524 5345 2742 5415 Legitur
2764 5349 2927 5403 etiam
2957 5364 3122 5419 penes
3150 5351 3371 5408 easdem
3399 5352 3695 5423 Anglorum
3732 5355 3916 5414 Eccle-

2400 5490 2422 5517 ε
2468 5482 2696 5560 Sanctus
2742 5482 3061 5560 Gregorius,
3107 5486 3204 5560 lib.
3255 5503 3334 5560 tv,
3384 5488 3541 5560 epist.
3597 5488 3700 5554 30,
3753 5492 3916 5548 refert

2323 5560 2566 5630 sanctum
2616 5551 2884 5630 Leonem,
2937 5553 3270 5630 dum__Grzeci
3315 5551 3529 5627 quidam
3569 5551 3914 5630 dubitarent,

2319 5620 2617 5701 brandeum
2644 5620 3231 5701 forficibusdncidisse,
3286 5620 3348 5682 et"
3386 5643 3456 5684 ex
3493 5630 3611 5701 ipsa
3648 5620 3916 5690 incisione

2317 5694 2634 5758 sanguinem
2664 5692 2957 5749 effluxisse.

2394 5761 2601 5845 ﬁColb.
2621 5802 2637 5827 ,
2671 5761 2836 5845 Reg,
2871 5763 3010 5822 Utic.
3041 5777 3096 5823 et
3120 5767 3235 5839 Dig.
3255 5809 3268 5836 ,
3300 5786 3364 5825 ne
3388 5772 3668 5845 magicam.
3697 5772 3908 5833 Gemet.

2308 5847 2372 5887 ac
2408 5831 2569 5900 And.,
2602 5848 2666 5888 ne
2694 5836 2943 5905 magiam.
