4118 6462
214 477 312 534 £35
789 479 848 533 S.
890 474 1216 533 GBEGORII
1253 472 1454 532 ΡΑΡΑΞ
1495 473 1679 541 VITA,
1722 466 1922 529 AUCT.
1965 470 2228 530 JOANNE
2268 470 2582 531 DIACONO.
2626 473 2753 531 LIB.
2795 474 2854 532 ll.
3373 478 3479 535 106

210 595 343 659 sias,
390 590 529 661 quod
568 589 857 662 Gregorius
882 608 981 663 per
1008 591 1183 648 forum
1213 590 1466 661 Trajani,
1495 590 1642 661 quod
1666 591 1782 661 ipse
1810 594 1859 652 A
1887 598 2109 661 propter
2149 593 2280 649 illud
2300 583 2460 665 quod
2496 596 2755 667 scriptum
2801 607 2884 653 est
2920 615 2936 657 :
2971 596 3094 653 Nisi
3123 602 3234 673 quis
3266 611 3483 660 renatus

213 684 469 758 quondam
515 683 889 755 pulcherrimis
932 683 1171 741 aedificiis
1217 691 1550 751 venustarat,
1600 698 1791 754 procem
1895 684 2047 754 fuerit
2077 700 2139 738 ea:
2167 702 2301 757 aqua
2325 694 2369 740 et
2400 685 2600 757 Spiritu
2626 696 2806 742 sancto
2833 707 2931 742 non
2953 691 3166 745 intrabit
3190 694 3245 746 in
3266 709 3483 763 regnum

213 777 370 843 dens,
420 774 605 845 judicii
636 775 753 844 ejus
782 792 889 846 quo
918 775 1133 830 viduam
1162 774 1471 830 consolatus
1497 772 1672 830 fuerat
1700 789 1791 830 re-
1892 772 2131 827 cistarum
2163 772 2342 844 (Joan.
2373 791 2448 842 ιιι,
2482 775 2573 845 3);
2605 775 2699 831 sed
2724 778 3039 846 simpliciter
3066 781 3281 848 dicitur,
3310 783 3376 837 ab
3400 783 3483 838 in-

213 869 454 925 cordatus
497 877 520 903 ιι
563 880 725 936 atque
764 867 986 923 miratus
1024 866 1123 923 sit:
1162 866 1303 935 quod
1343 867 1550 923 scilicet
1585 868 1791 922 sicut’a
1892 864 2029 921 ferni
2058 866 2401 923 solummodo
2429 867 2759 923 cruciatibus
2787 868 3033 926 liberata.
3059 870 3213 938 Quod
3236 873 3485 928 videlicet

211 961 470 1032 prioribus
488 959 735 1026 traditur,
762 958 832 1013 ita
852 974 910 1015 se
932 957 1113 1015 habet.
1131 958 1376 1025 Quodam
1396 961 1505 1030 60
1525 967 1788 1029 tempore,

213 1052 435 1123 Trajano
491 1053 559 1107 ad
611 1051 941 1107 imminentis
977 1050 1105 1107 belli
1142 1051 1481 1122 procinctum
1520 1048 1793 1105 festinanti

211 1144 703 1208 vehementissime,
751 1143 909 1198 vidua
947 1142 1192 1214 quaedam
1236 1142 1504 1213 processit
1544 1140 1796 1197 ﬂebiliter

211 1235 384 1291 dicens
409 1254 421 1287 :
452 1234 623 1290 Filius
653 1249 805 1289 meus
834 1234 1128 1299 innocens,
1164 1241 1215 1288 te
1251 1242 1514 1303 regnante
1536 1274 1551 1298 ,
1584 1246 1797 1303 perem-

210 1336 325 1399 ptus
370 1336 484 1394 est;
527 1327 755 1383 obsecro
792 1335 883 1393 ut,
933 1325 1062 1395 quia
1105 1341 1229 1381 eum
1260 1325 1390 1379 mihi
1419 1324 1649 1380 reddere
1688 1340 1797 1379 non

210 1419 379 1486 vales,
421 1419 737 1488 sanguinem
781 1417 901 1487 ejus
952 1417 1197 1485 legaliter
1224 1417 1498 1471 vindicare
1541 1414 1792 1484 digneris.

212 1507 440 1577 Cumque
472 1507 738 1576 Trajanus
760 1550 774 1573 ,
826 1506 873 1562 si
920 1521 1085 1562 sanus
1128 1512 1494 1560 reverteretur
1520 1520 1550 1558 a
1579 1504 1795 1575 prielio,

209 1600 343 1658 hunc
379 1616 447 1678 se.
468 1600 864 1656 vindicaturum
886 1614 985 1671 per
1009 1599 1192 1655 omnia
1224 1599 1608 1669 responderet,
1640 1596 1798 1651 vidua

210 1692 374 1748 dixit:
404 1692 463 1747 Si
498 1692 627 1747 tuin
649 1691 834 1762 praelio
863 1700 1106 1746 mortuus
1134 1690 1320 1757 fueris,
1355 1691 1476 1760 quis
1502 1689 1631 1744 mihi
1661 1704 1800 1759 pra:-

209 1785 360 1842 stabit
386 1786 408 1839 ?
437 1782 707 1854 Trajanus
747 1784 880 1838 dixit
920 1800 933 1837 :
975 1783 1070 1838 llle
1098 1784 1190 1853 qui
1219 1794 1343 1852 post
1370 1798 1457 1838 me
1485 1780 1795 1851 imperabit.

220 1875 380 1931 Vidua
402 1876 541 1932 dixit
565 1893 577 1928 :
610 1873 679 1928 Et
700 1876 795 1929 tibi
817 1874 945 1944 quid
972 1874 1236 1945 proderit,
1264 1875 1309 1929 si
1330 1874 1468 1929 alter
1488 1874 1618 1928 mihi
1643 1872 1801 1942 justi-

1895 969 2076 1029 potest
2108 960 2275 1016 videri
2300 961 2557 1016 credibile
2623 961 2820 1031 quippe
2847 979 2969 1018 cum
2996 964 3070 1018 ita
3098 964 3277 1020 valeat
3305 967 3482 1020 anima

1897 1050 1950 1104 in
1981 1049 2190 1106 interno
2221 1052 2487 1119 existere,
2530 1059 2584 1107 et
2612 1052 2806 1106 inferni
2835 1054 3105 1109 cruciatus
3134 1072 3229 1126 per
3257 1056 3353 1112 Dei
3383 1059 3484 1111 mi-

1897 1142 2245 1198 sericordiam
2278 1159 2388 1199 non
2415 1144 2644 1209 sentire,
2693 1144 2850 1199 sicuti
2882 1161 3018 1199 unus
3044 1147 3305 1214 gehennae
3345 1149 3483 1217 ignis

1896 1235 2041 1289 valet
2068 1250 2255 1291 omnes
2281 1244 2595 1306 peccatores
2622 1237 2825 1304 pariter
2852 1235 3120 1301 detinere,
3152 1239 3231 1293 sic
3254 1255 3352 1308 per
3383 1240 3480 1295 Dei

1894 1327 2156 1396 justitiam
2194 1336 2421 1385 cunctos
2452 1345 2558 1384 non
2592 1328 2736 1384 valet
2761 1329 3037 1397 aequaliter
3064 1344 3311 1386 exurere.
3352 1333 3486 1389 Nam

1900 1419 2317 1490 uniuscujusque
2333 1430 2591 1491 quantum
2615 1423 2811 1477 meruit
2824 1422 2997 1493 culpa,
3015 1423 3162 1493 justo
3177 1424 3273 1480 Dei
3282 1424 3484 1496 judicio

1900 1516 2109 1565 tantum
2134 1510 2394 1566 sentietur
2416 1521 2471 1567 et
2499 1528 2673 1581 paena.

1973 1598 2060 1654 45.
2104 1600 2459 1656 Nihilominus
2498 1617 2563 1657 ex
2603 1602 2739 1658 libro
2767 1602 2857 1671 qui
2895 1619 2925 1657 a
2960 1601 3159 1660 (ἔπι-τηθὶς
3186 1605 3366 1677 λειμὼν
3406 1607 3486 1660 (Ην

1902 1692 2060 1760 citur,
2088 1708 2118 1746 a
2148 1690 2353 1747 Latinis
2380 1709 2508 1749 vero
2538 1694 2855 1764 intelligitur
2870 1712 3102 1766 campus,
3137 1698 3219 1751 vel
3245 1708 3451 1765 pratum
3473 1741 3485 1763 ,

1904 1792 2206 1855 praeceptor
2245 1801 2396 1839 meus
2433 1785 2573 1841 inter
2612 1786 2717 1840 alia
2752 1794 2868 1841 toto
2911 1787 3042 1841 orbe
3079 1786 3191 1857 jam
3220 1787 3489 1845 diﬂ'amata

1904 1876 2160 1931 miracula
2184 1876 2570 1946 interpretatus
2591 1887 2695 1946 est,
2727 1879 2856 1933 mihi
2886 1879 3129 1935 scribens
3155 1898 3169 1934 :
3198 1883 3302 1953 61
3325 1880 3489 1936 Euar-

215 1968 335 2023 tiam
364 1967 594 2024 fecerit?
641 1966 906 2036 Traianus
946 1964 1273 2035 respondit:
1306 1962 1502 2034 Utique
1532 1964 1682 2019 nihil.
1729 1963 1796 2017 Et
1828 1978 1876 2037 Β
1902 1969 2042 2022 ravit
2092 1970 2247 2024 nobis
2288 1971 2598 2041 presbyter,
2650 1971 2870 2025 nomine
2914 1969 3135 2040 Petrus,
3185 1973 3254 2027 de
3298 1982 3490 2027 sancto

218 2059 367 2113 vidua
392 2076 405 2111 :
430 2057 648 2126 Nonne,
672 2057 864 2127 inquit,
886 2056 1082 2111 melius
1110 2056 1206 2111 tibi
1231 2063 1394 2111 estut
1415 2063 1471 2109 tu
1494 2055 1623 2109 mihi
1641 2054 1799 2123 justi-

213 2152 329 2205 tiam
357 2149 552 2215 facias,
585 2158 639 2205 et
660 2157 719 2204 tu
746 2164 844 2219 pro
873 2149 979 2204 hoc
1006 2148 1310 2203 mercedem
1345 2157 1496 2202 tuam
1525 2148 1757 2217 recipias
1777 2183 1792 2207 ,

212 2255 359 2311 quam
384 2240 548 2295 alteri
576 2240 714 2295 hanc
736 2239 1108 2295 transmittas?
1132 2237 1283 2293 Tunc
1305 2237 1569 2307 Trajanus
1590 2238 1801 2292 ratione

211 2335 399 2406 pariter
440 2335 760 2405 pietateque
789 2342 1125 2401 commotus,
1174 2347 1314 2401 equo
1343 2331 1658 2395 descendit,
1701 2347 1802 2387 nec

214 2439 330 2483 ante
357 2427 616 2483 discessit
645 2442 804 2496 quam
824 2427 1083 2497 judicium
1104 2426 1277 2482 viduae
1308 2442 1407 2497 per
1429 2434 1601 2481 semet
1624 2425 1801 2480 immi-
1828 2417 1833 2423 ’

212 2534 339 2575 nens
367 2519 703 2589 proﬂigaret.
736 2517 906 2587 Hujus
938 2534 1066 2590 ergo
1110 2518 1576 2575 mansuetudinem
1603 2517 1800 2587 judicis

209 2621 440 2667 asserunt
472 2610 795 2680 Gregorium
823 2610 1169 2666 recordatum
1196 2610 1264 2665 ad
1290 2610 1466 2665 sancti
1494 2610 1640 2665 Petri
1669 2624 1801 2679 apo-

209 2704 324 2759 stoli
344 2704 629 2760 basilicam
651 2704 990 2775 pervenisse;
1022 2703 1203 2775 ibique
1227 2703 1411 2758 tandiu
1432 2718 1596 2772 super
1617 2716 1802 2756 errore

200 2800 310 2852 tam
361 2798 777 2854 clementissimi
835 2799 1094 2869 principis
1146 2798 1462 2866 deﬂevisse,
1520 2786 1802 2867 quousque

210 2902 529 2960 responsum
560 2890 807 2959 sequenti
838 2898 1000 2945 nocte
1028 2890 1291 2961 cepisset,
1338 2904 1398 2944 se
1440 2904 1539 2959 pro
1569 2888 1802 2957 Trajano

210 2978 367 3037 fuisse
405 2981 692 3047 auditum,
743 2989 951 3035 tantum
994 2996 1093 3051 pro
1136 2980 1285 3035 nullo
1328 2979 1551 3034 ulterius
1590 2991 1802 3048 pagano

211 3086 389 3143 preces
411 3073 745 3129 effunderet.
776 3074 882 3128 Sed
907 3090 1026 3129 cum
1049 3074 1116 3129 de
1137 3070 1511 3143 superioribus
1532 3074 1800 3128 miraculis

209 3162 579 3222 Romanorum
609 3167 680 3222 sit
703 3183 863 3223 nemo
891 3168 983 3237 qui
1012 3167 1241 3233 dubitet,
1267 3167 1335 3221 de
1360 3167 1464 3223 hoc
1488 3166 1630 3237 quod
1661 3166 1801 3237 apud

209 3255 441 3315 Saxones
477 3259 691 3331 legitur,
723 3260 879 3330 hujus
901 3262 1153 3331 precibus
1175 3260 1394 3331 Trajani
1420 3259 1448 3299 δ
1480 3261 1714 3315 animam
1736 3261 1802 3316 ab

1902 2057 2163 2128 Gregorio
2194 2076 2330 2128 papa
2362 2060 2607 2115 Romano
2633 2063 2647 2124 (
2665 2061 2811 2115 illinc
2839 2062 2981 2115 enim
3012 2071 3129 2117 erat
3158 2063 3490 2118 reverendis-

1902 2152 2069 2207 simus
2095 2151 2183 2205 hic
2204 2152 2504 2222 presbyter)
2536 2169 2547 2203 :
2579 2150 2646 2217 Is,
2665 2152 2836 2221 inquit
2862 2152 3038 2224 (Prat.
3074 2154 3242 2221 spirit.
3275 2153 3490 2221 c.1922),

1902 2239 2123 2296 eﬂectus
2151 2255 2289 2309 papa
2309 2281 2322 2302 ,
2353 2238 2644 2293 aedificavit
2682 2241 3074 2295 monasterium
3102 2241 3341 2296 virorum
3374 2259 3490 2296 ma-

1902 2322 2098 2404 gnum,
2146 2342 2202 2388 et
2243 2332 2391 2387 dedit
2430 2331 2740 2387 mandatum
2781 2342 2837 2387 ut
2876 2333 3055 2388 nullus
3103 2334 3491 2391 monachorum

1901 2429 2181 2497 proprium
2211 2423 2413 2494 aliquid
2451 2425 2676 2480 haberet
2705 2440 2876 2492 usque
2904 2424 2972 2479 ad
3006 2441 3172 2480 unum
3202 2436 3224 2464 ε
3250 2425 3489 2481 obolum.

1902 2519 2094 2575 Frater
2121 2533 2248 2587 ergo
2280 2518 2347 2573 de
2376 2518 2707 2573 monasterio
2746 2517 2981 2573 habebat
3009 2518 3229 2573 fratrem
3271 2518 3491 2575 szecula-

1902 2629 2037 2679 rem,
2066 2621 2121 2667 et
2142 2612 2433 2683 postulavit
2460 2627 2604 2676 eum,
2632 2611 2816 2666 dicens
2840 2629 2853 2664 :
2885 2598 3137 2666 CaSulam
3160 2626 3267 2666 non
3298 2612 3490 2677 habeo,

1902 2701 1996 2761 sed
2039 2704 2125 2761 fac
2169 2705 2516 2773 charitatem,
2574 2720 2692 2760 eme
2742 2704 2895 2759 mihi.
2927 2704 3065 2759 Dicit
3119 2705 3169 2759 ei
3223 2705 3515 2760 szecularis‘

1903 2796 2070 2851 frater
2114 2814 2127 2850 :
2172 2795 2310 2851 Ecce
2347 2797 2449 2851 tria
2494 2797 2815 2852 numismata
2845 2797 3170 2867 suscipiens,
3203 2814 3491 2867 compara,

1904 2884 1929 2925 ἀ
1948 2888 2122 2956 qualis
2152 2888 2247 2941 tibi
2281 2888 2479 2957 placet.
2505 2888 2754 2957 Acceptis
2784 2889 2967 2959 itaque
2998 2889 3292 2944 monachus
3322 2890 3492 2945 tribus

1906 2979 2347 3046 numismatibus,
2377 2980 2540 3035 habet
2570 2995 2633 3034 ea
2661 2980 2801 3050 apud
2831 2995 2909 3035 se.
2942 2981 3092 3035 Alius
3122 2991 3303 3036 autem
3333 2981 3493 3037 frater

1902 3070 2093 3125 videns
2116 3085 2241 3124 eum
2271 3071 2557 3125 habentem
2585 3071 2686 3125 tria
2716 3071 3037 3125 numismata
3056 3110 3069 3135 ,
3110 3085 3337 3140 pergens
3362 3088 3495 3126 nun~

1904 3163 2059 3217 tiavit
2089 3163 2290 3217 abbati.
2324 3164 2507 3219 Abbas
2535 3179 2666 3217 vero
2695 3164 2939 3230 audiens,
2972 3164 3157 3218 retulit
3184 3164 3493 3220 beatissimo

1903 3269 2077 3324 papae.
2113 3254 2459 3311 Beatissimus
2507 3264 2685 3311 autem
2730 3254 3021 3324 Gregorius
3051 3255 3264 3310 discens
3296 3257 3398 3311 hoc
3431 3257 3493 3311 ab

208 3349 395 3407 inferni
424 3353 764 3409 cruciatibus
794 3353 1079 3409 liberatam
1100 3394 1115 3419 ,
1147 3353 1217 3408 ob
1247 3353 1299 3408 id
1329 3354 1412 3409 vel
1440 3354 1670 3409 maxime
1700 3353 1799 3409 du-
1831 3375 1878 3440 ο
1907 3348 2123 3411 abbate.
2149 3348 2450 3418 segregavit
2471 3363 2594 3404 eum
2615 3363 2645 3402 a
2664 3349 3060 3413 οοιιιῐηιιιὶίοηθ,
3094 3357 3349 3417 tanquam
3372 3364 3493 3402 Cum

212 3441 369 3499 bitari
407 3444 660 3509 videtur,
692 3444 837 3514 quod
870 3452 1048 3500 tantus
1075 3443 1269 3499 doctor
1295 3458 1635 3513 nequaquam
1666 3458 1805 3513 prte-

216 3545 446 3592 sumeret
470 3552 572 3607 pro
590 3550 799 3607 pagano
829 3553 1050 3608 prorsus
1074 3551 1261 3603 orare;
1294 3537 1385 3609 qui
1416 3544 1607 3607 quarto
1634 3536 1810 3592 Dialo-

216 3636 399 3692 gorum
418 3642 640 3682 suorum
657 3626 795 3683 libro
809 3628 1053 3683 docuerit
1074 3627 1321 3684 eamdem
1342 3643 1561 3682 causam
1578 3643 1695 3683 esse
1710 3643 1808 3682 cur

214 3710 322 3769 non
345 3726 535 3773 oretur
562 3732 594 3772 a
622 3719 822 3774 sanctis
852 3719 905 3773 in
936 3719 1118 3774 futuro
1143 3719 1345 3788 judicio
1376 3734 1475 3789 pro
1502 3719 1806 3789 peccatori-

215 3804 308 3864 bus
334 3818 544 3864 zeterno
570 3810 692 3878 igne
712 3810 1011 3876 damnatis;
1037 3827 1157 3880 qua:
1184 3825 1327 3865 nunc
1347 3811 1511 3865 etiam
1535 3826 1700 3866 causa
1724 3817 1808 3865 est

215 3882 271 3954 ιιί
304 3917 415 3955 non
459 3909 617 3955 orent
641 3902 813 3955 sancti
854 3902 1100 3956 homines
1135 3917 1234 3971 pro
1265 3902 1573 3957 hominibus
1615 3902 1806 3956 inlide-

215 3986 354 4045 libus
384 3990 671 4059 impiisque
699 3989 992 4056 defunctis;
1039 4007 1145 4045 non
1178 3992 1519 4047 advertentes
1547 3993 1671 4063 quia
1697 4007 1808 4047 non

204 4076 417 4150 legitur
445 4096 545 4151 pro
576 4079 806 4151 Trajano
831 4080 1147 4150 Gregorium
1176 4097 1446 4149 exorasse,
1477 4083 1571 4138 sed
1601 4091 1807 4137 tantum

218 4170 447 4228 ﬂevisse.
478 4170 570 4227 Sic
598 4172 742 4227 enim
764 4188 887 4228 cum
916 4187 1024 4227 non
1048 4173 1285 4228 oraverit
1312 4170 1622 4241 Gregorius,
1655 4174 1808 4244 plan-

216 4264 386 4333 gendo
433 4263 611 4335 potuit
657 4264 927 4332 exaudiri,
978 4265 1135 4321 sicuti
1178 4264 1392 4338 Moyses
1420 4281 1542 4321 cum
1572 4266 1806 4322 dolendo

216 4359 449 4419 taceret,
482 4356 658 4425 potuit
685 4356 946 4412 clamasse
973 4356 1163 4421 videri,
1196 4357 1282 4412 cui
1313 4358 1573 4413 Dominus
1605 4360 1807 4413 tacenti

217 4442 404 4501 labiis:
441 4443 579 4511 Quid
601 4448 822 4511 clamas,
857 4448 1058 4519 inquit,
1088 4449 1157 4503 ad
1186 4465 1267 4504 me
1295 4448 1501 4519 (Exod.
1536 4465 1646 4520 xw,
1677 4448 1807 4519 15)?

218 4534 477 4593 Nimirum
504 4538 648 4595 Deus
669 4541 1012 4610 omnipotens
1037 4540 1199 4597 corda
1227 4556 1493 4611 renesque
1513 4549 1805 4612 scrutatur,

219 4638 270 4682 et
289 4628 603 4700 frequenter
621 4646 686 4686 ea
711 4631 962 4689 misertus
986 4628 1255 4699 concedit,
1286 4646 1405 4703 quae
1428 4633 1590 4688 homo
1616 4648 1807 4704 quam-

1910 3440 2001 3509 qui
2023 3440 2262 3496 solverat
2280 3444 2520 3511 regulam
2546 3441 2877 3496 monasterii.
2903 3440 3070 3509 Igitur
3084 3448 3207 3510 post
3226 3440 3496 3496 modicum

1904 3530 2170 3602 temporis
2198 3534 2429 3588 moritur
2454 3532 2624 3589 frater
2649 3542 2959 3605 segregatus
2977 3575 2991 3601 ,
3036 3535 3307 3589 nesciente
3336 3550 3494 3605 papa.

1908 3621 2040 3679 Post
2066 3624 2203 3679 duos
2230 3639 2360 3694 ergo
2387 3635 2481 3679 aut
2508 3637 2618 3681 tres
2638 3626 2755 3681 dies
2783 3641 3011 3697 pergens
3040 3627 3204 3681 abbas
3232 3627 3495 3681 nuntiavit

1908 3714 1957 3767 ei
1981 3714 2109 3784 quia
2140 3715 2304 3769 frater
2332 3716 2616 3785 requievit.
2648 3716 2706 3771 In
2736 3716 2839 3772 hoc
2865 3717 3047 3786 itaque
3074 3732 3178 3771 non
3206 3717 3497 3771 mediocri-

1910 3812 1995 3858 ter
2019 3805 2264 3860 tristatus
2293 3814 2396 3871 est,
2442 3807 2567 3875 quia
2608 3815 2895 3875 antequam
2924 3809 3099 3863 exiret
3128 3807 3196 3862 de
3222 3807 3325 3862 hac
3366 3810 3496 3873 vita,

1908 3910 2017 3949 non
2046 3894 2207 3949 solvit
2235 3910 2359 3950 eum
2388 3896 2454 3951 ab
2483 3898 3054 3953 excommunicationis
3084 3908 3105 3935 θ
3136 3898 3408 3968 epitimio;
3443 3908 3497 3953 et

1910 3986 2152 4041 scribens
2179 3988 2480 4043 orationem
2504 3989 2556 4043 in
2577 3990 2835 4059 pyctatio,
2869 3989 3015 4043 dedit
3038 3988 3126 4042 uni
3147 3989 3497 4045 diaconorum

1908 4092 2159 4145 suorum,
2199 4077 2393 4147 jubens
2424 4080 2472 4134 ei
2514 4081 2624 4143 ire,
2669 4089 2723 4135 et
2762 4096 2927 4150 super
2966 4080 3184 4140 fratrem
3218 4084 3320 4152 legi
3349 4100 3491 4139 eam.

1908 4167 2040 4223 Erat
2068 4177 2248 4224 autem
2275 4160 2695 4228 oratio—solvens
2721 4173 2788 4227 ab
2817 4175 3372 4230 excommunicatione
3401 4176 3496 4231 de-

1906 4255 2170 4316 functum.
2212 4256 2373 4316 Vadit
2418 4278 2547 4332 ergo
2585 4263 2863 4329 diaconus,
2904 4264 3042 4319 sicut
3081 4274 3404 4335 praeceptum
3445 4266 3496 4321 ei

1907 4348 2102 4418 fuerat,
2135 4360 2190 4407 et
2216 4368 2379 4422 super
2400 4354 2664 4408 tumulum
2692 4354 2871 4410 fratris
2896 4356 3027 4425 legit
3048 4360 3362 4429 pyctatium,
3397 4360 3497 4412 ha-

1906 4444 2042 4501 bens
2084 4446 2407 4502 orationem.
2448 4445 2515 4501 Et
2545 4447 2659 4517 ipsa
2702 4440 2861 4503 nocte
2905 4448 3037 4502 vidit
3077 4450 3242 4504 abbas
3271 4448 3493 4504 fratrem

1908 4537 2058 4593 illum
2084 4537 2424 4607 defunctum,
2469 4547 2525 4594 et
2560 4538 2693 4593 dixit
2721 4540 2771 4595 ei
2803 4556 2819 4595 :
2848 4539 2967 4596 Non
2995 4556 3054 4596 es
3083 4551 3356 4608 mortuus,
3387 4541 3497 4595 fra-

1910 4632 2024 4685 ter?
2070 4629 2163 4686 llle
2211 4630 2518 4702 respondit,
2550 4633 2732 4688 etiam.
2788 4631 2853 4688 Et
2900 4634 3094 4689 iterum
3146 4634 3498 4704 interrogavit

217 4718 300 4825 iis
323 4727 385 4774 ut
404 4720 638 4776 carnalis
658 4721 945 4788 desideret,
975 4731 1154 4779 tamen
1172 4731 1357 4793 petere
1379 4738 1484 4779 non
1505 4726 1802 4794 praesumit.
1839 4764 1890 4825 Β
1912 4738 2035 4778 eum
2060 4724 2225 4779 abbas
2248 4741 2262 4777 :
2296 4721 2397 4779 Ubi
2421 4739 2543 4780 eras
2566 4739 2734 4794 usque
2760 4723 2955 4780 hodie?
2980 4723 3277 4794 Respondit
3301 4723 3498 4781 frater?

220 4803 369 4866 Unde
421 4810 709 4868 Psalmista
762 4831 776 4867 :
831 4813 1159 4869 Desiderium
1206 4832 1489 4887 pauperum
1544 4817 1805 4873 exaudivit

218 4896 469 4958 Dominus
489 4945 507 4974 ,
536 4912 585 4958 et
612 4905 870 4961 desideria
910 4909 1082 4961 cordis
1110 4924 1288 4962 eorum
1316 4909 1511 4963 audivit
1543 4911 1685 4963 auris
1716 4920 1804 4964 tua

221 4993 400 5062 (Psal.
434 5014 525 5054 xix
545 5040 560 5065 ,
591 4998 703 5069 l7).
736 4998 804 5053 Et
830 4999 1128 5054 notandum
1157 4999 1281 5068 quia
1308 5016 1414 5055 non
1443 5000 1640 5071 legitur
1667 5000 1804 5057 Gre-

208 5090 352 5155 ‘gorii
381 5091 633 5160 precibus
656 5090 874 5161 Trajani
904 5091 1084 5145 anima
1125 5089 1191 5144 ab
1219 5089 1427 5146 inferno
1451 5092 1703 5159 liberata,
1751 5100 1808 5148 et

224 5174 276 5232 in
298 5182 548 5250 paradiso
568 5184 826 5254 reposita,
851 5182 997 5254 quod
1018 5181 1238 5238 omnino
1262 5182 1575 5240 incredibile
1594 5183 1807 5240 videtur

292 5304 318 5366 ξ
345 5295 489 5366 833.,
519 5300 791 5355 miseratus
812 5302 898 5356 sit.

291 5364 320 5445 ιζ
346 5364 535 5445 (ΞοῖιιηΔ
556 5370 757 5445 ᾼιιάρε.
774 5379 838 5445 et
863 5372 1070 5439 Norm.,
1103 5371 1322 5445 Trajani
1350 5371 1645 5426 anima.....
1672 5371 1802 5427 libe-

231 5442 411 5493 rata...
444 5438 677 5495 dubitare
698 5438 952 5497 uidentur.

301 5518 323 5581 ς
362 5507 615 5581 Iﬂonnulli
645 5512 786 5566 Editi
814 5523 869 5567 et
894 5513 1041 5581 Mss.,
1072 5515 1299 5571 obuium.

298 5577 326 5661 ξι
365 5577 575 5661 Gemet.
605 5597 667 5637 ac
695 5582 891 5661 Bigot.,
919 5577 1164 5658 quidquid
1190 5586 1279 5661 tibi
1305 5584 1692 5661 placet._‘Porro
1718 5601 1809 5661 ca-

230 5647 339 5703 sula
381 5652 545 5705 vestis
571 5668 666 5707 seu
697 5647 984 5711 tunicae'st
1021 5647 1440 5722 monachorum,
1487 5656 1611 5712 licet
1652 5658 1811 5724 vulgo

226 5730 467 5799 sumatur
495 5738 600 5799 pro
619 5727 799 5799 casula
829 5728 1154 5799 presbyteri,
1177 5728 1243 5783 de
1258 5727 1616 5799 qua_nota_nda
1645 5727 1809 5782 verba

225 5790 409 5856 synodi
437 5790 537 5846 sub
561 5790 917 5851 Carlomanno
940 5790 1291 5853 habituram:
1318 5797 1419 5850 742
1445 5816 1457 5850 :
1480 5797 1811 5852 Decreuimus

228 5872 521 5947 indque-ut
540 5863 923 5947 presbyterivel
965 5868 1171 5947 diaconi
1211 5886 1313 5923 non
1353 5871 1532 5947 sagis,
1557 5869 1808 5947 (uicorum

228 5941 385 5994 πονε,
420 5932 522 6006 sed
544 5932 732 6006 casulis
775 5946 1005 6005 utantur,
1050 5941 1152 5993 ritu
1193 5932 1453 5994 servorun:
1491 5932 1609 6006 Dei,
1646 5940 1697 5993 id
1725 5948 1809 5994 est

230 5999 631 6058 monachorum.
664 6005 889 6063 Μιιιιιι..
919 5999 1167 6064 ΙιιῬι-ξιιο
1194 6026 1277 6081 sp.
1305 6010 1499 6080 legitur
1519 6030 1530 6065 :
1554 5999 1803 6066 Tunicam

627 6098 897 6162 Panos.
934 6104 1189 6170 LXXV.

1356 6188 1415 6212 ινδ.

1914 4818 2084 4886 Vere,
2132 4818 2345 4874 domine
2366 4858 2381 4885 ,
2418 4818 2471 4872 in
2500 4817 2773 4879 custodia,
2826 4824 2880 4871 et
2902 4831 3075 4887 usque
3100 4817 3216 4872 heri
3245 4833 3351 4873 non
3377 4834 3496 4875 sum

1908 4910 2206 4966 absolutus.
2248 4909 2445 4965 Notum
2476 4910 2657 4978 itaque
2686 4907 2883 4962 factum
2913 4918 2994 4964 est
3016 4910 3265 4965 omnibus
3292 4926 3415 4980 quia
3446 4912 3499 4969 in

1907 5002 2040 5059 hora
2067 5020 2169 5074 qua
2200 5004 2462 5058 diaconus
2489 5004 2788 5057 orationem
2820 5002 2953 5056 dixit
2979 5018 3141 5072 super
3168 5004 3495 5073 sepulcrum,

1906 5094 1963 5150 in
1986 5109 2049 5149 ea
2079 5096 2210 5150 hora
2241 5094 2522 5151 absolutus
2563 5102 2645 5148 est
2692 5092 2760 5148 ab
2803 5092 3396 5166 excommunicatione,
3445 5106 3499 5151 et

1909 5184 2134 5242 liberata
2163 5194 2246 5242 est
2280 5183 2301 5225 ί
2335 5202 2365 5241 a
2394 5184 2763 5241 dominatione
2792 5185 2969 5240 anima
3002 5184 3138 5254 ejus.

1914 5320 2019 5358 non
2050 5303 2231 5360 habeo.
2276 5304 2488 5365 (ἔναιρε,
2530 5308 2782 5372 καμίσιον.
2817 5300 3176 5372 Hieronymus
3224 5303 3383 5371 epist.
3432 5301 3499 5356 ad

1917 5374 2197 5429 Fabiolam
2227 5394 2238 5429 :
2266 5376 2447 5431 Solent
2478 5360 2779 5428 'militantes
2819 5360 3219 5426 habere'lineas
3259 5360 3499 5438 'tunicns,

1916 5461 2051 5517 quas
2086 5447 2326 5501 camisias
2363 5453 2567 5501 rosam.
2600 5443 2872 5517 lsidorus,
2904 5443 2942 5496 l.
2989 5459 3097 5517 six.
3129 5442 3296 5517 Qrig.,
3326 5457 3371 5517 c_.
3403 5440 3498 5517 2;,

1917 5511 2159 5570 camisias
2187 5518 2437 5586 appellat,
2469 5515 2613 5586 quod
2644 5515 2698 5569 in
2725 5512 3129 5586 hisldormimus
3157 5511 3417 5586 in_camis,

1918 5594 2001 5640 est
2024 5587 2075 5639 in
2099 5580 2280 5643 stratis
2308 5580 2522 5642 nostris.
2546 5584 2783 5645 Consule
2804 5582 3183 5649 Onomasticon
3212 5580 3495 5651 Rosveydi.

1913 5654 2013 5780 lPist
2036 5666 2214 5713 autem
2243 5674 2393 5712 cama
2418 5659 2578 5715 etiam
2609 5656 2771 5713 hodie
2799 5652 3050 5724 Hispanis
3078 5654 3268 5717 lectus,
3300 5651 3495 5707 cubile.

1957 5743 2185 5780 OLLAND.

1957 5743 2185 5784 OLLAND.

1988 5809 2011 5871 ὲ
2052 5798 2372 5871 Epitimium,
2416 5801 2581 5855 multa
2610 5795 2997 5858 ecclesiastica.
3047 5793 3370 5864 chtacium,
3419 5802 3479 5847 ta-

1910 5868 2383 5945 bellaenlitterarim.
2418 5871 2641 5945 Multa.
2720 5943 2728 5945 _
2843 5938 2894 5945 __
3148 5936 3159 5945 .
3230 5933 3293 5945 -..

1990 5942 2007 5978 ί
2052 5940 2373 6011 Purgatorii.
2408 5958 2517 5998 non
2543 5941 2735 6000 inferni
2764 5959 2777 5998 :
2804 5938 2931 6006 vide
2961 5947 3117 5997 notas
3145 5936 3201 5993 in
3230 5933 3408 5991 Vitam
3436 5933 3487 5993 ἓ.

1911 6010 1969 6066 Ρ.
2005 6012 2229 6076 Bened.,
2261 6028 2307 6070 c.
2336 6011 2421 6065 2'5.
2638 6032 2641 6035 <
