4118 6452
616 390 713 449 107

1202 387 1260 443 8.
1302 384 1626 442 GREGORII
1667 385 1869 443 PAPIE
1914 385 2091 450 VITA,
2137 383 2341 445 AUCT.
2381 385 2642 445 JOANNE
2684 388 2997 449 DlACONO.
3040 388 3170 450 LIB.
3212 388 3281 449 ll.

3798 393 3901 453 108

684 502 773 559 46.
795 503 961 574 Igitur
985 500 1275 571 Gregorius
1295 516 1404 555 non
1425 498 1601 555 solum
1626 502 1868 557 Saxones
1894 501 1945 554 in
1967 474 2202 570 propriis
2224 502 2278 563 Δ
2304 499 2484 557 missis
2512 503 2564 557 ei
2594 502 2827 559 relaxari
2855 503 3088 571 debeat;
3120 505 3166 561 si
3197 513 3307 561 tres
3339 505 3422 561 vel
3452 514 3704 577 quatuor,
3762 524 3903 567 unus

614 592 831 650 sedibus
858 600 1267 650 commanentes
1295 590 1510 647 Christo
1540 590 1770 649 DOmino
1794 589 2081 657 dedicavit,
2110 603 2203 646 ve-

615 696 734 740 rum
762 682 925 740 etiam
950 692 1150 754 pueros
1179 698 1365 738 eorum
1396 696 1495 754 per
1528 690 1741 739 exteras
1767 678 2015 753 regiones
2041 679 2203 738 αἰσυ-

617 792 725 845 sos,
772 777 885 833 suis
911 774 1102 847 pretiis
1126 790 1454 847 comparans
1482 776 1805 845 annualiter,
1840 776 1903 831 ad
1933 776 2205 847 cognitio-

545 878 579 939 κ,
614 885 740 926 nem
781 868 907 925 fidei
940 864 1266 925 deducebat.
1316 866 1470 933 Unde
1505 865 1801 923 Candidum
1831 867 2203 939 presbyterum

563 950 579 1004 -θ
614 960 941 1026 commonet,
993 950 1221 1013 dicens:
1281 976 1299 1009 ς
1337 955 1593 1027 Pergens,
1652 952 1945 1013 auxiliante
1977 956 2205 1014 Domino

559 1036 564 1043 ’
614 1051 727 1109 Deo
757 1061 945 1108 nostro
968 1049 1097 1107 Iesu
1126 1046 1362 1118 Christo,
1386 1049 1452 1105 ad
1474 1050 1853 1122 patrimonium
1875 1049 2019 1121 quod
2041 1056 2123 1106 est
2151 1051 2205 1105 in

612 1144 801 1201 Galliis
829 1140 1256 1215 gubernandum,
1289 1141 1534 1220 volumus
1563 1149 1623 1198 ut
1653 1140 1870 1198 dilectio
1899 1149 1990 1197 tua
2020 1157 2087 1198 ex
2116 1156 2206 1199 so-

612 1234 737 1295 lidis
757 1252 895 1309 quos
916 1235 1188 1307 acceperit
1214 1234 1534 1290 vestimenta
1559 1244 1877 1305 pauperum,
1901 1235 1986 1289 vel
2010 1250 2206 1305 pueros

615 1329 838 1400 Anglos,
884 1328 975 1401 qui
1002 1335 1125 1383 sunt
1154 1326 1221 1383 ab
1254 1328 1407 1383 annis
1436 1327 1623 1382 decem
1653 1334 1708 1382 et
1737 1334 1965 1397 septem,
2001 1328 2083 1382 vel
2112 1327 2208 1383 de-

615 1437 733 1478 cem
764 1429 819 1477 et
864 1428 1009 1487 octo,
1062 1428 1120 1474 ut
1145 1418 1201 1474 in
1246 1416 1589 1474 monasteriis
1619 1417 1728 1473 dati
1758 1412 1869 1475 Deo
1900 1417 2207 1488 proﬁciant,

614 1523 912 1585 comparet,
940 1522 1207 1585 quatenus
1230 1512 1385 1567 solidi
1410 1509 1727 1577 Galliarum,
1752 1511 1841 1582 qui
1868 1513 1918 1565 in
1942 1516 2083 1566 terra
2110 1528 2210 1566 no-
2231 1502 2248 1521 ’

616 1618 727 1665 stra
757 1605 985 1679 expendi
1008 1623 1113 1661 non
1142 1612 1387 1677 possunt,
1422 1604 1561 1674 apud
1593 1603 1770 1659 locum
1802 1603 2078 1673 pr0prium
2106 1603 2212 1657 uti-

615 1700 737 1754 liter
757 1697 1151 1769 expendantur.
1176 1694 1234 1751 Si
1259 1695 1387 1765 quid
1412 1710 1543 1751 vero
1566 1695 1634 1750 de
1658 1694 1895 1766 pecuniis
1919 1694 2205 1760 redituum,

615 1804 732 1860 quae
753 1788 1001 1844 dicuntur
1024 1797 1050 1825 ι
1076 1786 1288 1855 ablatae,
1316 1786 1560 1856 recipere
1583 1785 1842 1855 potueris,
1868 1801 1933 1841 ex
1961 1784 2041 1842 his
2069 1801 2208 1855 quo-

2305 590 2509 652 solidus
2531 594 2835 664 relaxetur;
2858 596 2903 651 si
2926 595 3053 666 quid
3077 596 3324 669 amplius,
3344 597 3453 667 jam
3472 596 3625 668 juxta
3648 600 3900 656 eumdem

2307 684 2523 741 modum
2544 686 2705 743 debet
2732 686 2996 745 relaxatio
3026 687 3162 756 fieri,
3193 689 3276 745 vel
3302 699 3452 747 certe
3471 689 3625 760 juxta
3651 690 3799 762 quod
3829 693 3904 749 di-

2307 779 2466 835 lectio
2494 788 2584 837 tua
2608 782 2882 853 praevidet,
2916 795 2975 839 ut
3002 793 3058 841 et
3086 786 3140 841 ei
3169 786 3505 842 convertitur
3534 804 3671 843 onus
3700 789 3905 846 releve-

2307 880 2416 942 tur,
2439 881 2495 928 et
2514 872 2881 933 ecclesiastica
2914 877 3117 935 utilitas
3150 896 3255 934 non
3282 878 3432 950 gravi
3460 878 3746 952 dispendio
3779 900 3902 954 prc-

2308 973 2501 1021 matur.
2532 966 2642 1024 Nec
2689 969 2792 1025 hoc
2839 969 3101 1027 inutiliter
3145 968 3394 1037 facimus,
3438 970 3484 1032 si
3518 990 3616 1045 pro
3659 974 3905 1033 levandis

2308 1060 2625 1132 pensionum
2656 1062 2910 1119 oneribus
2938 1078 3034 1122 eos
3062 1060 3128 1119 ad
3171 1062 3365 1120 Christi
3394 1065 3620 1135 gratiam
3653 1066 3905 1138 perduci-

2310 1170 2447 1223 mus,
2468 1154 2594 1225 quia
2618 1165 2673 1211 et
2701 1156 2744 1211 si
2779 1156 2878 1229 ipsi
2907 1160 3082 1214 minus
3106 1158 3337 1216 ﬁdeliter
3364 1162 3606 1229 veniunt,
3637 1160 3689 1217 bi
3723 1171 3906 1219 tamen

2309 1246 2400 1318 qui
2429 1244 2495 1303 de
2525 1249 2601 1303 eis
2634 1250 2741 1303 nati
2772 1246 2989 1318 fuerint,
3017 1249 3128 1321 jam
3158 1250 3369 1309 fidelius
3396 1252 3765 1325 baptizantur.
3798 1255 3905 1310 Aut

2311 1338 2458 1408 ipsos
2508 1353 2656 1407 ergo,
2701 1350 2791 1394 aut
2841 1336 2977 1398 ﬁlios
3007 1357 3197 1398 eorum
3227 1342 3521 1412 lucramur,
3554 1355 3610 1402 et
3641 1343 3764 1401 ideo
3795 1362 3903 1402 non

2310 1440 2394 1487 est
2413 1446 2573 1501 grave
2614 1432 2871 1504 quidquid
2904 1435 2970 1491 de
3000 1436 3260 1506 pensione
3289 1452 3388 1509 pro
3416 1436 3634 1496 Christo
3665 1435 3899 1496 dimitti-

2313 1540 2449 1580 mus.
2488 1545 2502 1578 ι
2544 1523 2682 1596 (Lib.
2716 1544 2769 1596 v,
2813 1529 2964 1600 epist.
2999 1528 3077 1601 8.)

2382 1615 2467 1671 49.
2510 1610 2797 1676 Enimvero
2855 1630 2965 1702 tam
2995 1622 3408 1696 levigationibus
3436 1625 3712 1684 dationum
3741 1644 3905 1699 quam

2314 1710 2758 1781 promis:ionibus
2779 1714 2931 1783 regni
2950 1714 3213 1771 caelorum
3236 1716 3403 1773 Judaei
3432 1734 3529 1793 per
3549 1720 3758 1777 diversa
3785 1721 3907 1779 locat

2315 1804 2382 1860 ad
2410 1803 2705 1875 Christum,
2736 1821 2897 1877 quem
2924 1816 3108 1879 patres
3135 1825 3322 1867 eorum
3347 1822 3695 1882 negaverant,
3722 1816 3908 1872 venire

615 1896 719 1952 que
746 1882 1068 1938 vestimenta
1112 1893 1408 1950 pauperum
1457 1892 1773 1949 comparare
1820 1886 1873 1933 te
1920 1878 2208 1945 volumus;

2316 1905 2615 1969 coeperunt.
2648 1896 2853 1966 Quibus
2872 1878 2997 1957 cum
3022 1901 3195 1957 salute
3223 1878 3757 1961 animaavvestimenta
3779 1922 3907 1976 quo.

614 1974 718 2040 vel,
762 1974 900 2029 sicut
928 1969 1137 2043 praefati
1168 1983 1373 2031 sumus,
1406 1982 1605 2038 pueros
1627 1968 1717 2038 qui
1750 1968 1801 2021 in
1825 1967 2212 2038 omnipotentis

612 2064 705 2123 Dei
724 2066 941 2123 servitio
959 2061 1266 2136 proficiant.
1300 2062 1405 2117 Sed
1434 2061 1559 2131 quia
1588 2064 1781 2132 pagani
1809 2070 1955 2131 sunt,
1983 2061 2074 2133 qui
2103 2060 2212 2119 illic

616 2161 847 2219 inveniri
870 2166 1117 2233 possunt,
1140 2158 1267 2214 volo
1282 2166 1342 2213 ut
1364 2172 1485 2213 cum
1516 2159 1595 2213 eis
1625 2158 1909 2230 presbyter
1943 2159 2212 2213 transmit-

615 2262 779 2318 tatur,
795 2269 863 2308 ne
878 2248 1004 2322 quid
1026 2249 1360 2320 {egritudinis
1382 2250 1659 2318 contingat
1682 2248 1735 2304 in
1753 2250 1858 2314 via,
1878 2260 2185 2329 utquogno

617 2348 816 2404 rituros
840 2345 1186 2416 conspexerit
1198 2344 1395 2399 debeat
1414 2342 1708 2413 baptizare.
1724 2362 1742 2395 ι
1767 2341 1995 2415 (Lib.vr,
2018 2362 2100 2416 ep.
2130 2342 2213 2416 7.)

683 2460 773 2515 47.
794 2462 904 2537 62
923 2458 1185 2515 Sardiniae
1202 2472 1417 2527 quoque
1437 2457 1670 2512 rusticos
1691 2456 2009 2513 mitissimus
2029 2466 2213 2513 rector

615 2552 907 2624 Gregorius
930 2550 985 2605 in
1008 2564 1195 2606 errore
1220 2548 1248 2587 ιι
1277 2549 1558 2604 vetustatis
1578 2547 1717 2603 adeo
1739 2563 2055 2623 permanere
2082 2565 2212 2604 con-

614 2645 808 2714 doluit,
834 2652 893 2700 ut
919 2643 1235 2700 Januarium
1258 2640 1623 2697 Caralitanum
1654 2641 1965 2712 episcopum
1990 2657 2087 2711 pro
2118 2656 2213 2695 ne-

614 2740 886 2813 gligentiis
914 2736 1270 2812 increpando,
1312 2736 1454 2791 inter
1481 2744 1680 2791 caetera
1707 2735 1910 2792 scribat
1945 2752 1956 2787 :
1998 2753 2015 2786 (
2052 2734 2212 2789 Acci-

616 2831 691 2888 dit
719 2832 865 2887 aliud
894 2829 1055 2887 valde
1085 2830 1395 2900 lugeudum,
1426 2829 1549 2897 quia
1592 2829 1740 2897 ipsos
1780 2827 2027 2891 rusticos,
2075 2841 2213 2895 quos

618 2925 779 2981 habet
815 2923 1058 2980 Ecclesia
1099 2936 1242 2977 nunc
1280 2935 1450 2989 usque
1494 2920 1545 2973 in
1588 2917 1904 2973 inﬁdelitate
1932 2931 2215 2974 remanere

618 3016 941 3086 negligentia
970 3011 1323 3069 fraternitatis
1352 3020 1545 3068 vestra:
1577 3009 1835 3084 permisit.
1871 3007 1938 3063 Et
1966 3008 2094 3079 quid
2118 3024 2215 3069 vos

618 3109 883 3165 admoneo
913 3116 972 3161 ut
1009 3103 1079 3162 ad
1119 3103 1405 3159 Dominum
1436 3110 1727 3157 extraneos
1769 3100 2069 3165 adducatis,
2122 3100 2215 3173 qui

621 3206 830 3255 vestros
859 3198 926 3253 ab
954 3196 1271 3251 inﬁdelitate
1296 3193 1567 3265 negligitis
1590 3192 1901 3262 corrigere?
1929 3190 2084 3248 Unde
2113 3207 2212 3247 ne-

2315 2004 2421 2060 que
2448 1988 2785 2061 baptizandis
2805 1990 3005 2048 habilia
3032 1992 3367 2051 conferebat.
3395 1992 3547 2052 Unde
3570 1996 3801 2053 Fantino
3821 1998 3907 2056 de-

2314 2080 2513 2137 fensori
2546 2099 2559 2135 :
2600 2101 2617 2134 ι
2657 2081 2905 2151 Domina,
2936 2084 3133 2156 inquit,
3163 2085 3434 2141 abbatissa
3454 2090 3770 2145 monasterii
3790 2104 3908 2145 san-

2316 2173 2387 2228 cti
2417 2172 2697 2244 Stephani,
2729 2173 2875 2247 quod
2901 2174 2957 2229 in
2981 2175 3332 2249 Agrigentino
3357 2186 3439 2234 est
3468 2178 3745 2235 territorio
3770 2196 3905 2238 con-

2316 2266 2580 2331 stitutum,
2603 2264 2897 2336 indicante,
2918 2268 3286 2338 comperimus
3299 2268 3497 2326 multos
3514 2268 3823 2327 Judzeorum
3841 2270 3907 2330 ad

2316 2358 2664 2413 christianam
2718 2356 2899 2429 ﬁdem,
2955 2358 3134 2417 divina
3187 2361 3363 2431 gratia
3417 2362 3740 2435 inspirante,
3772 2364 3907 2421 velle

2314 2450 2579 2517 converti,
2608 2449 2703 2506 sed
2729 2466 2848 2508 esse
2869 2452 3233 2508 necessarium
3262 2462 3321 2510 ut
3345 2453 3543 2533 aliquis
3570 2456 3697 2514 illuc
3721 2472 3790 2513 ex
3816 2473 3908 2514 no-

2314 2550 2427 2597 stro
2456 2540 2711 2599 mandato
2752 2542 2945 2600 debeat
2990 2542 3277 2616 proﬁcisci.
3328 2546 3561 2606 Proinde
3608 2550 3770 2622 hujus
3812 2552 3908 2609 tibi

2315 2635 2654 2691 auctoritatis
2686 2644 2873 2692 tenore
2902 2638 3243 2708 praecipimus
3271 2649 3349 2710 ut,
3381 2636 3531 2701 omni
3560 2645 3907 2703 excusatione

2315 2737 2601 2795 summota,
2624 2724 2689 2783 ad
2711 2728 3025 2800 praedictum
3042 2729 3219 2787 locum
3235 2748 3482 2805 pergere,
3504 2744 3560 2791 et
3580 2737 3906 2797 desiderium

2316 2835 2504 2875 eorum
2554 2821 2680 2889 tuis,
2711 2812 2825 2880 Deo
2854 2822 3109 2896 propitio,
3153 2824 3621 2884 adhortationibus
3649 2830 3906 2899 adjuvare

2315 2908 2553 2969 festines.
2613 2911 2817 2979 Quibus
2854 2923 3037 2971 tamen
3064 2916 3109 2975 si
3140 2916 3358 2987 longum
3388 2918 3474 2973 vel
3503 2920 3656 2976 triste
3684 2921 3792 2993 63
3823 2921 3904 2975 vi-

2315 3004 2474 3060 detur
2519 3002 2543 3041 ά
2595 3005 2993 3063 solemnitatem
3038 3010 3306 3066 sustinere
3344 3010 3671 3079 paschalem,
3709 3020 3765 3068 et
3812 3027 3906 3071 eos

2316 3114 2463 3153 nunc
2492 3097 2561 3153 ad
2593 3097 2861 3170 baptisma
2901 3097 3157 3159 festinare
3185 3104 3501 3177 cognoscis,
3533 3120 3620 3171 ne,
3646 3108 3790 3178 quod
3815 3107 3906 3160 ab-

2315 3190 2407 3257 sit,
2430 3188 2587 3259 longa
2612 3190 2800 3247 dilatio
2820 3207 3007 3247 eorum
3034 3202 3180 3251 retro
3210 3196 3381 3265 possit
3400 3196 3609 3253 animos
3630 3213 3907 3265 revocare.

621 3304 772 3347 cesee
798 3296 881 3344 est
910 3303 1005 3344 vos
1051 3302 1147 3357 per
1172 3286 1354 3341 omnia
1394 3286 1447 3340 in
1476 3300 1665 3342 eorum
1694 3284 2051 3340 conversione
2076 3284 2212 3354 vigi-
2239 3290 2284 3353 ρ
2314 3296 2437 3335 cum
2482 3281 2737 3352 episcopo
2764 3281 2869 3339 loci
2898 3282 3064 3355 ipsius
3092 3282 3343 3355 loquere,
3396 3295 3453 3342 ut
3481 3288 3800 3358 ptenitentia
3844 3302 3908 3345 ae

622 3380 754 3436 lare.
798 3379 933 3434 Nam
978 3379 1022 3433 si
1054 3377 1343 3449 cujuslibet
1388 3377 1627 3448 episcopi
1671 3376 1723 3431 in
1753 3374 1999 3432 Sardinia
2041 3376 2213 3431 insula

621 3485 887 3543 paganum
917 3470 1175 3525 rusticum
1219 3468 1459 3524 invenire
1488 3475 1740 3537 potuero,
1774 3468 1828 3523 in
1859 3467 2048 3523 eodem
2097 3466 2217 3538 epi-

620 3578 787 3635 scopo
816 3560 1029 3619 fortiter
1056 3559 1372 3617 vindicabo.
1398 3557 1518 3616 Jam
1557 3575 1685 3615 vero
1713 3562 1755 3615 si
1788 3560 2020 3616 rusticus
2050 3566 2215 3618 tanta

622 3654 782 3711 fuerit
810 3653 1046 3726 perﬁdia:
1080 3662 1135 3709 et
1164 3652 1541 3708 obstinationis
1562 3651 1833 3715 inventus,
1861 3657 1919 3705 ut
1940 3650 2008 3705 ad
2030 3649 2216 3707 Domi—

552 3777 564 3789 ~
623 3764 748 3807 num
761 3750 947 3805 venire
960 3747 1183 3805 minime
1199 3747 1525 3812 consentiat,
1560 3753 1713 3800 tanto
1740 3745 2018 3817 pensionis
2043 3760 2214 3802 onere

621 3841 926 3913 gravandus
946 3848 1057 3909 est,
1084 3850 1145 3895 ut
1171 3841 1287 3910 ipsa
1318 3838 1621 3894 exactionis
1641 3852 1751 3893 sua:
1773 3852 1933 3907 paena
1962 3837 2209 3907 compel-

622 3934 765 3990 latur
802 3932 870 3988 ad
902 3932 1284 3988 rectitudinem
1311 3931 1589 3986 festinare.
1624 3949 1644 3982 ι
1675 3928 1832 4001 (Lib.
1875 3946 1955 3997 tv,
1983 3947 2065 4001 ep.
2097 3928 2215 4003 26.)

693 4024 783 4080 48.
812 4024 966 4092 Quod
993 4039 1116 4079 cum
1144 4022 1438 4091 Gregorius
1468 4018 1737 4077 fructuose
1764 4020 2029 4091 simulque
2067 4022 2211 4076 salu-

624 4119 791 4175 briter
820 4118 874 4172 in
916 4116 1177 4171 Sardiniae
1203 4115 1435 4170 rusticos
1475 4114 1809 4183 processisse
1837 4122 2213 4181 cognosceret,

624 4210 788 4266 etiam
810 4209 863 4262 in
890 4206 1105 4263 Iudaeos
1130 4206 1577 4276 patrimoniorum
1608 4219 1828 4258 suorum
1856 4204 2085 4258 rusticos
2109 4220 2217 4259 non

624 4299 953 4358 dissimiliter
989 4308 1073 4354 est
1115 4305 1343 4353 conatus
1381 4295 1699 4351 extendere.
1750 4294 1904 4351 Unde
1948 4294 2217 4366 Cypriane

623 4395 855 4452 diacono
882 4391 1089 4457 scribit,
1117 4387 1304 4445 dicens
1338 4406 1350 4441 :
1390 4408 1408 4440 ι
1441 4387 1693 4442 Pervenit
1716 4386 1785 4441 ad
1833 4403 1920 4442 me
1968 4403 2085 4444 esse
2113 4386 2218 4443 He-

625 4489 797 4546 braea
846 4487 900 4541 in
946 4482 1380 4559 possessionibus
1417 4492 1437 4518 σε
1472 4481 1691 4545 nostris,
1734 4481 1826 4550 qui
1857 4482 2099 4536 converti
2149 4483 2219 4538 ad

628 4582 795 4638 Deum
840 4578 1145 4636 nullatenus
1181 4575 1389 4630 volunt.
1442 4573 1547 4628 Sed
1586 4572 1799 4628 videtur
1843 4574 1970 4628 mihi
2017 4583 2075 4628 ut
2121 4589 2219 4645 per

2317 3376 2641 3432 abstinentia
2682 3366 3038 3448 quadraginta
3067 3378 3276 3434 dierum
3306 3380 3527 3450 indicta,
3563 3390 3656 3437 aut
3680 3380 3771 3437 die
3799 3380 3907 3437 Do-

2318 3467 2536 3536 minico,
2582 3478 2677 3526 aut
2703 3469 2748 3525 si
2777 3469 3130 3527 celeberrima
3160 3470 3419 3528 festivitas
3447 3471 3691 3529 fortassis
3720 3489 3909 3529 occur-

2317 3562 2466 3630 rerit,
2491 3576 2605 3629 eos,
2635 3562 3025 3633 omnipotentis
3046 3561 3141 3621 Dei
3168 3563 3539 3623 misericordia
3566 3573 3904 3636 protegente,

2317 3654 2583 3725 baptizet;
2615 3655 2738 3724 quia
2763 3664 2817 3711 et
2848 3655 3109 3726 temporis
3136 3656 3370 3727 qualitas
3399 3665 3627 3737 propter
3646 3672 3771 3713 eam
3791 3672 3908 3729 qua:

2316 3746 2417 3802 sibi
2440 3746 2684 3802 imminet
2710 3746 2917 3803 cladem
2941 3747 3168 3820 impellit
3189 3757 3247 3803 ut
3266 3748 3527 3806 desideria
3556 3764 3744 3805 eorum
3766 3750 3907 3807 nulla

2317 3837 2549 3893 debeant
2588 3838 2847 3893 dilatione
2886 3838 3110 3894 differri.
3161 3838 3522 3911 Quoscunque
3565 3856 3692 3897 vero
3722 3857 3791 3896 ex
3834 3842 3909 3898 eis

2317 3944 2603 4000 pauperes,
2637 3939 2691 3985 et
2720 3929 2786 3985 ad
2810 3938 3016 3985 vestem
3046 3931 3147 3986 sibi
3186 3931 3469 3989 emendant
3512 3948 3622 3987 non
3662 3932 3911 3990 sufﬁcere

2318 4036 2478 4091 posse
2514 4035 2830 4091 cognosces,
2865 4031 2917 4077 te
2944 4023 3022 4078 eis
3047 4030 3274 4091 vestem,
3307 4039 3471 4093 quam
3492 4024 3558 4079 ad
3582 4026 3911 4096 baptismum

2320 4112 2576 4179 habeant,
2607 4129 2925 4187 comparare
2953 4115 3201 4172 volumus
3237 4130 3299 4172 ac
3327 4116 3590 4188 praebere,
3622 4119 3681 4172 in
3717 4119 3910 4190 quibus

2320 4202 2550 4273 pretium
2598 4205 2743 4275 quod
2772 4204 2986 4261 dederis
3032 4207 3136 4261 tuis
3166 4207 3380 4263 noveris
3409 4207 3708 4263 rationibus
3738 4210 3910 4281 impu-

2323 4294 2560 4349 tandum.
2587 4292 2644 4349 Si
2666 4308 2796 4351 vero
2817 4304 3063 4357 sanctum
3076 4297 3284 4353 Pascha
3300 4298 3559 4368 elegerint
3572 4310 3911 4373 exspectare.

2322 4386 2514 4440 iterum
2538 4402 2661 4442 cuin
2691 4388 2947 4459 episcopo
2968 4389 3194 4458 loquere
3222 4399 3281 4445 ut
3311 4390 3475 4447 modo
3515 4392 3733 4463 quidem
3760 4404 3907 4451 cate-

2321 4477 2570 4534 chumeni
2601 4479 2748 4546 fiant,
2782 4489 2943 4550 atque
2972 4480 3037 4535 ad
3085 4496 3180 4537 eos
3215 4480 3525 4553 frequenter
3553 4484 3795 4549 accedat,
3819 4502 3910 4555 ge-

2323 4579 2513 4641 ratque
2540 4572 2954 4628 sollicitudinem
2985 4582 3042 4631 et
3074 4575 3284 4633 animos
3312 4590 3501 4633 eorum
3539 4577 3910 4637 admonitione

625 4690 816 4732 omnes
841 4672 1211 4746 possessiones
1240 4670 1293 4722 in
1322 4668 1515 4740 quibus
1544 4668 1645 4738 ipsi
1672 4666 1879 4722 Hebraei
1930 4684 2049 4724 esse
2093 4686 2216 4725 nos-
2248 4680 2295 4738 ι)
2320 4677 2429 4717 sua!
2456 4663 2847 4723 adhortationis
2872 4666 3162 4733 accendat;
3197 4677 3220 4705 ⁸
3253 4676 3313 4724 ιιι
3337 4676 3542 4743 quanto
3565 4683 3686 4740 qua:
3715 4687 3909 4742 θχδνοο

631 4774 844 4831 cuntur,
875 4764 1131 4836 epistolas
1159 4761 1523 4817 transmittere
1547 4760 1764 4823 debeas,
1794 4761 1871 4815 eis
1891 4776 1958 4815 ex
1984 4776 2070 4814 me
2092 4776 2213 4831 spe-

630 4861 839 4917 cialiter
879 4858 1197 4929 promittens
1223 4854 1368 4925 quod
1395 4854 1701 4926 quicunque
1731 4854 1795 4907 ad
1822 4869 2011 4908 verum
2029 4852 2213 4908 Domi-

630 4967 756 5008 num
782 4949 948 5019 Deum
997 4958 1241 5005 nostrum
1266 4946 1448 5002 Jesum
1478 4946 1752 5001 Christum
1781 4960 1849 5000 ex
1880 4946 1957 5000 eis
1987 4959 2217 5000 conver-

628 5060 719 5100 sus
764 5037 942 5109 fuerit,
991 5056 1131 5096 onus
1164 5040 1522 5111 possessionis
1566 5037 1684 5108 ejus
1726 5052 1795 5093 ex
1839 5038 2013 5108 aliqua
2064 5046 2214 5108 parte

631 5134 994 5203 imminuetur.
1024 5130 1181 5201 Quod
1200 5131 1273 5186 ita
1297 5144 1512 5202 quoque
1533 5128 1647 5185 ﬁeri
1678 5130 1822 5192 volo,
1848 5137 1906 5184 ut
1933 5130 1978 5184 si
2008 5144 2128 5200 qms
2148 5146 2212 5184 ex

629 5227 709 5283 eis
736 5240 1030 5283 conversus
1055 5222 1235 5287 fuerit,
1267 5223 1315 5278 si
1354 5222 1509 5278 solidi
1542 5222 1855 5291 pensionem
1888 5222 2071 5287 habet,
2104 5230 2214 5277 tre-

705 5413 733 5441 .
767 5398 883 5469 Big.
909 5409 964 5461 et
985 5402 1221 5469 tremet"
1253 5394 1442 5457 obtutu

700 5472 729 5513 δ
765 5464 964 5531 Mihi“.
994 5479 1052 5526 et
1075 5465 1363 5533 Gussanv.,
1411 5483 1620 5524 necnon
1666 5466 1756 5521 alii
1784 5464 1947 5537 Editi,
1978 5472 2214 5525 uetustis-

564 5637 571 5643 ο
699 5628 723 5657 ε
766 5614 881 5676 Big.
912 5622 969 5669 et
996 5611 1262 5676 nonnulli,
1284 5611 1487 5665 uestris.

548 5738 555 5751 η
698 5686 725 5724 ἀ
762 5678 1013 5741 Solemne
1042 5682 1140 5736 fuit
1166 5682 1437 5752 qupndam
1479 5684 1529 5735 in
1562 5678 1797 5735 Ecclesia
1831 5690 1887 5735 ut
1918 5682 2215 5752 baptism

552 5748 555 5751 b
627 5758 742 5815 sola
785 5755 1082 5813 Pascha“,
1115 5748 1201 5808 vel
1226 5750 1579 5822 Pentecesies
1608 5752 1787 5822 vigilia
1846 5748 2215 5822 frequentare—

625 5814 735 5885 tur.
766 5824 866 5893 Qui
894 5839 1013 5878 mus
1042 5839 1147 5876 non
1177 5820 1351 5893 solum
1379 5814 1446 5875 ad
1472 5814 1653 5893 Caroli
1666 5814 1746 5875 Μ.
1774 5832 1882 5877 tem
1894 5814 2017 5887 gora
2050 5826 2218 5892 viguit

628 5900 685 5956 lu
725 5891 961 5951 Ecclesia
993 5894 1207 5959 Gallic,
1237 5891 1330 5961 sed
1377 5907 1543 5961 usque
1565 5891 1631 5945 ad
1659 5893 1910 5947 saeculum
1938 5911 1989 5949 ιι
2027 5891 2217 5960 perdu-

632 5968 777 6028 rivit.
802 5964 935 6021 Nam
964 5965 1016 6019 in
1046 5960 1214 6020 Cone.
1249 5960 1504 6017 Rothom.
1538 5980 1660 6018 ann.
1700 5962 1855 6029 N72,
1890 5966 2029 6035 apud
2078 5966 2210 6021 0rd.

66 6048 769 6430 Δ

66 6048 769 6430 Δ
1445 6420 1523 6425 _

2324 4761 2501 4808 ctatur
2556 4754 2839 4824 elongatur
2888 4755 3170 4822 festivitas,
3215 4766 3366 4814 tanto
3410 4774 3469 4817 se
3513 4774 3823 4831 prmparane
3859 4767 3912 4816 et

2324 4860 2444 4900 eam
2460 4845 2730 4902 desiderio
2747 4848 2973 4906 ferventi
3004 4848 3235 4906 debeant
3258 4849 3543 4909 sustinere.
3572 4869 3591 4904 ι
3629 4848 3774 4925 (Lib.
3802 4868 3911 4921 vnn,

2325 4940 2474 5009 epist.
2506 4938 2620 5009 “23.)
2660 4939 2794 4997 item
2823 4939 3002 5009 Petro,
3038 4944 3296 5018 episcopo
3324 4945 3578 5013 Corsicae,
3601 4944 3748 5001 inter
3768 4948 3909 5003 alia:

2331 5052 2347 5082 ι
2386 5031 2792 5103 Tansmisimus,
2824 5036 2919 5100 ait,
2939 5036 3263 5094 fraternitati
3284 5044 3390 5095 tua:
3414 5037 3810 5113 quinquaginta
3832 5056 3913 5099 so-

2323 5126 2460 5183 lidos
2494 5126 2564 5183 ad
2593 5129 2911 5186 vestimenta
2931 5145 3119 5186 eorum
3147 5132 3240 5205 qui
3268 5131 3578 5205 baptinndi
3609 5142 3740 5192 sunt
3763 5150 3912 5197 cont-

2324 5219 2580 5287 paranda.
2618 5240 2637 5273 ι
2674 5220 2813 5289 (Lib.
2844 5239 2952 5289 vul,
2985 5240 3068 5293 ep.
3099 5223 3164 5292 ι.)

2321 5399 2570 5478 _Vital_em,
2603 5403 2639 5457 l.
2670 5394 3067 5478 tv_hi§t.‘Eccl.,
3092 5421 3143 5474 p.
3164 5402 3289 5478 529,
3308 5406 3651 5478 ειιιῳωυω
3668 5408 3911 5478 generate

2323 5473 2740 5549 (ruptisina_it_isi
3069 5473 3275 5549 pacati:
3331 5486 3382 5534 et
3429 5473 3758 5549 Petam
3796 5479 3911 5549 ﬁat.

2320 5542 2545 5631 diserta.
2575 5543 2740 5631 Cujus
2764 5542 3195 5631 observationem
3224 5547 3617 5631 longiusculam

2321 5630 2379 5669 re
2409 5630 2475 5669 ex
2520 5620 2733 5683 integro
2774 5632 2880 5669 non
2916 5625 3089 5681 vacat,
3137 5620 3236 5673 etsi
3280 5620 3496 5687 dknam
3534 5635 3661 5689 qua
3706 5620 3915 5690 legati

2322 5693 2455 5739 tota.
2485 5679 2615 5740 Vide
2645 5695 2759 5756 not.
2788 5687 2858 5740 ad
2886 5688 3043 5756 epist.
3072 5686 3143 5743 εδ
3168 5687 3262 5756 lib,
3296 5705 3406 5747 vm.

2322 5693 2455 5739 tota.
2487 5693 2615 5740 Vide
2645 5695 2759 5745 not.
2788 5693 2858 5740 ad
2886 5693 3043 5756 epist.
3072 5693 3143 5743 εὖ
3168 5693 3262 5743 lib.
3296 5705 3406 5747 vm.

2397 5767 2418 5793 ο
2458 5756 2572 5832 Big.
2597 5763 2659 5832 _et
2688 5755 2921 5832 Gemet.,
2955 5768 3009 5811 ut
3035 5754 3591 5832 quantu'exepemmr
3618 5762 3913 5832 domum

2319 5843 2415 5896 qua
2438 5827 2710 5903 festivitas.
2739 5828 2966 5897 Αιδης..
2994 5827 3057 5883 ut
3089 5840 3282 5899 quanto
3304 5827 3420 5900 quia
3436 5827 3911 5903 exspectabatur

2320 5907 2473 5966 guter
2502 5899 2767 5966 festivitas.
