4118 6450
295 438 399 495 imi

878 435 933 491 S.
976 431 1303 490 GREGORII
1347 433 1545 490 ΡΑΡᾹΞ
1592 430 1772 493 νιτΑ,
1818 424 1891 483 Al

1992 426 2017 479 '.
2063 424 2326 485 JOANNE
2363 422 2678 483 DIACONO.
2721 422 2846 485 LIB.
2892 421 2951 479 ﬂ.

3461 420 3567 479 itu

364 554 456 609 50.
507 551 861 607 Nihilominus
888 564 988 619 pro
1021 550 1344 604 Arianorum
1374 547 1608 618 parvulis
1636 545 1759 600 lidei
1788 558 1880 599 ca-
1909 543 1959 603 Δ
1987 547 2190 596 aeterna
2216 538 2327 597 vita
2358 536 2733 607 Redemptoris
2779 538 2949 601 nostri
2988 538 3161 607 Italia
3182 549 3570 617 conponam

292 640 510 701 thélicae
539 642 838 707 sociandis,
882 639 1174 709 Gregorius
1200 638 1484 709 pastoralis
1512 651 1656 692 cura:
1683 634 1880 690 sollici-

293 736 536 792 tudinem
564 747 786 803 prorsus
816 731 1075 786 extendit.
1107 730 1446 799 Quapropter
1472 726 1738 782 universis
1765 724 1882 794 eplo

292 830 477 898 scepis
521 826 689 881 Italiae
730 825 991 888 scribens,
1034 823 1155 877 ait:
1207 839 1226 873 ι
1262 821 1526 887 Quoniam
1564 817 1884 875 nefandissi-

292 936 416 977 mus
444 918 731 974 Autbarith
762 919 817 972 in
847 917 947 971 hac
972 929 1093 986 quae
1120 928 1293 983 nuper
1330 922 1355 955 ι
1400 912 1615 982 expleta
1660 918 1744 966 est
1783 907 1888 964 Pa-

295 1012 466 1069 schaii
492 1010 782 1065 festivitate
812 1006 1284 1075 Langobardorum
1311 1004 1451 1059 tilios
1490 1005 1543 1058 in
1567 1002 1669 1059 ﬁde
1698 1003 1888 1063 cathm

296 1101 403 1157 lica
442 1101 702 1171 baptizari
744 1098 1046 1168 prohibuit,
1094 1111 1195 1166 pro
1238 1111 1344 1164 qua
1374 1094 1528 1164 culpa
1557 1109 1679 1149 eum
1707 1093 1886 1148 divina

298 1191 553 1260 Maiestas
579 1190 855 1253 exstinxit,
904 1198 962 1241 ut
1006 1187 1407 1242 solemnitatem
1446 1185 1473 1225 ι’
1508 1185 1725 1240 Pascha:
1753 1184 1887 1241 alte-

297 1287 411 1339 rius
436 1300 544 1338 non
574 1284 800 1346 videret,
834 1289 1069 1336 vestram
1098 1278 1494 1337 fraternitatem
1540 1277 1699 1333 decet
1748 1292 1884 1332 cun-

298 1387 416 1431 ctos
440 1392 537 1447 per
564 1376 682 1433 loca
715 1382 889 1428 vestra
922 1372 1303 1441 Langobardos
1332 1370 1643 1435 admonere,
1673 1377 1732 1423 ut
1758 1368 1885 1437 quia

297 1470 495 1535 ubique
514 1466 691 1534 gravis
717 1462 1017 1519 mortalitas
1048 1461 1313 1526 imminet,
1338 1459 1565 1523 eosdem
1596 1460 1732 1515 lilios
1758 1472 1885 1514 suos

301 1560 356 1613 in
382 1559 578 1612 Ariana
601 1556 795 1611 haeresi
818 1554 1121 1623 baptizatos
1145 1552 1212 1607 ad
1234 1552 1554 1607 catholicam
1576 1551 1734 1621 tidem
1762 1565 1889 1606 con—

298 1650 514 1713 cilient,
554 1655 819 1716 quatenus
856 1646 989 1699 iram
1033 1659 1197 1712 super
1233 1658 1329 1697 eos
1367 1641 1753 1711 omnipotentis
1791 1639 1886 1696 liei

298 1742 567 1814 placent.»
596 1739 727 1794 Item
754 1752 773 1777 ε
803 1736 1083 1806 Praejecto,
1107 1736 1360 1805 episcopo
1380 1733 1686 1790 Narniensi:
1718 1752 1735 1786 t
1757 1730 1884 1789 Per-

300 1834 451 1888 venit
479 1831 549 1885 ad
576 1846 696 1893 nos,
724 1829 961 1900 peccatis
987 1827 1419 1889 imminentibus,
1449 1825 1503 1881 in
1543 1825 1756 1881 civitate
1789 1838 1883 1879 ve-

1985 632 2234 704 recipias.
2268 651 2286 686 ι
2317 628 2455 701 (Lib.
2488 647 2561 696 at.
2588 648 2669 701 ep.
2688 630 2818 702 27.)

2059 723 2147 781 εἰ.
2179 723 2308 783 Hinc
2336 724 2550 796 quidem
2577 721 2868 793 Gregorius
2910 724 3051 787 intus
3081 725 3167 783 vel
3194 734 3351 789 extra
3378 729 3564 789 urbem

1985 814 2163 875 studio
2192 816 2408 887 pietatis
2426 813 2687 879 exercuit,
2712 810 2980 879 (letarum
3006 811 3240 889 Probum
3260 818 3567 886 relisiosuut

1986 908 2236 971 abbatem
2255 924 2379 971 cum
2398 906 2581 971 multis
2600 902 2841 976 pecuniis
2854 902 3242 977 ierosolymam
3258 907 3567 978 destinavit,

1984 1000 2138 1071 cuius
2158 1000 2411 1062 instantia
2430 996 2738 1063 venerabile
2759 996 3150 1065 renuant-bium
3171 1002 3471 1070 constituit.
3492 1014 3568 1069 et,

1986 1100 2098 1151 tam
2126 1092 2200 1161 ibi
2226 1105 2393 1161 quam
2418 1090 2473 1154 in
2498 1098 2683 1155 monte
2712 1088 2840 1153 Sina
2867 1103 3034 1159 penes
3060 1090 3335 1162 Arabiam,
3362 1094 3458 1153 Dei
3485 1096 3567 1151 fa-

1986 1182 2145 1241 muli!
2169 1182 2270 1243 sub
2287 1181 2549 1250 "simiae
2568 1179 2792 1243 Palladii
2815 1179 3141 1244 constitutis.
3172 1184 3468 1253 quotidiani
3492 1188 3572 1243 vi-

1985 1284 2105 1331 ctus
2134 1282 2189 1330 et
2212 1274 2517 1335 vestimenti
2548 1273 2757 1343 copiam
2783 1271 3022 1342 quandiu
3042 1274 3227 1337 vivere
3261 1278 3439 1346 ιιιιιιιιι
3476 1294 3573 1337 an—

1984 1366 2218 1423 nualiter
2244 1366 2461 1425 mittere
2480 1365 2810 1435 procuravit.

2058 1454 2145 1515 55.
2174 1455 2530 1521 Nihilominus
2556 1471 2653 1526 per
2676 1456 2915 1521 diversas
2933 1456 3239 1526 provincias
3265 1473 3365 1528 pro
3393 1469 3575 1517 custo-

1984 1544 2072 1607 dia
2108 1560 2274 1607 saera
2303 1546 2599 1615 religionis.
2626 1547 2896 1625 rebusque
2918 1561 3215 1618 pauperum
3235 1556 3455 1613 strenue
3474 1565 3574 1621 su-

1985 1637 2298 1705 bernandis,
2343 1636 2599 1701 Ecclesiae
2642 1654 2751 1693 sum
2780 1639 2927 1699 viros
2974 1638 3287 1709 industrios,
3335 1650 3578 1700 rectores

1987 1730 2431 1801 patrimoniorum
2464 1731 2671 1796 ascivit.
2715 1732 2772 1791 In
2803 1732 2997 1802 quibus
3025 1732 3355 1806 Cyprianum
3389 1736 3576 1797 diaco-

1988 1838 2117 1879 num
2149 1823 2458 1892 patrimonii
2484 1822 2668 1890 Siculi,
2699 1821 3088 1887 Pantaleonem
3116 1825 3387 1885 notarium
3414 1826 3577 1899 Syra-

298 1932 411 1980 stra
434 1923 818 1979 mortalitatem
840 1922 1062 1977 omnino
1080 1920 1335 1989 grassari,
1356 1933 1476 1987 qua:
1494 1934 1582 1975 res
1609 1933 1707 1976 nos
1728 1917 1887 1975 nimis
1919 1921 1965 1993 β
1990 1914 2200 1982 cusani,
2230 1913 2517 1977 Familiam
2546 1915 2885 1979 Memorem
2912 1914 3301 1984 Panormitam.
3328 1918 3577 1990 Sergium

300 2015 527 2070 addixit.
576 2012 939 2080 Quamobrem
972 2011 1271 2067 salutantes
1298 2010 1689 2079 fraternitatem
1715 2017 1883 2074 tuam.

302 2106 691 2161 instantissime
734 2103 1022 2159 suademus
1070 2111 1128 2161 ut
1166 2118 1197 2159 a
1235 2101 1739 2170 Langobardorum,
1776 2102 1891 2161 sive

305 2199 693 2265 Romanorum,
718 2199 810 2268 qui
830 2198 886 2253 in
913 2197 1103 2254 eodem
1133 2197 1255 2253 loco
1278 2197 1497 2264 degunt,
1522 2194 1891 2255 admonitione

302 2292 448 2348 nulla
484 2292 697 2347 ratione
724 2292 967 2357 cessatis,
995 2299 1051 2346 et
1080 2290 1316 2347 maxime
1340 2305 1371 2343 a
1391 2290 1670 2357 gentilium
1699 2297 1753 2345 et
1781 2289 1893 2347 hai-

300 2384 614 2448 reticorum.
643 2392 701 2439 ut
723 2383 788 2439 ad
818 2398 1003 2439 veram
1033 2390 1348 2451 rectumque
1375 2380 1533 2437 tidem
1561 2381 1891 2441 catholicam

301 2482 703 2533 convertantur.
716 2472 806 2531 Sic
821 2472 966 2528 enim
990 2480 1082 2531 aut
1094 2470 1270 2529 divina
1291 2471 1655 2531 misericordia
1676 2488 1775 2542 pro
1794 2487 1893 2529 sua

302 2563 486 2621 forsan
508 2566 585 2620 eis
606 2565 977 2629 conversione,
1003 2563 1133 2620 etin
1159 2564 1260 2619 hac
1279 2564 1387 2620 vita
1408 2564 1709 2631 subveniet,
1733 2574 1826 2619 aut
1847 2563 1893 2620 si

300 2645 402 2715 eos
413 2656 643 2724 migrare
661 2655 968 2723 contigerit,
983 2670 1013 2709 a
1033 2655 1163 2720 suis,
1177 2654 1326 2724 quod
1344 2663 1402 2710 et
1417 2655 1587 2723 magis
1598 2654 1895 2723 optandum

298 2758 419 2812 est,
445 2757 720 2809 transeunt
756 2748 1087 2805 facinoribus
1121 2746 1374 2803 absoluti.
1403 2766 1422 2798 ι
1446 2724 1585 2815 (ἆὸ.
1610 2762 1668 2814 ιι,
1695 2764 1779 2816 ep.
1811 2745 1893 2815 2.)

380 2842 469 2897 51.
490 2842 655 2910 igitur
676 2841 1123 2912 prudentissimus
1141 2839 1523 2909 paterfamilias
1541 2839 1741 2897 Christi
1761 2838 1896 2897 Gre-

302 2936 491 3003 gorius
530 2935 751 3003 singulis
793 2933 1053 2990 diaconiis
1093 2932 1181 2991 vel
1222 2931 1574 2989 aenodochiis
1603 2932 1745 2989 viros
1780 2932 1898 2989 ido-

306 3044 445 3085 neos
468 3028 764 3099 deputavit,
814 3043 952 3101 quos
989 3028 1176 3093 etiam,
1208 3033 1268 3097 ut
1294 3026 1557 3091 securius,
1590 3026 1698 3083 imo
1740 3039 1898 3094 saga-

307 3121 427 3176 cius
452 3120 508 3175 in
530 3135 696 3190 opere
714 3119 929 3189 pietatis
956 3134 1020 3174 ac
1039 3118 1419 3177 misericordiae
1446 3116 1774 3180 laborarent.
1799 3117 1896 3178 hu-

312 3213 543 3281 iusmodi
568 3212 860 3284 privilegiis
885 3212 1207 3271 muniendos
1226 3226 1347 3268 esse
1370 3211 1609 3267 decrevit
1640 3230 1653 3264 :
1694 3230 1712 3266 ι
1744 3210 1896 3269 Licet

1990 2007 2328 2069 defensorem
2364 2007 2723 2074 Calabritani,
2756 2008 3059 2073 Romanum
3088 2011 3358 2073 notarium
3399 2012 3577 2082 Apuli,

1994 2101 2325 2160 Benenatum
2353 2101 2692 2163 defensorem
2728 2100 3039 2166 Samnitici.
3071 2102 3419 2163 Anthemium
3447 2105 3577 2162 sub-

1990 2195 2280 2251 diaconum
2323 2193 2692 2263 Neapolitani.
2729 2192 2948 2255 Petrum
2986 2194 3375 2255 subdiacounm
3413 2195 3577 2253 Cam-

1992 2288 2140 2360 pau',
2164 2285 2461 2345 Candidum
2486 2285 2828 2345 defensorem
2850 2285 3031 2353 Tusci,
3054 2286 3307 2347 Urbicum
3329 2288 3580 2355 defenso-

1993 2395 2106 2436 rem
2137 2378 2342 2443 Sabini,
2389 2374 2643 2447 Optatum
2686 2377 3025 2439 defensorem
3054 2376 3306 2444 Nursini,
3350 2378 3582 2451 Benedi-

1982 2481 2141 2529 ctum
2162 2470 2181 2510 ί
2206 2470 2477 2535 notarium
2497 2469 2836 2541 defensorem
2850 2470 3186 2541 Carseolani,
3204 2472 3436 2537 Felicem
3456 2474 3583 2529 sub-

1996 2564 2279 2635 diaconum
2292 2562 2495 2633 Appia,
2517 2562 2819 2619 Castorium
2832 2562 3218 2633 cbartulprium
3231 2562 3582 2632 Ravennatis,

1990 2655 2300 2712 Castorlum
2328 2654 2599 2710 notarium
2628 2652 2907 2717 Histriam.
2957 2655 3250 2711 Antonium
3293 2658 3584 2714 subdiaco-

1998 2761 2127 2803 num
2176 2743 2539 2811 Dalmatiani,
2584 2742 2847 2801 Joannem
2898 2746 3166 2803 notarium
3214 2757 3242 2796 Β
3287 2747 3584 2819 lliyrieani.

1996 2836 2381 2907 Symmachum
2416 2834 2754 2895 defensuram
2785 2834 3071 2902 Sardinia},
3100 2837 3435 2897 Bonifacium
3483 2857 3585 2896 no-

2000 2928 2195 2991 tarium
2238 2926 2540 2993 Corsicam,
2589 2926 2975 2989 Pantaleonem
3016 2930 3284 2993 notarium
3332 2930 3582 3001 Liguriam

2001 3019 2386 3089 Hieronymum
2398 3016 2735 3079 delensorem
2753 3018 2966 3089 Alpium
2975 3018 3295 3091 Cottiarum,
3321 3024 3587 3084 Hilarium

2000 3112 2270 3169 notarium
2310 3108 2726 3174 Germaniciani,
2778 3117 2835 3163 et
2882 3111 3177 3169 Candidum
3212 3116 3589 3187 presbyterum

2001 3206 2425 3275 Gallicanigﬂtec
2444 3218 2622 3263 autem
2641 3206 3085 3277 prudentissimus
3105 3206 3263 3265 Pater
3273 3209 3587 3282 Gregorius,

307 3318 408 3358 eos
434 3304 526 3371 qui
564 3303 652 3377 pia
681 3303 980 3363 intentione
1019 3302 1393 3361 sollicitudinis
1416 3319 1603 3363 curam
1632 3303 1895 3361 debilibus
1918 3308 1967 3381 ς
1996 3319 2112 3363 non
2137 3301 2312 3359 solum
2340 3300 2397 3357 in
2426 3298 2688 3365 Romana,
2716 3299 2816 3357 sed
2845 3307 2902 3356 et
2927 3314 3024 3369 per
3048 3300 3291 3358 diversas
3319 3302 3591 3363 Ecclesias

311 3410 379 3451 ac
429 3396 611 3463 egenis
660 3395 995 3465 impendunt,
1033 3396 1144 3466 δή.
1187 3410 1285 3453 sua
1335 3395 1476 3465 apud
1504 3411 1693 3455 omnes
1720 3395 1897 3455 valeat

312 3486 451 3545 tueri
475 3486 714 3553 devotio,
746 3486 941 3545 melius
968 3495 1151 3545 tamen
1176 3496 1263 3545 est
1289 3487 1335 3547 si
1362 3502 1465 3556 pro
1490 3487 1676 3554 quiete
1703 3501 1799 3543 sua
1828 3486 1896 3542 de

310 3578 399 3639 his
423 3578 619 3639 fuerint
652 3580 843 3637 muniti
876 3594 997 3649 qua:
1020 3580 1310 3649 gesserint,
1338 3594 1407 3639 ne
1429 3579 1554 3635 inde
1582 3580 1662 3634 eis
1689 3580 1897 3648 inquie-

310 3672 511 3731 tudinis
550 3674 770 3731 occasio
817 3672 959 3731 unde
997 3674 1167 3742 magis
1212 3672 1468 3733 laudandi
1514 3681 1641 3731 sunt
1668 3674 1892 3731 oriatur.

304 3762 449 3830 Quia
468 3766 631 3834 igitur
651 3774 705 3821 te
730 3766 903 3822 virum
925 3763 952 3802 ά
976 3766 1306 3834 religiosum,
1327 3765 1641 3821 intentionis
1662 3774 1767 3819 tuze
1786 3772 1899 3821 stu-

306 3857 402 3913 dio
448 3858 757 3925 provocati,
804 3858 1005 3913 mensis
1040 3871 1339 3925 pauperum
1367 3855 1682 3913 exhibenda
1710 3854 1898 3913 diaco-

304 3950 418 4006 niae
444 3948 705 4016 elegimus
734 3946 1181 4016 praeponendum,
1214 3963 1283 4001 ne
1312 3962 1415 4015 qua
1448 3947 1540 4002 tibi
1569 3962 1637 4001 ex
1664 3944 1769 4009 hac
1798 3960 1895 4001 na-

192 4118 209 4123 ‘
308 4051 497 4101 scatur
536 4038 999 4095 administratione
1043 4038 1309 4103 dubietas,
1353 4037 1457 4092 bac
1498 4045 1551 4091 te
1599 4036 1899 4091 munitione

311 4133 689 4204 prospeximus
734 4132 1079 4197 fulciendqu,
1128 4132 1519 4191 constituentes
1567 4138 1626 4189 ut
1670 4130 1737 4189 de
1792 4130 1897 4187 hoc

309 4226 454 4294 quod
484 4225 550 4279 ad
572 4238 784 4279 mensas
806 4239 1099 4295 pauperum
1119 4224 1204 4279 vel
1223 4224 1485 4278 diaconize
1510 4222 1895 4278 exhibitionem

309 4317 623 4388 percepisti,
652 4317 766 4378 sive
790 4317 1022 4373 subinde
1044 4317 1354 4386 perceperis
1382 4316 1731 4387 erogandum,
1761 4314 1895 4377 nulli

312 4422 546 4476 unqmm
572 4408 869 4472 hominum.
894 4408 1134 4476 quolibet
1162 4409 1322 4463 modo
1353 4424 1449 4469 seu
1471 4409 1705 4477 ingenio,
1733 4421 1896 4476 coga-

308 4501 385 4557 ris
414 4516 616 4570 ponere
658 4502 943 4566 rationem,
978 4501 1060 4561 vel
1107 4501 1340 4569 aliquam
1367 4502 1566 4571 debeas
1595 4499 1895 4557 molestiam

308 4595 595 4655 sustinere.
629 4594 734 4650 Sed
761 4596 886 4663 quia
906 4595 980 4650 ita
1003 4596 1249 4655 humanis
1276 4605 1331 4653 te
1360 4596 1610 4655 omnibus
1638 4610 1758 4655 esse
1787 4609 1887 4650 vo-

2001 3393 2384 3466 perpetualiter
2401 3392 2737 3453 observanda
2756 3393 3029 3452 censebat.
3050 3392 3203 3452 Unde
3220 3394 3473 3453 Ianuario
3486 3396 3590 3453 Ca-

1997 3490 2227 3549 ralitano
2262 3487 2521 3558 episcopo
2543 3486 2685 3545 inter
2708 3494 2907 3543 caetera
2934 3487 3143 3551 scribit,
3172 3487 3359 3545 dicens
3386 3508 3399 3544 :
3439 3510 3458 3543 ι
3495 3488 3587 3544 ln-

1999 3582 2234 3639 dieatum
2267 3587 2349 3635 est
2377 3578 2533 3637 nobis
2558 3577 2723 3649 quod,
2752 3578 2904 3635 laicis
2929 3580 3250 3649 quibusdam
3276 3596 3461 3637 curam
3488 3597 3588 3638 ve-

1996 3672 2097 3733 stri
2117 3670 2425 3742 patrimonii
2454 3672 2871 3735 committentes,
2900 3672 3245 3742 postmodum
3274 3674 3382 3745 65
3412 3675 3465 3728 in
3498 3690 3590 3730 ru-

1992 3766 2254 3825 sticorum
2283 3774 2585 3819 vestrorum
2630 3754 3138 3831 depratdationibus,
3168 3774 3331 3833 atque
3358 3782 3456 3837 per
3483 3768 3589 3825 hoc

1997 3855 2493 3923 exfatigationihus,
2524 3854 2724 3911 fuerint
2738 3854 3080 3923 deprehensi,
3114 3853 3144 3901 ιι
3163 3864 3221 3911 et
3238 3856 3469 3913 reddere
3497 3874 3587 3914 res

1994 3963 2133 4017 quas
2162 3946 2478 4005 indecenter
2502 3947 2757 4013 retinent,
2788 3947 3003 4003 habitas
3028 3949 3183 4017 quasi
3199 3964 3315 4005 sua
3341 3950 3586 4017 ditionis,

1996 4042 2199 4111 quippe
2219 4048 2412 4097 vestra:
2434 4056 2543 4097 non
2560 4040 2824 4111 suppositi
2838 4041 3105 4096 curationi
3127 4050 3475 4112 postponam,
3500 4060 3589 4100 vo-

1996 4134 2186 4204 bisque
2218 4133 2514 4202 despiciaut
2540 4142 2757 4188 acinum
2776 4149 2996 4188 suorum
3042 4134 3271 4190 reddere
3298 4136 3585 4192 rationem.

1999 4225 2153 4293 Quod
2174 4227 2219 4282 si
2244 4226 2316 4283 ita
2347 4232 2446 4291 est,
2476 4226 2720 4283 districte
2746 4242 2774 4279 a
2800 4227 2954 4283 vobis
2978 4226 3172 4282 discuti
3200 4230 3475 4297 convenit,
3504 4238 3589 4285 at-

1997 4335 2103 4389 que
2149 4321 2289 4376 inter
2332 4335 2429 4375 eos
2474 4317 2832 4388 Ecclesimque
2866 4326 3057 4373 vestm
3100 4320 3331 4379 rusticos
3367 4336 3587 4377 causam

1996 4413 2295 4471 examinari
2324 4413 2591 4479 subtilius,
2634 4420 2695 4467 ut
2719 4410 2974 4483 quidquid
3004 4412 3059 4466 in
3084 4412 3165 4469 eis
3202 4411 3367 4468 fuerit
3388 4412 3587 4469 fraudis

1992 4506 2272 4567 inventum
2294 4519 2417 4561 cum
2440 4517 2596 4573 pana
2628 4503 2833 4571 legibus
2860 4510 3057 4559 statuta
3089 4502 3320 4559 reddere
3347 4503 3586 4572 compel-

2000 4598 2195 4661 lantur.
2228 4595 2308 4651 De
2346 4605 2542 4655 caetero
2572 4610 2702 4653 vero
2740 4594 3037 4653 cavendum
3067 4609 3098 4651 a
3128 4593 3463 4651 fraternitate
3492 4609 3584 4650 ve-

309 4688 487 4753 lamus
500 4688 796 4753 rationibus
816 4688 1139 4755 absolutum,
1166 4698 1225 4743 ut
1244 4689 1355 4743 Deo
1376 4698 1565 4747 nostro
1580 4688 1647 4742 de
1667 4688 1750 4742 bis
1771 4701 1890 4755 quae
1920 4690 1970 4759 ί)
1993 4698 2103 4745 stra
2143 4698 2256 4754 est,
2293 4706 2357 4744 ne
2389 4688 2730 4747 apertioribus
2760 4688 2907 4750 viris,
2939 4696 3101 4753 atque
3131 4701 3238 4739 non
3268 4686 3368 4741 sub
3395 4686 3582 4754 regula

309 4779 408 4847 tibi
435 4779 799 4846 mmausimus
821 4780 1086 4839 rationem
1106 4790 1161 4835 te
1178 4780 1395 4837 noveris
1418 4780 1738 4849 positurum,
1764 4778 1895 4835 bor-

311 4883 486 4933 tantur
515 4880 576 4933 ut
600 4871 724 4927 lidei
746 4872 802 4929 in
836 4880 888 4931 te
908 4872 1191 4930 sinceritas
1224 4875 1421 4941 vigeat,
1451 4873 1519 4929 sit
1543 4888 1696 4927 mens
1719 4872 1771 4926 in
1800 4887 1890 4926 re-

302 4965 408 5021 bus
426 4964 702 5031 intentior,
728 4978 861 5021 cura
890 4964 1225 5033 propensior,
1258 4974 1280 5002 ε
1308 4965 1543 5027 studium
1566 4964 1887 5033 vigilantius,

305 5056 524 5121 devotio
560 5056 777 5121 clarior,
820 5054 1079 5111 exbibitio
1120 5052 1412 5125 efﬁcacior,
1436 5066 1705 5123 quatenus
1736 5055 1881 5118 dum,

304 5149 490 5217 divino
509 5148 656 5217 jutus
681 5147 903 5213 auxilio,
930 5148 1037 5204 hoc
1064 5162 1199 5216 opus
1224 5148 1454 5205 solerter
1473 5148 1798 5217 impleveris,
1830 5156 1888 5201 et

308 5240 386 5303 illi
408 5256 512 5312 pro
548 5239 743 5312 quibus
778 5238 1192 5307 sollicitudinem
1220 5239 1363 5307 geris
1388 5237 1551 5293 studii
1584 5238 1659 5292 tui
1688 5236 1884 5299 solatio
1913 5227 1917 5233 ’

307 5334 511 5389 utiliter
538 5334 901 5391 consolentur.
934 5343 989 5387 et
1038 5340 1092 5387 tu
1135 5330 1398 5387 mercedis
1425 5338 1529 5383 tuae
1580 5330 1780 5383 bonum
1832 5329 1884 5381 in

382 5474 405 5504 ο
442 5465 587 5521 Corb
616 5506 632 5533 ,
652 5465 851 5535 Bigot.,
874 5464 1083 5522 Gemet.
1107 5474 1162 5520 et
1185 5463 1701 5535 Andegngexemmg;
1724 5475 1884 5530 quam

304 5537 592 5605 lectionem
618 5530 965 5591 vannota'runt
994 5537 1044 5593 in
1077 5548 1242 5604 marg.
1276 5533 1474 5590 Mabill.
1520 5530 1589 5586 et
1618 5530 1883 5586 Gussanv.

304 5606 363 5662 In
392 5606 550 5677 Reg.,
583 5606 779 5661 Exorla
805 5616 901 5661 est.

379 5678 403 5715 δ
442 5671 545 5733 Ita
568 5677 693 5733 Mss.
740 5677 927 5744 nostri,
960 5677 1054 5732 clsi
1084 5677 1276 5748 legitur
1316 5678 1368 5732 in
1400 5673 1637 5740 Emusis,
1672 5671 1893 5727 Pascha:

301 5750 538 5804 ulterius.

381 5832 399 5887 ς
447 5817 578 5883 Reg.
610 5827 665 5875 et
695 5817 857 5881 Utic.,
892 5817 1150 5887 Projeclo.

378 5886 402 5925 ἀ
444 5888 498 5942 in
532 5888 696 5957 Utic.,
722 5903 880 6008 super
908 5883 1200 6008 νὲιὶἵίοειιηι
1232 5889 1422 5957 legitur
1448 5887 1725 5944 Joannem.

382 5969 407 5997 ⁶
449 5958 508 6008 In
531 5955 676 6008 'Utic.
708 5959 771 6008 ad
815 5960 918 6008 itur
944 5975 1002 6008 vo
1026 5967 1173 6008 untas
1203 5961 1503 6008 nromnlior.

382 5969 407 5997 ⁶
448 5958 508 6014 In
531 5955 690 6015 'Utic.‘
708 5955 918 6013 additur
944 5955 1173 6010 voluntas
1202 5955 1503 6028 promptior.

2009 4781 2023 4821 ί
2049 4791 2234 4845 nostra
2258 4781 2595 4849 degentibus,
2624 4779 2905 4847 cupistibet
2930 4792 3021 4835 res
3049 4776 3305 4835 Ecclesia:
3329 4781 3583 4835 omnis.

1992 4884 2201 4941 tantm,
2226 4876 2318 4931 sed
2345 4873 2584 4942 probatis
2602 4871 2673 4925 de
2703 4878 2881 4927 vestro
2908 4865 3089 4925 cilicio
3109 4868 3348 4935 cimicis;
3381 4870 3435 4924 in
3460 4870 3581 4940 qui-

1992 4970 2094 5025 bus
2117 4969 2165 5023 si
2193 4966 2321 5036 quid
2354 4965 2576 5035 reperiri
2602 4963 2804 5034 poterit
2828 4962 3129 5031 pravitatis,
3160 4973 3222 5019 ut
3248 4964 3307 5020 in
3354 4964 3585 5021 subditis

1988 5058 2282 5117 emendare
2315 5056 2462 5124 quod
2500 5054 2681 5110 illicito
2707 5064 2914 5122 gestum
2938 5054 3103 5113 fuerit
3116 5056 3361 5122 valeatis,
3391 5060 3403 5107 i
3435 5072 3578 5127 quos

1962 5151 2240 5235 .videlicet
2264 5150 2403 5219 apud
2431 5165 2523 5204 vos
2556 5148 2768 5205 habitus
2796 5149 2877 5207 sui
2905 5148 3141 5207 ofﬁcitu»
3170 5150 3343 5217 magis
3367 5164 3567 5207 conve-

1990 5244 2105 5307 niat
2128 5258 2289 5312 quam
2317 5250 2557 5299 excuset.
2595 5260 2612 5293 ι
2651 5239 2789 5311 (ω.
2821 5259 2877 5309 x,
2896 5259 2980 5313 rp.
3008 5240 3125 5311 ﬁli.)

2065 5335 2150 5388 55.
2183 5333 2397 5401 Singula
2428 5331 2781 5386 ecclesiastici
2805 5330 2940 5401 juris
2971 5331 3167 5398 cilicia,
3199 5331 3422 5400 singulis
3448 5330 3575 5401 qni-

2067 5456 2085 5495 ί
2128 5455 2293 5510 Abest
2321 5455 2579 5508 notarium
2605 5469 2635 5508 a
2657 5451 2839 5508 Norm.
2872 5460 2928 5509 et
2946 5450 3155 5507 Turon.

2066 5540 2089 5574 ις
2133 5526 2298 5593 Utic.,
2336 5525 2595 5581 Joannem
2635 5526 2896 5580 notarium
2934 5520 3317 5581 Cursicani.....
3362 5521 3555 5593 Bentfa

1994 5617 2243 5652 (Μυκη...
2277 5568 2591 5665 illyriciam’.

2068 5669 2091 5706 δ
2135 5668 2259 5722 Post
2290 5662 2587 5738 deprehensi
2621 5666 2674 5720 in
2718 5666 2855 5738 plur.
2887 5662 3011 5721 Mss.
3048 5662 3355 5719 Immediate
3384 5663 3579 5739 ἥρωι

1995 5742 2193 5815 quod_s_i
2220 5741 2293 5793 ita
2316 5748 2409 5791 est.

2072 5812 2086 5849 ί
2133 5811 2229 5864 Nm
2246 5828 2342 5877 in.;
2371 5817 2557 5863 vestra.

2072 5884 2083 5933 i
2133 5881 2329 5945 Vatia,
2379 5879 2559 5934 Mabil.
2590 5886 2646 5935 et
2666 5877 2953 5941 Gussanv.,
2985 5894 3197 5947 quo..."
3229 5880 3395 5947 magis
3442 5892 3585 5947 cont-

1994 5955 2215 6011 mendet.
2249 5950 2501 6005 Cedimus
2528 5947 2652 6005 Mss.
2703 5958 2756 6005 et
2803 5945 3029 6006 aliorum
3058 5945 3194 6007 Edil.
3229 5945 3587 6007 multitudini.
