4118 6446
290 426 399 485 115

906 425 968 484 S.
1014 425 1344 485 GREGORl-l
1382 424 1591 486 PAPE
1629 424 1817 493 νιτΑ,
1854 420 2058 482 AUCT.
2100 421 2362 482 JOANNE
2398 423 2714 494 DIACONO,
2754 424 2883 483 LIB.
2922 424 2988 485 Il.

3471 425 3574 485 ιιι

291 551 617 619 praesentem
630 542 928 613 iussionem
940 544 1261 616 susceperis,
1278 543 1475 601 offeras
1490 544 1556 599 ad
1574 542 1887 601 calciarium
1915 538 1970 603 Α
1992 540 2365 607 constitutum,
2398 540 2672 598 indicante
2699 542 3044 613 praesentium
3090 542 3373 614 portitore,
3400 542 3578 602 victus

292 652 586 711 puerorum
613 636 814 692 solidos
840 645 868 674 ι
890 638 1239 706 quadraginta
1265 646 1320 693 et
1342 636 1501 692 tritici
1526 635 1735 691 modios
1754 648 1887 706 qua-

292 733 639 800 driugentos;
670 730 882 786 domnae
912 729 1185 799 Palatinae,
1211 730 1413 786 relicta:
1455 728 1659 798 Urbici,
1692 727 1893 783 solidos

293 824 483 893 viginti
508 833 563 878 et
590 823 754 878 tritici
780 823 987 878 modios
1008 830 1308 888 trecentos;
1338 821 1549 877 domnae
1578 820 1605 859 δ
1633 819 1887 881 Viviauae,

296 919 497 974 relictae
509 917 723 982 Felicis;
740 916 942 972 solidos
956 916 1142 985 viginti
1158 925 1213 971 et
1226 915 1385 971 tritici
1399 914 1609 970 modios
1620 920 1892 968 trecentos

298 1011 387 1076 qui
402 1025 592 1064 omnes
607 1008 766 1063 simul
782 1008 1052 1076 octoginta
1069 1006 1222 1062 solidi
1237 1008 1289 1061 in
1302 1007 1408 1061 tuis
1420 1006 1715 1061 rationibus
1726 1005 1894 1075 impu-

298 1102 781 1159 tentur.Summam
801 1118 930 1157 vero
953 1103 1226 1173 pensiouis
1247 1103 1346 1157 sub
1368 1101 1712 1157 festinatione
1732 1099 1893 1154 addu-

298 1198 428 1261 cito,
454 1204 512 1250 et
526 1196 593 1250 ad
610 1195 921 1266 paschalcm
939 1196 1104 1260 diem,
1122 1194 1352 1250 Domino
1372 1194 1682 1259 auxiliante,
1701 1207 1892 1249 occur-

298 1288 426 1342 rito.
458 1308 476 1338 ι
496 1286 636 1357 (Lib.
657 1304 693 1349 ι,
724 1305 805 1356 ep.
824 1286 939 1353 39.)
957 1287 1089 1343 Item
1102 1287 1311 1342 eidem:
1340 1286 1710 1341 «Insinuatum
1736 1284 1892 1339 nobis

299 1386 385 1431 est
399 1376 620 1436 ancillas
632 1376 843 1431 Domini
859 1376 1119 1446 quasdam
1140 1376 1360 1431 Nolanae.
1380 1378 1632 1439 civitatis,
1665 1378 1718 1430 in
1748 1375 1893 1430 Abo-

299 1468 489 1523 ridana
518 1467 681 1522 domo
710 1478 1144 1535 commanentes,
1175 1469 1395 1524 nimiam
1435 1468 1612 1523 victus
1640 1468 1893 1523 vestitus-

300 1579 407 1633 que
433 1564 710 1634 penuriam
732 1566 1017 1621 sustinere.
1043 1563 1247 1632 Quibus
1267 1580 1336 1620 ex
1356 1572 1627 1635 prazcepto
1652 1563 1746 1618 Dei
1773 1562 1896 1619 sub-

298 1657 488 1712 venire
510 1672 607 1711 nos
627 1658 899 1726 convenit,
919 1666 975 1713 et
998 1658 1235 1727 inopiam
1257 1674 1462 1724 earum,
1489 1666 1747 1729 quantum
1773 1672 1892 1726 pos-

301 1764 509 1811 sumus,
534 1748 771 1804 donante
797 1748 1047 1815 Domino,
1078 1749 1380 1805 sublevare.
1414 1748 1705 1820 Propterea
1728 1765 1895 1820 expe-

301 1840 513 1896 rientia:
559 1849 665 1896 tuae
718 1842 966 1913 praesenti
1013 1843 1255 1913 jussione
1291 1844 1664 1899 mandavimus
1706 1844 1893 1899 uthac

1993 631 2193 687 habere
2236 635 2613 691 necessitatem
2639 635 2939 693 didicimus.
2981 636 3214 706 Ideoque
3240 637 3577 707 experientia

1993 734 2083 782 tua
2110 726 2221 798 68
2247 725 2530 796 diligenter
2548 728 2805 798 invigilet,
2830 740 2890 785 ut
2917 731 2963 786 si
2992 730 3231 800 ejusdem
3261 731 3364 789 loci
3384 747 3576 788 mona-

1992 822 2124 878 chos
2139 824 2278 879 bene
2296 837 2357 878 se
2372 829 2603 878 tractare
2621 824 2958 892 cognoveris,
2982 823 3036 879 in
3056 825 3249 895 quibus
3269 840 3365 882 eos
3385 840 3579 882 neces-

1992 918 2207 972 sitatem
2247 916 2449 973 habere
2481 916 2762 972 manifesta
2809 918 3037 974 veritate
3061 920 3315 990 patuerit,
3340 921 3421 976 eis
3447 920 3577 977 sub-

1992 1007 2195 1073 venire,
2226 1007 2329 1062 hac
2367 1007 2687 1062 auctoritate
2713 1006 2983 1077 suﬂultus,
3010 1009 3183 1063 modis
3218 1011 3468 1066 omnibus
3490 1010 3575 1066 fe-

1992 1099 2235 1164 stinabis,
2266 1098 2498 1155 sciturus
2525 1099 2626 1155 tuis
2645 1113 2763 1154 esse
2791 1099 3089 1155 rationibus
3117 1102 3372 1172 quidquid
3395 1115 3577 1158 noswa

1995 1191 2356 1263 praeceptione
2382 1191 2673 1262 praebueris
2689 1192 3079 1263 imputandum.
3110 1193 3217 1249 Sed
3246 1204 3302 1249 et
3321 1195 3577 1251 terrulam

1993 1284 2251 1341 Ecclesiae
2298 1294 2495 1341 nostra:
2521 1285 2755 1340 vicinam
2786 1286 2913 1352 sibi,
2943 1302 3103 1356 quam
3148 1288 3377 1343 solidum
3410 1304 3578 1346 unum

1994 1385 2050 1433 et
2073 1378 2348 1434 tremisses
2373 1378 2509 1434 duos
2527 1379 2793 1449 pensitam
2821 1387 3087 1445 asserunt,
3120 1380 3164 1434 si
3192 1381 3266 1434 ita
3296 1392 3397 1448 est,
3426 1381 3581 1438 libel-

1995 1471 2131 1527 Iario
2150 1471 2368 1526 nomine
2394 1470 2459 1525 ad
2487 1486 2751 1525 summam
2774 1470 3033 1527 tremissis
3052 1471 3209 1527 unius
3232 1470 3434 1527 habere
3456 1487 3582 1527 con-

1996 1564 2148 1620 cede.
2181 1561 2355 1619 Studii
2385 1577 2513 1633 ergo
2534 1564 2610 1618 tui
2639 1564 2711 1620 sit
2738 1563 2853 1619 haec
2883 1565 3061 1619 omnia
3083 1565 3154 1619 ita
3185 1565 3478 1635 complere,
3510 1567 3579 1636 si,

1994 1655 2132 1710 sicut
2159 1652 2408 1721 diximus,
2440 1653 2557 1724 ejus
2577 1655 2825 1711 monachi
2857 1654 2907 1709 in
2932 1654 3027 1710 Dei
3052 1654 3292 1723 servitio,
3320 1656 3460 1712 sicut
3483 1656 3581 1712 de-

1996 1755 2103 1815 cet,
2132 1747 2362 1803 solertes
2390 1746 2744 1818 perstiterint.
2784 1766 2803 1799 ι
2837 1744 2975 1819 (Lib.
3010 1762 3069 1816 η,
3107 1764 3189 1817 ep.
3217 1746 3295 1802 1.)
3341 1746 3474 1802 Item
3503 1746 3585 1803 ei-

1996 1840 2118 1895 dem
2150 1858 2163 1895 :
2203 1859 2222 1891 σ
2255 1839 2441 1895 Divina
2470 1851 2736 1913 praecepta
2765 1853 2865 1895 nos
2889 1840 3183 1895 admonent
3210 1839 3429 1909 diligere
3457 1855 3582 1910 pro-

302 1934 557 2004 prreseuti
583 1950 723 1990 nona
757 1935 1048 1993 indictione
1077 1937 1426 2007 quadraginta
1455 1939 1508 1991 in
1538 1952 1671 1992 auro
1697 1938 1777 1993 eis
1806 1953 1893 1993 so-
1923 1932 1969 1991 B
1998 1932 2175 1987 ximos
2200 1932 2341 1987 sicut
2380 1932 2770 2003 nosmetipsos;
2801 1940 2857 1987 et
2883 1946 3005 1987 cum
3034 1932 3138 1988 hac
3175 1946 3270 1989 eos
3305 1932 3586 2004 praecipia-

303 2025 445 2081 lidos
464 2027 593 2083 dare
619 2028 839 2098 debeas,
863 2042 919 2085 et
943 2032 1197 2101 deinceps
1216 2032 1624 2088 succedentibus
1645 2032 1895 2088 indictio-

304 2119 467 2174 nibus
494 2135 702 2177 annuos
733 2122 914 2191 viginti
943 2123 1145 2179 solidos
1167 2123 1491 2190 ministrare,
1524 2125 1615 2194 qui
1636 2124 1743 2180 tuis
1772 2140 1898 2195 pos-

305 2211 415 2267 sint
442 2213 741 2270 rationibus
770 2216 1045 2285 imputari.
1097 2214 1363 2272 Praeterea
1394 2214 1637 2283 Paulino,
1669 2217 1896 2289 presby-

306 2311 428 2359 tero
454 2306 767 2361 monasterii
816 2306 986 2362 sancti
1018 2305 1248 2372 Erasmi,
1279 2308 1422 2377 quod
1452 2309 1505 2362 in
1535 2308 1704 2363 latere
1743 2324 1901 2363 mon-

310 2394 380 2451 tis
410 2406 431 2434 ε
456 2394 694 2451 Soractis
732 2398 891 2452 situm
922 2407 1003 2453 est
1022 2440 1037 2467 ,
1061 2398 1155 2454 sed
1200 2406 1254 2453 et
1282 2399 1491 2455 duobus
1518 2397 1798 2454 monachis
1842 2398 1899 2454 in

306 2487 551 2542 oratorio
575 2489 747 2543 sancti
778 2488 1098 2557 Archangeli
1129 2489 1507 2555 servientibus,
1539 2489 1757 2560 quodin
1789 2488 1899 2543 Lu-

307 2577 525 2633 cullano
547 2590 725 2635 castro
744 2580 897 2650 juxta
916 2581 1087 2636 sancti
1109 2578 1256 2636 Petri
1277 2580 1552 2637 basilicam
1575 2595 1692 2637 esse
1711 2579 1900 2650 digno-

308 2669 502 2734 scitur,
526 2671 679 2726 binos
704 2679 758 2725 te
775 2671 1150 2729 tantummodo
1172 2670 1373 2726 solidos
1390 2670 1520 2726 dare
1540 2670 1899 2742 praecipimus,

311 2761 407 2830 qui
426 2770 481 2816 et
510 2762 608 2832 ipsi
640 2764 746 2817 tuis
770 2763 1069 2819 rationibus
1096 2763 1447 2833 imputentur.
1478 2762 1555 2817 Ita
1583 2777 1712 2832 ergo
1734 2762 1817 2817 fac
1843 2771 1904 2818 ut

312 2854 571 2923 impensae
600 2855 863 2910 mercedis
892 2864 947 2909 tu
974 2870 1190 2925 quoque
1218 2855 1557 2926 participium
1582 2854 1845 2910 sortiaris.
1874 2873 1895 2908 ι

312 2941 457 3014 (Lib.
490 2961 529 3013 ι,
558 2962 640 3017 ep.
678 2946 794 3018 24.)
837 2946 968 3003 Item
997 2948 1171 3004 eidem
1202 2966 1216 3003 :
1272 2966 1292 3001 ε
1335 2947 1389 3003 Si
1430 2948 1485 3003 in
1532 2949 1901 3019 proximorum

315 3037 758 3104 necessitatibus,
813 3038 993 3094 habita
1022 3038 1417 3111 compassione,
1464 3039 1692 3108 benigna
1721 3048 1904 3095 mente

313 3130 716 3196 concurrimus;
770 3132 969 3188 nostris
1011 3132 1368 3204 proculdubio
1414 3132 1766 3203 petitionibus
1794 3132 1903 3188 cle-

316 3228 554 3278 mentem
583 3222 864 3279 Dominum
895 3227 1212 3296 reperimus.
1245 3223 1486 3280 Palatina
1517 3225 1805 3295 siquidem,
1834 3225 1901 3280 il-

1997 2017 2120 2078 mur
2144 2022 2407 2077 charitate
2433 2022 2680 2091 diligere,
2706 2031 2908 2092 quanto
2938 2023 3107 2093 magis
3132 2022 3390 2079 debemus
3415 2024 3499 2078 his
3529 2025 3585 2079 in

1997 2117 2249 2174 subsidiis
2267 2117 2649 2173 necessitatum
2670 2115 2966 2172 carnalium
2988 2116 3290 2183 subvenire,
3313 2124 3373 2171 ut
3391 2130 3582 2171 eorum

2000 2210 2273 2278 angustias
2292 2209 2335 2264 si
2360 2224 2467 2265 non
2492 2223 2561 2263 ex
2584 2209 2851 2275 omnibus,
2879 2209 3069 2264 saltem
3090 2208 3360 2279 aliquibus
3373 2215 3587 2263 susten-

1999 2304 2194 2361 taculis
2219 2302 2600 2359 sublevemus?
2637 2301 2901 2370 Quoniam
2950 2315 3079 2371 ergo
3107 2300 3273 2358 ﬁlium
3308 2301 3328 2340 ί
3360 2302 3462 2357 viri
3499 2302 3586 2359 di-

2000 2397 2245 2467 gnissimi
2271 2412 2379 2453 non
2402 2398 2576 2453 solum
2599 2397 2892 2453 amissione
2914 2398 3077 2465 visus,
3105 2399 3196 2455 sed
3217 2399 3381 2454 etiam
3405 2398 3587 2469 inopia

2000 2490 2174 2544 victus
2201 2496 2497 2558 egestatem
2526 2489 2639 2560 pati
2666 2492 3065 2561 conspeximus,
3098 2492 3462 2547 necessarium
3490 2492 3589 2545 du-

2002 2583 2198 2649 ximus,
2230 2582 2283 2635 iu
2328 2589 2592 2651 quantum
2624 2581 2952 2652 possibilitas
2982 2583 3237 2653 suppetit,
3270 2582 3318 2636 ei
3348 2582 3590 2652 praebere

2004 2678 2329 2731 consultum.
2366 2674 2659 2745 Propterea
2687 2676 3035 2744 experientiae
3063 2683 3166 2730 tum
3191 2675 3445 2746 praesenti
3469 2674 3590 2745 jus-

2006 2768 2159 2823 sione
2185 2768 2547 2840 praecipimus,
2599 2775 2657 2822 ut
2703 2768 2859 2823 annis
2886 2768 3106 2837 singulis
3132 2768 3317 2838 viginti
3360 2777 3592 2839 quatuor

2007 2873 2033 2910 κ
2064 2862 2274 2917 modios
2305 2862 2489 2928 tritici,
2522 2861 2657 2917 faba:
2684 2876 2899 2932 quoque
2927 2861 3136 2917 modios
3178 2860 3488 2927 duodecim,
3539 2870 3595 2919 et

2004 2952 2113 3007 vini
2142 2952 2433 3007 decimatas
2462 2950 2648 3020 viginti
2686 2966 2785 3022 pro
2821 2951 3214 3008 sustentatione
3240 2952 3366 3007 vitae
3394 2951 3595 3007 debeas
3657 2982 3662 2993 -

2006 3044 2332 3111 ministrare,
2376 3043 2523 3115 quod
2565 3044 2671 3100 tuis
2711 3045 3052 3115 postmodum
3100 3044 3269 3115 possit
3296 3044 3595 3099 rationibus

2006 3137 2283 3208 imputari.
2327 3136 2405 3191 Ita
2435 3149 2565 3205 ergo
2593 3134 2680 3191 fac
2708 3143 2769 3190 ut
2792 3137 3133 3206 praesentium
3156 3136 3297 3191 lator
3324 3136 3498 3192 nullas
3526 3136 3597 3191 de

2006 3228 2371 3299 percipiendis
2399 3226 2612 3283 Domini
2639 3226 2797 3283 donis
2818 3243 2997 3283 moras
3016 3226 3282 3282 sustineat
3307 3227 3436 3300 (AL,
3463 3225 3595 3282 mihi

315 3311 500 3369 lustris
528 3315 744 3383 femina,
776 3317 1031 3371 continua
1060 3317 1357 3373 hostilitate
1384 3317 1673 3371 insinuavit
1692 3331 1751 3371 se
1780 3316 1900 3387 plu-
1927 3312 1976 3376 C
2006 3320 2217 3377 nuntiet
2246 3317 2468 3391 moras],
2500 3327 2557 3374 et
2584 3327 2642 3373 tu
2670 3319 2723 3374 iu
2747 3317 2837 3373 die
2864 3317 3077 3373 Domini
3105 3319 3244 3373 bene
3272 3317 3594 3388 dispensata!

314 3404 468 3460 rimis
496 3408 905 3465 necessitatibus
948 3410 1252 3480 subjacere.
1287 3409 1580 3481 Propterea
1615 3409 1901 3479 experien-

313 3496 402 3551 tiae
452 3506 556 3553 tua;
596 3502 844 3570 praesenti
888 3502 1213 3557 auctoritate
1250 3502 1591 3573 praecipimus
1618 3508 1677 3554 ut
1724 3501 1772 3555 ei
1801 3516 1901 3571 pro

308 3592 703 3648 sustentatione
733 3594 849 3663 ejus
887 3610 1095 3663 annuos
1121 3595 1324 3650 solidos
1354 3594 1570 3664 triginta
1613 3592 1742 3648 dare
1790 3609 1899 3649 non

308 3682 541 3749 diﬂ‘erat,
574 3688 665 3757 qui
693 3689 798 3742 tuis
825 3689 1033 3756 possint
1082 3689 1426 3759 postmodum
1474 3689 1771 3744 rationibus
1799 3688 1903 3742 im-

308 3776 507 3843 putari.
556 3776 635 3829 lta
662 3791 792 3845 ergo
824 3779 907 3833 fac
937 3776 963 3815 ά
994 3788 1053 3833 ut
1079 3787 1133 3834 et
1163 3789 1220 3834 tu
1250 3780 1389 3834 bene
1416 3781 1730 3835 ministrata
1758 3794 1903 3835 mer-

306 3864 460 3920 cedis
488 3868 830 3921 commodum
863 3871 1146 3939 percipias,
1182 3878 1237 3925 et
1266 3879 1449 3924 nostra
1496 3872 1563 3925 ad
1601 3870 1901 3941 perfectum

306 3966 579 4031 praecepta
631 3959 912 4029 perducas.
962 3980 980 4013 ι
1041 3961 1180 4031 (Lib.
1227 3978 1266 4029 ι,
1318 3976 1398 4031 ep.
1449 3961 1537 4028 67,
1582 3962 1763 4016 indict.
1820 3961 1900 4034 9.)

308 4048 442 4103 Item
466 4046 627 4105 Petro
656 4050 985 4107 subdiacono
1010 4070 1022 4106 :
1061 4071 1079 4104 ι
1108 4052 1442 4107 Insinuatum
1472 4052 1629 4107 nobis
1651 4061 1734 4107 est
1760 4051 1903 4107 Mar-

312 4142 506 4198 cellum
547 4142 891 4200 Baruuitanze
918 4144 1193 4214 Ecclesiae,
1237 4145 1435 4201 ibidem
1466 4146 1519 4201 in
1549 4145 1768 4201 civitate
1797 4144 1903 4200 Pa-

309 4237 617 4291 nurmitaua
644 4238 698 4293 iu
723 4240 1056 4295 monasterio
1085 4241 1255 4296 sancti
1287 4239 1527 4304 Adriani,
1558 4240 1613 4294 in
1641 4240 1903 4311 paeniten-

312 4331 440 4384 tiam
464 4330 801 4401 deputatum,
826 4349 934 4389 non
963 4334 1137 4389 solum
1164 4334 1339 4390 victus
1361 4334 1736 4390 necessitatem
1766 4333 1899 4404 pati,

310 4424 405 4479 sed
429 4434 485 4481 et
503 4427 759 4483 uuditatis
781 4429 998 4483 nimiam
1025 4429 1290 4484 sustinere
1313 4428 1636 4483 molestiam.
1662 4426 1767 4481 Pro
1794 4440 1899 4496 qua

311 4531 371 4571 re
401 4531 621 4574 necesse
646 4519 905 4574 habemus
932 4520 1236 4575 strenuitali
1260 4528 1363 4574 tuae
1386 4519 1634 4589 praesenti
1657 4518 1901 4588 jussione

311 4608 626 4678 praecipere,
655 4616 714 4663 ut
736 4610 833 4680 ipsi
864 4626 964 4681 pro
983 4611 1128 4666 victu
1156 4626 1220 4665 ac
1248 4611 1596 4675 vestimento,
1622 4618 1900 4678 stratoque

2007 3412 2273 3468 mercedis
2298 3412 2472 3482 possis
2500 3410 2769 3482 particeps
2791 3409 3035 3466 inveniri.
3069 3429 3088 3461 ι
3128 3408 3268 3481 (Lib.
3293 3426 3332 3478 ι,
3362 3427 3444 3481 ep.
3476 3407 3595 3479 46.)

2004 3506 2139 3562 Item
2166 3504 2476 3575 Gregorius,
2505 3503 2772 3575 Cypriano
2800 3502 3029 3559 diacono
3055 3520 3068 3556 :
3098 3520 3116 3552 ι
3154 3501 3381 3559 Cosmas
3406 3518 3473 3556 ex
3501 3517 3597 3557 va-

2006 3599 2101 3653 riis
2125 3598 2489 3668 periculorum
2517 3595 2955 3661 necessitatibus,
2985 3594 3171 3649 multis
3197 3608 3257 3649 se
3286 3592 3416 3649 dicit
3447 3594 3598 3649 debi-

2005 3693 2076 3747 tis
2109 3692 2424 3760 obligatum,
2457 3692 2530 3745 ita
2562 3698 2621 3745 ut
2650 3706 2749 3760 pro
2780 3690 2858 3746 eis
2887 3704 2917 3742 a
2947 3688 3301 3744 creditoribus
3329 3688 3439 3743 suis
3468 3703 3597 3744 suos

2006 3785 2151 3839 dicat
2182 3784 2319 3838 lilios
2349 3782 2597 3838 detineri.
2641 3781 2770 3848 Quae
2796 3796 2904 3845 res,
2936 3781 2980 3834 si
3008 3780 3081 3833 ita
3109 3788 3215 3847 est,
3246 3794 3345 3833 nos
3374 3779 3598 3835 omnino

2005 3877 2319 3932 commovit.
2346 3875 2707 3941 Quamobrem
2720 3874 2999 3929 hortamur
3013 3872 3353 3927 dilectionem
3370 3880 3517 3926 tuam
3539 3880 3598 3930 ut

2007 3968 2129 4039 quia
2160 3968 2227 4022 de
2254 3969 2416 4022 rebus
2445 3981 2740 4037 pauperum
2772 3966 2962 4020 dandis
3002 3965 3198 4033 agitur,
3231 3979 3451 4020 causam
3481 3964 3597 4033 ejus

2007 4080 2128 4121 cum
2149 4064 2445 4119 subtilitate
2470 4078 2677 4117 summa
2699 4061 3010 4133 perquiras;
3040 4066 3094 4116 et
3114 4059 3158 4115 si
3182 4059 3451 4115 inveneris
3472 4074 3597 4115 eum

2005 4154 2273 4225 praedictis
2300 4152 2496 4209 debitis
2523 4153 2790 4208 veraciter
2815 4152 2907 4222 (ita
2936 4150 3252 4216 involutum,
3302 4157 3361 4204 ut
3390 4165 3496 4203 non
3527 4148 3597 4204 sit

1992 4244 2304 4300 substantia
2343 4243 2486 4298 unde
2512 4243 2685 4314 possit
2722 4242 2835 4297 haec
2871 4241 2989 4312 ipsa
3016 4240 3346 4311 persolvere,
3395 4238 3595 4310 praedi-

2007 4346 2125 4393 ctos
2152 4337 2447 4393 creditores
2476 4337 2592 4406 ejus
2617 4336 2819 4400 videas,
2853 4344 2909 4391 et
2941 4343 3163 4406 propter
3197 4332 3596 4401 recolligeudos

2006 4431 2147 4485 filios
2177 4429 2313 4500 ejus,
2344 4437 2545 4499 quanta
2578 4427 2896 4496 cognoveris
2926 4428 3247 4498 quantitate,
3273 4440 3593 4495 componas.

2004 4524 2071 4579 Et
2114 4524 2240 4594 quia
2278 4523 2411 4593 ipse,
2454 4522 2592 4577 sicut
2635 4521 2782 4583 dicit,
2813 4535 2921 4575 non
2950 4519 3115 4573 habet
3143 4519 3287 4572 unde
3317 4517 3595 4581 restituat,

2003 4616 2070 4670 de
2098 4616 2259 4669 rebus
2287 4628 2584 4684 pauperum
2635 4627 2703 4666 ex
2741 4610 2991 4681 praesenti
3045 4616 3230 4663 nostra
3268 4608 3595 4663 auctoritate

312 4698 378 4753 ad
404 4700 811 4770 continentiam,
833 4717 1110 4773 pueroque
1130 4702 1245 4772 ejus
1273 4712 1296 4739 ο
1321 4718 1614 4769 annonam,
1638 4712 1893 4771 quautam
1923 4700 1979 4761 Ι)
2004 4708 2270 4779 persolve,
2304 4708 2481 4762 sciens
2504 4705 2761 4775 quidquid
2792 4704 2920 4767 illic,
2953 4711 3007 4757 te
3036 4702 3377 4773 providente,
3405 4701 3593 4755 datum

309 4794 650 4863 prospexeris
678 4795 809 4849 satis
838 4810 977 4859 esse,
1008 4798 1327 4861 constituas,
1358 4803 1417 4848 ut
1444 4794 1623 4864 inopia
1652 4794 1863 4851 nuditas

307 4900 416 4954 que
453 4885 567 4954 ejus
610 4886 702 4940 tali
734 4886 1071 4956 providentia
1100 4888 1311 4958 possint
1338 4886 1537 4941 habere
1564 4884 1892 4950 consultum,

307 4986 365 5032 ct
394 4994 457 5033 ea
484 4994 602 5048 quae
632 4981 804 5035 eidem
838 4980 954 5035 viro
997 4980 1360 5048 deputaveris,
1393 4981 1499 5033 tuis
1549 4978 1892 5048 postmodum

305 5072 519 5144 possint
568 5072 864 5127 rationibus
908 5070 1179 5141 imputari.
1228 5070 1306 5124 lta
1346 5083 1474 5137 ergo
1506 5070 1589 5124 fac
1620 5077 1680 5121 ut
1707 5076 1761 5121 et
1792 5083 1892 5121 uo-

306 5173 476 5220 stram
519 5164 811 5234 iussionem
862 5164 1109 5235 impleas,
1154 5171 1211 5218 et
1255 5172 1311 5216 tu
1349 5177 1562 5232 quoque
1590 5162 1693 5217 hoc
1722 5163 1892 5231 ipsum

310 5256 452 5313 bene
499 5256 854 5326 disponendo,
907 5256 1009 5311 hac
1036 5256 1149 5325 ipsa
1193 5252 1368 5324 possis
1412 5252 1723 5323 participari
1750 5266 1897 5306 mer-

310 5352 465 5407 cede.
494 5369 514 5403 ι
542 5348 681 5423 (Ub.
717 5367 754 5418 ι,
778 5368 860 5422 ep.
893 5348 983 5415 I8,
1008 5348 1192 5402 indici.
1225 5346 1304 5417 9.)
1330 5345 1461 5401 Item
1486 5344 1659 5399 eidem
1690 5362 1703 5397 :
1738 5363 1757 5395 ι
1784 5344 1899 5398 Mo-

309 5443 605 5497 nasterium
652 5444 824 5498 sancti
862 5440 1207 5511 Archaugeli,
1254 5438 1400 5509 quod
1429 5438 1482 5492 in
1523 5436 1762 5508 Tropaeis
1815 5446 1899 5494 est

382 5591 409 5655 ξι
448 5581 646 5655 _Bigot.,
678 5582 1077 5655 quinquaginta.

382 5651 408 5689 δ
448 5652 591 5707 Idem
619 5651 766 5718 coit,
796 5651 1048 5707 Bibiame.

382 5734 405 5762 ε
449 5723 657 5785 Norm.,
690 5730 800 5778 tres
828 5722 1176 5785 Parisienses,
1207 5729 1263 5776 et
1290 5721 1516 5783 Turon.,
1555 5720 1783 5791 Ser-apti.

377 5792 404 5830 ά
446 5793 657 5848 Gemet.
681 5810 743 5847 ac
771 5792 970 5862 Bigot.,
994 5803 1050 5846 ut
1070 5802 1119 5847 et
1139 5802 1187 5846 te
1208 5792 1332 5846 bene
1354 5794 1699 5847 ministrante.
1728 5791 1892 5857 Utic.,

302 5873 365 5917 ut
390 5873 441 5919 et
464 5874 517 5917 tu
544 5866 671 5918 bene
698 5866 1020 5918 ministram.

380 5940 405 5972 δ
444 5930 673 5999 Τυῒοηη
700 5932 868 5991 Paris:
899 5942 953 5986 et
980 5930 1211 6003 Andegr,
1238 5945 1465 5993 annuam
1495 5944 1742 5999 quantum
1763 5949 1894 5995 ρνοο

2002 4802 2183 4867 fuerit,
2233 4800 2545 4871 patrimonii
2587 4799 2756 4853 nostri
2799 4795 3143 4866 pensionibus
3181 4808 3302 4849 esse
3340 4805 3593 4863 reputan-

2001 4896 2150 4949 dum.
2187 4914 2205 4947 ι
2242 4892 2381 4964 (Lib.
2415 4909 2490 4957 Ill,
2522 4908 2603 4961 ep.
2634 4890 2749 4960 58.)
2779 4888 2926 4943 Idem
2965 4888 3139 4941 eidem
3168 4905 3180 4942 :
3222 4906 3239 4939 ι
3274 4886 3440 4953 Zeno,
3483 4885 3593 4941 fra-
3640 4878 3645 4881 ’

2002 4993 2085 5039 ter
2113 4993 2167 5039 et
2204 4985 2557 5054 coepiscOpus
2604 4988 2810 5043 uoster,
2839 4978 3100 5047 quosdam
3146 4978 3201 5032 in
3247 4979 3463 5033 civitate
3492 4991 3587 5033 sua

2003 5074 2375 5129 alimoniarum
2405 5071 2783 5126 necessitatem
2808 5054 3039 5125 innotuit
3067 5071 3351 5126 sustinere.
3386 5069 3588 5135 Quibus
3646 5059 3653 5119 ἶ

2001 5166 2278 5233 quoniam,
2310 5172 2369 5218 ut
2398 5162 2650 5232 possibile
2679 5171 2781 5227 est,
2811 5164 3028 5232 aliquod
3049 5162 3417 5219 desideramus
3446 5163 3588 5217 ferre

2002 5255 2331 5319 consultum,
2357 5254 2557 5309 idcirco
2577 5253 2919 5309 dilectionem
2953 5261 3098 5307 tuam
3129 5253 3407 5309 antedicto
3432 5250 3585 5306 fratri

2006 5356 2191 5403 nostro
2218 5348 2362 5401 mille
2382 5346 2592 5402 modios
2618 5347 2801 5413 tritici,
2832 5355 2944 5413 aut,
2970 5347 3014 5401 si
3035 5348 3156 5417 plus
3185 5348 3364 5401 levare
3393 5353 3575 5415 potue-

2000 5442 2091 5509 rit,
2122 5455 2293 5512 usque
2318 5440 2383 5496 ad
2412 5439 2519 5495 duo
2548 5440 2713 5495 millia
2750 5441 2964 5509 scriptis
2990 5447 3046 5495 te
3075 5441 3205 5495 dare
3234 5438 3589 5510 praesentibus

1999 5596 2379 5729 ’βεπῖῗῗάοὶιξτ
2405 5658 2460 5706 ει
2489 5647 2711 5729 inlidit-
2734 5649 2917 5729 Σηρία
2950 5654 3005 5729 εξ
3031 5646 3213 5729 (ξυεευ
3231 5645 3407 5729 λυθείη
3432 5643 3590 5729 fili.-

1998 5723 2172 5777 moud.
2206 5722 2264 5777 In
2300 5722 2486 5787 Gilot.,
2518 5720 2683 5791 ﬁliam
2724 5718 3013 5791 Eilimoud.
3046 5712 3401 5791 Apt‘IfIHBuIlqA
3425 5712 3591 5791 (Gadi-

1997 5796 2173 5848 staldii
2204 5784 2493 5865 dignissimi
2518 5784 3100 5865 'ﬁlium._Utic.,_ﬁiium
3133 5784 3451 5842 Odiscalc/ti.

2073 5878 2097 5912 ε
2139 5860 2283 5919 ΡΙιπζ
2311 5865 2459 5928 Mss.,
2490 5863 2687 5925 modia,
2717 5861 2805 5916 hic
2828 5869 2883 5914 et
2910 5860 3068 5914 intra.
