4118 6448
100 6140 653 6438 Δ

642 414 747 483 H5

1236 420 1297 480 S.
1336 419 1663 479 επιεςοῐω
1703 418 1907 481 ΡᾹΡΛΕ
1949 424 2133 494 “TA,
2176 421 2379 484 AUCT.
2422 424 2684 486 JOANNE
2724 428 3035 488 DIACONO.
3077 426 3204 483 LIB.
3240 425 3307 482 il.

3795 432 3898 487 116

638 545 984 617 deputamus.
1017 543 1305 600 Hortamur
1343 554 1472 609 ergo
1499 548 1555 595 ut
1583 543 1634 597 in
1661 542 1744 597 bis
1764 542 2064 612 prrebendi's
2092 541 2214 595 nul-
2243 545 2295 605 Α
2318 541 2649 602 Gaudiosnm
2681 548 3017 603 delbnsorem
3054 546 3199 601 sedis
3240 553 3457 609 nostrae,
3488 545 3579 615 qui
3619 542 3901 616 Syracusis

639 640 747 697 iam
775 652 981 696 moram
1026 646 1117 692 aut
1167 636 1569 692 excusationem
1615 637 1878 701 adducas,
1931 646 2212 707 quatenus,

641 736 767 789 dum
791 744 998 803 tempus
1018 731 1165 797 sinit,
1191 739 1243 786 et
1266 731 1353 786 hic
1372 746 1494 785 cum
1516 730 1610 785 Dei
1639 730 1905 798 adiutorio
1934 730 2050 784 sine
2073 729 2221 799 peri-

578 826 583 833 ’
638 824 872 881 culo-ad
905 822 1121 894 propria
1154 835 1419 889 remeare,
1459 830 1515 877 et
1540 823 1697 877 citius
1724 823 2097 877 necessitatem
2119 834 2217 891 pa-

640 916 1081 973 tientibusvaleat
1108 914 1414 970 subvenire.
1436 933 1455 965 ι
1480 911 1619 983 (Lib.
1638 928 1709 979 vt,
1725 926 1807 983 ep.
1824 911 1878 979 4,
1898 914 2083 967 indta.
2104 912 2218 983 lt.)

638 1010 768 1065 item
798 1007 1091 1078 Gregorius
1130 1005 1381 1072 Eusebio,
1411 1006 1663 1075 religioso
1691 1006 1870 1061 abbati
1900 1023 1912 1059 ε
1971 1025 1989 1057 ι
2022 1005 2222 1062 Credat

640 1101 768 1156 mibi
811 1101 1048 1157 charitas
1097 1108 1207 1162 tua,
1259 1098 1385 1169 quia
1423 1096 1580 1152 valde
1607 1098 1956 1151 contristatus
1991 1112 2109 1153 sum
2153 1097 2222 1153 de

640 1193 859 1248 tristitia
906 1200 1021 1259 tua,
1066 1200 1122 1247 et
1170 1198 1384 1247 czetera.
1416 1196 1445 1228 ι
1476 1188 1741 1243 Praeterea
1773 1197 1990 1245 centum
2021 1189 2222 1245 solidos

639 1298 738 1355 per
786 1282 1005 1339 Petrum
1054 1283 1442 1339 subdiaconnm
1495 1283 1607 1353 69
1650 1281 1922 1336 dilectioni
1972 1280 2078 1335 tuae
2104 1280 2222 1336 dari

642 1378 866 1435 lecimus
890 1417 907 1444 ,
945 1386 1074 1448 peto
1112 1389 1247 1446 quos
1286 1383 1345 1428 ut
1399 1375 1602 1444 absque
1642 1374 1834 1443 injuria
1877 1374 2160 1443 suscipias.
2198 1392 2216 1425 ι

640 1469 781 1543 (ω.
827 1485 889 1537 tt,
930 1486 1013 1542 ep.
1050 1466 1141 1535 56,
1185 1466 1370 1522 inﬂict.
1416 1465 1526 1537 l0.)
1568 1466 1702 1521 item
1739 1464 2033 1535 Gregorius
2078 1465 2222 1519 Can-

641 1562 769 1618 dido
824 1560 1093 1617 defensori
1125 1576 1141 1613 :
1190 1578 1210 1611 (
1245 1559 1630 1615 Necessitatem
1675 1558 2000 1628 patientibus
2043 1558 2223 1627 ponti-

639 1655 791 1713 ilcale
828 1654 1079 1711 convenit
1106 1652 1294 1709 adesse
1340 1651 1655 1707 subsidium.
1696 1650 1801 1706 Pro
1825 1664 1928 1721 qua
1959 1664 2019 1705 re
2061 1664 2227 1720 expe-

638 1751 846 1807 rientia:
874 1758 980 1805 tua:
1008 1747 1260 1819 pruenti
1285 1747 1607 1802 auctoritate
1631 1745 1997 1815 przedpimus,
2035 1751 2226 1812 quate-

638 1858 739 1902 nus
765 1844 982 1911 Aibino,
1000 1845 1213 1916 privato
1228 1843 1536 1909 luminibus,
1553 1841 1663 1897 ano
1684 1840 1953 1910 quondam
1967 1839 1993 1877 δ
2009 1838 2226 1895 Martini

2319 636 2517 705 degere
2543 636 2942 707 comprobatur,
2972 638 3305 708 paupertatis
3330 638 3559 692 asseruit
3578 638 3754 707 inopia
3775 654 3900 695 eon~

2316 730 2528 800 stringi,
2558 728 2757 787 idcirco
2793 732 3141 802 experientiae
3167 739 3270 785 tuze
3294 732 3636 801 praesentium
3659 734 3899 789 auctori-

2320 829 2432 877 tate
2456 824 2789 891 mandamus,
2822 835 2881 880 ut
2899 839 2930 880 a
2959 826 3207 895 praesenti
3235 824 3467 878 secunda
3490 823 3780 880 indictione
3804 840 3902 881 sex

2318 916 2521 971 solidos
2550 918 2705 973 annis
2729 916 2951 988 singulis
2978 919 3030 973 ei
3056 918 3185 972 dare
3223 932 3330 971 non
3359 915 3603 981 dill‘eras;
3640 926 3703 971 ut
3726 926 3783 973 et
3814 919 3902 973 ille

2321 1009 2478 1079 hujus
2498 1010 2721 1065 remedii
2744 1012 2938 1067 solatio
2956 1011 3217 1081 potiatur,
3243 1019 3299 1065 et
3320 1018 3376 1063 tu
3399 1008 3543 1079 quod
3565 1010 3777 1065 dederis
3798 1011 3902 1064 tuis

2322 1103 2439 1158 sine
2471 1104 2634 1158 dubio
2664 1105 2880 1159 noveris
2924 1105 3219 1159 rationibus
3264 1104 3653 1173 imputandum.
3696 1122 3713 1156 ι
3760 1101 3899 1174 (Lib.

2322 1210 2400 1263 Ix,
2430 1212 2510 1268 ep.
2556 1195 2647 1250 59.
2678 1199 2866 1252 indict.
2896 1195 2977 1269 ί.)
3005 1196 3136 1252 Item
3172 1196 3467 1265 Gregorius
3511 1195 3783 1252 Libertina
3811 1208 3902 1250 ex-

2319 1289 2571 1358 pnetori:
2604 1306 2622 1340 t
2644 1289 2855 1355 Quanta
2880 1303 2976 1345 vos
3005 1289 3186 1344 θεαιίί
3213 1289 3371 1357 hujus
3399 1296 3607 1359 premat
3635 1289 3901 1357 angustia,

2326 1378 2653 1449 incognitum
2685 1394 2792 1435 non
2818 1380 3095 1435 habemus.
3125 1379 3233 1435 Sed
3258 1379 3382 1450 quia
3410 1381 3464 1434 in
3490 1392 3700 1435 summa
3730 1380 3901 1434 tribu-

2327 1472 2528 1526 latione
2572 1472 2761 1541 positis
2800 1471 2917 1527 sola
2968 1471 2995 1508 ἀ
3053 1479 3136 1527 est
3188 1469 3486 1527 consolatio
3537 1469 3902 1525 misericordia

2323 1562 2618 1626 Creatoris,
2672 1564 2725 1616 in
2773 1577 2898 1618 eum
2937 1576 3089 1632 spem
3117 1557 3351 1616 vestram
3397 1560 3603 1631 ponite,
3636 1561 3703 1615 ad
3730 1562 3901 1630 ipsum

2324 1667 2424 1707 vos
2473 1662 2586 1707 tota
2635 1661 2815 1707 mente
2853 1653 3170 1718 convenite,
3203 1654 3295 1722 qui
3345 1661 3400 1707 et
3437 1652 3580 1721 justo
3604 1668 3764 1721 quem
3795 1654 3902 1708 volt

2324 1743 2784 1813 permittitaltligi,
2801 1752 2856 1798 et
2875 1743 3230 1799 conﬁdentem
3252 1745 3305 1799 in
3327 1759 3385 1800 se
3406 1745 3828 1800 misericorditer
3846 1746 3902 1799 li-

2327 1835 2555 1890 berabit.
2591 1836 2692 1905 lpsi
2720 1850 2849 1905 ergo
2874 1837 3075 1905 gratias
3090 1837 3257 1906 agite,
3278 1845 3333 1892 et
3369 1838 3636 1907 patienter
3662 1852 3902 1906 quacun-

637 1939 848 2004 coloni,
890 1937 1115 2008 singulis
1160 1936 1312 1990 annis
1367 1935 1503 1990 duos
1545 1934 1821 1989 tremisses
1864 1932 1984 1987 sine
2043 1932 2219 2000 aliqua
2254 1938 2298 1995 B
2323 1942 2428 1996 que
2456 1929 2600 1983 illata
2631 1937 2757 1985 sunt
2800 1930 3081 1987 sustinete.
3111 1932 3217 2001 ἰο
3240 1930 3375 1985 Nam
3403 1939 3565 1985 recte
3604 1932 3801 1986 mentis
3827 1940 3902 1987 est

636 2028 891 2083 dilatione
948 2035 1204 2098 praestare
1260 2042 1366 2080 non
1429 2024 1677 2091 desinat,
1746 2038 1852 2078 non
1911 2022 2219 2077 dubitatum

635 2122 746 2177 suis
788 2122 889 2177 hoc
928 2121 1043 2175 sine
1086 2119 1248 2175 dubio
1276 2118 1575 2173 rationibus
1602 2117 1875 2187 imputari.
1909 2134 1926 2167 ι
1972 2114 2111 2185 (Lib.
2144 2130 2220 2183 rv,

636 2232 718 2285 ep.
749 2213 864 2285 ⁴λθ.)
902 2212 1037 2267 item
1062 2210 1355 2280 Gregorius
1383 2208 1611 2263 Fantino
1638 2208 1909 2263 defensori
1938 2227 1950 2261 :
2006 2226 2025 2258 ε
2062 2209 2223 2261 Lator

636 2308 981 2378 prtesentium
1000 2304 1226 2360 Cosmas
1243 2301 1409 2373 Syrus
1428 2302 1481 2355 in
1510 2301 1729 2368 negotio
1745 2298 1888 2369 quod
1908 2296 2104 2368 agebat
2124 2297 2191 2352 de
2204 2328 2221 2338 -

636 2399 810 2454 bitum
848 2408 909 2451 se
936 2396 1271 2452 contraxisse
1301 2394 1590 2462 perhibuit,
1619 2392 1762 2461 quod
1791 2399 1848 2445 et
1874 2390 2056 2445 multis
2083 2390 2220 2454 aliis,

639 2501 694 2547 et
718 2488 969 2561 lacrymis
991 2487 1112 2557 ejus
1155 2485 1534 2541 attestantibus
1559 2497 1747 2541 verum
1771 2497 1895 2538 esse
1932 2482 2218 2538 credimus.

640 2579 711 2635 Et
737 2580 862 2650 quia
886 2586 1104 2635 centum
1143 2578 1527 2647 quinquaginta
1554 2575 1755 2631 solidos
1782 2574 2031 2635 debebat,
2078 2574 2223 2627 volui

640 2680 703 2729 'ut
722 2673 1019 2729 creditores
1039 2670 1183 2726 illius
1202 2685 1322 2726 cum
1343 2683 1409 2724 eo
1430 2667 1630 2739 aliquid
1651 2668 2065 2737 paciscerentur,
2090 2681 2224 2736 quo-

642 2767 785 2821 niam
812 2773 869 2821 et
895 2766 982 2820 lex
1027 2763 1192 2819 habet
1216 2764 1361 2833 quod
1403 2762 1566 2817 homo
1620 2761 1755 2815 liber
1786 2759 2095 2814 nullatenus
2122 2774 2223 2828 pro

640 2859 823 2915 debito
862 2864 1129 2922 teneatur,
1170 2856 1217 2909 si
1259 2869 1346 2910 res
1371 2854 1639 2910 deliret-int
1666 2868 1784 2924 quia:
1814 2853 2019 2923 possint
2048 2852 2223 2907 eidem

639 2950 822 3007 debito
870 2949 1066 3005 addici.
1108 2947 1421 3004 Creditores
1468 2958 1598 3016 ergo
1624 2961 1775 3011 suos,
1808 2953 1869 2999 ut
1911 2944 2126 3011 asserit,
2159 2944 2224 2997 ad

640 3046 915 3115 octoginta
950 3044 1153 3100 solidos
1190 3042 1499 3099 consentire
1525 3040 1780 3110 possibile
1810 3048 1909 3095 est.
1959 3038 2066 3093 Sed
2100 3038 2224 3107 quia

642 3138 868 3193 multum
894 3144 980 3191 est
1007 3143 1067 3191 ut
1110 3149 1146 3189 a
1186 3134 1259 3189 nil
1284 3134 1520 3190 habente
1542 3130 1764 3187 homine
1790 3132 2062 3200 octoginta
2092 3131 2223 3184 soli-

641 3229 740 3283 dos
764 3234 971 3297 petant,
1000 3224 1279 3295 sexaginta
1300 3224 1398 3278 tibi
1424 3223 1629 3279 solidos
1652 3236 1751 3293 per
1778 3232 2044 3276 notanum
2070 3228 2224 3275 tuum

2325 2022 2491 2077 Deum
2520 2039 2628 2078 non
2656 2024 2830 2077 solum
2860 2024 2913 2079 in
2944 2023 3216 2093 prospetis
3243 2024 3561 2079 benedicere
3579 2065 3594 2088 ,
3624 2024 3717 2077 sed
3742 2024 3901 2078 etiam

2325 2114 2376 2168 in
2417 2115 2824 2169 adversitatibus
2851 2114 3183 2169 collaudem.
3220 2114 3280 2169 In
3321 2115 3408 2170 bis
3439 2115 3597 2183 igitur
3618 2131 3738 2184 qua:
3767 2117 3902 2183 pati-

2322 2206 2454 2261 mini
2484 2205 2686 2261 nullum
2712 2216 2900 2261 contra
2936 2205 3218 2261 Dominum
3250 2218 3489 2260 murmur
3533 2207 3681 2262 cordi
3726 2215 3902 2263 vestro

2325 2309 2349 2336 ο
2376 2300 2649 2368 subrepat,
2691 2298 2816 2366 quia
2842 2297 2912 2359 ad
2948 2297 3078 2367 quid
3104 2298 3211 2353 hoc
3236 2297 3465 2352 Greator
3491 2307 3675 2354 noster
3712 2314 3899 2369 opere-

2325 2398 2431 2454 tur,
2460 2389 2701 2457 ignotum
2727 2396 2826 2443 est.
2859 2388 3107 2443 Forsitan
3129 2389 3294 2455 enim,
3325 2390 3608 2457 magniﬁce
3634 2389 3757 2455 Fili,
3809 2392 3901 2445 ali-

2322 2483 2450 2553 quid
2470 2482 2618 2537 illum
2647 2483 2699 2535 in
2720 2480 2995 2551 prosperis
3021 2480 3226 2551 positus
3244 2479 3535 2548 oilendisti.
3556 2482 3698 2537 unde
3719 2491 3775 2537 te
3802 2483 3903 2537 cle-

2324 2578 2490 2631 menti
2520 2575 2875 2630 amaritudine
2902 2576 3016 2630 vult
3041 2576 3283 2645 purgari.
3322 2574 3388 2628 Et
3416 2576 3538 2631 ideo
3568 2591 3669 2631 nec
3699 2585 3902 2646 tempo-

2322 2668 2450 2723 ralis
2474 2677 2529 2722 te
2549 2666 2758 2738 frangat
2779 2665 3017 2732 alilictio,
3036 2682 3137 2722 nec
3158 2681 3337 2721 rerum
3353 2666 3545 2721 damna
3561 2666 3902 2733 discrucient,

2325 2760 2447 2828 quia
2476 2760 2519 2813 si
2542 2760 2595 2812 in
2621 2758 2861 2813 adversis
2883 2760 3083 2827 gratias
3103 2756 3361 2821 referens,
3387 2756 3552 2812 Deum
3579 2758 3675 2811 tibi
3697 2761 3901 2827 patien-

2326 2852 2397 2904 tia
2426 2850 2617 2907 t‘eceris
2641 2866 2761 2906 esse
2788 2850 3125 2921 placabilem,
3157 2859 3213 2906 et
3232 2864 3352 2920 qua:
3379 2852 3571 2907 amissa
3597 2859 3738 2915 sunt,
3774 2850 3901 2903 mul-

2326 2944 2565 3013 tiplicata
2590 2943 2902 3005 reddentur,
2936 2952 2990 2998 et
3016 2958 3180 3013 super
3202 2944 3319 2998 haec
3337 2943 3530 3012 gaudia
3550 2952 3751 2997 aeterna
3773 2959 3901 3014 pne-

2324 3045 2557 3090 stantur.
2592 3034 2723 3091 Peto
2752 3049 2932 3091 autem
2972 3052 3042 3092 ne
3078 3037 3394 3106 iniuriosum
3425 3036 3632 3091 ducatis
3658 3038 3805 3105 quod
3833 3038 3902 3091 vi-

2324 3130 2458 3197 ginti
2507 3145 2714 3185 annuos
2744 3131 2972 3184 vestitus
3004 3131 3068 3184 ad
3117 3145 3313 3199 pueros
3342 3138 3555 3185 vestros
3583 3144 3680 3200 per
3710 3130 3901 3185 Roma-

2332 3237 2457 3277 num
2505 3223 2841 3278 defensorem
2871 3224 3183 3292 scripsimus
3230 3223 3475 3293 prmberi,
3504 3223 3629 3292 quia
3669 3222 3737 3277 de
3768 3223 3901 3277 benti

642 3319 1053 3385 transmisimus,
1086 3327 1147 3373 ut
1166 3325 1222 3372 tu
1248 3332 1369 3371 cum
1395 3315 1598 3371 eisdem
1620 3315 1978 3371 creditoribus
2006 3314 2216 3369 subtili—
2252 3314 2299 3377 (ἶ
2330 3315 2472 3373 Petri
2507 3318 2747 3387 Apostoli
2776 3319 2956 3383 rebus,
2988 3318 3232 3387 quamvis
3260 3331 3423 3386 parva
3473 3318 3581 3372 sint
3620 3330 3737 3386 qua:
3780 3315 3901 3371 olfe-

640 3423 725 3469 ter
750 3413 988 3482 loquaris
1018 3422 1040 3453 ε
1072 3420 1127 3467 et
1162 3412 1427 3467 rationem
1463 3410 1689 3476 reddas,
1735 3410 1859 3481 quia
1891 3408 2059 3464 ﬁlium
2106 3409 2223 3478 ejus

642 3522 800 3578 quem
847 3512 1033 3559 tenere
1082 3504 1352 3565 dicuntur,
1392 3501 1683 3558 secundum
1713 3501 1861 3570 leges
1906 3509 2092 3555 tenere
2117 3516 2223 3555 non

640 3603 886 3668 possunt.
914 3592 981 3648 Et
1004 3594 1054 3649 si
1075 3600 1257 3663 potest
1277 3591 1414 3659 ﬁeri,
1437 3592 1505 3647 ad
1527 3592 1726 3661 aliquid
1749 3593 1923 3646 minus
1944 3606 2104 3661 quam
2127 3608 2226 3647 nos

640 3687 885 3742 dedimus
905 3684 1367 3748 condescendant;
1393 3691 1448 3737 et
1460 3682 1719 3751 quidquid
1750 3682 1817 3735 de
1842 3681 2047 3737 eisdem
2066 3696 2224 3735 sexa-

640 3779 785 3849 ginta
812 3777 1000 3833 solldis
1040 3774 1383 3841 remanserit,
1412 3772 1515 3844 ipsi
1548 3774 1715 3841 trade,
1746 3781 1807 3828 ut
1835 3789 1956 3828 cum
1986 3770 2098 3827 (ilio
2125 3788 2225 3827 suo

640 3872 833 3928 exinde
864 3872 1046 3926 vivere
1075 3869 1273 3923 valeat.
1303 3867 1361 3921 Si
1404 3874 1583 3922 autem
1615 3868 1688 3921 nil
1719 3876 1981 3932 remanet,
2022 3866 2109 3921 vel
2154 3864 2223 3919 ad

639 3966 887 4021 eamdem
934 3964 1174 4019 debitum
1220 3963 1338 4033 ejus
1381 3977 1643 4019 summam
1691 3961 1931 4017 incidere
1956 3960 2135 4027 stude,
2169 3969 2227 4013 ut

639 4056 809 4129 possit
826 4055 928 4112 sibi
949 4055 1117 4110 libere
1138 4053 1481 4126 postmodum
1508 4053 1783 4116 laborare;
1809 4053 1911 4106 hoc
1933 4059 2112 4105 tamen
2135 4067 2227 4106 so-

641 4148 807 4203 lerter
826 4161 947 4215 age,
968 4154 1046 4213 ut,
1065 4146 1302 4215 acceptis
1329 4144 1535 4211 solidis,
1565 4144 1615 4198 ei
1644 4144 1940 4213 plenarium
1965 4144 2226 4198 munitio-

640 4257 763 4298 nem
784 4242 986 4312 scripto
1015 4241 1319 4297 conﬁciant.
1336 4260 1352 4292 ι
1375 4238 1514 4313 (Lib.
1536 4256 1611 4307 tv,
1632 4256 1713 4309 ep.
1739 4238 1852 4311 45.)
1875 4238 2005 4293 item
2016 4237 2225 4307 Grego-

639 4338 751 4392 rius
775 4333 1019 4390 Castorio
1056 4335 1307 4404 diacono,
1336 4342 1392 4389 et
1416 4332 1745 4389 cbartulario
1776 4332 2064 4397 Ravennm,
2089 4333 2228 4387 inter

640 4438 835 4486 caetera
869 4446 881 4483 :
916 4448 937 4481 ι
964 4426 1304 4484 Valerianum
1336 4428 1680 4493 monachum,
1702 4440 1859 4495 quem
1881 4425 2224 4480 emendatum

639 4524 692 4579 in
715 4522 1045 4579 monasterio
1065 4519 1208 4575 beati
1227 4520 1448 4576 Joannis
1465 4520 1519 4575 in
1540 4518 1723 4574 Classe
1744 4520 1918 4589 posito
1937 4518 2223 4583 tradidisti,

640 4619 693 4673 in
724 4631 790 4673 eo
820 4629 942 4672 eum
988 4615 1321 4670 monasterio
1360 4614 1475 4669 sine
1524 4612 1686 4668 dubio
1732 4613 1981 4669 volumus
2012 4629 2224 4683 perma-

640 4723 789 4763 nere.
832 4702 1117 4771 Praeterea,
1166 4718 1234 4759 ne
1281 4720 1438 4774 quam
1486 4706 1861 4761 necessitatem
1892 4706 1945 4759 in
1975 4706 2224 4775 expensis

639 4809 731 4856 tua
762 4801 1094 4870 experientia
1119 4800 1375 4870 patiatur,
1405 4799 1473 4853 de
1498 4799 1761 4855 reditibus
1788 4807 1991 4855 sanctae
2022 4799 2223 4855 Roma-

639 4907 726 4949 nae
750 4889 1018 4957 Ecclesia,
1042 4892 1132 4960 qui
1161 4891 1290 4957 illic,
1319 4897 1372 4945 te
1401 4890 1736 4960 providente,
1771 4892 2044 4960 aggregati
2074 4902 2219 4959 sunt,

642 4998 831 5042 omnes
871 4998 1133 5054 expensas
1167 4990 1287 5037 tuas
1330 4989 1383 5036 te
1410 4980 1588 5037 facere
1610 4984 1894 5047 volumus;
1940 4990 1995 5037 et
2020 4983 2067 5037 si
2097 4984 2221 5052 quid

641 5081 983 5153 superfuerit,
1007 5080 1182 5145 nobis,
1212 5095 1331 5135 cum
1359 5080 1591 5147 veneris,
1624 5080 1793 5135 defer.
1834 5100 1850 5132 ι
1887 5080 2026 5153 (Lib.
2052 5097 2102 5146 v,
2136 5099 2217 5149 ep.

640 5172 759 5245 93.)
784 5173 914 5227 Item
936 5170 1228 5241 Gregorius
1248 5171 1492 5228 Romano
1521 5168 1789 5229 defensori
1817 5193 1830 5228 :
1868 5194 1886 5227 α
1911 5175 2223 5229 Divinorum

643 5284 739 5323 nos
765 5266 1055 5322 admonent
1078 5265 1291 5338 eloquia
1323 5274 1709 5337 praeceptorum
1740 5269 2115 5322 necessitatem
2140 5283 2227 5336 pa-

642 5360 898 5417 tientibus
950 5357 1371 5415 ecclesiasticum
1428 5360 1665 5431 praebere
1717 5359 2033 5415 subsidium.
2093 5360 2226 5426 Quia

642 5467 770 5523 ergo
818 5442 1198 5508 dilectissimus
1229 5449 1368 5506 illius
1411 5459 1596 5508 noster
1631 5449 1930 5523 Cyprianus
1970 5452 2231 5510 diaconus

716 5660 741 5687 ι
780 5648 1013 5717 Vulgati,
1039 5654 1335 5717 propterea.

714 5729 739 5758 υ
769 5715 957 5805 .Beaise
1002 5715 1182 5773 Mariae
1209 5717 1404 5785 Parim,
1450 5715 1627 5782 Colb.,
1657 5715 1868 5772 Gemet.
1919 5732 1981 5773 ac
2026 5718 2222 5786 Bigot.,

642 5788 939 5915 linﬁtiem
968 5874 1091 5915 cum
1121 5859 1351 5928 Andeg.,
1384 5866 1434 5911 at
1464 5860 1749 5913 rationibus
1776 5861 1983 5913 reddas.

716 5928 744 5968 ⁸³
780 5928 952 5998 Bigot.
987 5939 1042 5983 et
1070 5928 1307 5993 Gemet.,
1336 5930 1449 5983 tota
1477 5939 1552 5983 eat
1577 5932 1859 5983 consolatio
1884 5932 2223 5983 omnim-mlo-

2327 3419 2527 3473 rantur,
2554 3424 2650 3478 pro
2674 3422 2864 3476 magna
2881 3408 3257 3462 benedictione
3274 3407 3611 3478 suscipienda
3631 3415 3759 3462 sunt
3779 3422 3900 3462 sem-

2327 3518 2445 3573 per,
2476 3503 2729 3571 qunniam
2752 3508 2805 3555 et
2838 3502 2924 3555 hic
2944 3500 3099 3554 vobis
3121 3502 3323 3569 majora
3353 3501 3550 3555 valebit
3572 3500 3895 3570 impendere.

2324 3603 2381 3649 et
2419 3595 2557 3665 apud
2603 3594 3026 3664 omnipotentem
3056 3594 3222 3647 Deum
3252 3594 3513 3649 beneﬁcia
3543 3602 3741 3648 aeterna
3776 3609 3897 3663 pne-

2327 3701 2486 3745 stare.
2528 3708 2545 3741 ι
2598 3688 2737 3759 (Lib.
2789 3702 2843 3753 χ,
2876 3704 2955 3757 ep.
2990 3687 3103 3755 δι.)
3150 3687 3280 3741 Item
3325 3686 3617 3755 Gregorius
3665 3686 3898 3757 Philippo

2326 3781 2682 3853 presbytero:
2743 3799 2761 3831 ι
2795 3779 3020 3849 Suscepi
3069 3779 3326 3848 epistolas
3354 3778 3656 3833 dilectionis
3699 3785 3822 3841 tuae,
3853 3777 3897 3829 in

2328 3878 2521 3947 quibus
2551 3876 2680 3929 mihi
2712 3876 3049 3929 innotescere
3074 3875 3276 3929 curaSti
3305 3872 3451 3943 quod
3479 3873 3562 3926 vir
3586 3871 3899 3925 venerabilis

2330 3970 2587 4025 Andraeas
2618 3968 2895 4040 presbyter
2921 3968 2989 4023 de
3017 3967 3121 4023 hac
3159 3968 3277 4023 luce
3297 3966 3627 4035 migraverit.
3659 3964 3736 4020 De
3759 3963 3901 4034 cujus

2327 4064 2606 4133 ereptione
2634 4062 2846 4130 gavisus
2870 4070 2986 4115 sum
3008 4102 3021 4127 ,
3065 4060 3186 4128 quia
3216 4060 3283 4113 ad
3308 4073 3373 4113 ea
3398 4072 3516 4127 qua:
3537 4070 3753 4126 semper
3776 4055 3792 4093 ί
3819 4070 3901 4109 ex-

2331 4155 2484 4225 petiit
2527 4154 2716 4223 gaudia
2761 4160 2960 4206 aeterna
2992 4150 3255 4221 pervenit.
3290 4149 3366 4204 De
3409 4149 3593 4204 solidis
3620 4163 3771 4212 vero,
3821 4145 3900 4216 qui

2332 4262 2429 4317 pro
2460 4244 2705 4301 laclendo
2736 4244 3075 4299 xenodochio
3101 4257 3131 4297 a
3160 4242 3269 4297 lilio
3302 4248 3486 4297 nostro
3510 4240 3688 4295 Probo
3716 4239 3902 4294 abbate

2329 4338 2674 4409 Jerosolymis
2701 4336 2873 4391 relicti
2896 4344 3037 4397 sunt,
3063 4336 3163 4390 huc
3194 4334 3337 4404 quod
3360 4333 3710 4387 deliberatum
3740 4332 3901 4384 fuerat

2331 4435 2389 4482 ut
2434 4427 2549 4483 ﬁeri
2592 4427 2864 4482 debuisset
2899 4428 3181 4480 immutare
3220 4440 3328 4479 non
3357 4423 3529 4502 potui,
3568 4423 3660 4477 sed
3692 4420 3901 4477 benedi-

2331 4522 2565 4577 ctionem
2596 4521 2868 4591 parvulam
2895 4519 3166 4574 sanctitati
3186 4526 3380 4573 vestrae
3404 4516 3791 4586 quinquaginta
3819 4528 3899 4569 so-

2331 4613 2468 4668 lidos
2499 4612 2788 4667 transmisi.
2828 4629 2846 4662 ο
2880 4609 3019 4679 (Lib.
3049 4624 3163 4672 xm,
3185 4626 3265 4677 ep.
3297 4606 3409 4677 29.)

2403 4704 2492 4759 56.
2536 4704 2773 4772 Longum
2805 4710 2887 4755 est
2918 4702 3180 4770 nimisque
3201 4698 3439 4761 difﬁcile,
3466 4698 3514 4752 si
3539 4696 3900 4765 aleemosyna-

2332 4812 2450 4852 rum
2482 4796 2597 4865 ejus
2623 4796 2810 4850 saltem
2846 4792 3144 4862 liujusmodi
3175 4804 3471 4861 prosequar
3499 4788 3771 4853 actiones;
3813 4786 3900 4839 hoc

2332 4890 2567 4945 breviter
2606 4894 2809 4952 assero,
2852 4887 2974 4955 quia
3005 4894 3060 4939 et
3089 4898 3195 4938 non
3227 4881 3533 4953 petentibus
3565 4879 3707 4934 uitro
3736 4875 3901 4931 distri-

2330 4984 2464 5048 buit,
2495 4989 2549 5033 et
2576 4979 2824 5033 omnibus
2844 4978 2943 5032 sibi
2967 4977 3271 5047 petentibus
3301 4973 3543 5029 hilariter
3571 4967 3898 5025 ministravit.

2332 5072 2483 5126 Unde
2522 5068 2648 5122 Elim
2678 5069 2990 5138 presbytero
3029 5076 3086 5120 et
3128 5064 3307 5119 abbati
3338 5062 3626 5133 provinciae
3654 5058 3898 5115 isauriaa:

2337 5183 2352 5214 ι
2384 5173 2408 5211 s
2442 5160 2727 5231 Evangelia
2757 5200 2770 5224 ,
2808 5159 3013 5228 inquit,
3047 5159 3185 5213 sicut
3231 5157 3523 5213 mandastis
3548 5197 3563 5222 ,
3606 5154 3900 5211 transmisi-

2331 5270 2465 5310 mus.
2497 5272 2514 5306 ι
2554 5252 2617 5306 Ει
2648 5261 2770 5322 post
2815 5266 2981 5321 pauca
3011 5288 3024 5303 .
3060 5269 3078 5301 ι
3105 5249 3318 5305 Solidos
3351 5256 3534 5303 autem
3564 5248 3716 5302 vobis
3744 5243 3900 5301 volui-

2330 5348 2427 5402 stis
2454 5361 2553 5416 pro
2585 5344 2995 5399 necessitatibus
3032 5341 3180 5396 cellae
3213 5340 3601 5409 quinquaginta
3626 5334 3901 5393 transmitti

2330 5454 2469 5509 quos
2496 5436 2721 5494 multum
2750 5450 2869 5492 esse
2894 5435 3266 5491 existimantes
3288 5474 3302 5499 ,
3333 5447 3401 5488 ex
3429 5432 3508 5487 eis
3550 5430 3707 5489 nobis
3729 5428 3899 5484 decem

2335 5644 2427 5708 ris,
2460 5657 2567 5696 uno
2593 5641 2782 5707 verbo,
2806 5647 2864 5693 ut
2888 5640 3082 5693 dicitur
3105 5628 3491 5708 omnipotentis.
3708 5696 3721 5708 .
3768 5696 3780 5707 _
3820 5694 3832 5708 .

2408 5696 2431 5752 δ
2470 5712 2650 5777 Coib.,
2683 5696 2913 5777 Turon.,
2945 5710 3147 5778 Andeg.
3182 5696 3403 5780 et'plur.
3445 5702 3597 5767 Mss,
3640 5696 3898 5780 subripui.

2408 5784 2426 5822 ί
2471 5770 2669 5840 Turno.
2703 5789 2756 5834 et
2783 5770 3019 5847 GemeL,
3049 5770 3278 5848 θαῖμεάὶιξ
3311 5775 3509 5848 Bigot.,
3544 5770 3835 5848 egyediunt.

2406 5866 2427 5899 μ
2473 5853 2611 5906 Edit.
2647 5852 2817 5905 Vatic.
2852 5860 2905 5903 et
2934 5844 3126 5916 Guss.,'
3153 5844 3537 5921 reluctantibus
3571 5844 3725 5907 Mss,
3762 5850 3901 5895 ιω»-

2330 5928 2584 5994 getiatam.
