4118 6444
674 268 789 278 νοτι-
820 264 957 281 αυεβα

242 365 346 425 H7

833 345 895 404 s.
932 338 1260 403 cnseonu
1298 332 1501 395 vim
1541 330 1725 393 vm.
1758 322 1961 383 AUCT.
2003 319 2265 378 manus.
2304 315 2627 375 DIACONO.
2669 313 2800 374 LIB.
2840 298 2919 373 n.‘

3413 308 3519 369 H8

242 475 508 542 δοηεεηιε,
540 478 600 528 ιη
618 464 975 540 quadraginta
998 463 1352 518 mitteremus.
1383 453 1487 512 Sed
1514 464 1584 508 ne
1602 444 1826 504 forsitan
1853 440 1901 502 Α
1930 437 2148 509 quidem
2174 434 2505 493 chartulario
2528 440 2715 490 nostro
2734 437 3007 497 narrante,
3021 423 3523 499 cognovimusquia

1640 539 1672 542 η
1789 536 1822 542 _.
2047 531 2077 542 ..
2479 541 2482 542 ν
2611 526 2651 542 .,
2685 526 2718 542 ν.
2769 522 3020 542 θυεμεμ
3078 518 3339 542 .-η-η-.-
3395 516 3523 542 λη,

246 536 305 631 et
327 572 431 628 hoc
460 536 622 637 grave
639 536 811 625 esset,
839 536 864 599 ί
887 556 1024 614 alios
1045 553 1200 610 nobis
1227 565 1296 607 ex
1321 548 1397 604 eis
1424 544 1600 637 adhuc
1622 536 1828 610 dignati

248 664 378 723 eius
404 634 605 727 largiri.
634 651 742 709 sed
768 650 895 722 quia
923 661 1021 705 vos
1046 645 1203 702 valde
1225 645 1277 699 in
1298 634 1631 697 continentia
1651 639 1833 727 vestra

249 723 513 827 benignos
550 747 888 813 invenimus,
926 742 1100 800 eidem
1146 731 1466 806 benignitati
1512 730 1632 827 vice
1674 723 1836 827 simili

252 818 660 924 respondentes,
689 838 1075 913 quinquaginta
1104 822 1612 924 transmisimus:‘lilt
1634 834 1702 881 ne
1727 818 1839 924 lor—

254 907 395 1006 sitan
424 938 602 994 minus
641 907 1002 1001 essen—alios
1048 925 1240 981 decem
1284 914 1714 1006 superaddimus.
1761 907 1842 1006 Ne

255 1003 384 1093 vero
409 1033 594 1090 ethoc
618 1027 798 1085 adhuc
824 1025 1003 1081 minus
1030 1027 1193 1087 esset,
1223 1017 1360 1073 alios
1384 1009 1666 1071 duodecim
1689 1003 1842 1077 juugi

189 1155 203 1208 ξ
257 1126 503 1184 iecimus.
552 1117 613 1176 in
658 1119 764 1174 hoc
792 1122 972 1172 autem
998 1108 1373 1181 cognoscimus
1401 1100 1721 1159 charitatem
1744 1109 1841 1155 ve-

192 1197 206 1231 ί
257 1228 445 1281 stram,
479 1214 605 1287 quia
650 1211 720 1267 de
765 1208 922 1265 nobis
948 1206 1021 1261 ita
1052 1198 1391 1275 prauumitis,
1420 1197 1559 1254 sicut
1587 1204 1685 1250 vos
1708 1204 1846 1262 pm

259 1323 473 1368 sumere
501 1304 730 1363 debetis.
761 1321 781 1355 ι
835 1297 996 1373 (Lib.
1025 1311 1060 1350 v
1082 1336 1097 1363 ,
1148 1311 1230 1365 ep.
1287 1290 1415 1361 37.)

332 1443 419 1499 57.
460 1441 599 1498 Item
638 1436 891 1495 Juliano:
926 1450 945 1485 ι
974 1429 1171 1487 Gloriae
1211 1435 1403 1483 vestrae
1443 1423 1641 1493 scripta
1677 1416 1849 1474 susci-

263 1538 432 1612 piens,
466 1530 693 1602 legenda
722 1529 873 1587 laetus
901 1522 1109 1595 aperui,
1159 1517 1254 1576 sed
1282 1516 1450 1573 tristis
1494 1511 1726 1585 perlecta
1767 1523 1851 1564 re-

266 1604 483 1699 plicavi.
533 1623 593 1678 in
636 1621 718 1681 eis
744 1618 944 1690 quippe
974 1613 1255 1671 dicebatur
1279 1607 1423 1681 quod
1453 1604 1671 1679 pudoris
1694 1615 1854 1699 causa

269 1693 426 1779 inerit
453 1715 585 1773 mihi
612 1728 712 1769 vos
738 1727 801 1769 ea
827 1724 948 1781 qua:
972 1702 1204 1763 dicenda
1230 1709 1387 1759 erant
1415 1708 1659 1769 tempore
1685 1693 1856 1751 multo

270 1811 523 1871 tacuisse.
555 1805 623 1864 Et
653 1811 860 1862 certum
890 1810 973 1857 est
997 1798 1124 1872 quia
1155 1796 1331 1851 minus
1367 1799 1603 1856 amatur,
1642 1788 1735 1861 qui
1760 1784 1856 1841 ad-

270 1909 373 1967 huc
394 1899 755 1963 erubescitur.
784 1896 999 1967 Absque
1025 1891 1187 1948 modo
1208 1887 1555 1944 contristatus
1574 1899 1712 1949 sum,
1731 1873 1859 1951 quia

278 2012 362 2055 me
392 2011 424 2050 a
456 1993 611 2050 vobis
635 1987 876 2059 comperi
905 1987 1082 2041 minus
1106 1996 1267 2057 quam
1294 1979 1683 2035 acstimaveram
1708 1987 1860 2027 ama-

272 2089 335 2144 ri.
367 2085 430 2140 ln
464 2087 565 2139 hoc
594 2091 777 2137 autem
805 2078 831 2117 δ
863 2075 1018 2132 valde
1068 2089 1155 2129 me
1183 2069 1471 2128 continetis
1520 2067 1565 2122 si
1604 2060 1865 2120 mercedis

274 2191 469 2237 causas
508 2173 637 2233 mihi
679 2170 895 2228 assidue
934 2163 1262 2238 providendo
1291 2162 1529 2217 studiose
1549 2154 1859 2228 .requiritis.

277 2269 380 2328 Nec
411 2267 577 2325 debet
597 2280 716 2323 esse
748 2258 1083 2318 verecundiae
1112 2258 1161 2313 ei
1187 2252 1386 2325 aliquid
1416 2253 1482 2307 de
1512 2247 1865 2321 eleemosynis

276 2364 587 2434 importune
633 2358 835 2423 dicere,
865 2370 1025 2429 quem
1071 2358 1283 2407 constat
1327 2358 1435 2403 non
1480 2358 1623 2409 suas,
1670 2341 1764 2398 sed
1800 2340 1869 2397 ad

279 2452 698 2531 dispensandum
722 2463 808 2504 res
828 2459 1125 2517 pauperum
1146 2441 1373 2497 habere.
1387 2434 1462 2491 De
1487 2439 1663 2491 causis
1689 2435 1871 2503 itaque

280 2524 381 2625 7i
406 2543 698 2609 mercedis,
723 2538 866 2611 apud
887 2537 1199 2609 episcopum
1222 2531 1391 2588 libere
1411 2540 1568 2599 agere
1590 2524 1871 2595 debuistis,

281 2617 498 2700 etiamsi
521 2650 700 2695 meum
724 2631 959 2687 animum
987 2625 1159 2699 qualis
1182 2624 1236 2678 in
1256 2637 1442 2678 amore
1465 2630 1648 2675 vestro
1673 2617 1876 2673 existe-

282 2739 364 2793 ret
384 2726 698 2791 nesciretis.
725 2722 1014 2793 Postquam
1036 2717 1179 2773 enim
1202 2723 1256 2770 et
1276 2729 1374 2768 nos
1402 2712 1622 2766 omnino
1649 2709 1876 2778 gloriam

283 2828 528 2881 vestram
554 2814 849 2887 diligimus,
880 2820 937 2866 et
964 2803 1377 2879 dispensationis
1404 2803 1579 2857 locum
1609 2800 1662 2854 in
1691 2798 1875 2863 rebus,

282 2912 429 2971 sicut
461 2908 627 2975 scitis,
661 2918 957 2977 pauperum
984 2910 1252 2963 tenemus,
1281 2903 1479 2962 vestra,
1510 2891 1703 2957 fateor,
1735 2904 1882 2965 vere-

288 3000 487 3062 cundia
534 2999 690 3056 valde
725 2993 1046 3053 accusabilis
1084 2990 1203 3046 fuit.
1243 2988 1413 3055 Quam
1445 2985 1569 3041 ideo
1598 2992 1679 3040 tot
1707 2982 1885 3039 verbis

291 3092 628 3167 increpando
660 3092 932 3162 insequor,
974 3095 1032 3141 ut
1072 3084 1215 3140 hanc
1241 3098 1273 3137 a
1304 3080 1467 3137 corde
1497 3088 1674 3134 vestro
1704 3076 1881 3132 fundi-

1933 531 2174 589 modium
2218 544 2341 586 cum
2388 541 2497 598 quo
2544 526 2723 582 coloni
2769 522 3024 580 Ecclesia:
3077 518 3345 575 frumenta
3392 516 3524 572 dare

1935 621 2403 694 compellebantur
2440 617 2630 690 viginti
2680 624 2734 673 et
2774 616 3013 688 quinque
3051 611 3411 670 sextariorum
3438 608 3527 664 in-

1936 714 2186 782 veneris,
2234 711 2381 783 quod
2426 708 2737 766 omnimodo
2782 705 3049 763 exsecrati
3092 718 3315 771 sumus,
3363 709 3529 771 atque

1938 812 2183 871 eamdem
2222 805 2571 870 discussionis
2603 818 2821 860 causam
2857 808 2911 859 te
2947 799 3102 861 tarde
3130 797 3323 855 fecisse
3350 794 3528 851 dolui-

1939 923 2079 969 mus.
2126 903 2259 973 Quia
2304 916 2435 959 vero
2482 897 2732 955 eumdem
2781 893 3017 951 modium
3066 900 3121 947 te
3166 889 3430 963 fregisse,
3476 892 3533 965 et

1938 1000 2141 1071 justum
2169 994 2360 1052 fecisse
2388 1002 2804 1054 commemoras,
2845 984 3016 1058 gavisi
3036 999 3238 1043 sumus.
3276 980 3383 1037 Sed
3407 978 3533 1055 quia

1944 1069 2229 1163 praedictus
2254 1082 2614 1143 chartularius
2642 1092 2905 1137 summam
2945 1090 3164 1147 quoque
3203 1073 3358 1130 nobis
3395 1069 3535 1127 indi-

1945 1198 2072 1243 care
2094 1179 2298 1239 studuit
2321 1191 2441 1249 qua:
2464 1176 2533 1235 de
2558 1171 2836 1229 fraudibus
2856 1168 3245 1227 conductorum
3272 1164 3412 1239 apud
3449 1179 3538 1229 ex-

1946 1272 2266 1348 perientiam
2307 1279 2456 1327 tuam
2492 1266 2603 1338 jam
2643 1265 2710 1323 de
2748 1262 2958 1321 duobus
2980 1260 3265 1317 territoriis
3302 1265 3384 1313 est
3425 1256 3539 1313 col-

1950 1369 2113 1434 lecta,
2138 1365 2279 1423 sicut
2302 1369 2354 1419 te
2382 1360 2623 1419 studiose
2652 1356 2845 1414 fecisse
2863 1397 2881 1424 ,
2910 1354 3081 1413 fracto
3112 1351 3310 1423 injusto
3337 1348 3537 1417 modio,

1950 1460 2277 1531 gaudemus;
2320 1452 2343 1492 δ
2388 1453 2514 1524 quia
2544 1451 2598 1506 in
2626 1449 2806 1506 futuro
2833 1446 2990 1503 nobis
3020 1445 3181 1508 etiam
3213 1443 3286 1499 ita
3316 1441 3383 1497 de
3412 1456 3542 1514 pec-

1952 1550 2088 1608 catis
2116 1544 2398 1619 pr.eteritis
2426 1543 2752 1614 cogitamus,
2780 1553 2849 1595 ne
2876 1538 2920 1593 si
2945 1551 3008 1592 ea
3034 1550 3153 1608 qua:
3179 1532 3547 1591 fraudulenter

1958 1641 2316 1698 conductores
2355 1652 2387 1691 a
2416 1634 2633 1693 rusticis
2680 1631 3049 1695 abstulerunt,
3098 1627 3167 1683 ad
3215 1642 3314 1683 nos
3357 1640 3550 1701 perve-

1959 1734 2139 1799 niant,
2176 1740 2399 1802 peccata
2429 1742 2550 1799 quae
2579 1726 2648 1783 ab
2686 1725 2815 1800 ipsis
2843 1729 3151 1797 perpetrata
3192 1727 3320 1777 sunt
3354 1718 3423 1777 ad
3450 1733 3552 1775 nos

1884 1832 1933 1895 Β
1959 1823 2262 1879 trahantur.
2289 1818 2358 1877 Et
2382 1818 2504 1875 ideo
2531 1817 2781 1873 volumus
2808 1829 2931 1870 cum
2958 1811 3105 1869 omni
3138 1809 3261 1874 fide,
3296 1807 3555 1880 omnique

1960 1914 2216 1987 puritate,
2247 1910 2587 1969 considerato
2619 1907 2814 1963 timore
2850 1903 3237 1977 omnipotentis
3270 1899 3369 1955 Dei
3396 1896 3557 1977 redu-

1961 1974 2047 2061 cta
2078 2002 2144 2058 ad
2192 1974 2508 2057 memoriam
2559 1997 2896 2054 districtione
2924 1974 3069 2051 beati
3110 1991 3255 2048 Petri
3302 1974 3556 2063 apostoli,

1964 2111 2062 2168 per
2082 2106 2519 2165 unamquamque
2543 2104 2776 2145 massam
2802 2088 3027 2143 colonos
3053 2100 3320 2157 pauperes
3343 2092 3400 2140 et
3425 2081 3558 2139 indi~

1965 2192 2156 2257 gentes
2184 2180 2574 2256 experientiam
2612 2186 2761 2233 tuam
2809 2175 3146 2240 describere,
3174 2181 3335 2245 atque
3373 2188 3440 2228 ex
3482 2171 3564 2228 eis

1968 2277 2210 2351 pecuniis
2241 2291 2359 2349 quae
2386 2276 2438 2331 in
2469 2273 2745 2329 fraudibus
2774 2278 2898 2327 sunt
2926 2270 3159 2327 inventae
3189 2281 3403 2334 vaccas,
3434 2279 3568 2322 oves

1968 2382 2274 2442 porcosque
2300 2379 2637 2437 comparare,
2668 2372 2723 2419 et
2750 2362 2973 2432 singulis
3002 2360 3210 2417 colonis
3239 2356 3569 2429 pauperibus

1971 2479 2065 2520 eas
2092 2461 2435 2519 distribuere.
2463 2457 2617 2527 Quod
2647 2456 2827 2513 facere
2858 2463 2912 2510 te
2941 2468 3066 2509 cum
3092 2450 3324 2511 consilio
3353 2449 3449 2504 viri
3474 2462 3571 2504 re-

1972 2559 2342 2645 vprendissimi
2385 2557 2566 2614 domni
2606 2554 2830 2613 Joannis
2872 2550 3116 2624 episcopi
3161 2558 3324 2620 atque
3349 2544 3575 2605 Adriani

1975 2641 2294 2709 chartularii
2329 2650 2501 2707 nostri
2529 2658 2585 2707 et
2611 2648 2839 2705 rectoris
2871 2645 3138 2702 volumus.
3172 2641 3227 2697 Si
3258 2647 3440 2696 autem
3478 2652 3575 2692 ne-

1976 2757 2129 2799 cesse
2179 2750 2400 2813 propter
2443 2740 2725 2797 consilium
2772 2738 2970 2803 fuerit,
3024 2737 3189 2794 etiam
3236 2734 3377 2791 filius
3420 2746 3574 2788 meus

1980 2833 2209 2890 domnus
2246 2832 2487 2889 Julianus
2516 2832 2678 2888 debet
2703 2830 2983 2897 adhiberi,
3026 2830 3101 2884 ita
3136 2836 3198 2883 ‘ut
3239 2826 3418 2882 nullus
3443 2824 3579 2880 alius

1982 2927 2086 2983 hoc
2127 2934 2447 2995 cognoscat,
2492 2924 2591 2981 sed
2628 2924 2851 2980 omnino
2897 2930 3167 2981 secretum
3198 2918 3287 2974 sit.
3330 2919 3437 2992 72
3467 2914 3579 2971 Vos

1985 3019 2147 3089 igitur
2179 3018 2324 3090 apud
2350 3033 2446 3075 vos
2474 3023 2804 3097 pertractate
2833 3023 3016 3071 utrum
3045 3013 3099 3068 in
3128 3026 3284 3076 auro,
3330 3026 3397 3063 an
3432 3014 3587 3064 certe

1988 3111 2247 3181 pecuniis,
2278 3108 2482 3166 eisdem
2509 3108 2717 3167 colonis
2747 3104 3075 3178 pauperibus
3096 3102 3214 3157 dari
3243 3099 3429 3156 eadem
3461 3114 3588 3154 com

292 3198 374 3245 ws
398 3185 685 3257 repenam’
712 3190 767 3238 et
789 3182 841 3236 in
864 3174 1332 3270 mercedisfausab
1352 3186 1603 3270 "insimul
1633 3170 1884 3270 solatium
1910 3202 1959 3267 Ω
1990 3170 2216 3258 tinentia
2235 3170 2457 3257 debeat.
2504 3170 2774 3270 Quidquid
2804 3170 2933 3252 vero
2965 3194 3325 3251 communiter
3348 3189 3589 3258 steterit,

293 3290 489 3335 vestrae
511 3272 830 3351 provisionis
850 3270 1100 3326 habeam.
1127 3265 1454 3323 Monasterio
1480 3264 1659 3334 itaque
1680 3266 1885 3328 vestro,

294 3370 446 3441 quod
472 3383 502 3423 a
528 3364 679 3423 vobis
704 3364 757 3421 in
782 3361 1072 3420 Catanensi
1100 3360 1230 3414 urbe
1259 3364 1626 3413 constructum
1656 3361 1759 3421 est,
1791 3368 1890 3424 per

250 3526 253 3527 ν
296 3460 617 3525 Adrianum,
653 3454 922 3512 notarium
952 3461 1007 3507 et
1034 3460 1302 3506 rectorem
1335 3447 1662 3520 patrimonii,
1697 3446 1893 3500 emissa

297 3551 557 3624 praecepti
600 3549 815 3622 pagina,
843 3548 1030 3603 decem
1059 3558 1268 3598 annuos
1296 3540 1500 3597 solidos
1528 3539 1642 3593 dari
1670 3537 1897 3608 deputa-

299 3644 497 3699 vimus.
532 3643 680 3709 Quos
717 3638 950 3711 petimus
976 3636 1092 3692 sine
1122 3634 1316 3704 injuria
1360 3631 1578 3701 suscipi,
1622 3631 1746 3701 qula
1788 3630 1897 3684 non

300 3732 418 3789 haec
450 3730 604 3786 vobis
635 3736 820 3784 nostra
848 3726 1070 3792 oblatio,
1112 3721 1209 3779 sed
1245 3722 1419 3779 sancti
1450 3718 1594 3777 Petri
1624 3719 1900 3789 aposlolo-

304 3842 425 3882 rum
471 3820 727 3897 principis
769 3819 1074 3876 benedictio
1120 3816 1362 3873 oﬂertur.
1393 3836 1411 3868 ι
1464 3812 1626 3886 (Lib.
1658 3826 1775 3880 xm,
1815 3830 1897 3882 ep.

306 3914 440 3982 i9.)

382 4026 477 4084 58.
518 4026 683 4090 Sane;
725 4027 852 4096 quia
894 4031 1020 4081 sunt
1048 4022 1288 4079 nonnulli
1315 4022 1409 4092 qui
1438 4037 1500 4078 ea
1529 4021 1747 4095 quidem
1787 4032 1908 4092 quae

309 4121 518 4181 habent
548 4119 823 4183 tribuunt,
869 4116 965 4173 sed
996 4116 1169 4173 aliena
1199 4130 1318 4186 quae
1346 4130 1455 4171 non
1486 4114 1685 4171 habent
1718 4127 1910 4187 rapere

312 4229 423 4270 non
470 4211 771 4279 desistunt,
814 4218 871 4266 et
905 4208 1033 4265 dum
1066 4209 1218 4264 valde
1252 4207 1418 4267 videri
1460 4206 1694 4265 munifici
1742 4220 1911 4277 appe-

318 4312 466 4372 tunt,
508 4302 774 4361 violenter
810 4301 877 4359 ab
915 4300 1236 4357 habentibus
1276 4298 1557 4367 auferunt,
1600 4312 1719 4371 quae
1759 4299 1914 4371 quasi

318 4395 744 4453 misericorditer
781 4409 889 4453 non
933 4393 1258 4453 habentibus
1293 4393 1607 4463 largiantur,
1651 4391 1784 4453 duas
1826 4391 1917 4447 hic

321 4488 566 4558 Gregorii
580 4486 839 4556 epistolas
853 4486 1051 4551 insero,
1067 4485 1262 4557 quibus
1274 4484 1611 4544 liberalitatis
1623 4484 1740 4557 ejus
1760 4485 1913 4541 inno-

1992 3295 2139 3365 prius
2167 3293 2621 3363 descriptionem,
2652 3289 2794 3345 sicut
2820 3286 3073 3360 praedixi,
3113 3284 3277 3339 facito
3296 3322 3310 3349 ,
3355 3288 3410 3336 et
3437 3288 3591 3351 post~

1994 3386 2210 3442 modum
2263 3383 2486 3455 singulis
2529 3381 2684 3453 juxta
2732 3378 3046 3452 qualitatem
3099 3391 3208 3433 sua:
3254 3373 3594 3446 paupertatis

1996 3481 2325 3539 distribuere
2347 3477 2522 3532 stude.
2557 3474 2673 3545 Ego
2702 3473 2868 3539 enim,
2900 3472 3041 3528 sicut
3073 3468 3326 3540 Magister
3354 3466 3599 3536 gentium

2001 3581 2246 3639 testatur,
2277 3571 2454 3627 habeo
2480 3569 2686 3637 omnia,
2714 3576 2770 3623 et
2797 3566 3034 3632 abundo,
3061 3579 3161 3621 nec
3189 3564 3470 3635 pecunias,
3500 3559 3600 3621 secl

2000 3666 2306 3723 mercedem
2335 3679 2521 3734 quaero
2552 3662 2732 3734 (Phil.
2764 3661 2871 3732 tv).
2901 3659 2979 3716 Ita
3009 3673 3141 3729 ergo
3169 3671 3288 3728 age,
3336 3664 3393 3711 ut
3422 3657 3475 3710 in
3504 3653 3602 3711 die

2000 3760 2185 3828 judicii
2206 3760 2273 3814 de
2293 3758 2480 3815 eadem
2502 3772 2668 3813 causa
2694 3754 2960 3811 mercedis
2983 3767 3101 3823 quae
3123 3749 3472 3821 experientize
3495 3760 3602 3803 tua:
3658 3754 3663 3761 ‘

2006 3850 2295 3906 commissa
2333 3857 2418 3903 est
2452 3847 2587 3902 mihi
2622 3846 2855 3901 fructum
2886 3858 3049 3912 quem
3084 3841 3279 3897 feceris
3322 3837 3610 3895 ostendas;

2008 3943 2164 4011 Quod
2193 3942 2241 3998 si
2269 3956 2402 4013 pure
2431 3950 2486 3996 et
2515 3940 2745 3997 ﬁdeliter
2773 3954 2837 3995 ac
2860 3947 3083 3999 strenue
3108 3934 3306 4006 egeris,
3337 3942 3393 3988 et
3420 3932 3513 3989 hic
3540 3932 3607 3987 il~

2010 4035 2118 4090 lum
2150 4035 2203 4091 in
2231 4034 2353 4089 filiis
2380 4033 2486 4095 tuis
2515 4032 2767 4107 recipies,
2815 4038 2872 4089 et
2915 4027 3259 4100 postmodum
3290 4025 3608 4082 retributio-

2014 4143 2136 4185 nem
2161 4127 2462 4199 plenariam
2492 4128 2544 4181 in
2573 4124 2765 4183 aeterni
2788 4123 2987 4195 judicis
3013 4120 3264 4178 examine
3307 4117 3552 4176 habebis.
3583 4134 3604 4168 ι

2016 4219 2169 4287 (Lib.
2201 4237 2277 4287 χι,
2307 4237 2388 4289 ep.
2422 4219 2514 4289 ὖ.)

2086 4310 2219 4367 Item
2252 4311 2390 4366 idem
2419 4309 2583 4367 Petro
2608 4309 2940 4365 subdiacono
2970 4324 2983 4359 :
3014 4324 3032 4358 ι
3060 4303 3215 4374 Quod
3244 4301 3613 4376 responsalem

2020 4411 2169 4459 tuum
2200 4402 2351 4459 tarde
2377 4402 2695 4467 dimisimus,
2727 4398 2993 4471 paschalis
3038 4396 3345 4455 festivitatis
3383 4407 3616 4467 occupa~

2022 4495 2258 4552 tionibus
2291 4495 2567 4564 implicati,
2599 4509 2721 4549 eum
2751 4493 3001 4549 relaxare
3019 4491 3177 4549 citius
3200 4490 3417 4549 minime
3445 4486 3617 4542 valui-

324 4580 504 4639 centia
552 4578 870 4634 mirabiliter
921 4578 1198 4635 doceatur.
1251 4565 1343 4633 A'it
1388 4578 1531 4632 enim
1582 4578 1637 4633 in
1692 4577 2161 4651 epistolaDmus,
2213 4584 2416 4640 causas
2466 4599 2592 4641 vero
2650 4584 2703 4641 ίη
2761 4582 2954 4653 quibus
3012 4580 3354 4637 indicandum
3416 4575 3621 4638 ρυηςιί

327 4671 644 4727 Pantaleoni
692 4670 904 4725 notario
945 4686 959 4722 :
1010 4687 1028 4721 ‹
1061 4667 1407 4741 Experientia
1462 4676 1550 4725 tua
1577 4711 1593 4737 ,
1638 4668 1781 4741 quod
1832 4667 1917 4724 vel

328 4765 490 4835 quale
516 4763 655 4835 apud
676 4762 1097 4827 sacratissimum
1124 4777 1324 4835 corpus
1347 4763 1493 4827 beati
1520 4748 1661 4818 Petri
1690 4763 1922 4835 apostoli

330 4852 704 4925 jusjurandum
724 4852 1031 4923 praebuerit,
1056 4867 1263 4908 memor
1282 4860 1383 4910 est.
1411 4850 1564 4911 Unde
1588 4869 1686 4911 nos
1707 4868 1922 4923 quoque

332 4945 511 5002 securi
552 4943 897 5001 discussionis
943 4944 994 5001 ei
1035 4957 1228 5003 causas
1272 4944 1327 5002 in
1374 4945 1701 5016 patrimonio
1752 4946 1924 5016 partis

337 5038 689 5108 Syracusanae
707 5036 1097 5095 commisimus.
1123 5034 1348 5109 Oportet
1369 5051 1498 5108 ergo
1522 5047 1575 5095 te
1596 5038 1755 5097 fidem
1776 5047 1926 5094 tuam

340 5134 396 5186 et
417 5128 661 5201 ejusdem
682 5129 827 5186 beati
849 5126 994 5188 Petri
1024 5128 1256 5198 apostoli
1285 5130 1533 5187 timorem
1566 5146 1779 5202 semper
1804 5139 1934 5187 ante

345 5222 533 5277 oculos
571 5221 792 5284 habere,
836 5228 997 5289 atque
1047 5220 1121 5274 ita
1153 5234 1313 5289 agere
1368 5227 1426 5275 ut
1481 5236 1656 5292 neque
1698 5222 1751 5276 in
1800 5236 1935 5292 prae-

346 5315 485 5370 senti
508 5315 619 5370 vita
648 5315 717 5370 ab
756 5314 1085 5379 hominibus,
1118 5320 1294 5382 neque
1334 5312 1401 5367 ab
1438 5316 1796 5385 omnipotenti
1827 5316 1937 5372 Deo

352 5410 403 5465 in
440 5418 690 5473 extremo
713 5409 917 5482 judicio
961 5409 1141 5467 valeas
1182 5409 1524 5482 reprehendi.
1558 5420 1581 5451 ε
1611 5398 1830 5470 Valerio
1873 5413 1953 5470 si!

1828 5530 1855 5541 ερ

430 5630 456 5732 ξ
493 5626 552 5754 {n
580 5624 1007 5753 Ψεειιίεηαιίοε
1033 5630 1244 5714 deum.

522 5710 571 5754 ta
655 5715 751 5754 ss..
780 5702 974 5754 auibus
1001 5710 1244 5754 corisentt

542 5717 571 5754 a
601 5696 751 5765 Ms§.,
772 5700 1347 5775 quibus_consent_ipnt
1373 5698 1648 5775 Bolland.,
1688 5696 1856 5775 Gilot.
1888 5710 1947 5761 et

338 5768 653 5855 ﬂabit...“
684 5768 858 5842 parte.
882 5770 939 5828 ln
964 5772 1119 5855 Quss.
1136 5780 1200 5831 et
1220 5770 1417 5840 Vatia,
1442 5773 1591 5828 valde
1612 5768 1692 5831 riis
1712 5768 1945 5831 cum

362 5843 505 5905 ωειει.
537 5843 696 5895 σξη...
727 5859 829 5895 non
858 5843 1137 5900 requiritis.

2026 4696 2213 4736 omnes
2238 4681 2509 4739 subtiliter
2535 4681 2907 4752 perquirentes
2931 4718 2947 4745 ,
2991 4677 3219 4746 qualiter
3256 4673 3625 4744 disposuimus

2030 4771 2250 4829 inferius
2277 4786 2560 4843 agnosces.
2590 4772 2951 4841 Cognovimus
2980 4768 3214 4829 rusticos
3242 4766 3499 4833 Ecclesia:
3527 4781 3623 4823 ve-

2030 4864 2309 4919 hementer
2347 4864 2399 4919 in
2446 4864 2841 4921 frumentorum
2880 4861 3065 4932 pretiis
3106 4861 3412 4932 aggravari.
3454 4860 3529 4917 ita
3560 4865 3624 4916 ut

2033 4957 2276 5012 instituta
2324 4972 2531 5015 cunnus
2586 4956 2666 5011 eis
2716 4956 2768 5015 in
2823 4955 3228 5025 comparatione
3281 4953 3628 5013 abundantia

2035 5056 2277 5117 tempore
2304 5063 2412 5104 non
2444 5055 2705 5109 servetur.
2743 5046 2810 5105 Et
2852 5047 3121 5104 voluimus
3161 5056 3219 5103 ut
3256 5047 3409 5117 juxta
3451 5046 3628 5118 pretia

2036 5138 2247 5209 publica
2276 5140 2330 5195 in
2372 5139 2520 5201 omni
2557 5148 2801 5210 tempore
2838 5139 2952 5197 sive
2990 5140 3194 5205 minus,
3242 5139 3355 5193 sive
3392 5137 3628 5208 amplius

2038 5231 2304 5287 frumenta
2355 5241 2661 5303 nascantur,
2712 5235 2765 5289 in
2814 5235 2892 5290 eis
2930 5232 3348 5304 comparationis
3379 5244 3633 5287 mensura
3644 5278 3664 5325 f

2039 5332 2304 5380 teneatur.
2358 5320 2649 5382 Frumenta
2700 5336 2878 5383 autem
2917 5334 3036 5399 quia
3077 5323 3357 5396 naufragio
3401 5320 3657 5399 pereunt?

2042 5430 2141 5487 per
2169 5418 2348 5476 omnia
2377 5418 2624 5475 volumus
2652 5418 2913 5492 reputari,
2943 5416 3016 5474 ita
3047 5422 3249 5485 tamen,
3280 5423 3336 5470 ut
3371 5429 3400 5468 a
3438 5422 3492 5467 te
3538 5398 3651 5468 ne-l

2122 5647 2145 5743 ἒ
2185 5630 3420 5763 3m;“iam;Pll’i’?‘.il?'i';a§fm

2122 5705 2144 5743 ἀ
2189 5700 2278 5763 Sic
2310 5700 2589 5776 lcgendum
2632 5722 2699 5762 ex
2735 5705 2883 5771 Mss,
2931 5702 3017 5757 ubi
3049 5700 3239 5759 Excusi
3283 5700 3485 5775 habent
3512 5718 3543 5777 ς

2046 5781 2103 5835 in
2130 5781 2305 5849 futuro
2335 5777 2482 5834 nobis
2505 5777 2739 5845 proderit
2764 5778 2838 5831 ita
2864 5775 3022 5835 etiam
3052 5770 3408 5843 conductores,
3436 5779 3543 5831 etc.
