4118 6448
606 326 707 382 “9

1185 325 1241 381 s.
1287 324 1607 381 anaconn
1650 324 1852 381 nam
1897 323 2073 390 VITA,
2120 306 2322 380 AUCT.
2362 322 2621 380 JOANNE
2665 323 2977 382 DlACONO.
3018 324 3147 383 LIB.
3185 323 3252 381 ιι.
3292 346 3295 347 ν

3777 331 3874 387 ίῖθ

602 443 855 516 gligentia
902 442 969 497 ad
1010 441 1473 497 transmittendum
1521 443 1738 497 minime
1779 442 1892 508 fiat,
1942 456 2009 496 ne
2056 439 2181 494 dum
2210 443 2256 500 Α
2287 442 2619 511 persolvunt.
2652 441 2732 498 Ex
2760 457 2865 512 qua
2886 458 2947 498 re
2976 440 3036 496 fit
3055 449 3115 497 ut
3134 439 3427 512 dispendiis
3448 442 3878 512 gravibuscoan-

600 533 998 592 transmittendi
1037 540 1243 602 tempus
1285 534 1598 602 negligitur,
1648 535 1895 588 damnum
1941 548 2007 587 ex
2048 531 2180 586 vitio

600 638 785 686 vestro
812 634 1115 698 generetur.
1161 625 1331 680 Valde
1372 637 1549 681 autem
1580 628 1819 696 iniquum
1847 636 1901 681 et
1927 625 2179 693 injustum

600 737 725 778 esse
752 719 1125 792 penpeximus
1150 726 1211 771 ut
1230 719 1488 774 arusticis
1505 718 1755 774 Ecclesiae
1784 718 1851 772 de
1877 715 2181 773 sextariati-

597 814 678 873 cis
706 811 907 884 aliquid
937 810 1252 880 accipiatur,
1298 820 1353 864 et
1396 811 1461 865 ad
1492 811 1747 877 majorem
1785 809 2020 864 modium
2052 808 2181 863 dare

597 900 985 975 compellantur
1041 919 1203 974 quam
1254 904 1309 958 in
1364 904 1568 958 horreis
1624 901 1880 957 Ecclesia:
1935 900 2178 955 infertur.

596 996 750 1053 Unde
770 996 1023 1068 ιιι-ωεξηιὶ
1044 995 1410 1050 admonitione
1435 994 1774 1064 praecipimus
1799 1001 1859 1047 ut
1881 992 2000 1061 plus
2021 1006 2181 1061 quam

594 1089 782 1144 decem
811 1096 868 1143 et
894 1098 1018 1142 octo
1047 1087 1405 1141 sextariorum
1448 1086 1687 1139 modium
1730 1099 2002 1153 nunquam
2032 1098 2061 1137 a
2093 1099 2184 1136 ru-

592 1181 745 1238 sticis
772 1180 1027 1235 Ecclesia:
1054 1178 1320 1235 frumenta
1360 1179 1593 1233 debeant
1620 1177 1810 1247 accipi,
1841 1176 1940 1230 nisi
1972 1174 2112 1229 forte
2139 1173 2183 1229 si

593 1275 724 1344 quid
753 1283 836 1330 est
862 1274 1007 1343 quod
1037 1281 1215 1328 nautae
1237 1273 1391 1342 juxta
1419 1271 1864 1327 consuetudinem
1905 1282 2068 1337 super
2094 1281 2187 1321 ac—

594 1367 823 1439 cipiunt,
853 1366 995 1436 quod
1027 1366 1193 1419 minui
1222 1364 1320 1432 ipsi
1347 1365 1398 1418 in
1428 1365 1654 1418 navibus
1683 1367 2023 1416 attestantur.

673 1478 690 1508 ι
712 1457 1075 1526 Cognovimus
1101 1458 1264 1512 etiam
1310 1457 1363 1510 in
1410 1454 1673 1525 aliquibus
1702 1463 1727 1491 ⁸
1752 1454 1887 1508 locis
1917 1452 2185 1505 mansisve

594 1548 851 1605 Ecclesiae
882 1549 1218 1604 exactionem
1265 1546 1424 1601 valde
1472 1545 1875 1617 injustissimam
1924 1542 2058 1604 fieri,
2111 1542 2184 1595 ita

595 1652 656 1696 ut
682 1641 708 1679 ι’
742 1657 772 1696 a
801 1642 1141 1711 septuaginta
1180 1640 1346 1695 ternis
1374 1639 1565 1702 semis,
1604 1636 1745 1707 quod
1774 1635 1877 1690 dici
1906 1634 2055 1688 nefas
2081 1640 2183 1699 est,

596 1737 956 1791 conductores
988 1736 1290 1802 exigantur.
1322 1732 1390 1786 Et
1416 1732 1592 1787 adhuc
1621 1745 1797 1799 neque
1827 1730 1932 1784 hoc
1969 1725 2183 1791 suﬂicit,

2282 542 2583 605 gustentur.
2612 532 2767 589 Unde
2806 533 3148 605 praecipimus
3194 532 3445 602 praesenti
3496 533 3866 594 admonitione

2289 626 2305 665 ί
2336 636 2398 681 ιιι
2420 628 2541 698 plus
2568 642 2730 697 quam
2760 626 2945 681 decem
2975 634 3031 680 et
3056 633 3180 680 octo
3203 624 3562 680 sextariorum
3601 642 3876 696 nunquam

2282 718 2555 787 exigatur,
2582 728 2638 772 et
2666 733 2827 772 omne
2856 717 3003 786 quod
3031 724 3275 771 mutuum
3318 732 3444 793 pro.
3468 716 3658 773 eadem
3714 734 3879 777 causa

2284 811 2351 865 ab
2388 810 2663 866 extraneis
2684 811 2932 880 accipere
2952 816 3224 880 poterant,
3249 824 3279 862 a
3320 817 3409 863 tua
3439 811 3771 880 experientia
3809 828 3878 871 ex

2282 904 2497 975 publico
2517 904 2694 969 detur,
2724 914 2779 959 et
2801 919 2833 958 a
2863 903 3077 959 rusticis
3102 902 3355 959 Ecclesia:
3374 903 3655 975 paulatim,
3688 913 3747 959 ut
3780 907 3878 960 ha-

2283 996 2518 1063 buerint,
2552 997 2883 1067 accipiatur;
2925 1012 3011 1061 ne,
3068 996 3194 1051 dum
3245 997 3299 1051 in
3344 1003 3590 1067 tempore
3639 1013 3877 1067 coangu-

2282 1094 2513 1155 stantur,
2543 1087 2688 1157 quod
2717 1087 2796 1141 eis
2822 1086 3169 1156 postmodum
3193 1083 3443 1142 suﬂicere
3470 1096 3688 1157 poterat
3717 1090 3771 1143 in
3802 1090 3877 1144 in-

2282 1178 2579 1244 ferendum,
2611 1179 2758 1249 prius
2784 1178 3068 1248 compulsi,
3097 1178 3254 1232 vilius
3274 1176 3530 1243 vendant,
3564 1187 3621 1235 et
3661 1181 3769 1237 hoc
3798 1182 3878 1238 eis

2282 1270 2503 1325 minime
2525 1269 2774 1325 sufficiat.

2363 1380 2381 1414 ι
2418 1360 2672 1417 Pervenit
2715 1362 2879 1417 etiam
2911 1362 2979 1417 ad
3018 1377 3121 1418 nos
3149 1361 3295 1432 quod
3321 1361 3389 1417 de
3419 1362 3618 1432 nuptiis
3646 1364 3877 1417 rustico-

2285 1470 2403 1509 rum
2452 1453 2807 1509 immoderata
2848 1454 3129 1510 commoda
3159 1454 3547 1524 percipiantur.
3580 1454 3657 1509 De
3685 1455 3877 1523 quibus

2282 1547 2619 1618 praecipimus
2665 1555 2721 1601 ut
2758 1561 2919 1601 omne
2967 1548 3310 1602 commodum
3356 1547 3664 1617 nuptiarum
3708 1547 3867 1601 unius

2286 1639 2442 1695 solidi
2468 1654 2730 1694 summam
2764 1639 3072 1694 nullatenus
3108 1639 3355 1694 excedat.
3388 1638 3446 1694 Si
3475 1640 3564 1708 qui
3593 1647 3717 1694 sunt
3745 1653 3877 1709 pau-

2286 1748 2461 1805 peres,
2491 1732 2653 1787 etiam
2681 1733 2855 1786 minus
2870 1732 2999 1787 dare
3020 1732 3235 1787 debent.
3260 1731 3316 1786 Si
3345 1731 3434 1801 qui
3466 1738 3646 1786 autem
3660 1732 3874 1793 divites,

596 1827 691 1881 sed
722 1826 939 1896 insuper
966 1824 1165 1893 aliquid
1191 1839 1259 1877 ex
1290 1838 1386 1878 usu
1430 1822 1540 1892 jam
1580 1822 1870 1877 multorum
1916 1833 2179 1873 annorum
2211 1817 2256 1878 Β
2286 1825 2489 1897 praefati
2534 1824 2688 1880 solidi
2717 1839 2980 1879 summam
3025 1824 3333 1879 nullatenus
3383 1821 3869 1892 transgrediantur.

594 1918 735 1986 exigi
779 1917 1049 1974 dicuntur.
1082 1915 1251 1983 Quam
1299 1930 1414 1969 rem
1461 1915 1681 1969 omnino
1728 1913 2082 1979 detestamur,
2127 1919 2182 1965 et

589 2011 856 2081 amputari
886 2011 953 2065 de
982 2008 1305 2080 patrimonio
1351 2007 1587 2061 funditus
1615 2006 1886 2060 volumus.
1936 2003 2043 2058 Sed
2087 2011 2180 2057 tua

587 2102 921 2173 experientia
969 2102 1080 2154 sive
1118 2100 1173 2153 in
1213 2099 1344 2164 hoc,
1392 2097 1537 2166 quod
1568 2112 1662 2165 per
1689 2096 1878 2149 libram
1924 2093 2178 2164 amplius,

589 2198 700 2248 sive
731 2196 782 2247 in
812 2194 929 2247 aliis
959 2193 1178 2246 minutis
1206 2191 1481 2255 oneribus,
1516 2198 1569 2243 et
1596 2189 1742 2259 quod
1773 2188 1913 2242 ultra
1957 2185 2181 2241 rationis

588 2285 897 2351 :nquitatem
931 2299 956 2332 ει
990 2280 1208 2335 rusticis
1238 2280 1515 2347 accipitur,
1548 2284 1776 2347 penset,
1816 2284 1871 2329 et
1899 2276 2078 2330 omnia
2124 2275 2178 2330 in

589 2392 856 2431 summam
895 2374 1171 2444 pensionis
1221 2371 1453 2440 redigat,
1503 2382 1525 2410 ο
1557 2378 1612 2424 et
1645 2377 1807 2437 prout
1848 2370 1991 2424 vires
2019 2370 2179 2424 rusti—

590 2483 780 2543 corum
830 2473 1080 2536 portant,
1130 2464 1445 2535 pensionem
1476 2463 1738 2528 integram
1767 2467 1822 2514 et
1862 2468 2178 2529 pensantem

588 2556 614 2595 ι¹
658 2560 724 2613 ad
774 2567 1101 2629 septuagena
1144 2558 1269 2611 vina
1296 2556 1634 2627 persolvant,
1663 2561 1718 2608 et
1748 2567 1925 2621 neque
1955 2552 2179 2621 siliquas

589 2661 746 2708 extra
772 2653 953 2716 libras,
979 2666 1154 2721 neque
1180 2650 1373 2703 libram
1400 2647 1657 2717 majorem
1689 2646 1905 2714 exigere
1924 2644 2175 2707 debeant,

588 2744 685 2799 sed
714 2759 811 2815 per
838 2743 1245 2798 aestimationem
1277 2748 1445 2803 tuam,
1479 2747 1639 2810 prout
1666 2738 1838 2792 virtus
1863 2735 2092 2802 sufﬁcit,
2122 2733 2176 2788 in

585 2850 853 2890 summam
877 2834 1151 2905 pensionis
1181 2840 1410 2893 crescat,
1442 2840 1497 2885 et
1522 2831 1601 2884 sic
1632 2829 1804 2899 turpis
1832 2827 2043 2882 exactio
2076 2840 2177 2882 ne-

585 2942 859 2996 quaquam
897 2928 1005 2981 liat.
1039 2926 1116 2980 Ne
1143 2940 1274 2980 vero
1304 2931 1425 2994 post
1456 2923 1660 2978 obitum
1692 2936 1871 2976 meum
1909 2920 2025 2975 haec
2062 2920 2177 2989 ipsa

587 3036 753 3075 onera
791 3034 911 3088 qua:
948 3033 1112 3087 super
1153 3032 1377 3088 pensum
1416 3016 1563 3070 illata
1602 3014 1996 3080 subtrabimus,
2030 3020 2084 3067 et
2121 3012 2176 3067 in

584 3113 763 3181 capite
790 3110 1067 3181 pensionis
1088 3108 1311 3163 fecimus
1336 3122 1604 3174 crescere,
1632 3107 1825 3161 iterum
1854 3105 1909 3160 in
1934 3104 2178 3175 quolibet

2286 1917 2439 1985 Quod
2492 1917 2730 1987 nuptiale
2779 1916 3122 1971 commodum
3175 1916 3482 1971 nullatenus
3530 1915 3781 1972 volumus
3822 1914 3874 1971 in

2285 2017 2470 2064 nostra
2499 2009 2709 2065 ratione
2737 2008 2928 2078 redigi,
2960 2006 3057 2063 sed
3086 2008 3304 2063 utilitati
3333 2008 3721 2063 conductorum
3752 2021 3872 2077 pro-

2286 2099 2467 2158 ficere.

2362 2216 2380 2249 ¢
2414 2194 2775 2266 Cognovimus
2801 2196 2964 2251 etiam
2994 2194 3163 2264 quod,
3189 2192 3505 2265 quibusdam
3536 2192 3871 2248 conductori-

2282 2288 2382 2343 bus
2412 2287 2785 2352 morientibus,
2819 2294 3072 2356 parentes
3092 2285 3174 2339 sui
3196 2300 3303 2339 non
3333 2284 3721 2354 permittuntur
3750 2298 3871 2338 suc-

2282 2377 2497 2443 cedere,
2526 2376 2619 2431 sed
2649 2392 2735 2432 res
2755 2391 2942 2432 eorum
2964 2377 3030 2432 ad
3052 2392 3180 2433 usus
3200 2374 3453 2431 Ecclesiae
3467 2376 3868 2444 pertrahuntur.

2282 2469 2358 2523 De
2382 2485 2485 2539 qua
2516 2484 2576 2523 re
2601 2469 2882 2524 definimus
2923 2480 2981 2524 ut
3021 2476 3274 2539 parentes
3304 2468 3647 2524 morientium
3678 2468 3771 2538 qui
3813 2467 3866 2522 in

2281 2561 2622 2631 possessione
2661 2559 2915 2617 Ecclesiae
2958 2561 3161 2630 degunt
3205 2560 3449 2615 hteredes
3478 2560 3557 2615 eis
3584 2560 3869 2615 succedere

2281 2653 2538 2717 debeant,
2570 2669 2672 2709 nec
2701 2654 2901 2723 aliquid
2927 2653 2994 2708 de
3035 2653 3334 2708 substantia
3376 2653 3720 2708 morientium
3751 2652 3869 2707 sub-

2281 2747 2545 2801 trahatur.
2581 2744 2638 2800 Si
2668 2761 2797 2801 vero
2852 2745 2991 2800 filios
3035 2746 3290 2816 parvulos
3331 2743 3524 2813 aliquis
3569 2743 3865 2812 reliquerit,

2279 2852 2562 2908 quousque
2591 2836 2657 2891 ad
2703 2845 2918 2891 aetatem
2951 2836 3112 2891 talem
3145 2836 3362 2891 veniant
3414 2844 3472 2889 ut
3514 2833 3867 2890 substantiam

2278 2946 2429 2988 suam
2452 2944 2642 2999 regere
2663 2930 2896 2993 valeant,
2926 2943 3170 2999 personae
3196 2928 3465 2993 eligantur
3483 2931 3655 2982 eautre
3679 2926 3867 2994 quibus

2277 3032 2559 3094 parentum
2591 3037 2778 3076 eorum
2808 3036 2894 3075 res
2924 3019 3058 3075 tradi
3087 3019 3323 3075 debeant
3345 3018 3411 3073 ad
3434 3017 3863 3074 custodiendum.

2355 3135 2373 3167 ι
2408 3114 2773 3184 Cognovimus
2788 3114 2946 3169 etiam
2974 3102 3113 3183 quod
3145 3112 3190 3167 si
3206 3112 3325 3182 quis
3345 3126 3412 3166 ex
3434 3111 3633 3165 familia
3659 3110 3869 3179 culpam

586 3203 871 3266 addantur,
903 3209 957 3254 et
985 3200 1287 3254 inveniatur
1314 3214 1521 3253 summa
1550 3198 1823 3268 pensionis
1866 3196 2069 3266 augeri,
2118 3204 2175 3252 et
2197 3216 2245 3279 ρ
2276 3206 2483 3272 fecerit,
2512 3221 2621 3261 non
2644 3207 2696 3260 in
2728 3204 2866 3276 ipso,
2890 3203 2985 3258 sed
3008 3204 3060 3257 in
3080 3202 3195 3271 ejus
3217 3201 3514 3256 substantia
3536 3200 3865 3255 vindicatur.

588 3310 754 3349 onera
781 3294 1099 3362 adjectionis
1126 3293 1344 3363 insuper
1372 3292 1556 3347 rustici
1587 3292 1893 3360 persolvere
1935 3290 2173 3361 compel-

586 3386 786 3447 lantur,
828 3384 1073 3438 volumus
1100 3391 1158 3437 ut
1186 3383 1491 3438 securitatis
1519 3382 1728 3438 libellos
1759 3382 1832 3435 ita
1863 3382 1930 3435 de
1956 3382 2176 3452 pensio-

588 3476 748 3529 nibus
794 3473 988 3540 facias,
1024 3484 1287 3543 quatenus
1326 3473 1377 3526 in
1428 3473 1614 3545 primis
1650 3474 1754 3545 73
1793 3473 1941 3527 dicas
1970 3482 2174 3529 tantam

586 3566 902 3637 pensionem
950 3579 1381 3634 unumquemque
1410 3564 1719 3634 persolvere
1764 3564 1996 3629 debere,
2045 3565 2176 3619 inibi

587 3659 807 3727 objectis
833 3659 1058 3727 siliquis,
1093 3667 1115 3696 ε
1150 3657 1407 3722 oleribus,
1430 3658 1513 3710 vel
1554 3657 1863 3724 granaticis.
1896 3656 2052 3723 Quod
2081 3672 2176 3711 au-

585 3762 693 3806 tem
724 3767 792 3807 ex
821 3752 902 3806 his
933 3750 1151 3805 minutis
1180 3750 1231 3803 in
1264 3765 1414 3803 usutn
1445 3750 1673 3803 rectoris
1701 3749 2013 3815 accedebat,
2051 3748 2175 3804 volo

526 3860 531 3865 ·
584 3851 644 3896 ιιι
689 3844 793 3899 hoc
830 3858 897 3897 ex
942 3840 1191 3911 praesenti
1221 3840 1462 3909 jussione
1492 3840 1545 3894 in
1578 3856 1731 3895 usum
1778 3850 1925 3895 tuum
1971 3840 2171 3895 veniat.

522 3946 523 3949 ‘
584 3936 723 3989 Ante
753 3935 933 3989 omnia
972 3934 1075 3987 hoc
1110 3941 1161 3986 te
1202 3932 1449 3986 volumus
1493 3931 1722 3987 sollicite
1751 3932 2066 3998 attendere,
2108 3946 2176 3988 ne

583 4028 782 4095 injusta
810 4026 1053 4096 pondera
1081 4027 1134 4081 in
1171 4025 1446 4094 exigendis
1475 4025 1822 4095 pensionibus
1862 4034 2132 4094 ponantur
2157 4042 2172 4093 ;

585 4120 683 4174 sed
712 4120 756 4173 si
794 4134 899 4187 qua
928 4119 1056 4173 talia
1088 4118 1376 4183 inveneris,
1408 4117 1623 4185 frange,
1656 4125 1712 4170 et
1740 4132 1898 4181 nova,
1932 4127 1987 4171 et
2026 4126 2174 4172 recta

587 4211 888 4276 constitue;
940 4209 1066 4277 quia
1111 4218 1165 4262 et
1213 4208 1355 4262 filius
1392 4223 1544 4262 meus
1581 4205 1870 4261 Servusdei
1917 4207 2174 4263 diaconus

585 4304 695 4371 jam
730 4300 855 4354 talia
900 4300 1104 4354 invenit
1130 4313 1249 4368 qua:
1296 4299 1394 4367 ipsi
1445 4297 1815 4367 displicerent,
1874 4298 1969 4352 sed
2010 4298 2175 4353 licen-

591 4397 718 4450 tiam
746 4395 862 4451 htec
893 4392 1208 4449 immutandi
1254 4407 1360 4447 non
1408 4390 1612 4445 habuit.
1660 4389 1833 4459 Super
1859 4390 2000 4459 justa
2043 4406 2174 4462 ergo

586 4488 843 4561 pondera,
873 4493 1070 4559 prteter
1094 4493 1320 4555 excepta
1350 4482 1368 4521 ί
1395 4491 1450 4536 et
1474 4482 1596 4537 vilia
1621 4481 1842 4548 cibaria,
1870 4482 2000 4537 nihil
2029 4484 2171 4540 aliud

586 4585 832 4639 volumus
859 4598 889 4637 a
919 4580 1128 4637 colonis
1159 4577 1411 4633 Ecclesiae
1440 4576 1598 4645 exigi.

662 4695 680 4726 ‹
716 4674 981 4729 Praeterea
1010 4670 1360 4740 cognovimus
1382 4666 1528 4736 quod
1576 4666 1746 4735 prima
1778 4666 1950 4722 illatio
1984 4677 2008 4715 ε
2032 4668 2165 4722 bur-

584 4766 818 4821 dationis
846 4766 1079 4820 rusticos
1108 4772 1326 4819 nostros
1346 4761 1697 4816 vehementer
1725 4769 1993 4829 angustet,
2019 4764 2091 4817 ita
2110 4771 2173 4818 ut

585 4861 901 4932 priusquam
930 4860 1145 4914 labores
1170 4874 1297 4914 suos
1331 4856 1642 4911 venundare
1663 4856 1901 4920 valeant,
1931 4859 2172 4928 compel-

584 4954 763 5007 lantur
815 4953 1011 5007 tributa
1039 4950 1367 5021 persolvere.
1410 4948 1540 5016 Quae
1584 4949 1709 5003 dum
1748 4950 1816 5005 de
1865 4966 1986 5016 suo,
2030 4951 2173 5008 unde

582 5044 711 5098 dare
740 5059 845 5097 non
869 5043 1085 5106 habent,
1115 5040 1142 5078 ιι
1167 5042 1233 5095 ab
1262 5041 1603 5096 auctionariis
1626 5040 1852 5109 publicis
1872 5050 2053 5097 mutua
2082 5058 2172 5099 ac-

584 5137 820 5207 cipiunt,
878 5143 935 5189 et
986 5134 1170 5203 gravia
1217 5131 1499 5188 commoda
1542 5147 1612 5187 ex
1658 5132 1847 5189 eodem
1903 5132 2172 5189 beneficio

654 5295 676 5321 α
708 5284 785 5339 ita
814 5283 946 5353 Reg.
980 5290 1035 5338 et
1052 5280 1187 5337 Cod.
1218 5281 1389 5337 beatae
1415 5278 1599 5335 Mariae
1626 5275 1795 5335 Paris.
1847 5278 1904 5334 In
1932 5278 2088 5335 Colb.
2117 5289 2173 5337 et

583 5356 638 5410 in
666 5355 806 5410 Edit.
831 5354 1010 5418 Cuss.,
1038 5355 1243 5407 massis.

651 5426 679 5465 b
722 5426 842 5491 [5],,
890 5425 959 5496 ςιά
1008 5426 1334 5496 septuaginta
1373 5436 1533 5496 urnas
1579 5427 1628 5496 et
1680 5421 1849 5474 semis.
1883 5421 2171 5496 Sequimur

582 5497 707 5553 Mss.
741 5490 853 5551 tum
882 5494 1038 5551 Joan.
1066 5490 1242 5563 Diaei,
1281 5503 1395 5549 tum
1432 5490 1779 5560 epistolarum
1818 5490 1989 5548 sancti
2035 5494 2170 5550 Gre-

583 5582 742 5625 Rot‘tt.

657 5649 677 5675 ο
723 5638 850 5690 l’ost
877 5638 1076 5709 redigat
1104 5636 1157 5689 in
1188 5633 1327 5690 Utic.
1359 5631 1592 5701 legitur:
1617 5645 1780 5701 neque
1826 5648 1987 5689 onera
2016 5652 2170 5709 super

584 5704 790 5778 librant,
806 5704 1027 5778 majora.

652 5774 694 5849 ξ
720 5776 843 5839 Ed.,
864 5773 941 5849 ad
967 5776 1294 5849 septuaginta
1321 5775 1427 5849 nini
1451 5773 1664 5849 faginus
1690 5776 2000 5849 persolvant.
2036 5778 2166 5849 Ipsis

584 5844 945 5914 suffragantur
970 5841 1102 5899 Cod.
1138 5841 1306 5899 beata
1335 5841 1521 5897 Mariae
1543 5841 1711 5895 Paris.
1739 5851 1795 5897 et
1817 5845 1950 5915 Reg.

2279 3298 2356 3353 De
2382 3312 2488 3366 qua
2516 3312 2577 3352 re
2606 3295 2943 3366 praecipimus
2973 3302 3030 3349 ut
3057 3293 3299 3364 quisquis
3326 3292 3537 3363 culpam
3580 3290 3788 3356 fecerit,
3820 3291 3869 3351 in

2279 3388 2398 3458 ipso
2426 3388 2665 3456 quidem,
2698 3395 2757 3440 ut
2776 3386 2995 3457 dignum
3024 3395 3129 3454 est,
3156 3384 3479 3446 vindicetur,
3513 3398 3543 3438 a
3571 3381 3861 3438 commodo

2278 3490 2459 3535 autem
2481 3480 2597 3550 ejus
2628 3479 2851 3534 omnino
2880 3479 3231 3544 abstineatur,
3264 3478 3366 3533 nisi
3392 3476 3532 3533 forte
3559 3492 3747 3548 parum
3777 3476 3871 3530 alia

2277 3574 2426 3643 quid,
2458 3575 2601 3643 quod
2627 3575 2679 3628 in
2712 3589 2865 3630 usum
2889 3574 3224 3629 exsecutoris
3245 3572 3335 3642 qui
3357 3574 3422 3626 ad
3446 3585 3569 3627 eum
3593 3570 3868 3626 transmis-

2278 3682 2369 3721 sus
2394 3666 2552 3722 fuerit
2578 3668 2842 3736 prolicere
2862 3667 3052 3738 possit.

2358 3777 2376 3809 ε
2410 3757 2777 3829 Cognovimus
2823 3760 2985 3815 etiam
3026 3760 3152 3829 quia
3189 3759 3403 3828 quoties
3430 3760 3732 3816 conductor
3767 3757 3865 3811 ali-

2278 3850 2404 3919 quid
2435 3866 2466 3905 a
2496 3851 2692 3906 colono
2721 3867 2818 3906 suo
2848 3850 3047 3920 injuste
3096 3850 3401 3914 abstulerit,
3444 3851 3548 3905 hoc
3591 3849 3806 3921 quidem
3835 3862 3865 3901 a

2278 3942 2611 3997 conductore
2639 3941 2891 4010 exigitur,
2921 3941 3019 3997 sed
3045 3944 3095 3997 ei
3126 3956 3231 3996 non
3256 3941 3502 3997 redditur
3522 3958 3551 3996 a
3582 3957 3690 4012 quo
3720 3939 3865 3995 abla-

2280 4040 2391 4087 tum
2422 4040 2524 4086 est.
2558 4032 2633 4087 De
2657 4048 2763 4103 qua
2792 4048 2852 4087 re
2873 4032 3213 4103 praecipimus
3241 4042 3301 4087 ut
3322 4033 3429 4104 74
3456 4032 3710 4102 quidquid
3740 4032 3865 4086 vio-

2279 4123 2449 4177 lenter
2478 4124 2699 4179 cuilibet
2728 4140 2796 4178 ex
2824 4125 3024 4177 familia
3055 4125 3291 4183 ablatum
3320 4125 3497 4190 fuerit,
3550 4126 3649 4195 ipsi
3705 4129 3863 4183 resti-

2277 4226 2459 4270 tuatur
2487 4216 2573 4271 cui
2603 4216 2837 4271 ablatum
2858 4225 2963 4283 est,
2996 4226 3051 4271 et
3077 4218 3292 4305 utilitati
3336 4226 3534 4273 nostra:
3562 4234 3669 4275 non
3699 4222 3863 4289 proti-

2277 4306 2404 4373 ciat,
2438 4321 2506 4360 ne
2534 4322 2634 4361 nos
2655 4306 2755 4377 ipsi
2788 4316 3039 4363 auctores
3060 4322 3181 4365 esse
3202 4308 3471 4363 violentiae
3494 4309 3790 4365 videamur.

2355 4419 2373 4452 ι
2403 4398 2674 4456 Prmterea
2704 4401 2953 4456 volumus
2974 4408 3033 4455 ut
3058 4401 3102 4455 si
3130 4401 3347 4471 quando
3390 4416 3487 4456 eos
3527 4403 3618 4471 qui
3666 4413 3790 4458 sunt
3812 4404 3863 4461 in

2277 4491 2538 4561 obsequio
2569 4493 2916 4563 experientiae
2961 4500 3065 4546 tuae
3106 4492 3159 4546 in
3213 4492 3478 4562 aliquibus
3523 4494 3702 4548 causis
3748 4511 3864 4565 quas

2203 4602 2251 4663 ι)
2276 4592 2400 4639 sunt
2428 4592 2579 4638 extra
2598 4586 2976 4654 patrimonium
2999 4584 3337 4651 transmittis,
3368 4599 3531 4654 parva
3556 4584 3769 4654 quidem
3800 4604 3863 4644 cx

2278 4678 2356 4733 eis
2384 4680 2668 4734 commoda
2701 4679 2986 4749 accipiant,
3016 4678 3108 4733 sed
3140 4687 3319 4732 tamen
3350 4678 3423 4732 ita
3452 4678 3504 4732 in
3535 4693 3721 4733 eorum
3766 4671 3863 4735 uti-

2281 4770 2485 4825 litatem
2515 4768 2816 4839 proﬁciant,
2836 4778 2897 4823 ut
2918 4770 3060 4823 nulla
3086 4769 3189 4824 sibi
3208 4769 3403 4825 exinde
3433 4769 3563 4824 lucri
3581 4772 3863 4827 commoda

2277 4860 2374 4915 sub
2402 4860 2583 4929 specie
2613 4869 2809 4914 nostrae
2838 4861 3083 4914 utilitatis
3126 4860 3423 4929 requirant,
3452 4860 3577 4930 quia
3609 4877 3708 4916 nos
3748 4877 3863 4918 sac-

2276 4950 2454 5005 culum
2477 4949 2732 5025 Ecclesite
2752 4966 2819 5005 ex
2838 4951 3000 5006 lucris
3026 4952 3271 5021 turpibus
3295 4952 3545 5006 nolumus
3572 4952 3860 5022 inquinari.

2356 5060 2374 5093 ι
2407 5039 2664 5097 Jubemus
2681 5042 2842 5096 etiam
2858 5050 2917 5097 ut
2936 5044 3041 5099 hoc
3055 5044 3386 5114 experientia
3411 5054 3498 5099 tua
3519 5060 3862 5116 summopere

2274 5130 2563 5195 custodiat,
2607 5139 2665 5185 ut
2709 5147 2805 5203 per
2831 5132 3171 5188 commodum
3201 5134 3561 5191 conductores
3590 5152 3641 5191 ιιι
3670 5140 3861 5195 massis

2349 5297 2373 5359 ὲ
2403 5286 2531 5359 Mss.
2564 5289 2754 5353 nostri,
2788 5287 3047 5359 oneribus,
3076 5296 3132 5343 et
3158 5289 3320 5359 paulo
3357 5296 3499 5359 post,
3532 5291 3786 5347 minutiis.

2350 5358 2371 5395 ί
2407 5358 2612 5423 Nomm,
2646 5368 2695 5412 et
2723 5360 2811 5414 vili
2832 5358 2964 5413 cibo.

2347 5439 2373 5504 tt
2406 5427 2598 5504 f’esino
2627 5430 2999 5504 quam_rustici
3019 5430 3253 5504 solvunt.
3275 5428 3410 5504 Vide
3436 5429 3613 5488 Gloss.
3646 5432 3849 5504 Cangii.

2350 5497 2627 5572 h_Andeg.,
2648 5497 2755 5572 tres
2776 5499 2944 5572 Paris,
2975 5509 3027 5555 et
3066 5500 3270 5565 Nomm,
3288 5503 3353 5554 ab
3376 5497 3855 5572 actionariis,quod

2276 5569 2330 5625 in
2349 5570 2802 5641 plerisqueiMsss
2822 5571 3168 5639 cpistolarutn
3210 5580 3406 5627 exstat.
3450 5569 3853 5629 Observandum

2276 5639 2364 5696 est
2399 5639 2934 5713 au_tetnAMss._.loan.
2969 5641 3119 5713 Diac.
3168 5640 3278 5695 fere
3322 5657 3539 5713 semper
3568 5646 3855 5700 concinere

2275 5726 2396 5765 cum
2428 5711 2554 5765 Mss.
2586 5709 2719 5763 Cod.
2758 5710 2985 5779 Registri
3016 5710 3350 5778 Gregoriani.

2352 5781 2379 5906 ίί
2396 5780 2452 5861 In
2479 5782 2666 5836 iisdem
2686 5779 2841 5844 Cod.,
2872 5790 2929 5835 ιιι
2955 5798 3105 5836 omne
3125 5786 3259 5853 quod
3301 5791 3553 5849 mutuum,
3575 5790 3707 5850 etc.,
3737 5784 3855 5841 aliis

2352 5870 2359 5905 ι
2384 5866 2504 5905 ssrs.

2272 5866 2504 5905 οιιιιεειε.
