4118 6462
239 407 338 464 ﬂ!

852 395 910 454 Β.
952 395 1274 453 GREGORII
1310 392 1515 452 PAPE
1555 390 1736 457 VITA,
1776 384 1981 445 AUCT.‘
2021 376 2283 439 JOANNE
2320 373 2637 433 DIACONO.
2679 369 2806 428 LIB.
2844 366 2912 425 ll.

2337 274 2425 287 ἐσμ

3412 364 3517 419 192

248 521 501 581 Ecclesize
528 530 802 587 nunquam
832 515 983 580 ﬁant,
1016 529 1084 571 ne
1111 515 1236 570 dum
1261 511 1601 569 commodum
1631 506 1830 579 quaeri-
1858 512 1907 567 Α
1933 508 1995 554 ut
2020 512 2106 554 res
2134 495 2322 551 alienae
2341 491 2538 562 injuste
2581 487 2727 546 nullo
2746 483 2908 543 modo
2927 497 2959 540 a
2979 478 3281 540 creditoriis
3297 477 3517 537 defrau-

256 626 358 680 tur,
383 609 739 669 conductores
763 607 1073 677 frequenter
1100 606 1464 661 immutentur.
1488 600 1565 656 Ex
1585 614 1689 671 qua
1713 615 1834 653 mu-

254 707 459 762 tatione
482 701 609 773 quid
636 699 779 754 aliud
799 699 993 769 agitur,
1024 698 1126 753 nisi
1155 707 1211 751 ut
1240 695 1602 752 ecclesiastica
1630 691 1831 764 praedia

255 809 524 864 nunquam
564 791 846 848 colantur?
887 788 996 845 Sed
1042 796 1097 843 et
1142 788 1254 857 ipsa
1308 786 1470 841 etiam
1518 782 1827 848 libellatica,

255 896 415 961 prout
438 900 644 942 summa
671 883 947 954 pensionis
974 882 1152 948 fuerit,
1195 880 1559 935 moderentur.
1591 877 1695 933 Per
1721 877 1831 931 cel-

254 982 332 1037 las
360 986 413 1035 et
452 978 665 1035 cellaria
708 992 815 1032 non
845 975 964 1046 plus
989 974 1056 1028 de
1085 974 1275 1029 massis
1301 970 1551 1029 Ecclesiae
1597 981 1652 1027 te
1688 972 1829 1027 acci-

251 1086 382 1136 pere
428 1069 694 1133 volumus,
742 1066 843 1121 nisi
883 1072 1141 1136 quantum
1190 1061 1525 1119 consuetudo
1566 1069 1666 1117 est.
1700 1070 1726 1100 ι
1753 1060 1831 1117 Te

251 1172 432 1218 autem
461 1174 582 1233 quae
622 1172 937 1231 comparare
982 1157 1259 1227 jussimus,
1290 1155 1359 1211 ab
1388 1154 1657 1211 extraneis
1682 1167 1832 1210 com-

252 1263 533 1328 parentur.

328 1366 346 1400 ι
382 1346 635 1403 Pervenit
676 1354 856 1402 autem
902 1344 969 1401 ad
998 1359 1097 1400 nos
1134 1351 1247 1400 tres
1287 1343 1451 1399 libras
1499 1341 1619 1398 auri
1665 1341 1830 1397 Petro

248 1439 566 1496 conductori
609 1439 677 1496 de
721 1440 1079 1513 Subpatriana
1117 1440 1316 1510 injuste
1346 1439 1551 1494 ablatas
1579 1456 1593 1492 :
1625 1437 1693 1493 de
1722 1451 1829 1507 qua

247 1546 407 1589 causa
439 1530 730 1589 Fantinum
772 1533 1109 1590 defensorem
1144 1533 1413 1589 subtiliter
1441 1532 1673 1602 require,
1703 1537 1758 1585 et
1785 1529 1831 1585 si

246 1622 551 1695 manifeste,
593 1626 790 1696 injuste
818 1635 873 1683 et
902 1627 1332 1697 incompetenter
1353 1626 1546 1681 ablatae
1569 1623 1726 1691 s'unt,
1756 1624 1830 1679 si-

246 1731 311 1773 ne
337 1717 519 1788 aliqua
541 1719 796 1775 tarditate
818 1720 1062 1776 restitue.

318 1848 336 1881 ο
353 1827 720 1898 Cognovimus
730 1830 891 1886 etiam
912 1831 1139 1887 rusticos
1151 1831 1526 1887 burdationem
1548 1844 1708 1901 quam
1717 1828 1828 1900 jam

244 1920 307 1975 ab
335 1919 415 1974 eis
444 1927 693 1976 exactam
724 1920 1057 1979 Theodosius
1086 1923 1308 1979 minime
1346 1923 1700 1993 persolverat,
1724 1923 1825 1976 ite-

242 2027 357 2068 rum
388 2013 624 2080 dedisse,
656 2015 728 2069 ita
776 2024 835 2069 ut
874 2016 927 2071 in
957 2017 1121 2086 duplo
1152 2017 1328 2071 exacti
1357 2017 1485 2072 sint.
1519 2015 1673 2083 Quod
1702 2016 1824 2070 ideo

242 2104 442 2160 factum
474 2115 576 2174 est,
606 2108 731 2175 quia
759 2106 873 2175 ejus
901 2107 1198 2163 substantia
1214 2107 1280 2163 ad
1303 2108 1541 2164 debitum
1573 2107 1825 2163 Ecclesia:

242 2212 345 2251 non
399 2197 725 2254 sufficiebat.
774 2198 882 2254 Sed
925 2201 1179 2270 quoniam
1232 2214 1330 2269 per
1377 2199 1542 2254 tilium
1580 2206 1824 2253 nostrum

242 2287 557 2344 Servumdei
599 2290 887 2345 diaconum
925 2292 1100 2347 edocti
1152 2306 1335 2347 sumus
1362 2290 1507 2361 quod
1554 2305 1621 2347 ex
1663 2290 1826 2345 rebus

241 2382 554 2438 substantia:
581 2383 699 2453 ejus
726 2383 897 2454 possit
925 2385 1027 2441 boc
1064 2386 1237 2455 ipsum
1266 2385 1521 2441 damnum
1549 2382 1823 2442 sufficien-

241 2484 319 2532 ter
340 2476 616 2543 resarciri,
638 2478 884 2535 volumus
903 2480 1229 2549 quingentos
1255 2488 1465 2550 septem
1482 2479 1688 2536 solidos
1711 2481 1821 2535 eis-

241 2564 357 2621 dem
385 2567 611 2622 rusticis
642 2568 759 2623 sine
799 2569 975 2637 aliqua
1006 2569 1382 2626 imminutione
1411 2571 1643 2635 restitui,
1671 2585 1742 2625 ne
1770 2570 1826 2626 in

239 2656 395 2727 duplo
426 2658 719 2714 videantur
764 2660 959 2716 exacti.
1016 2659 1072 2716 Si
1130 2669 1310 2715 autem
1355 2676 1515 2731 supra
1573 2661 1826 2716 damnum

239 2750 567 2805 rusticorum
597 2750 759 2805 etiam
787 2751 1146 2821 quadraginta
1189 2751 1347 2807 solidi
1375 2751 1442 2806 de
1467 2740 1628 2806 rebus
1648 2750 1828 2806 Theo-

240 2840 374 2896 dosii
404 2849 719 2909 remanent,
750 2858 888 2913 quos
927 2851 981 2897 et
1006 2842 1146 2915 apud
1175 2850 1231 2898 te
1259 2842 1453 2899 diceris
1480 2843 1702 2911 habere,
1734 2858 1828 2898 vo-

237 2931 406 2989 lumus
447 2940 506 2988 ut
553 2932 674 2988 illia:
724 2934 843 3003 ejus
885 2934 1201 3003 reddantur,
1230 2943 1291 2989 ut
1318 2950 1406 2991 res
1435 2950 1579 2999 suas,
1614 2948 1748 3003 quas
1773 2935 1828 2989 in

236 3024 466 3094 pignore
493 3024 734 3091 dederat,
760 3026 1003 3097 recipere
1031 3025 1244 3081 debeat.
1276 3025 1374 3081 Cui
1401 3026 1563 3083 etiam
1593 3025 1620 3065 δ
1648 3026 1825 3081 batio-

238 3114 337 3171 lam
359 3116 541 3188 patris
560 3117 644 3172 sui
670 3118 881 3173 restitui
906 3118 1173 3174 volumus.

242 3232 249 3238 '
312 3247 328 3280 ι
354 3228 778 3300 Campanianus,
811 3230 1077 3302 gloriosus
1120 3232 1374 3301 magister
1401 3230 1653 3298 militum,
1682 3230 1821 3287 duo-

240 3318 406 3374 decim
449 3320 651 3375 solidos
691 3336 897 3376 annuos
923 3320 1122 3377 Joanni
1164 3324 1378 3379 notario
1407 3338 1506 3378 suo
1536 3323 1829 3394 reliquerat

243 3424 306 3465 ex
337 3426 515 3467 massa
547 3410 879 3467 Varroniana
913 3430 926 3466 :
960 3428 1099 3483 quos
1145 3412 1277 3469 dare
1320 3422 1375 3470 te
1426 3416 1581 3471 annis
1606 3415 1829 3484 singulis

245 3502 357 3558 sine
384 3503 566 3572 aliqua
590 3502 924 3559 dubitatione
950 3506 1288 3576 prmcipimus
1325 3507 1473 3575 nepti
1504 3504 1658 3575 Eupli
1688 3521 1825 3561 con-

245 3594 502 3665 ductoris,
533 3597 778 3665 quamvis
801 3613 963 3653 omne
993 3599 1189 3654 mobile
1243 3598 1486 3667 ejusdem
1523 3600 1680 3670 Eupli
1707 3615 1829 3670 per-

244 3689 474 3758 ceperit,
504 3689 742 3758 exceptis
766 3690 1027 3744 duntaxat
1054 3691 1259 3747 solidis.
1292 3690 1431 3747 Dare
1461 3692 1622 3747 etiam
1651 3693 1717 3747 de
1740 3708 1829 3747 so-

244 3777 362 3834 lidis
392 3779 535 3834 illius
564 3786 618 3832 te
642 3779 887 3834 volumus
915 3780 1117 3834 solidos
1142 3764 1331 3850 viginti
1376 3782 1635 3851 quinque.
1691 3782 1832 3854 Sup-

241 3869 563 3939 positorium
586 3868 804 3935 aliquod
831 3880 1140 3938 argenteum
1168 3886 1269 3941 pro
1296 3886 1404 3925 uno
1432 3872 1606 3927 solido
1635 3874 1831 3929 dicitur

240 3976 363 4017 esse
393 3961 727 4037 appositum,
753 3969 809 4014 et
837 3961 977 4015 calix
1002 3976 1102 4032 pro
1145 3976 1239 4017 sex
1279 3963 1463 4018 solidis
1491 3965 1686 4019 dicitur
1711 3980 1831 4023 esse

242 4052 543 4125 appositus.
572 4050 911 4121 lnterrogato
933 4052 1212 4109 Dominico
1241 4057 1558 4123 secretario,
1587 4059 1671 4113 vel
1711 4059 1831 4125 aliis

242 4145 331 4212 qui
359 4145 501 4200 scire
527 4153 772 4215 possunt,
801 4146 1040 4202 debitum
1065 4148 1266 4220 recipe,
1290 4157 1347 4205 et
1370 4152 1586 4207 vascula
1610 4151 1829 4224 praefata

243 4236 487 4291 restitue.

322 4368 339 4402 t
375 4349 597 4418 Agimus
626 4357 806 4406 autem
826 4361 1027 4420 gratias
1064 4352 1411 4410 sollicitudini
1453 4364 1579 4425 tuac,
1609 4357 1735 4428 quia
1762 4358 1831 4415 de

246 4455 405 4496 causa
451 4440 630 4496 fratris
658 4443 763 4497 mei
794 4443 1025 4513 praecepi
1055 4444 1151 4499 tibi
1183 4454 1241 4500 ut
1269 4455 1548 4514 argentum
1575 4449 1715 4504 illius
1744 4465 1830 4505 re-

248 4532 611 4588 transmittere
632 4532 937 4601 debuisses,
968 4546 1024 4589 et
1053 4536 1131 4589 sic
1158 4535 1415 4593 oblivioni
1445 4540 1730 4607 mandasti,
1765 4557 1830 4598 ac

1932 590 2145 646 dentur.

2009 701 2028 735 ε
2060 680 2328 736 Antonino
2358 675 2618 733 medietas
2654 675 2815 745 legati
2841 672 2926 729 sui
2952 671 3080 728 data
3107 676 3211 734 est,
3251 666 3514 725 medietas

1930 776 2225 832 redimetur
2252 793 2265 827 :
2294 788 2455 842 quam
2486 770 2829 825 medietatem
2868 783 2935 823 ex
2963 766 3235 823 communi
3263 765 3513 819 substan-

1931 870 2004 924 tia
2033 869 2081 924 ei
2111 867 2358 923 volumus
2377 862 2654 933 adimpleri
2673 880 2688 928 ;
2710 869 2766 917 et
2794 876 2901 915 non
2921 860 3096 915 solum
3118 858 3189 923 ei,
3219 855 3315 912 sed
3349 855 3512 910 etiam

1931 957 2322 1021 delensoribus,
2342 963 2398 1011 et
2418 952 2733 1024 peregrinis,
2748 951 2941 1020 quibus
2951 949 3113 1020 legati
3130 949 3288 1003 titulo
3311 944 3513 1015 aliquid

1931 1050 2236 1118 dereliquit,
2262 1056 2316 1104 et
2339 1047 2552 1102 familia:
2582 1047 2814 1115 legatum
2836 1043 3068 1114 persolvi
3082 1042 3348 1107 volumus,
3368 1036 3513 1109 quod

1933 1153 2111 1199 tamen
2142 1141 2213 1197 ad
2263 1156 2363 1197 nos
2391 1139 2648 1211 pertinet.
2700 1136 2940 1193 Colleota
2980 1147 3109 1203 ergo
3132 1134 3360 1199 ratione,
3410 1144 3512 1202 pro

1930 1245 2113 1293 nostra
2142 1241 2317 1304 parte,
2349 1233 2403 1287 id
2428 1239 2533 1296 est,
2565 1245 2665 1301 pro
2693 1242 2887 1284 novem
2916 1226 3091 1282 unciis
3118 1224 3387 1296 persolvo.

2009 1346 2027 1379 ε
2061 1326 2138 1381 De
2165 1324 2350 1381 solidis
2377 1322 2631 1379 Ecclesia:
2659 1318 2945 1375 Canusina:
2969 1316 3218 1373 volumus
3239 1326 3296 1370 ut
3315 1314 3513 1384 aliquid

1929 1419 2139 1497 clericis
2185 1418 2427 1489 ejusdem
2469 1413 2725 1472 Ecclesia:
2751 1412 3030 1482 largiaris,
3063 1416 3350 1481 quatenus,
3396 1415 3451 1463 et
3479 1408 3513 1465 ii

1930 1517 2021 1588 qui
2050 1530 2192 1570 nunc
2211 1513 2449 1584 inopiam
2477 1511 2773 1582 patiuntur,
2801 1506 3250 1563 sustentationem
3283 1504 3513 1573 aliquam

1931 1607 2185 1672 habeant,
2216 1613 2272 1660 et
2300 1604 2346 1659 si
2374 1603 2482 1658 illic
2504 1601 2646 1657 Deus
2671 1598 2904 1656 voluerit
2926 1596 3162 1654 ordinari
3181 1596 3513 1667 episcopum,

1929 1700 2126 1756 habeat
2153 1697 2297 1754 unde
2320 1696 2595 1753 subsistat.

2010 1810 2027 1844 ι
2061 1792 2140 1846 De
2166 1789 2331 1861 lapsis
2357 1787 2729 1844 sacerdotibus
2756 1787 2843 1842 vel
2872 1785 3118 1856 quolibet
3149 1799 3217 1840 ex
3240 1786 3389 1841 clero
3416 1781 3514 1837 ob-

1856 1899 1905 1961 Β
1929 1897 2146 1941 servare
2172 1890 2224 1937 te
2250 1880 2500 1937 volumus
2520 1887 2581 1934 ut
2608 1878 2662 1933 in
2681 1877 2843 1933 rebus
2867 1892 3054 1933 eorum
3080 1877 3224 1931 nulla
3253 1874 3515 1932 contamia

1930 1977 2147 2033 natione
2188 1973 2486 2036 miscearis,
2523 1970 2618 2027 sed
2648 1971 2995 2042 pauperrima
3024 1970 3295 2039 regularia
3322 1981 3514 2023 mona-

1926 2067 2089 2123 steria
2120 2064 2356 2136 require,
2380 2077 2501 2133 quae
2517 2061 2809 2117 secundum
2830 2061 2995 2115 Deum
3014 2061 3195 2115 vivere
3222 2059 3433 2123 sciunt;
3461 2064 3515 2113 et

1932 2158 1986 2212 in
2017 2155 2225 2212 eisdem
2253 2152 2597 2209 monasteriis
2623 2149 2691 2206 ad
2729 2150 3101 2221 paenitentiam
3131 2150 3314 2219 lapsos
3344 2147 3517 2217 trade,

1927 2260 1985 2304 et
2010 2263 2099 2303 res
2128 2247 2403 2319 lapsorum
2424 2245 2477 2298 in
2499 2258 2566 2300 eo
2588 2243 2710 2299 loco
2740 2242 2987 2313 proliciat
3017 2242 3070 2297 in
3098 2257 3205 2311 quo
3227 2255 3385 2311 agere
3405 2255 3517 2311 nmo

1927 2340 2206 2396 nitentiam
2261 2335 2565 2405 traduntur,
2592 2342 2859 2404 quatenus
2897 2334 2997 2404 ipsi
3029 2348 3099 2389 ex
3138 2333 3299 2389 rebus
3331 2346 3516 2395 eorum

1926 2434 2223 2491 subsidium
2260 2433 2516 2498 habeant,
2546 2430 2637 2502 qui
2665 2429 2733 2484 de
2761 2427 3100 2485 correctione
3142 2439 3330 2481 eorum
3366 2423 3517 2479 solli-

1928 2526 2223 2583 citudinem
2240 2530 2454 2593 gerunt.
2480 2522 2537 2577 Si
2558 2536 2689 2577 vero
2714 2527 2965 2591 parentes
2985 2516 3206 2580 habent,
3230 2530 3317 2570 res
3332 2528 3516 2571 eorum

1925 2618 2180 2689 legitimis
2208 2615 2526 2688 parentibus
2553 2613 2770 2680 dentur,
2802 2613 2875 2666 ita
2904 2619 3086 2666 autem
3126 2617 3185 2663 ut
3209 2623 3397 2664 eorum
3418 2607 3516 2662 sti-

1927 2711 2203 2784 pendium,
2228 2709 2320 2780 qni
2347 2709 2400 2763 in
2424 2706 2793 2778 paenitentiam
2814 2704 2922 2760 dati
2953 2702 3169 2768 fuerint,
3191 2698 3516 2757 sufﬁcienter

1926 2802 2120 2857 debeat
2146 2798 2445 2870 procurari.
2473 2798 2531 2852 Si
2554 2796 2645 2867 qui
2668 2810 2797 2850 vero
2825 2810 2894 2849 ex
2921 2794 3120 2848 familia
3139 2791 3505 2847 ecclesiastica

1926 2892 2254 2955 sacerdotes,
2284 2889 2372 2944 vel
2400 2888 2591 2949 levitae,
2623 2886 2709 2941 vel
2738 2884 3006 2950 monachi,
3059 2882 3144 2938 vel
3189 2880 3390 2943 clerici,
3422 2881 3510 2935 vel

1927 2983 2155 3054 quilibet
2176 2980 2265 3037 alii
2296 2980 2427 3050 lapsi
2450 2978 2663 3043 fuerint,
2688 2977 2801 3032 dari
2829 2991 2924 3031 eos
2947 2975 3000 3029 in
3020 2970 3389 3044 paenitentiam
3418 2984 3516 3024 vo.

1928 3074 2127 3140 lumus,
2149 3071 2244 3127 sed
2272 3085 2361 3125 res
2381 3084 2566 3125 eorum
2590 3067 2955 3123 ecclesiastico
2977 3064 3084 3134 juri
3114 3078 3221 3118 non
3250 3060 3512 3124 subtrahi,

1930 3166 1995 3219 ad
2025 3179 2177 3219 usum
2194 3170 2375 3217 tamen
2401 3176 2555 3215 suum
2578 3160 2867 3229 accipiant,
2890 3156 3031 3212 unde
3053 3155 3121 3210 ad
3150 3152 3511 3225 pmnitendum

1858 3283 1901 3344 ρ
1931 3257 2254 3321 subsistant;
2287 3270 2355 3309 ne
2382 3255 2426 3308 si
2458 3253 2746 3315 nudentur,
2779 3251 2914 3307 locis
2941 3251 2996 3305 in
3041 3249 3235 3319 quibus
3259 3247 3368 3302 dati
3400 3247 3514 3301 fue-

1932 3351 2043 3405 rint
2066 3348 2284 3404 onerosi
2310 3348 2436 3402 sint.
2466 3345 2523 3401 Si
2545 3361 2682 3416 quos
2703 3352 2953 3415 parentes
2983 3345 3035 3397 in
3057 3342 3397 3412 possessione
3422 3340 3513 3393 ha~

1930 3443 2080 3508 bent,
2111 3442 2243 3511 ipsis
2271 3455 2360 3495 res
2381 3432 2568 3494 eurum
2595 3432 2869 3497 tradendae
2897 3442 3042 3502 sunt,
3075 3443 3133 3488 ut
3161 3435 3228 3488 ab
3256 3433 3385 3504 ipsis
3407 3432 3512 3502 juri

1931 3533 2190 3589 Ecclesiae
2216 3538 2625 3588 conserventur.

2009 3643 2028 3676 ι
2063 3624 2201 3679 Ante
2228 3624 2517 3679 triennium
2548 3621 2859 3677 subdiaconi
2882 3619 3123 3676 omnium
3152 3618 3514 3674 Ecclesiarum

1933 3721 2128 3779 Sicilize
2158 3719 2415 3789 prohibiti
2461 3717 2673 3773 fuerant
2719 3726 2779 3771 ut
2805 3732 2956 3773 more
2991 3716 3245 3772 Romanae
3271 3713 3515 3770 Ecclesia:

1930 3813 2043 3869 suis
2068 3810 2327 3865 uxoribus
2355 3808 2659 3864 nullatenus
2685 3808 3063 3863 miscerentur.
3096 3805 3250 3872 Quod
3273 3805 3403 3859 mihi
3423 3806 3518 3859 dus

1933 3920 2053 3960 rum
2083 3911 2247 3973 atque
2292 3902 2664 3971 incompetens
2702 3900 2942 3965 videtur;
2990 3909 3051 3954 ut
3076 3899 3169 3969 qui
3194 3915 3348 3954 usum
3372 3897 3519 3967 ejus-

1933 3998 2056 4053 dem
2086 3994 2430 4052 continentiae
2459 4008 2566 4049 non
2610 3993 2837 4059 invenit,
2864 4008 3041 4063 neque
3062 3992 3366 4048 castitatem
3393 3998 3517 4047 ante

1932 4087 2237 4161 proposuit,
2285 4086 2642 4157 compellatur
2675 4101 2708 4139 a
2735 4100 2831 4140 sua
2861 4099 3033 4155 uxore
3060 4084 3323 4155 separari,
3358 4092 3519 4155 atque

1930 4194 2029 4250 per
2072 4178 2196 4239 hoc,
2252 4176 2396 4246 quod
2436 4176 2596 4242 absit,
2634 4176 2871 4231 deterius
2899 4175 3078 4232 cadat.
3110 4173 3261 4230 Unde
3308 4175 3519 4231 videtur

1931 4270 2062 4325 mihi
2092 4278 2207 4325 uta
2248 4269 2497 4340 praesenti
2527 4268 2615 4324 die
2646 4268 2909 4339 episcopis
2947 4268 3197 4323 omnibus
3226 4267 3435 4322 dicatur
3461 4273 3520 4324 ut

1934 4362 2137 4417 nullum
2166 4359 2348 4417 facere
2377 4360 2765 4416 subdiaconum
2817 4367 3162 4429 praesumant,
3211 4359 3311 4414 nisi
3342 4360 3433 4428 qui
3462 4373 3519 4412 se

1931 4456 2197 4511 victurum
2213 4462 2359 4510 caste
2380 4454 2709 4524 promiserit,
2725 4461 2990 4522 quatenus
3011 4461 3064 4506 et
3086 4452 3376 4522 praeterita,
3400 4464 3517 4519 qum

1932 4548 2209 4619 proposito
2260 4547 2454 4601 mentis
2493 4546 2731 4617 appetita
2780 4561 2887 4600 non
2928 4553 3071 4609 sunt,
3103 4544 3369 4597 violenter
3410 4557 3517 4596 non

247 4624 291 4728 ii
334 4624 665 4728 tibialiqmt
697 4626 764 4679 ah
800 4636 1048 4728 extremo
1082 4624 1367 4699 mancipio
1399 4639 1492 4685 tuo
1535 4631 1825 4687 diceretur.
1858 4668 1910 4728 υ
1934 4640 2243 4711 exigantur,
2274 4648 2328 4693 et
2356 4639 2534 4694 futura
2563 4647 2720 4693 caute
2746 4648 3058 4693 caveantur.
3099 4635 3198 4701 Qui
3242 4649 3370 4690 vero
3398 4642 3517 4705 post

248 4713 397 4782 Quod
422 4716 558 4787 jam,
582 4718 668 4772 vel
691 4717 849 4773 modo
874 4735 980 4773 non
1010 4721 1365 4789 experientia,
1393 4722 1495 4793 75
1525 4724 1618 4777 sed
1654 4723 1824 4793 negli-

250 4808 422 4872 gentia
459 4817 545 4862 tua
569 4807 782 4865 studeat
807 4809 1053 4877 implere,
1104 4810 1186 4865 vel
1233 4811 1488 4882 quidquid
1526 4812 1643 4882 ejus
1683 4816 1827 4884 apud

252 4894 574 4953 Antoninum
617 4898 781 4953 fuisse
827 4900 1170 4969 cognoveris,
1218 4904 1316 4958 sub
1365 4905 1511 4958 omni
1541 4905 1829 4962 velocitate

251 4991 630 5047 retransmitte.

326 5099 344 5132 ‹
378 5080 457 5136 De
488 5097 652 5138 causa
681 5082 917 5155 Salpingi
962 5083 1128 5139 Judaei
1160 5096 1385 5155 eprstona
1416 5088 1593 5158 aliqua
1646 5098 1729 5144 est
1756 5091 1832 5145 in-

254 5183 427 5241 venta,
449 5189 611 5245 quam
638 5176 732 5232 tibi
754 5176 976 5233 fecimus
995 5178 1303 5245 transmitti,
1329 5188 1388 5233 ut
1413 5195 1531 5236 eam
1562 5182 1826 5253 relegens,

256 5273 308 5318 et
333 5269 598 5326 subtiliter
625 5285 841 5325 causam
877 5270 1014 5340 ejus,
1057 5272 1140 5326 vel
1168 5272 1345 5328 viduae
1382 5276 1682 5345 cujusdam,
1710 5297 1829 5351 qum

257 5354 306 5409 in
327 5360 514 5415 eodem
545 5363 763 5431 negotio
803 5363 1002 5418 dicitur
1038 5364 1328 5435 implicata.
1384 5383 1731 5439 cognoscens,
1763 5375 1829 5431 de

258 5448 632 5521 quinquaginta
671 5469 781 5508 uno
806 5454 992 5510 solidis
1025 5465 1048 5495 ο
1079 5457 1168 5527 qui
1198 5458 1465 5513 redhiberi
1511 5474 1825 5530 noscuntur,

259 5535 392 5592 sicut
418 5541 619 5609 justum
646 5543 741 5599 tibi
782 5545 953 5599 visum
980 5545 1156 5613 fuerit,
1188 5562 1502 5619 responsum
1534 5550 1718 5619 facias,
1758 5555 1831 5610 ita

330 5699 355 5729 ι
380 5692 437 5748 In
461 5697 728 5755 nonnullis
757 5698 907 5766 Mss.,
938 5716 999 5753 ea
1022 5708 1192 5755 autem
1216 5718 1351 5773 qua.
1380 5701 1437 5757 In
1468 5703 1605 5770 aliis,
1630 5715 1717 5759 tua
1738 5724 1834 5761 au-

264 5766 357 5836 tem
383 5781 493 5836 qua
518 5772 831 5836 comparari.

266 5787 357 5816 Iam
383 5787 493 5836 quin
518 5787 831 5841 comparari.

330 5832 355 5870 δ
383 5837 515 5903 Quid
559 5841 630 5894 sit
671 5840 884 5905 batiola,
933 5842 1148 5911 require
1185 5844 1239 5898 in
1276 5846 1417 5900 uotis
1459 5845 1522 5899 ad
1552 5846 1827 5914 epistolas.

266 5892 485 5961 tandem
504 5912 785 5961 consulere
812 5922 921 5961 non
941 5913 1140 5961 uiuant.
1166 5912 1209 5961 ιι
1237 5915 1362 5961 num
1382 5914 1710 5961 diﬂlcnltntin
1738 5924 1827 5961 bna

399 5921 485 5963 ein
504 5912 785 5966 consulere
812 5922 921 5967 non
940 5913 1141 5981 pigeat,
1166 5912 1209 5969 si
1237 5915 1362 5981 quid
1382 5912 1710 5973 diﬂlcultatil
1738 5924 1831 5971 cca

1933 4728 2178 4787 eamdem
2202 4730 2640 4804 prohibitionem,
2663 4744 2781 4798 qua:
2803 4738 2929 4782 ante
2950 4727 3234 4781 triennium
3258 4726 3394 4781 facta
3411 4735 3515 4790 est,

1933 4825 2276 4880 continenter
2301 4838 2421 4877 cum
2466 4824 2577 4877 suis
2608 4821 2923 4888 conjugibus
2963 4819 3232 4883 vixerunt,
3264 4819 3516 4875 laudandi

1933 4925 2097 4985 atque
2126 4913 2502 4969 remunerandi
2548 4920 2692 4976 sunt,
2720 4918 2773 4963 et
2797 4917 2856 4962 ut
2902 4910 2953 4963 in
3002 4910 3144 4964 bono
3182 4926 3280 4964 suo
3306 4924 3517 4978 perma-

1936 5013 2101 5062 neant
2119 5004 2461 5060 exhortandi.
2492 5001 2598 5055 Eos
2626 5009 2805 5055 autem
2828 5002 2919 5071 qui
2950 5008 3070 5071 post
3100 5002 3516 5071 prohibitionem

1938 5097 2133 5153 factam
2153 5112 2212 5152 se
2238 5112 2267 5150 a
2288 5096 2399 5151 suis
2421 5094 2679 5149 uxoribus
2701 5093 2976 5148 continere
3001 5092 3306 5158 noluerunt,
3332 5107 3495 5163 perve

1936 5190 2053 5246 nire
2094 5190 2162 5244 ad
2189 5202 2401 5243 sacrum
2430 5186 2673 5243 ordinem
2704 5187 2968 5254 nolumus,
2996 5188 3119 5256 quia
3153 5188 3328 5242 nullus
3358 5186 3514 5241 debet

1935 5283 2003 5339 ad
2034 5281 2386 5337 ministerium
2410 5281 2593 5336 altaris
2614 5281 2721 5352 76
2744 5281 3023 5346 accedere,
3054 5281 3152 5335 nisi
3177 5281 3329 5351 cujus
3355 5278 3488 5335 casti
3510 5305 3518 5312 -

1937 5386 2018 5429 tas
2042 5381 2167 5428 ante
2195 5380 2501 5443 susceptum
2530 5373 2884 5428 ministerium
2913 5372 3072 5428 fuerit
3095 5374 3409 5444 approbata.

2013 5483 2029 5514 ‹
2061 5462 2309 5518 Liberata
2331 5462 2674 5532 negotiatori,
2693 5463 2784 5532 qui
2806 5478 2865 5517 se
2887 5462 3141 5517 Ecclesiae
3169 5458 3514 5516 commenda-

1935 5552 2030 5618 vit,
2062 5553 2149 5621 qui
2180 5552 2385 5607 habitat
2406 5553 2459 5605 in
2489 5566 2665 5607 massa
2684 5552 2956 5617 Cinciana,
2984 5568 3215 5606 annuam
3232 5549 3516 5606 continen-

1933 5716 2113 5782 currat
2141 5709 2189 5763 in
2220 5710 2428 5782 czuteris
2456 5710 2698 5782 epistolis
2718 5725 2749 5765 a
2767 5709 2974 5782 Joanne
2999 5709 3235 5782 Diacono
3263 5706 3512 5777 laudatis,

1934 5781 2184 5834 nimirum
2216 5796 2334 5850 qua:
2358 5780 2466 5849 jam
2489 5778 2615 5836 alibi
2636 5778 3050 5837 observavimus.
3084 5778 3190 5832 hoc
3211 5779 3328 5834 loco
3356 5793 3517 5851 rupe-

1934 5855 2049 5904 tere
2079 5852 2352 5905 ttediosutn
2373 5854 2531 5905 foret.

2008 5931 2028 5957 ι·
2063 5920 2167 5976 ΑΙ..
2196 5921 2342 5973 reddi
2371 5914 2568 5974 debent
