4118 6450
132 6172 647 6444 Α

132 6172 647 6444 Α

565 365 671 426 {23

1182 356 1245 418 Β.
1281 356 1609 419 GREGORII
1648 357 1853 417 PAF}!
1896 355 2075 424 νιτΑ.
2114 352 2163 410 Α

2265 351 2317 413 1⁵.
2357 349 2622 409 JOANNB
2663 347 2974 409 DIAGONO.
3010 345 3141 407 LIB.
3179 345 3250 407 ll.

3753 348 3855 413 iu

565 492 694 547 tiam
725 503 756 544 a
783 490 838 545 te
861 487 1110 543 volumus
1137 482 1272 539 lteri.
1304 483 1470 552 Cujus
1498 483 1848 541 continentia
1878 494 2144 537 summam
2172 480 2225 539 Α
2248 474 2469 545 aliquod
2498 474 2811 533 alimentum
2839 472 3041 545 praebe,
3068 474 3195 543 quia
3223 471 3486 530 Maximus
3511 485 3641 531 eum
3670 472 3728 532 in
3760 472 3849 532 Si-

566 587 681 655 ipse
699 582 904 638 aestima
925 577 1096 651 qualis
1124 592 1242 632 esse
1281 575 1498 641 debeat,
1531 584 1588 630 ut
1629 575 1939 629 renuntiata
1967 572 2146 636 nobis,

566 677 622 732 in
651 676 757 730 tuis
780 671 1073 728 rationibus
1102 669 1273 739 possit
1309 666 1584 738 imputari.
1617 664 1698 722 De
1736 664 1990 736 presenti
2018 676 2150 721 vero

566 765 861 822 indictione
881 761 991 831 jam
1021 772 1049 813 ι
1080 757 1191 814 tilio
1227 764 1414 812 nostro
1442 754 1701 810 Servodei
1747 754 1976 811 diacono
2022 766 2153 821 per-

566 859 687 930 cepi
738 856 881 928 quod
934 846 1220 909 Pastinum
1265 850 1605 906 defensorem
1644 847 1880 903 Joannes
1930 845 2150 923 quidam

565 950 859 1007 monachus
904 947 1144 1003 moriens
1170 946 1225 1000 in
1255 956 1353 1000 sex
1394 943 1581 1001 uncias
1616 938 1885 996 heredem
1928 937 2151 994 dimisit.

565 1044 663 1099 Cui
686 1042 790 1097 hoc
810 1039 1028 1111 quidem
1057 1037 1202 1109 quod
1228 1037 1507 1097 dimissum
1533 1042 1619 1090 est
1642 1033 1817 1116 trade,
1845 1030 1940 1087 sed
1960 1038 2154 1088 eonte-

563 1144 858 1201 starecutn
888 1142 948 1189 ut
976 1134 1081 1189 hoc
1110 1134 1287 1188 facere
1316 1130 1539 1186 ulterius
1568 1144 1676 1184 non
1705 1133 2016 1198 prosumat,
2056 1122 2155 1181 sed

562 1245 662 1303 pro
689 1228 876 1282 labore
903 1234 1001 1282 suo
1027 1232 1205 1280 stante
1231 1223 1376 1293 quod
1406 1222 1654 1293 accipiat,
1685 1227 1746 1275 ut
1765 1219 1815 1275 ei
1836 1232 2041 1277 vacuus
2070 1220 2155 1273 ia-

564 1322 665 1377 bor
687 1330 814 1376 suus
851 1328 971 1374 esse
997 1328 1105 1374 non
1132 1317 1360 1382 debeat;
1390 1316 1447 1369 et
1486 1315 1592 1369 huc
1620 1311 1946 1375 metninerit,
1973 1315 2033 1364 ut
2063 1308 2157 1378 qui

564 1411 819 1468 Ecclesiae
864 1409 1139 1480 stipendiis
1174 1408 1436 1473 subsistit,
1484 1404 1553 1460 ad
1594 1403 1741 1459 lucra
1796 1402 2015 1474 propria
2047 1412 2160 1460 non

566 1504 805 1559 anhelet.
830 1502 885 1557 Si
914 1500 1042 1573 quid
1086 1512 1217 1557 vero
1262 1500 1382 1555 sine
1408 1506 1633 1569 peccato
1664 1504 1720 1551 et
1761 1495 1878 1552 sine
1915 1493 2159 1563 appetitu

564 1592 1014 1665 concupiscentiae
1040 1604 1136 1664 per
1163 1606 1260 1647 eos
1279 1591 1369 1661 qui
1398 1602 1590 1646 causas
1617 1586 1871 1643 Ecclesiae
1898 1592 2064 1655 agunt
2090 1583 2160 1640 ad

566 1688 858 1744 Ecclesiam
881 1689 1107 1753 venerit,
1141 1674 1369 1756 dignum
1389 1691 1473 1740 est
1499 1691 1557 1738 ut
1576 1681 1678 1753 ipsi
1706 1681 1863 1737 vacui
1884 1695 1951 1735 ex
1973 1678 2160 1735 labore

566 1796 666 1836 suo
691 1794 812 1835 esse
851 1794 956 1834 non
986 1778 1240 1843 debeant,
1291 1778 1387 1833 sed
1437 1783 1624 1831 nostro
1665 1781 1914 1833 servetur
1950 1770 2157 1840 judicio

565 1872 795 1943 qualiter
817 1868 1048 1927 debeant
1075 1868 1430 1926 remunerari.

642 1983 662 2015 ι
695 1964 771 2018 De
797 1972 1022 2033 argento
1049 1962 1346 2019 Rusticiani
1375 1975 1595 2017 causam
1622 1957 1890 2015 subtiliter
1917 1954 2151 2026 require,

564 2061 619 2110 et
646 2055 789 2126 quod
822 2056 915 2109 tibi
940 2054 1144 2124 justum
1174 2050 1389 2107 videtur
1425 2064 1743 2120 exsequere.
1789 2046 2155 2105 Alesandrum

563 2146 734 2201 virum
783 2144 1123 2215 magniﬁcum
1168 2144 1430 2211 admone,
1475 2150 1536 2197 ut
1573 2156 1791 2197 causam
1832 2154 1985 2194 suam
2033 2152 2157 2193 cum

563 2246 748 2293 sancta
777 2235 1015 2293 Ecclesia
1045 2234 1295 2291 decidere
1315 2234 1531 2289 debeat.
1564 2231 1721 2299 Quod
1746 2230 1790 2285 si
1816 2230 1954 2289 forte
1982 2228 2157 2285 iacere

566 2328 882 2397 neglexerit,
909 2326 1152 2383 eamdem
1183 2340 1400 2383 causam
1438 2341 1559 2381 cum
1609 2326 1809 2380 timore
1834 2322 1951 2388 Dei,
1985 2321 2156 2377 hone-

564 2428 704 2479 state
731 2430 964 2488 servata,
999 2429 1057 2476 ut
1085 2429 1260 2492 potes,
1304 2434 1624 2491 exsequere.
1671 2418 1731 2473 in
1778 2431 1883 2487 qua
1912 2431 1971 2472 re
1995 2414 2159 2472 etiam

565 2513 745 2582 largiri
776 2512 977 2583 aliquid
1008 2521 1061 2568 te
1085 2512 1355 2577 Volumus,
1384 2518 1459 2576 et,
1501 2510 1545 2563 si
1593 2512 1775 2579 potest
1824 2506 1963 2571 ﬁeri,
2008 2504 2156 2574 quod

566 2604 688 2659 aliis
711 2604 946 2659 dandum
976 2612 1079 2672 est,
1106 2604 1209 2675 ipsi
1231 2602 1537 2669 relaxetur,
1592 2600 1889 2655 dummodo
1938 2608 2159 2654 causam

565 2704 724 2767 quam
756 2693 1038 2752 nobiscum
1064 2694 1228 2750 habet
1256 2700 1530 2765 perexeat.

643 2805 662 2840 ι
698 2784 1058 2843 Donationem
1087 2785 1294 2842 ancillae
1314 2784 1409 2839 Dei
1440 2798 1559 2854 qua:
1580 2789 1730 2853 lapsa
1758 2788 1859 2846 est,
1882 2790 1938 2838 et
1962 2796 2015 2835 ιιι
2044 2795 2164 2837 me-

564 2881 800 2936 nasterio
842 2878 991 2948 data,
1048 2881 1195 2936 omni
1242 2879 1545 2951 postposita
1592 2876 1867 2945 tarditate,
1914 2876 2157 2943 restitue,

564 2978 833 3044 quatenus
872 2973 988 3043 ipse
1042 2973 1211 3039 locus,
1258 2980 1316 3028 ut
1362 2972 1610 3042 superius
1659 2970 1789 3033 dixi,
1834 2968 2013 3025 rerum
2043 2968 2160 3037 ejus

565 3064 827 3137 stipendia
866 3066 1064 3122 habeat
1102 3066 1193 3135 qui
1233 3065 1352 3135 ejus
1377 3063 1755 3119 sollicitudinis
1794 3062 2006 3117 labores
2034 3077 2161 3131 por-

566 3166 663 3213 tat.
696 3157 803 3214 Sed
832 3163 888 3213 et
913 3157 1173 3228 quidquid
1194 3157 1261 3212 ab
1283 3156 1402 3211 aliis
1430 3169 1497 3210 ex
1528 3154 1647 3224 ejus
1684 3153 1985 3209 substantia
2007 3160 2159 3208 tene-

570 3257 655 3305 tur
680 3248 934 3319 rccollige
951 3293 965 3317 ,
992 3256 1049 3304 et
1087 3248 1416 3305 monasterio
1452 3246 1676 3317 pratiato
1698 3245 1867 3300 trade.

646 3358 665 3392 ι
703 3338 998 3395 Pensiones
1026 3338 1378 3395 xenodochlis
1404 3338 1474 3393 de
1501 3338 1587 3392 via
1613 3348 1771 3401 nova,
1809 3344 2038 3405 quantas
2062 3334 2164 3390 tui-

572 3431 625 3489 hi
656 3432 920 3498 indicasti,
946 3433 1072 3502 quia
1100 3432 1206 3506 [Αι.
1237 3431 1395 3501 quasi
1416 3430 1555 3501 apud
1583 3436 1639 3485 te
1678 3429 1866 3495 habes,
1898 3428 2054 3484 nobis
2082 3428 2162 3481 (ii-

573 3523 704 3591 rige.
737 3522 1048 3578 Actionario
1095 3530 1300 3591 autem,
1341 3537 1504 3591 quem
1531 3521 1797 3577 incudem
1837 3520 2163 3591 patrimonio

573 3613 862 3686 deputasti,
888 3623 1048 3686 prout
1077 3612 1175 3669 tibi
1202 3614 1437 3681 videtur,
1472 3613 1669 3683 aliquid
1689 3612 1909 3682 largire.

653 3739 668 3779 t
700 3726 774 3782 De
796 3725 989 3783 armilla
1012 3712 1109 3781 Dei
1128 3728 1247 3796 qlia!
1272 3728 1393 3781 cum
1419 3718 1725 3779 TheudOsib
1754 3721 1873 3790 fuit,
1888 3722 2162 3779 Extranea

573 3812 1051 3888 nomine,videtur
1093 3815 1225 3872 mihi
1272 3822 1331 3872 ut
1374 3816 1426 3873 ei
1452 3814 1843 3872 continentiam
1887 3815 2070 3883 facias,
2119 3817 2164 3874 si

574 3912 703 3969 utile
727 3910 1015 3982 conspicis,
1043 3914 1137 3965 aut
1162 3912 1309 3966 certe
1336 3898 1685 3965 denatiohcm
1704 3914 1868 3978 quam
1892 3907 2022 3964 facit
2043 3909 2167 3964 red-

574 4000 686 4059 das.
730 4002 961 4058 Domum
1008 4000 1325 4057 monasterii
1354 4003 1518 4071 quam
1564 3999 1853 4062 Antonius,
1898 3999 2038 4055 datis
2067 4000 2167 4054 tria-

575 4093 723 4163 g'inta
749 4092 957 4160 solidis,
988 4102 1019 4146 a
1064 4091 1396 4148 menesterio
1429 4091 1649 4160 tulerat,
1680 4091 1913 4160 receptis
1959 4090 2167 4156 solidis,

577 4184 727 4240 omni
762 4184 1061 4255 postposita
1101 4184 1351 4239 tarditate
1372 4226 1387 4251 ,
1420 4181 1663 4240 restitue.
1698 4172 1919 4237 Amulas
1940 4183 2171 4253 onychi-

579 4289 696 4341 nas,
729 4275 988 4345 requisita
1042 4275 1313 4331 subtiliter
1340 4275 1591 4341 veritate,
1638 4274 1884 4340 restitue,
1914 4288 2049 4346 quas
2075 4282 2174 4345 per

579 4369 898 4441 portitorem
928 4368 1269 4439 praesentium
1292 4367 1647 4424 retransmisi.

664 4503 681 4535 ι
716 4482 1093 4551 Saturninum,
1116 4476 1161 4538 si
1187 4488 1346 4539 vacat
1374 4489 1431 4538 et
1459 4486 1756 4552 occupatus
1795 4478 1938 4552 apud
1966 4486 2021 4535 te
2069 4495 2175 4535 non

580 4576 685 4643 est,
706 4571 773 4628 ad
794 4588 893 4629 nos
917 4557 1106 4643 dirige.
1120 4566 1293 4640 Felix,
1314 4570 1611 4629 conductor
1629 4569 1843 4627 domnae
1870 4566 2173 4641 Campanae,

2254 567 2436 624 ciliam
2463 567 2705 637 miserat,
2731 574 2789 625 et
2832 567 2905 623 ibi
2944 566 2994 622 ei
3029 580 3149 636 qua:
3194 565 3476 623 asserebat
3530 565 3849 629 abstulerat.

2254 658 2532 728 Cognosce
2576 666 2705 732 ergo
2735 674 2856 731 quae
2898 658 3078 717 ablata
3105 666 3252 724 sunt,
3284 659 3387 732 77
3419 666 3475 713 et
3506 660 3663 715 uxori
3702 661 3851 723 [iliis-

2254 765 2361 824 que
2380 750 2496 820 eius
2519 751 2639 809 sine
2666 750 2845 820 aliqua
2866 765 3020 805 mora
3049 748 3296 805 restitue.
3323 747 3449 807 llaec
3478 749 3665 808 omnia
3692 752 3847 809 solii-

2255 842 2365 899 cite
2391 841 2594 911 relege,
2628 856 2956 911 omnemque
2983 840 3132 897 illam
3160 840 3483 898 familiarem
3508 852 3655 899 tuam
3679 846 3851 915 negli-

2255 933 2493 1003 gentiam
2519 941 2806 1003 postpone.
2836 930 3048 1003 Scripta
3074 947 3197 989 mea
3242 932 3313 987 ad
3366 933 3597 992 rusticos
3624 950 3745 1007 qua:
3773 937 3855 994 di-

2256 1027 2406 1092 rexi,
2455 1041 2552 1098 per
2579 1041 2769 1083 omnes
2806 1040 3013 1081 massas
3052 1024 3136 1082 fac
3180 1024 3370 1097 relegi,
3409 1034 3469 1082 ut
3514 1027 3687 1085 sciant
3724 1030 3857 1101 quid

2258 1125 2447 1176 contra
2470 1116 2754 1174 violentias
2782 1132 2906 1173 suas
2927 1131 2995 1172 ex
3010 1118 3335 1174 auctoritate
3357 1127 3545 1177 nostra
3564 1119 3857 1178 defendere

2257 1209 2507 1275 debeant,
2536 1210 2722 1280 eisque
2746 1209 2833 1265 vel
2855 1210 3168 1265 authentica
3200 1210 3284 1265 vel
3312 1214 3638 1284 exemplaria
3664 1230 3855 1274 eorum

2259 1302 2475 1360 dentur.
2499 1302 2632 1359 Vide
2656 1310 2715 1358 ut
2734 1303 2916 1359 omnia
2938 1302 3143 1374 absque
3165 1303 3540 1363 imminutione
3554 1309 3853 1377 custodias,

2259 1395 2385 1469 quia
2409 1394 2477 1451 de
2492 1394 2575 1450 bis
2595 1409 2715 1466 qua:
2744 1394 2841 1453 tibi
2860 1409 2960 1466 pro
2990 1395 3255 1452 servanda
3272 1396 3481 1467 justitia
3506 1402 3686 1461 scribo
3703 1443 3719 1469 ,
3751 1416 3855 1473 ego

2265 1490 2541 1556 absolvar,
2570 1498 2625 1545 et
2655 1497 2713 1547 tu
2738 1489 2786 1549 si
2811 1486 3060 1560 negligis,
3093 1489 3367 1559 obligatis.
3407 1490 3725 1549 Terribilem
3759 1493 3859 1550 .iu—

2260 1582 2433 1640 dicem
2453 1582 2761 1641 venientem
2784 1584 3089 1652 considera,
3110 1592 3167 1642 et
3192 1585 3261 1642 de
3287 1585 3517 1645 adventu
3548 1588 3690 1651 illius
3713 1605 3860 1649 nunc

2261 1682 2353 1730 tua
2385 1675 2751 1731 consideratio
2792 1678 3202 1748 contremiscat,
3251 1693 3321 1735 ne
3366 1686 3495 1735 tunc
3530 1680 3651 1737 sine
3696 1696 3862 1739 causa

2259 1766 2369 1836 jam
2392 1766 2598 1835 timeat,
2613 1782 2733 1823 cum
2755 1782 2938 1823 coram
2960 1768 3053 1823 illo
3069 1769 3266 1825 coelum
3284 1778 3339 1825 et
3358 1779 3499 1825 terra
3518 1774 3857 1829 trcmuerint.

2188 1871 2236 1933 η
2263 1850 2472 1914 Audisti
2500 1855 2629 1931 quid
2659 1857 2803 1923 volo,
2835 1857 2954 1917 vide
2985 1856 3113 1933 quid
3144 1875 3289 1932 agas.
3321 1880 3340 1915 ι
3386 1860 3525 1933 (Lib.
3561 1879 3601 1933 ι,
3635 1876 3720 1935 ep.
3742 1862 3861 1934 44.)

2330 1972 2420 2030 59.
2449 1970 2724 2053 Hactenus
2752 1972 2821 2029 de
2859 1969 3207 2043 Gregoriana:
3234 1972 3569 2031 liberalitatis
3597 1974 3861 2039 inuoceu-

2260 2063 2336 2120 tia
2360 2079 2447 2120 me
2474 2063 2725 2120 retulisse
2752 2061 3003 2121 sufﬁciat.
3038 2060 3330 2133 Cimerum,
3360 2067 3507 2140 quia,
3541 2066 3696 2127 lamis
3723 2074 3861 2127 tem~

2258 2171 2426 2227 pore,
2472 2167 2533 2211 ut
2557 2154 2808 2212 videlicet
2841 2154 3069 2213 haberet
3114 2156 3256 2213 unde
3284 2152 3485 2215 Christi
3532 2159 3861 2230 pauperibus

2259 2248 2587 2314 subveniret,
2606 2246 2875 2307 frumenta
2897 2263 3213 2323 comparare
3238 2249 3510 2320 studebat,
3524 2250 3673 2308 nullo
3690 2252 3861 2311 modo

2261 2344 2686 2413 praetermittam.
2717 2342 2806 2401 Ait
2844 2345 2988 2401 enim
3016 2344 3069 2400 in
3096 2345 3201 2401 alia
3228 2345 3459 2416 epistola
3485 2345 3661 2403 eidem
3689 2344 3859 2405 Petro

2260 2437 2591 2497 subdiacono
2621 2438 2761 2494 inter
2787 2446 2984 2495 caetera
3018 2456 3031 2495 :
3073 2457 3091 2492 ι
3126 2438 3522 2512 Quinquaginta
3565 2442 3683 2497 auri
3708 2440 3859 2498 libris

2262 2546 2403 2588 nova
2427 2529 2695 2588 frumenta
2725 2531 2793 2589 ab
2818 2530 3091 2589 extraneis
3120 2542 3465 2604 comparata,
3495 2541 3552 2589 et
3596 2533 3651 2595 in
3676 2532 3860 2595 Sicilia

2263 2622 2320 2678 in
2349 2621 2480 2679 locis
2512 2622 2565 2677 in
2593 2623 2785 2693 quibus
2815 2638 2922 2680 non
2953 2632 3180 2697 pereant
3206 2639 3426 2697 repone,
3457 2634 3516 2679 ut
3541 2638 3729 2681 mense
3756 2623 3861 2681 Fe-

2264 2712 2483 2773 bruario
2510 2714 2637 2770 illuc
2663 2729 2829 2771 naves
2855 2723 3088 2785 quantas
3114 2730 3400 2787 possumus
3424 2715 3748 2786 dirigamus,
3799 2726 3863 2776 ut

2263 2804 2453 2861 eadem
2500 2806 2569 2860 ad
2616 2819 2717 2862 nos
2765 2804 3033 2865 frumenta
3080 2805 3414 2866 deierantur.
3460 2806 3568 2867 Sed
3601 2816 3661 2869 et
3684 2808 3732 2865 si
3759 2823 3861 2867 nos

2264 2895 2629 2951 transmittere
2650 2911 2946 2964 cessamus,
2969 2896 3091 2970 ipse
3114 2912 3278 2957 naves
3297 2898 3542 2971 provide,
3574 2908 3631 2961 et
3648 2900 3716 2956 ad
3736 2915 3860 2964 nos.

2263 2988 2558 3045 auxiliante
2586 2988 2846 3055 Domino,
2877 2990 2993 3047 haec
3020 2990 3210 3048 eadem
3256 2991 3527 3051 frumenta
3563 2991 3861 3051 Februario

2263 3096 2451 3136 mense
2479 3084 2802 3149 transmitte,
2835 3084 3080 3155 exceptis
3120 3084 3387 3143 duntaxat
3433 3085 3717 3146 frumentis
3742 3101 3864 3158 qua

2264 3188 2408 3228 nunc
2435 3189 2619 3229 mense
2648 3173 2989 3246 Septembrio
3016 3176 3102 3231 vel
3129 3174 3385 3234 Octobrio
3400 3177 3555 3249 juxta
3575 3190 3862 3236 consuetu-

2187 3262 2233 3325 C
2266 3265 2444 3321 dinem
2475 3266 2761 3321 transmitti
2791 3268 3181 3339 praestolamur.
3213 3264 3290 3325 ita
3316 3286 3443 3342 ergo
3470 3280 3559 3327 tua
3579 3273 3862 3343 experien-

2266 3356 2340 3411 tia
2366 3355 2546 3424 i’aciat,
2578 3367 2635 3412 ut
2664 3358 2780 3414 sine
2818 3354 3044 3431 alicujus
3074 3361 3363 3419 vexatione
3390 3364 3570 3421 coloni
3598 3363 3862 3421 ecclesia~

2265 3448 2385 3503 stici
2408 3446 2673 3506 frumenta
2695 3462 3110 3522 congregantur,
3134 3454 3261 3524 quia
3283 3465 3391 3515 tam
3406 3454 3538 3533 [Αι.,
3557 3456 3611 3515 in
3635 3459 3866 3536 tantum]

2266 3540 2356 3625 hic
2385 3549 2410 3577 ⁸
2450 3554 2615 3613 parva
2669 3541 2924 3601 nativitas
2950 3544 3085 3625 fuit,
3124 3556 3210 3614 ut,
3244 3548 3383 3617 nisi,
3411 3550 3706 3609 auxiliante
3732 3552 3867 3624 Deo,

2268 3623 2335 3687 de
2386 3631 2568 3688 Sicilia
2610 3630 2877 3691 frumenta
2906 3623 3301 3709 congregemur
3322 3682 3337 3707 ,
3368 3642 3477 3715 78
3503 3643 3672 3703 fames
3699 3644 3868 3701 vehe-

2270 3730 2481 3777 menter
2508 3722 2806 3779 immineat.
2849 3743 2867 3777 ι
2906 3723 3045 3800 (Lib.
3074 3744 3113 3799 ι,
3142 3745 3223 3802 ep.
3250 3728 3363 3805 72.)

2343 3804 2429 3868 60.
2464 3811 2633 3884 Hujus
2671 3812 3006 3873 liberalitatis
3052 3820 3448 3877 multitudinem
3497 3822 3714 3895 quidam
3744 3837 3857 3879 ere-

2275 3907 2560 3976 mitarum,
2596 3907 2674 3962 vir
2701 3923 2909 3980 magnae
2952 3910 3195 3980 virtutis,
3246 3914 3337 3989 qui
3385 3914 3517 3973 nihil
3564 3915 3617 3970 in
3665 3919 3870 3973 mundo

2275 3998 2583 4073 possidebat
2630 4009 2829 4071 praeter
2869 4016 3032 4056 unam
3077 4010 3311 4076 gattam,
3361 4019 3557 4075 quam,
3588 3997 3874 4063 bla’ndie:.s

2275 4088 2485 4158 crebro,
2518 4090 2670 4161 quasi
2718 4084 3160 4148 cohabitatricem
3189 4093 3243 4149 in
3272 4092 3383 4152 suis
3409 4094 3629 4166 gremiis
3652 4094 3869 4153 refovi-

2274 4172 2395 4250 bat,
2421 4198 2753 4253 cognoscens
2775 4225 2790 4251 ,
2837 4198 3021 4241 orasse
3048 4186 3220 4242 i'ertur
3247 4187 3314 4243 ad
3342 4186 3629 4244 Dominum
3677 4198 3738 4246 ut
3765 4188 3872 4246 sibi

2277 4280 2563 4336 ostendere
2605 4279 2915 4350 dignaretur
2969 4296 3131 4350 quam
3186 4281 3376 4338 futura:
3421 4284 3875 4340 remunerationis

2278 4371 2612 4451 mansionem
2659 4384 2877 4442 sperare
2906 4366 3211 4439 debuisset,
3269 4375 3361 4444 qui
3392 4388 3489 4445 pro
3520 4373 3660 4429 illius
3687 4384 3874 4429 amore

2278 4464 2532 4521 saeculum
2586 4465 2876 4538 deSerens,
2926 4465 2997 4521 nil
3026 4476 3093 4522 ex
3137 4468 3254 4537 ejus
3302 4467 3500 4523 divitiis
3545 4464 3870 4538 possideret.

2281 4558 2520 4630 Cumque
2546 4566 2705 4615 nocte
2726 4559 2957 4629 quadam
2983 4559 3262 4628 dormiret,
3290 4562 3567 4631 cognoscit
3586 4560 3687 4617 sibi
3717 4577 3869 4616 reve-

581 4680 744 4734 quem
771 4664 997 4719 liberum
1018 4650 1335 4743 reliquerat,
1366 4664 1460 4718 aut
1483 4668 1644 4732 quem
1672 4662 2029 4718 indiscussum
2056 4674 2178 4717 esse
2208 4653 2258 4713 Β
2283 4652 2448 4707 latum
2477 4647 2639 4707 fuisse
2661 4659 2721 4706 ut
2742 4666 2864 4706 cum
2885 4649 3145 4721 Gregorio
3170 4650 3414 4708 Romano
3441 4650 3693 4726 pontiﬁce
3714 4669 3871 4708 man-

581 4756 831 4826 jusserat,
857 4754 993 4811 dixit
1018 4757 1119 4812 sibi
1142 4772 1172 4811 a
1202 4752 1436 4811 Maximo
1467 4754 1801 4810 Subdiacom)
1829 4754 2170 4825 septuaginta

583 4846 720 4901 duos
749 4845 948 4902 solidos
988 4848 1187 4915 tultos;
1218 4862 1317 4918 pro
1341 4840 1537 4917 quibus
1566 4843 1759 4902 dandis
1790 4847 2017 4902 asseruit
2045 4846 2171 4916 quia

586 4954 778 4994 omnes
797 4952 885 4993 res
906 4954 1030 4994 suas
1059 4955 1200 5010 quas
1223 4938 1274 4994 in
1305 4938 1489 4994 Sicilia
1519 4924 1709 4993 habuit
1734 4938 1819 4993 vel
1847 4928 2175 4994 venundedit

586 5031 673 5087 vel
695 5028 963 5101 apposuit.
994 5026 1103 5086 Sed
1127 5028 1435 5085 scholastici
1464 5030 1718 5085 diXeruut
1739 5031 1863 5101 quia
1885 5020 1952 5085 'de
1975 5024 2175 5085 fraudi-

585 5123 686 5177 bus
709 5120 1036 5193 indiscussus
1069 5134 1187 5177 esse
1225 5135 1333 5175 non
1370 5126 1577 5191 potest;
1612 5118 1738 5177 dum
1768 5126 1948 5177 tamen
1978 5121 2047 5176 ad
2075 5135 2174 5177 nos

585 5211 653 5268 de
678 5209 972 5282 Campania
988 5212 1370 5277 reverteretur,
1399 5211 1539 5267 iacta
1560 5214 1905 5283 tempestate,
1934 5221 2179 5269 mortuus

586 5311 688 5359 est.
722 5301 888 5371 Cujus
918 5306 972 5356 te
998 5302 1247 5358 volumus
1275 5314 1499 5357 uxorem
1528 5311 1584 5358 et
1612 5297 1750 5357 tilios
1778 5302 2075 5373 requirere,
2122 5310 2177 5359 et

586 5392 847 5467 quidquid
874 5385 959 5451 vel
986 5399 1312 5465 apposuerat
1338 5393 1426 5451 vel
1445 5392 1782 5460 vendiderat,
1816 5398 2061 5467 apposita
2086 5397 2180 5453 ab-

587 5482 760 5553 solve,
810 5484 878 5543 de
926 5480 1156 5543 venditis
1190 5487 1425 5557 pretium
1473 5488 1729 5549 restitue;
1771 5490 1826 5549 et
1855 5486 2073 5561 insuper
2102 5490 2180 5545 eis

665 5674 691 5703 ει
720 5664 779 5720 Bi
818 5672 921 5733 ot.,
983 5680 1108 5719 arua
1130 5665 1385 5730 sativites,
1417 5666 1495 5721 uti
1525 5665 1930 5721 observavimus
1957 5665 2066 5736 jam
2110 5668 2178 5727 ad

661 5735 747 5793 ist.
774 5679 867 5793 #9..
894 5682 1051 5793 lia).
1105 5743 1235 5790 nota
1268 5751 1334 5793 ο.
1368 5735 1429 5793 in
1477 5750 1581 5793 qua
1627 5735 1911 5793 citavimus
1959 5754 2078 5793 can.
2110 5734 2178 5793 δι)

665 5679 691 5703 σι
720 5679 779 5720 ιιι
818 5679 921 5733 οι.,
983 5680 1108 5719 arua
1130 5679 1385 5730 saltum,
1417 5679 1495 5721 ιιιι
1525 5679 1930 5721 onservavnmus
1957 5681 2066 5736 jam
2110 5679 2178 5727 ad

590 5735 747 5821 epist.
774 5679 1051 5860 ι,
1105 5743 1334 5819 nota},
1368 5735 1429 5811 in
1477 5750 1581 5819 qua
1627 5735 1911 5803 citavimus
1959 5754 2078 5811 cap.
2110 5734 2178 5800 δι)

590 5802 821 5887 hujusce
875 5805 995 5887 ibri.
1046 5804 1184 5861 Nota
1234 5821 1288 5860 ιιι
1335 5806 1605 5887 nonnullis
1639 5804 1808 5887 Codd.
1854 5820 2017 5881 caput
2070 5810 2178 5887 hoc

588 5876 1092 5950 quinquagesimum
1121 5891 1348 5943 nonum,
1368 5892 1488 5933 esse
1507 5876 2001 5958 sexagesimum,'ei
2016 5883 2178 5957 qum.

2275 4747 2484 4802 sionem
2532 4744 2632 4801 sibi
2664 4745 3065 4816 praeparandam
3095 4760 3313 4817 sperare
3354 4744 3647 4801 debuisset.
3684 4746 3751 4800 At
3780 4745 3875 4800 i‘ie

2275 4839 2486 4896 lortiter
2513 4839 2868 4909 ingemiscens
2887 4848 3076 4909 parum
3101 4836 3202 4894 sibi
3231 4836 3495 4909 profuisse
3515 4837 3875 4893 voluntariam

2278 4950 2457 4989 rerum
2485 4933 2722 5005 inopiam
2743 4976 2757 5001 ,
2811 4934 3067 5006 tantaque
3114 4949 3225 4990 suae
3251 4932 3281 4973 ι)
3310 4934 3629 4989 remotionis
3671 4933 3877 5004 jcjunia

2279 5028 2533 5098 putabat,
2581 5026 2625 5081 si
2652 5042 2771 5081 cum
2802 5040 2868 5080 eo
2916 5026 3249 5083 mansionem
3299 5024 3563 5096 reciperet
3590 5012 3679 5096 qui
3712 5025 3879 5081 tantis

2282 5116 2641 5175 mundialibus
2684 5114 2884 5175 divitiis
2924 5117 3268 5173 redundaret.
3313 5114 3448 5172 Cum
3495 5132 3624 5171 vero
3668 5115 3880 5187 Grego-

2281 5208 2461 5265 rianas
2508 5210 2718 5265 divitias
2756 5225 2867 5266 suae
2915 5208 3217 5282 paupertati
3264 5207 3349 5263 die
3402 5216 3675 5279 noctuque
3700 5208 3880 5277 susisi-

2283 5305 2452 5361 rando
2478 5303 2782 5370 conferret,
2831 5302 2934 5360 alia
2966 5312 3125 5360 nocte
3169 5303 3490 5377 quiescens,
3534 5302 3735 5357 audivit
3775 5302 3902 5377 sibi

2284 5398 2568 5457 Dominum
2617 5401 2669 5455 in
2719 5398 2924 5456 somnis
2967 5397 3234 5454 dicentem
3270 5415 3283 5450 :
3332 5415 3350 5449 ι
3385 5393 3613 5465 Quando
3656 5395 3881 5452 divittm

2284 5502 2393 5551 non
2422 5495 2691 5567 possessio
2719 5493 3025 5549 divitiarum
3074 5492 3255 5559 iaciat,
3282 5490 3381 5547 sed
3407 5487 3623 5561 cupido,
3656 5505 3754 5548 cur
3782 5505 3881 5544 au~

2320 5673 2651 5757 uagesimmn
2674 5686 2878 5728 nonum
2921 5671 3163 5743 incipere
3205 5668 3272 5725 ab
3314 5669 3401 5725 his
3448 5666 3627 5727 verbis
3672 5681 3835 5737 supra
3860 5685 3878 5721 :

2320 5756 2419 5797 lem
2460 5742 2596 5797 idem
2646 5738 2805 5797 Petro
2858 5741 3007 5796 subd.
3053 5758 3069 5795 :
3115 5738 3267 5797 Quod
3302 5738 3689 5797 rmonsalem.
3730 5746 3877 5797 eis"

2284 5738 2419 5800 Item
2460 5742 2596 5799 idem
2646 5738 2805 5798 Petro
2858 5738 3007 5796 subd.
3034 5738 3069 5795 ἐ
3115 5738 3267 5805 Quod
3302 5738 3689 5812 “spatiantem,
3730 5746 3877 5805 etc"

2282 5817 2372 5887 ubi
2394 5830 2587 5887 magna
2616 5831 2681 5870 ex
2724 5823 2879 5887 parte
2908 5813 3189 5887 adducitur
3227 5813 3383 5883 epist.
3414 5808 3484 5877 44
3512 5809 3635 5868 libri
3660 5826 3701 5869 ι.

2350 5882 2381 5927 Β
2408 5882 2578 5948 Πιῖο..
2603 5882 3205 5950 διιοίθβωιαεταιὶυιὶδ.
