4118 6456
158 6164 1019 6454 Af

579 366 681 425 12⁸1

1148 365 1210 426 S.
1247 364 1582 427 GREGOR"
1616 364 1823 426 ΡΑΡΒ
1861 365 2049 434 VI'I'A,
2091 365 2295 426 AUCT.
2338 369 2601 433 JOANNE
2639 374 2961 441 DIACONO.
3003 381 3133 442 LIB.
3172 382 3263 447 111.

3750 392 3851 450 128

574 482 889 550 utilitatem,
908 480 1014 540 sed
1042 482 1158 540 fieri
1185 484 1255 540 ad
1279 484 1574 550 honorem,
1604 485 1845 557 episcopi
1891 482 2154 555 concupi-
2183 487 2231 547 Α
2259 490 2415 560 copia
2444 492 2784 565 suffragatur,
2816 508 2987 557 restat
3012 511 3073 558 ut
3098 502 3232 560 nihil
3257 504 3357 562 sibi
3388 505 3441 562 in
3484 506 3724 564 honores
3752 528 3849 571 ec-

575 577 763 633 scunt?
790 575 856 631 lli
900 591 1056 646 ergo,
1090 577 1182 646 qui
1230 578 1456 634 necdum
1496 577 1641 648 quod
1686 577 1884 634 docere
1929 578 2161 633 debeant

575 666 900 731 didicerunt,
931 666 1055 737 quid
1082 667 1227 722 aliud
1274 676 1460 738 agunt,
1490 669 1589 723 nisi
1622 676 1678 723 ut
1706 685 2000 739 paucorum
2028 684 2159 740 pro-

572 766 757 815 vectus
784 758 998 813 illicitus
1027 755 1119 813 ﬁat
1141 760 1327 814 multis
1353 760 1622 827 interitus,
1637 769 1693 815 et
1711 761 1764 815 in
1787 761 2155 817 confusionem

573 851 949 908 ecclesiasticae
994 851 1383 907 moderationis
1436 853 1777 908 observantia
1837 852 2152 921 deducatur,

569 944 765 1014 quippe
794 943 884 997 ubi
913 943 1093 997 nullus
1121 943 1381 1012 regularis
1419 944 1553 1000 ordo
1582 948 1858 1001 servatur?
1901 946 2033 1001 Nam
2062 946 2155 1017 qui

568 1033 633 1088 ad
662 1033 776 1103 ejus
804 1034 1045 1103 regimen
1076 1035 1405 1104 improvidus
1428 1037 1511 1090 vel
1542 1038 1902 1108 praecipitatus
1924 1039 2151 1102 accedit,

567 1141 671 1194 qua
699 1124 1065 1181 admonitione
1092 1126 1366 1196 subjectos
1385 1129 1633 1197 aedificet,
1665 1132 1819 1200 cujus
1846 1132 2151 1203 exemplum

568 1235 674 1273 non
705 1219 969 1274 rationem
1000 1219 1202 1288 docuit,
1235 1220 1328 1275 sed
1357 1224 1637 1277 errorem?
1686 1222 1854 1280 Pudet
1884 1227 1989 1296 81
2020 1242 2152 1295 pro-

566 1310 727 1373 fecto,
750 1310 911 1378 pudet
932 1311 1048 1366 aliis
1068 1312 1354 1382 imperare,
1375 1315 1517 1382 quod
1536 1315 1650 1384 ipse
1672 1317 1839 1370 nescit
1859 1317 2148 1373 custodire.

564 1400 673 1455 Nec
700 1401 825 1455 illud
855 1401 1090 1471 quidem,
1124 1412 1148 1439 ἰ
1176 1404 1321 1472 quod
1348 1404 1503 1458 simili
1552 1407 1931 1463 emendatione
1959 1409 2152 1464 raden-

562 1493 686 1547 dum
710 1502 811 1557 est,
843 1496 1190 1564 pmterimus,
1221 1497 1314 1551 sed
1344 1499 1561 1553 omnino
1588 1501 1920 1556 exsecrabile
1949 1510 2005 1556 et
2030 1516 2151 1558 esse

560 1586 933 1653 gravissimum
982 1588 1343 1655 detestamur,
1372 1592 1585 1661 ecquod
1636 1595 1771 1649 sacri
1805 1596 1910 1651 illic
1935 1596 2152 1652 ordines

559 1692 658 1747 per
683 1678 1027 1733 simoniaCam
1070 1680 1314 1735 hmresim
1334 1724 1349 1748 ,
1381 1698 1500 1753 qum
1547 1686 1715 1755 prima
1748 1696 1934 1741 contra
1960 1687 2140 1745 Eccle-

558 1769 692 1824 siam
721 1779 877 1837 orta,
925 1780 979 1827 et
1025 1774 1270 1830 districta
1315 1777 1694 1834 maledictione
1741 1778 1994 1836 damnata
2044 1790 2146 1851 est,

2261 579 2591 643 clesiasticos
2636 591 2903 658 gravitas,
2952 594 3084 653 nihil
3131 597 3385 659 defendat
3428 605 3723 681 industria,
3752 614 3852 671 sed

2258 680 2430 730 totum
2479 680 2596 734 auri
2650 683 2904 752 profanus
2927 704 3080 746 amor
3122 694 3393 766 obtineat;
3442 709 3499 758 et
3541 705 3668 762 dum
3716 710 3855 767 vitia

2256 766 2464 824 honore
2492 785 2861 846 munerantur,
2891 781 2944 837 in
2973 782 3148 840 locum
3192 787 3384 847 ultoris
3412 793 3458 848 is
3487 797 3579 865 qui
3617 798 3857 859 fortasse

2255 855 2429 913 fuerat
2458 862 2793 923 ulciscendus
2840 871 3127 931 adducitur
3146 920 3163 945 ,
3189 888 3350 951 atque
3377 855 3519 941 hinc'
3536 855 3857 951 sacerdotes

2257 963 2363 1004 non
2393 954 2686 1025 probasse,
2716 961 2810 1015 sed
2858 966 3036 1034 perire
3063 971 3243 1039 potius
3289 974 3607 1036 indicantur.
3640 982 3857 1042 Vulne—

2254 1137 2574 1197 medicinam
2594 1145 2752 1245 {aut
2798 1154 3013 1220 quando
3062 1161 3316 1229 populum
3364 1168 3625 1225 orationis
3652 1171 3856 1245 clypeo

2257 1236 2501 1334 tueatur,
2546 1235 2634 1304 qui
2659 1238 2854 1306 jaculis
2882 1258 2943 1299 se
2988 1246 3222 1304 hostium
3257 1254 3555 1314 feriendum
3583 1235 3855 1334 exponit?

2256 1317 2361 1373 Aut
2388 1323 2601 1391 qualem
2632 1330 2699 1384 de
2745 1346 2806 1387 se
2852 1334 3081 1393 fructum
3130 1343 3489 1412 producturus
3529 1317 3857 1424 esu-cujus
3918 1336 3935 1351 ’

2252 1415 2400 1510 gravi
2430 1427 2579 1484 poste
2606 1423 2757 1479 radix
2798 1427 2992 1485 infecta
3022 1435 3144 1488 est?
3184 1434 3355 1506 Major
3383 1455 3511 1510 ergo
3557 1415 3856 1503 metuenda

2254 1509 2336 1599 est
2357 1502 2489 1561 locis
2515 1510 2619 1565 illis
2648 1514 2763 1571 fore
2786 1519 3067 1580 calamitas
3093 1526 3221 1599 [AI.,
3254 1502 3539 1589 metuenda
3562 1536 3696 1593 locis
3737 1502 3857 1596 illis

2253 1593 2392 1650 foret
2416 1601 2737 1681 calamitas],
2770 1611 2857 1667 ubi
2884 1614 3021 1671 talos
3049 1593 3437 1680 intercessores
3460 1626 3526 1680 ad
3554 1628 3731 1685 locum
3755 1647 3859 1687 re-

2252 1692 2465 1764 giminis
2493 1697 2845 1765 adducuntur.
2878 1706 2970 1775 qui
3005 1709 3113 1779 82
3140 1710 3233 1764 Dei
3261 1712 3313 1765 in
3345 1728 3405 1769 se
3432 1718 3600 1785 magis
3624 1719 3857 1776 iracun-

2253 1786 2395 1841 diam
2416 1801 2733 1861 provocent,
2756 1810 2917 1865 quam
2936 1813 3033 1868 per
3054 1803 3376 1873 semetipsos
3399 1808 3608 1877 populis
3628 1810 3860 1881 placare

556 1864 921 1919 conferantur.
955 1864 1090 1921 Hinc
1132 1882 1261 1936 ergo
1289 1869 1464 1938 agitur
1490 1878 1550 1923 ut
1593 1872 1891 1928 sacerdotis
1919 1874 2148 1941 dignitas
2179 1876 2226 1937 B
2252 1880 2567 1937 debuerant.

554 1955 607 2010 in
638 1956 910 2027 despectu,
941 1966 997 2012 et
1024 1968 1240 2013 sanctus
1269 1961 1341 2014 sit
1364 1962 1538 2015 honor
1584 1962 1637 2015 in
1668 1963 1911 2017 crimine.
1943 1963 1969 2002 δ
1999 1963 2146 2019 Perit

552 2047 736 2115 utique
757 2050 1081 2115 reverentia,
1107 2050 1360 2106 adimitur
1378 2051 1680 2123 disciplina,
1703 2054 1826 2121 quia
1847 2054 1936 2123 qui
1959 2054 2146 2125 culpas
2170 2104 2175 2107 .

550 2138 732 2192 debuit
757 2139 1079 2206 emendare,
1124 2144 1447 2210 committit,
1498 2153 1553 2199 et
1599 2144 1803 2200 nefaria
1851 2146 2145 2205 ambitione

549 2227 882 2285 honorabilis
906 2232 1195 2287 sacerdotii
1228 2234 1439 2288 ducitur
1466 2235 1521 2288 in
1548 2236 1985 2305 depravationem
2010 2254 2143 2294 cen-

546 2334 688 2374 sura.
721 2320 855 2376 Nam
885 2323 1005 2391 quis
1025 2324 1203 2379 denuo
1228 2336 1516 2381 veneretur
1544 2328 1689 2397 quod
1719 2331 2008 2385 venditur?
2036 2331 2145 2387 Aut

545 2412 665 2480 quis
715 2428 821 2467 non
868 2414 976 2468 vile
1022 2424 1176 2485 putet
1221 2432 1340 2471 esse
1369 2419 1512 2486 quod
1541 2420 1774 2473 emitur?
1808 2419 1958 2476 Unde
1987 2423 2143 2479 valde

544 2501 858 2570 contristor,
888 2510 944 2558 et
970 2511 1127 2559 terra:
1157 2505 1229 2559 illi
1262 2506 1547 2571 condoleo,
1580 2510 1705 2578 quia
1733 2510 1857 2565 dum
1881 2510 2140 2583 Spiritum

542 2601 809 2662 salictum,
835 2608 995 2664 quem
1024 2611 1121 2665 per
1148 2612 1338 2653 manus
1368 2599 1765 2669 impositionem
1797 2605 2141 2675 omnipotens

541 2686 686 2743 Deus
717 2689 1021 2744 hominibus
1048 2690 1227 2760 largiri
1254 2692 1524 2762 dignatur,
1554 2694 1735 2750 divino
1781 2712 2003 2754 munere
2036 2698 2137 2755 ha-

538 2777 669 2834 bere
695 2780 1019 2851 despiciunt,
1044 2782 1140 2838 sed
1185 2784 1418 2853 praemiis
1461 2797 1840 2858 assequuntur,
1880 2792 2139 2853 sacerdo-

539 2872 671 2927 tium
697 2872 805 2929 illic
833 2874 1126 2931 subsistere
1152 2875 1243 2931 diu
1273 2894 1380 2933 non
1411 2879 1665 2935 arbitror.
1718 2881 1849 2936 Nam
1880 2882 1971 2937 ubi
1995 2883 2136 2939 dona

534 2979 782 3035 superna:
809 2969 995 3034 gratiae
1024 2969 1230 3024 venalia
1255 2969 1594 3039 judicantur,
1621 2973 1687 3028 ad
1719 2974 1813 3029 Dei
1856 2976 2135 3032 servitium

535 3072 642 3113 non
672 3058 782 3112 vita
805 3060 1087 3128 qumritur,
1118 3062 1213 3115 sed
1244 3063 1413 3132 magis
1454 3073 1644 3119 contra
1675 3066 1841 3120 Deum
1889 3069 2133 3137 pecuniae

534 3158 881 3205 venerantur.
921 3169 939 3202 ι
994 3149 1135 3220 (Lib.
1169 3168 1244 3223 Ix,
1290 3154 1471 3208 indici.
1499 3154 1554 3222 2,
1579 3173 1660 3224 ep.
1695 3155 1843 3228 109.)

605 3237 751 3292 idem
775 3238 845 3294 de
873 3240 1075 3295 eisdem
1104 3240 1440 3298 Theoderico
1487 3253 1541 3299 et
1585 3244 1961 3304 Theodeberto
1990 3251 2133 3320 regi-
2158 3260 2205 3326 ο
2235 3265 2508 3333 siderent,

534 3326 633 3383 bus
659 3328 988 3385 Francorum
1012 3341 1136 3401 post
1163 3334 1342 3402 aliqua
1375 3352 1388 3388 :
1428 3354 1446 3387 ι
1474 3334 1666 3391 Fertur
1706 3338 1999 3395 simoniaca
2024 3342 2133 3396 hae-

534 3421 695 3484 resis,
748 3436 867 3490 qua:
912 3423 1083 3492 prima
1135 3434 1321 3480 contra
1364 3427 1459 3482 Dei
1517 3426 1813 3485 Ecclesiam
1864 3432 2131 3491 diabolica

534 3509 869 3580 plantatione
898 3513 1185 3585 subrepsit,
1218 3524 1273 3568 et
1316 3517 1369 3571 in
1399 3517 1517 3586 ipso
1554 3527 1675 3573 ortu
1704 3536 1805 3576 suo
1836 3523 1944 3579 telo
1993 3540 2128 3594 apo-

533 3598 739 3655 stoliczn
768 3600 988 3656 ultionis
1019 3618 1270 3672 percussa
1296 3616 1458 3676 atque
1485 3609 1739 3665 damnata
1768 3623 1871 3679 est,
1893 3615 1947 3669 in
1977 3617 2128 3685 regni

532 3692 695 3747 vestri
725 3690 918 3748 ﬁnibus
944 3694 1233 3760 dominari;
1266 3715 1387 3753 cum
1417 3700 1471 3755 in
1507 3703 1875 3760 sacerdotibus
1904 3706 2037 3763 fides
2060 3710 2130 3764 sit

530 3782 773 3854 eligenda
802 3800 923 3840 cum
952 3787 1080 3853 vita,
1113 3790 1159 3843 si
1188 3790 1293 3845 vita
1324 3792 1492 3859 deest,
1548 3793 1678 3849 ﬁdes
1723 3799 1970 3853 meritum
2018 3817 2126 3857 non

529 3870 721 3941 habet,
753 3875 916 3931 beato
945 3876 1149 3935 Jacobo
1180 3891 1471 3941 attestante
1492 3929 1507 3954 ,
1538 3892 1628 3957 qui
1679 3891 1753 3945 ait
1780 3909 1792 3943 ι
1826 3889 1986 3949 Fides
2015 3898 2128 3952 sine

528 3964 788 4034 operibus,
818 3978 1020 4023 mortua
1072 3981 1148 4026 est
1188 3973 1328 4044 (Jac.
1361 3992 1435 4045 ιι,
1485 3978 1595 4049 26).
1630 3979 1759 4047 Quae
1788 3985 1929 4039 enim
1957 4002 2124 4056 opera

528 4069 647 4109 esse
673 4056 887 4111 valeant
914 4062 1210 4118 sacerdotis
1238 4066 1327 4135 qui
1350 4067 1611 4124 honorem
1640 4075 1771 4127 tanti
1802 4082 2122 4134 sacramenti

530 4338 637 4384 tam
667 4333 939 4400 corrigere
968 4379 982 4401 ,
1015 4353 1123 4393 non
1153 4356 1331 4396 mores
1351 4359 1677 4415 componere
1705 4353 1993 4423 studeant,
2027 4358 2121 4413 sed

530 4422 771 4486 divitias,
802 4426 995 4494 quibus
1022 4443 1177 4485 sacer
1202 4432 1378 4488 honor
1400 4438 1597 4493 emitur
1617 4479 1632 4503 ,
1666 4457 1995 4514 congregare
2024 4463 2123 4505 sa-

528 4521 730 4581 tagant.
763 4512 900 4571 Hinc
930 4518 990 4572 fit
1015 4521 1176 4575 etiam
1225 4532 1282 4577 ut
1309 4526 1546 4583 insontes
1579 4540 1634 4585 et
1682 4512 1947 4605 pauperes
1975 4555 2006 4594 a
2035 4556 2121 4595 sa-

522 4970 596 5024 ris
623 4980 678 5025 et
698 4974 927 5031 ordinati
950 4981 1180 5036 animam
1198 4984 1394 5043 lethale
1413 4991 1606 5047 vulnus
1626 4994 1903 5067 inﬂigitur,
1926 5017 2113 5058 verum

521 5063 681 5116 etiam
730 5067 1061 5125 excellentiae
1090 5083 1282 5130 vestrae
1310 5093 1531 5149 regnum
1551 5126 1567 5152 ,
1613 5063 1991 5160 episcoporum
2017 5110 2112 5151 ve-

521 5165 754 5211 strorum
782 5160 959 5232 culpa,
991 5178 1217 5232 quorum
1246 5174 1414 5239 magis
1438 5175 1909 5239 intercessionibus
1932 5185 2109 5254 juvari

520 5248 798 5341 debuerat,
825 5267 1206 5325 pmgravatur.
1236 5260 1291 5316 Si
1323 5266 1464 5320 enim
1510 5270 1554 5324 is
1585 5270 1776 5341 dignus
1804 5248 2107 5337 sacerdotio

519 5340 787 5410 creditur,
819 5346 904 5399 cui
950 5362 1058 5403 non
1104 5352 1330 5412 actionis
1356 5359 1575 5424 merita,
1626 5340 1721 5419 sed
1762 5372 2105 5436 praemiorum

545 5517 712 5607 2⁸ξξέῐιι
745 5516 910 5607 ῐξιὶοτ
943 5538 1043 5593 per
1068 5531 1483 5607 correctionem,
1513 5538 1650 5607 quod
1676 5540 1837 5597 simili
1862 5550 2107 5605 emenda-

518 5591 645 5641 tioni
677 5591 982 5648 tradendum
1011 5604 1104 5650 est.

590 5657 615 5694 δ
643 5658 842 5735 B_igot.,
871 5667 1002 5734 perit
1048 5668 1250 5735 ubiq'le.

594 5729 1499 5835 LnBigp-t.hininefpfter“ia‘borfs
1563 5751 1869 5835 «retineant.
1941 5757 2110 5835 Utic.,

516 5795 809 5905 Samii?
825 5795 1489 5905 f’fr‘it‘fi'ifii't‘“'jf;.'_'hi
1502 5795 1787 5905 σηπίη
1806 5796 1915 5886 min
1944 5795 2111 5905 ἕὲιῖῖί

520 5864 649 5923 ﬂeat
669 5872 803 5937 pati,
825 5876 920 5930 sed
944 5864 1529 5953 exspectarev,"di/'fe;r¢:

2327 1991 2344 2025 ι
2380 1973 2489 2029 Nec
2518 1978 2621 2033 hoc
2641 1993 2856 2051 quoque
2880 1985 3076 2041 malum
3103 1989 3409 2048 sollicitudo
3430 2002 3614 2050 nostra
3638 1999 3859 2068 patitur

2247 2065 2580 2134 negligenter
2607 2072 2880 2143 omittere,
2911 2078 3056 2146 quod
3085 2081 3613 2149 quidam,.instinctu
3641 2065 3861 2156 glorias

2246 2156 2419 2211 inanis
2447 2160 2626 2227 electi,
2661 2178 2727 2217 ex
2750 2164 2888 2221 laico
2911 2178 3135 2240 repente
3155 2172 3340 2229 habitu
3361 2176 3643 2249 sacerdotii
3668 2180 3861 2236 hono-

2244 2262 2357 2302 rem
2389 2252 2672 2321 arripiunt,
2706 2264 2783 2323 et,
2809 2260 2954 2328 quod
2982 2263 3162 2319 dicere
3193 2266 3358 2335 pudet
3383 2276 3439 2322 et
3468 2278 3646 2325 tacere
3674 2286 3860 2341 gravo

2244 2350 2346 2405 est,
2379 2347 2613 2413 regendi,
2645 2358 2906 2418 rectores,
2937 2362 2992 2408 et
3017 2356 3109 2425 qui
3135 2357 3363 2413 docendi
3386 2370 3531 2428 sunt,
3565 2361 3858 2432 doctores,

2243 2448 2343 2489 nec
2365 2437 2689 2495 erubescunt
2716 2442 2906 2510 videri,
2941 2462 3041 2503 nec
3061 2458 3325 2507 metuunt.
3350 2452 3609 2509 Ducatum
3630 2457 3861 2512 anima-

2242 2539 2360 2579 rum
2408 2528 2748 2598 impudenter
2778 2548 3091 2608 assumunt,
3122 2543 3315 2613 quibus
3340 2545 3425 2599 via
3453 2548 3628 2603 omnis
3652 2548 3861 2617 ignota

2241 2615 2482 2675 ductoris
2510 2631 2611 2687 est,
2638 2634 2693 2679 et
2720 2641 2829 2696 quo
2856 2630 2941 2683 vel
2971 2632 3069 2701 ipsi
3098 2636 3439 2704 gradiantur,
3490 2640 3659 2708 ignari
3681 2615 3861 2701 sunt.

2241 2709 2395 2778 Quod
2421 2728 2581 2783 quam
2609 2733 2857 2788 pravum,
2885 2738 3114 2793 quamve
3144 2728 3213 2782 sit
3241 2732 3606 2798 temerarium,
3657 2750 3861 2790 saecu-

2241 2806 2339 2861 lari
2368 2809 2531 2864 etiam
2559 2811 2748 2869 ordine
2777 2823 2828 2871 et
2862 2817 3140 2889 disciplina
3166 2830 3515 2880 monstratur.
3548 2825 3677 2882 Nam
3708 2828 3858 2889 dum

2239 2895 2345 2950 dux
2375 2900 2645 2956 exercitus
2672 2917 2781 2959 non
2805 2905 2906 2961 nisi
2937 2908 3120 2965 labore
3148 2920 3201 2965 et
3244 2912 3603 2970 sollicitudine
3642 2933 3859 2989 exper-

2238 2995 2325 3043 tus
2354 2988 2591 3059 eligitur,
2613 2994 2801 3062 quales
2826 2997 3125 3053 animarum
3150 3000 3314 3056 duces
3334 3018 3456 3059 esse
3483 2988 3859 3078 deheantqui

2238 3079 2580 3151 episcopatus
2626 3085 2841 3143 culmen
2894 3090 3181 3148 immatura
3223 3096 3447 3166 cupiunt
3492 3097 3858 3159 festinatione

2238 3176 2642 3235 conscendere?
2662 3178 2834 3251 Hujus
2860 3183 3051 3241 saltem
3079 3187 3159 3242 rei
3184 3202 3245 3244 se
3272 3193 3673 3262 comparatione
3703 3210 3860 3250 con-

2556 3278 2613 3326 et
2653 3275 2871 3342 aggredi
2918 3288 3142 3348 repente
3190 3290 3213 3320 ο
3261 3281 3572 3354 inexpertos
3620 3287 3856 3347 labore!

2239 3359 2495 3427 timeant,
2527 3378 2597 3420 ne
2633 3379 2773 3421 caeca
2804 3367 3029 3425 honoris
3058 3371 3302 3439 ambitio,
3352 3384 3410 3430 et
3437 3376 3567 3446 ipsis
3612 3378 3664 3433 in
3714 3394 3856 3450 pae-

2234 3463 2358 3503 nam
2398 3452 2504 3518 sit,
2548 3462 2601 3509 et
2650 3456 2770 3511 aliis
2818 3459 3073 3529 pestifera
3118 3466 3319 3522 erroris
3355 3470 3561 3524 semina
3604 3470 3854 3541 jaciant,

2233 3542 2429 3613 quippe
2455 3547 2546 3614 qui
2579 3564 2684 3603 non
2730 3550 2969 3610 didicere
2996 3557 3141 3625 quod
3171 3559 3273 3629 ipsi
3319 3561 3567 3618 doceant.
3600 3562 3858 3625 Proinde

2232 3642 2461 3702 paterno
2487 3638 2783 3697 salutantes
2807 3642 3025 3715 affectu,
3053 3649 3303 3722 petimus,
3349 3655 3854 3722 praecellentissimi

2230 3721 2381 3793 Filii,
2416 3737 2473 3782 ut
2502 3730 2606 3787 hoc
2644 3742 2749 3788 tam
2779 3721 3098 3796 detestabile
3143 3721 3437 3798 malumide
3475 3747 3623 3816 regni
3661 3750 3855 3809 vestri

2229 3818 2492 3879 studeatis
2519 3821 2713 3881 finibus
2743 3829 3060 3898 prohibere,
3092 3842 3148 3887 et
3194 3834 3337 3889 nulla
3368 3837 3508 3906 apud
3539 3854 3631 3894 vos
3660 3854 3853 3897 excu-

2228 3914 2387 3976 satio,
2422 3915 2563 3969 nulla
2591 3927 2779 3973 contra
2810 3921 3043 3976 animam
3085 3933 3323 3981 vestram
3350 3930 3620 3998 suggestio
3648 3930 3852 3989 locum

2228 4005 2487 4075 inveniat,
2516 4009 2641 4078 quia
2671 4008 2917 4067 facientis
2959 4016 3146 4083 procul
3191 4017 3353 4073 dubio
3378 4021 3591 4091 culpam
3639 4022 3853 4095 habet,

2226 4098 2317 4166 qui
2338 4102 2481 4167 quod
2499 4105 2960 4173 potestcorrigere
2974 4106 3195 4175 negligit
3212 4109 3525 4166 emendare.
3550 4131 3567 4164 ι
3591 4110 3731 4182 (Lib.
3748 4129 3850 4183 Ix,

2224 4189 2403 4242 indici.
2430 4190 2486 4255 9,
2508 4207 2589 4261 ep.
2633 4193 2783 4264 100.)

2292 4280 2425 4336 Item
2477 4299 2575 4353 pro
2620 4286 2822 4343 eisdem
2868 4290 3161 4349 haeresibus
3189 4290 3215 4331 ά
3258 4293 3516 4368 Syagrio,
3564 4299 3851 4370 episcopo

2222 4374 2693 4443 Augustodunensi
2716 4422 2730 4447 ,
2775 4390 2830 4437 et
2876 4384 2996 4439 aliis
3046 4386 3313 4460 episcopis
3345 4406 3358 4442 :
3397 4408 3415 4441 ι
3452 4390 3649 4446 Nuntio
3676 4394 3849 4462 apud

2223 4484 2322 4525 nos
2352 4471 2477 4525 olim
2507 4473 2871 4541 discurrente,
2926 4480 3198 4549 vulgatum
3246 4491 3329 4539 est
3357 4484 3500 4553 quod
3541 4485 3592 4539 in
3620 4483 3848 4541 Gallia-

2220 4577 2338 4618 rum
2368 4566 2611 4634 partibus
2652 4570 2787 4624 sacri
2820 4570 3035 4628 ordines
3062 4588 3159 4644 per
3184 4575 3534 4631 simoniacam
3573 4578 3846 4637 haeresim

2222 4655 2585 4712 conferantur.
2618 4658 2683 4712 Et
2713 4662 3019 4718 vehementi
3051 4665 3208 4719 taedio
3242 4669 3492 4723 maeroris
3531 4668 3838 4736 allicimur,

2223 4745 2270 4799 si
2299 4747 2353 4801 in
2392 4750 2771 4807 ecclesiasticis
2814 4754 3005 4811 ofliciis
3055 4772 3375 4827 quemquam
3427 4759 3589 4815 habet
3616 4761 3843 4818 locum

2222 4837 2471 4903 pecunia,
2504 4847 2561 4893 et
2591 4839 2649 4892 lit
2675 4843 2932 4899 saeculare
2959 4846 3103 4914 quod
3132 4862 3342 4903 sacrum
3370 4857 3473 4903 est.
3501 4848 3842 4918 Quicunque

2222 4939 2350 4994 ergo
2388 4926 2492 4982 hoc
2522 4931 2679 4999 pretii
2727 4932 2905 4988 studet
2949 4935 3169 4992 datione
3218 4937 3514 5007 percipere,
3562 4938 3840 4996 sacerdos

2220 5032 2327 5072 non
2356 5034 2493 5085 esse,
2526 5025 2617 5077 sed
2645 5022 2751 5079 dici
2784 5028 3173 5095 tantummodo,
3202 5030 3435 5085 inaniter
3461 5030 3836 5101 concupiscit.

2220 5105 2356 5174 Quid
2384 5110 2611 5179 scilicet,
2642 5115 2767 5183 quid
2793 5133 2891 5187 per
2917 5118 3023 5175 hoc
3047 5120 3190 5175 aliud
3219 5122 3415 5191 agitur,
3446 5124 3546 5178 nisi
3579 5131 3638 5177 ut
3664 5125 3834 5183 nulla

2215 5197 2284 5250 de
2312 5208 2434 5254 actu
2464 5203 2741 5274 probatio,
2774 5209 2919 5264 nulla
2942 5204 3248 5269 sollicitudo
3276 5213 3343 5270 de
3372 5216 3634 5285 moribus,
3662 5218 3833 5275 nulla

2214 5289 2284 5343 sit
2311 5291 2378 5347 de
2404 5293 2513 5350 vita
2541 5297 2825 5367 discussio,
2855 5303 2949 5357 sed
2980 5304 3069 5360 ille
3116 5306 3457 5364 solummodo
3483 5308 3673 5380 dignus
3721 5314 3831 5381 qui

2214 5386 2343 5440 dare
2366 5390 2599 5457 pretium
2627 5393 2897 5451 suffecerit
2917 5399 3244 5456 aestimetur?
3272 5401 3353 5457 Ex
3384 5417 3490 5461 oua
3519 5420 3580 5461 re
3605 5404 3650 5462 si
3671 5408 3825 5465 recti

2288 5557 2400 5648 dnln
2426 5559 2590 5629 Utic.,
2616 5562 2749 5648 {tem
2765 5565 3004 5648 Iberia,
3029 5570 3269 5648 Virgilio,
3288 5583 3335 5648 et
3351 5573 3620 5633 Desiderio
3642 5579 3816 5648 epiac.

2218 5626 2509 5717 gailiqrum
2551 5626 2849 5717 inhiantia,
2898 5626 3817 5717 praetertiiirsso'

2213 5701 2325 5782 Sed
2344 5702 2502 5782 aliter
2543 5703 2670 5760 olim
2717 5701 3027 5779 legebatur;
3060 5715 3286 5782 alicujus
3313 5701 3457 5772 enim
3490 5701 3659 5774 liturae
3692 5701 3822 5777 at;

2210 5773 2619 5895 Brehenduntur
2649 5773 2890 5847 vestigia.
2936 5773 3217 5867 ln'tribus
3260 5785 3430 5845 Paris.
3483 5773 3822 5851 omittuntur

2249 5857 2328 5895 ωε
2372 5844 2534 5895 verba
2577 5862 2589 5895 ἲ
2642 5857 2691 5895 et
2736 5851 2806 5895 αι.
2849 5854 3003 5895 enixe-
3045 5852 3255 5895 Cnlrlnr
3291 5869 3507 5895 annonae
3552 5859 3817 5895 Enna-oin-

2249 5857 2349 5931 fec.
2364 5844 2691 5931 rerb‘ahziuet
2736 5844 2809 5904 al:
2849 5854 3005 5923 eplac.
3045 5852 3255 5912 Colitur
3291 5844 3508 5915 sanctus
3552 5844 3820 5931 Syagrii};

2212 5911 2297 5965 die
2331 5908 2395 5963 n
2424 5915 2670 5979 Augusti.
2877 5908 2888 5923 '
3200 5908 3245 5912 ﬂ
3292 5908 3507 5915 mm"
3552 5908 3799 5959 Ἵψηθ
