4118 6448
250 417 355 473 129

814 365 872 472 εί
914 412 1241 472 GBEGORU
1279 414 1483 472 PAPE
1524 415 1707 482 VITA,
1749 413 1840 471 AU

1945 454 1950 468 .
1990 412 2255 472 JOANNE
2296 414 2613 474 DlAGONO.
2654 414 2782 472 LIB.
2825 394 2915 473 in.

3416 415 3523 474 150

254 527 533 588 ibraminis
560 528 962 584 examinatione
1005 539 1292 600 pensetur,
1325 530 1453 586 dum
1493 530 1737 602 improbe
1764 528 1832 585 ad
1855 530 2033 591 Asub
2080 532 2347 587 commodi
2395 533 2613 590 datione
2654 534 2962 601 constituit,
3007 533 3161 604 plura
3207 531 3351 589 male
3372 532 3522 590 ordi-

239 624 455 680 inanem
477 619 705 689 gloriam
731 619 913 674 locum
941 620 1160 676 festinat
1200 622 1447 678 utilitatis
1472 623 1735 694 arripere,
1765 637 1832 680 eo

239 715 358 786 ipso
388 710 557 781 magis
584 708 727 781 quod
746 710 1010 766 honorem
1038 711 1249 781 quaerit,
1274 711 1520 782 indignus
1548 722 1652 769 est.
1682 713 1833 769 Sicut

236 813 416 862 autem
437 803 484 859 is
508 804 602 873 qui
630 802 888 858 invitatus
914 804 1114 871 renuit,
1142 804 1394 873 quaesitus
1423 804 1636 875 refugit,
1665 807 1833 862 sacris

232 912 314 959 est
353 900 611 956 altaribus
660 900 1057 967 admovendus;
1087 899 1167 957 sic
1192 902 1287 971 qui
1333 901 1477 956 ultro
1526 902 1713 967 ambit,
1747 901 1833 956 vel

234 996 539 1066 importune
564 1009 625 1048 se
654 994 878 1063 ingerit,
910 1002 994 1049 est
1020 993 1209 1063 procul
1256 993 1421 1049 dubio
1468 994 1827 1064 repellendus.

232 1086 367 1142 Nam
395 1085 485 1152 qui
509 1085 587 1141 sic
609 1084 800 1139 nititur
824 1083 893 1139 ad
919 1084 1112 1139 altiora
1134 1082 1521 1149 conscendere,
1538 1084 1665 1155 quid
1687 1078 1831 1139 aliud

235 1177 342 1245 agit
368 1175 469 1231 nisi
498 1183 556 1230 ut
578 1175 869 1231 crescendo
893 1175 1187 1239 decrescat,
1211 1183 1287 1242 et,
1309 1175 1649 1231 ascendendo
1675 1185 1828 1231 exte-

232 1271 339 1327 rius
359 1312 376 1337 ,
426 1270 654 1325 interius
678 1268 745 1324 ad
774 1268 1036 1340 profunda
1067 1268 1400 1325 descendat?
1429 1268 1638 1339 Itaque,
1665 1266 1833 1324 frater

233 1363 563 1428 charissime,
595 1361 649 1416 in
679 1360 1052 1417 sacerdotibus
1077 1360 1389 1415 ordinandis
1431 1360 1713 1415 sinceritas
1758 1360 1831 1413 vi-

235 1462 375 1524 geat,
418 1454 492 1509 sit
533 1452 765 1522 simplex
811 1452 931 1509 sine
977 1452 1268 1507 venalitate
1315 1468 1648 1520 consensus,
1695 1468 1829 1522 pura

235 1546 552 1617 praferatur
598 1546 829 1614 electio,
880 1554 939 1600 ιιι
980 1545 1047 1599 ad
1094 1561 1359 1600 summam
1404 1545 1692 1600 sacerdotii
1721 1560 1830 1599 non

234 1643 489 1713 suliragio
509 1642 850 1699 venditorum
870 1640 1177 1710 provectos,
1198 1639 1294 1694 sed
1322 1638 1415 1694 Dei
1438 1639 1687 1694 credatur
1708 1654 1831 1695 esse

237 1734 454 1805 iudicio.
482 1733 614 1789 Nam
640 1733 766 1803 quia
791 1744 955 1800 grave
1002 1730 1222 1785 omnino
1250 1729 1320 1785 sit
1348 1728 1575 1795 facinus,
1608 1729 1702 1784 Dei
1732 1727 1830 1784 do-

235 1839 360 1880 num
392 1825 479 1880 vel
507 1824 682 1896 pretio
728 1836 1043 1892 comparare
1063 1863 1079 1889 ,
1110 1821 1194 1875 vel
1220 1822 1485 1884 vendere,
1519 1820 1828 1891 evangelica

1936 624 2113 679 nando
2142 625 2387 691 destruit,
2420 641 2581 695 quam
2606 627 2695 682 ille
2724 636 2903 699 potest
2925 626 3207 690 aediﬁcare,
3238 627 3330 697 qui
3359 626 3427 681 ab
3454 640 3524 683 eo

1935 719 2219 789 pecuniam
2248 718 2601 773 ordinationis
2630 720 2857 791 accepit.
2889 719 2967 775 Ne
2994 733 3124 789 ergo
3170 719 3270 775 sub
3299 718 3525 775 obtentu

1934 810 2288 882 eleemosynae
2314 826 2433 865 cum
2457 818 2679 880 peccato
2704 811 2903 880 aliquid
2925 812 3237 868 studeamus
3256 811 3525 881 accipere,

1935 912 2120 972 aperte
2148 918 2298 959 sacra
2328 903 2607 973 Scriptura
2639 920 2736 958 nos
2763 902 3035 972 prohibet,
3065 904 3249 959 dicens
3281 923 3295 957 :
3324 902 3528 958 Hostia

1933 997 2208 1067 impiorum
2254 996 2623 1050 abominabiles
2676 994 2931 1059 Domino,
2995 1012 3109 1067 qua:
3140 996 3427 1065 offeruntur
3463 1010 3527 1048 ea:

1934 1090 2123 1144 scelere
2153 1090 2333 1155 (Prov.
2366 1107 2457 1144 xxx
2480 1132 2493 1155 ,
2526 1089 2636 1159 27).
2691 1088 2959 1160 Quidquid
2985 1089 3127 1144 enim
3150 1089 3203 1142 in
3234 1089 3329 1143 Dei
3358 1088 3529 1144 sacri-

1934 1180 2057 1237 ﬁcio
2078 1197 2145 1237 ex
2172 1182 2373 1238 scelere
2400 1181 2641 1249 offertur,
2666 1181 3051 1253 omnipotentis
3080 1181 3173 1236 Dei
3200 1182 3529 1237 iracundiam

1933 1288 2041 1327 non
2084 1273 2290 1342 placat,
2321 1274 2415 1329 sed
2462 1275 2656 1329 irritat.
2710 1274 2846 1329 llinc
2888 1290 3072 1329 rursus
3112 1274 3368 1344 scriptum
3398 1282 3525 1329 est:

1934 1362 2155 1418 Honora
2176 1363 2456 1419 Dominum
2480 1366 2542 1418 de
2567 1367 2664 1419 tuis
2681 1364 2839 1435 justis
2860 1363 3122 1419 laboribus
3142 1364 3321 1436 (Prov.
3348 1381 3425 1427 ιιι,
3450 1362 3528 1435 9).

1933 1450 2035 1516 Qui
2066 1467 2194 1521 ergo
2224 1453 2364 1509 male
2412 1452 2554 1508 tollit
2583 1462 2641 1507 ut
2670 1455 2822 1523 quasi
2861 1454 2999 1509 bene
3028 1455 3285 1524 pnebeat,
3318 1462 3533 1510 constat

1933 1542 2050 1597 sine
2078 1542 2240 1599 dubio
2270 1546 2395 1613 quia
2426 1545 2708 1600 Dominum
2740 1562 2846 1601 non
2874 1546 3129 1601 honorat.
3156 1546 3290 1602 Hinc
3316 1562 3534 1617 quoque

1932 1649 2029 1704 per
2057 1633 2399 1691 Salomonem
2429 1636 2625 1692 dicitur
2650 1656 2662 1691 :
2691 1636 2789 1702 Qui
2820 1639 2973 1708 oﬂ‘ert
2998 1640 3316 1709 sacriﬁcium
3338 1640 3402 1693 de
3423 1638 3532 1700 sub.

1932 1730 2129 1783 stantia
2179 1732 2449 1801 pauperis,
2500 1748 2561 1784 ac
2602 1733 2645 1785 si
2694 1732 2915 1786 rictimet
2966 1733 3136 1802 ﬁlium
3164 1733 3219 1787 in
3259 1740 3534 1803 conspectu

1932 1824 2098 1893 patris
2129 1820 2316 1892 (Eccli.
2348 1839 2426 1890 ιιι,
2454 1824 2506 1890 4,
2538 1823 2653 1891 24).
2690 1823 2930 1891 Quantus
2971 1834 3154 1879 autem
3182 1824 3338 1880 dolor
3364 1824 3536 1895 patris

236 1925 318 1973 est
366 1917 523 1971 testis
574 1916 893 1971 auctoritas.
942 1914 1223 1983 Templum
1272 1916 1415 1968 enim
1468 1913 1727 1970 Dominus
1775 1923 1832 1969 et
1865 1927 1909 1987 Β
1934 1915 2023 1981 sit,
2053 1916 2466 1986 perpendamus,
2500 1917 2543 1972 si
2574 1918 2625 1971 in
2655 1917 2769 1986 ejus
2800 1928 3094 1988 conspectu
3124 1917 3264 1973 filius
3292 1918 3535 1974 victime-

235 2007 567 2078 Redemptor
590 2015 773 2062 noster
798 2006 1072 2074 ingressus
1092 2044 1107 2071 ,
1148 2002 1435 2059 cathedras
1485 2002 1834 2059 vendentium

234 2100 515 2157 columbas
541 2099 736 2155 evertit
763 2097 977 2170 (Matth.
1010 2096 1147 2167 xxi).
1179 2096 1327 2162 Quid
1341 2094 1487 2150 aliud
1526 2105 1609 2151 est
1636 2096 1836 2151 colum-

235 2193 329 2249 bas
377 2191 655 2258 vendere,
700 2190 805 2246 nisi
848 2188 1079 2260 pretium
1130 2187 1201 2243 de
1259 2203 1451 2243 manus
1491 2187 1836 2258 impositione

238 2284 542 2356 percipere,
570 2290 628 2338 et
653 2282 761 2353 83
790 2289 1034 2337 sanctum
1063 2279 1344 2349 Spiritum,
1375 2294 1536 2348 quem
1585 2279 1834 2349 omnipo-

239 2383 357 2433 tens
397 2375 544 2431 Deus
585 2374 894 2430 hominibus
940 2372 1160 2438 tribuit,
1212 2371 1563 2428 venundare?
1594 2371 1835 2439 Quorum

236 2467 600 2527 sacerdotium
624 2475 751 2522 ante
774 2464 871 2520 Dei
893 2464 1081 2520 oculos
1100 2464 1315 2527 cadere,
1339 2463 1715 2519 eathedrarum
1742 2461 1841 2516 uti-

237 2575 342 2631 que
365 2566 621 2632 patenter
647 2558 929 2614 eversione
955 2557 1221 2626 signatum
1242 2563 1363 2622 est;
1388 2564 1444 2611 et
1465 2564 1645 2611 tamen
1666 2554 1841 2610 exerit

238 2650 415 2708 adhuc
440 2650 693 2720 nequitia:
720 2650 955 2722 pravitas
982 2648 1124 2702 vires
1164 2663 1309 2703 suas.
1340 2646 1474 2702 Nam
1525 2647 1668 2716 cogit
1704 2662 1839 2701 ven-

237 2743 382 2811 dere,
417 2757 561 2813 quos
585 2743 796 2813 decepit
815 2751 875 2797 ut
892 2749 1152 2796 emerent.
1177 2739 1245 2793 Et
1265 2739 1393 2795 dum
1415 2756 1525 2795 non
1544 2741 1840 2797 attenditur

242 2839 385 2908 quod
416 2838 599 2895 divina
626 2854 760 2893 voce
781 2838 1087 2907 praecipitur
1114 2854 1127 2890 :
1161 2835 1337 2890 Gratis
1357 2834 1648 2905 accepistis,
1676 2834 1840 2905 gratis

245 2933 361 2988 date
384 2932 603 3005 (Matth.
638 2950 673 2988 x
697 2974 711 2997 ,
740 2934 834 3004 8),
865 2933 1039 3000 agitur
1086 2937 1146 2983 ut
1191 2934 1433 2994 crescat,
1487 2934 1543 2982 ct
1570 2924 1837 2994 geminata

242 3027 332 3082 ﬁat
356 3029 414 3083 in
450 3044 554 3082 uno
577 3026 877 3095 eodemque
908 3023 1089 3079 delicti
1118 3021 1390 3091 contagio,
1442 3019 1671 3074 ementis
1696 3018 1839 3073 sciti-

238 3130 323 3178 cet
348 3130 407 3177 et
438 3119 742 3176 vendentis.
780 3118 847 3172 Et
874 3133 996 3174 cum
1026 3118 1227 3188 liqueat
1259 3116 1399 3169 hanc
1441 3112 1689 3167 haeresim
1713 3119 1838 3165 ante

239 3228 429 3269 omnes
454 3213 633 3268 radice
660 3212 911 3282 pestifera
936 3209 1278 3279 surrepsisse,
1333 3214 1495 3275 atque
1514 3204 1568 3259 in
1596 3205 1711 3273 ipsa
1741 3218 1839 3258 sua

1938 2014 2060 2071 tur;
2090 2015 2144 2062 et
2184 2008 2309 2063 hinc
2338 2008 2495 2064 facile
2525 2010 2901 2077 cognoscimus
2930 2017 3163 2080 quantus
3195 2009 3335 2080 apud
3367 2010 3535 2066 Deum

1938 2096 2094 2153 dolor
2133 2107 2485 2162 exasperatur
2524 2099 2741 2169 quando
2788 2100 2837 2154 ei
2881 2100 3208 2155 sacrificium
3239 2115 3306 2155 ex
3347 2101 3536 2171 rapina

1938 2188 2212 2243 tribuitur.
2240 2187 2409 2243 Nimis
2452 2204 2581 2257 ergo
2623 2189 3003 2245 declinandum
3045 2198 3162 2259 est,
3193 2191 3536 2247 dilectissime

1937 2280 2124 2344 frater,
2153 2280 2251 2336 sub
2281 2280 2507 2335 obtentu
2534 2281 2910 2353 eleemosynze,
2957 2291 3182 2352 peccata
3229 2283 3537 2338 simoniacm

1938 2370 2207 2429 haereseos
2236 2380 2566 2441 perpetrare.
2597 2372 2731 2427 Nam
2762 2373 2904 2429 aliud
2952 2382 3037 2430 est
3064 2384 3287 2445 propter
3311 2383 3536 2446 peccata

1940 2464 2314 2535 eleemosynas
2336 2466 2535 2534 facere,
2569 2466 2715 2523 aliud
2744 2476 2967 2539 propter
3007 2468 3380 2541 eleemosynas
3409 2485 3536 2541 pec-

1940 2566 2060 2612 cata
2084 2559 2446 2615 committere.

2020 2691 2039 2723 ι
2074 2671 2191 2728 Hoc
2218 2688 2436 2744 quoque
2463 2674 2532 2730 ad
2558 2690 2659 2730 nos
2686 2678 2997 2745 pervenisse
3020 2694 3127 2735 non
3156 2679 3536 2753 dissimili'“

1941 2765 2159 2834 dignum
2207 2766 2570 2823 detestatione
2622 2769 3068 2838 complectimur,
3113 2773 3258 2841 quod
3295 2773 3535 2842 quidam,

1942 2856 2209 2913 desiderio
2240 2860 2462 2914 honoris
2490 2858 2681 2925 inflati,
2713 2860 2983 2917 defunctis
3013 2862 3301 2933 episcopis,
3352 2872 3536 2919 tonsu-

1940 2954 2130 3001 rantur
2152 2986 2167 3010 ,
2198 2956 2254 3002 et
2281 2947 2415 3002 fiunt
2440 2958 2663 3018 repente
2694 2965 2761 3004 ex
2803 2950 2956 3006 laicis
2981 2952 3323 3016 sacerdotes,
3372 2963 3536 3022 atque

1942 3038 2303 3095 inverecunde
2351 3040 2589 3109 religiosi
2641 3044 2905 3112 propositi
2951 3044 3204 3100 ducatum
3248 3046 3533 3115 arripiunt,

1941 3135 2034 3203 qui
2064 3150 2165 3190 nec
2189 3150 2310 3192 esse
2333 3136 2509 3192 adhuc
2538 3136 2736 3193 milites
2758 3138 3081 3195 didicerunt.
3106 3140 3243 3206 Quid
3265 3149 3532 3210 putamus,

1944 3224 2088 3295 quod
2117 3227 2206 3281 isti
2251 3227 2509 3297 subjectis
2552 3231 2858 3298 przestaturi
2903 3238 3057 3297 sunt,
3108 3234 3199 3302 qui
3248 3240 3536 3302 antequam

238 3305 452 3375 origine
478 3302 775 3373 apostolica
816 3316 937 3357 esse
974 3299 1335 3355 detestatione
1380 3296 1712 3358 damnatam,
1743 3309 1839 3347 cur

1945 3318 2292 3390 discipulatus
2318 3296 2480 3377 limen
2509 3296 2795 3391 attingant,
2827 3330 3011 3379 tenere
3032 3296 3212 3378 locum
3240 3296 3536 3393 magisterii

240 3408 347 3451 non
375 3402 619 3458 cavetur,
652 3408 749 3448 cur
767 3407 877 3447 non
902 3390 1254 3462 perpenditur
1280 3387 1405 3459 quia
1434 3385 1737 3442 benedictio
1763 3385 1838 3439 illi

240 3484 296 3541 in
339 3485 777 3541 maledictionem
825 3482 1196 3549 convertitur,
1250 3480 1343 3551 qui
1390 3479 1459 3533 ad
1502 3480 1607 3534 hoc
1638 3485 1697 3533 ut
1749 3474 1841 3531 ﬁat

241 3573 528 3633 haereticus
572 3576 960 3647 promovetur?

317 3711 339 3745 σ
368 3689 697 3762 Plerumque
745 3691 906 3760 igitur
957 3688 1294 3745 adversarius
1335 3686 1667 3749 animarum,
1714 3684 1843 3739 dum

242 3797 353 3839 non
382 3791 568 3855 potest
597 3782 651 3837 in
687 3783 771 3837 his
799 3796 919 3847 qua:
960 3780 1026 3835 ad
1057 3780 1244 3835 faciem
1290 3787 1417 3833 sunt
1460 3792 1623 3845 prava
1670 3774 1845 3829 subri-

241 3891 376 3947 pere
403 3916 419 3941 ,
473 3883 499 3911 α
529 3873 719 3929 callide
739 3873 921 3941 specie
948 3873 1100 3939 quasi
1120 3870 1338 3940 pietatis
1376 3869 1572 3937 injecta
1595 3911 1611 3934 ,
1659 3868 1847 3921 nititur

241 3962 633 4035 supplantare;
655 3961 947 4030 suadetque
976 3960 1197 4015 forsitan
1218 3959 1415 4014 debere
1439 3959 1504 4011 ab
1528 3958 1849 4012 habentibus

244 4056 464 4127 accipi,
517 4064 575 4111 ut
618 4055 687 4110 sit
735 4055 878 4126 quod
905 4054 1075 4124 possit
1119 4069 1225 4108 non
1266 4052 1585 4107 habentibus
1613 4066 1844 4122 erogari,

246 4146 543 4204 dummodo
568 4147 654 4202 vel
674 4147 752 4202 sic
775 4160 981 4201 venena
1001 4143 1277 4200 mortifera
1300 4143 1655 4215 eleemosynae
1675 4145 1848 4201 celata

248 4239 662 4297 obumbratione
690 4236 1050 4292 transfundat.
1083 4237 1217 4317 Nam
1258 4250 1358 4291 nec
1406 4246 1631 4292 venator
1656 4236 1845 4303 feram,

252 4349 354 4390 nec
384 4348 539 4389 avem
563 4347 761 4402 auceps
782 4333 1055 4402 deciperet
1073 4373 1087 4397 ,
1118 4331 1204 4387 vel
1233 4331 1433 4402 piscem
1473 4332 1710 4402 piscator
1760 4347 1851 4387 ca-

252 4437 437 4499 peret,
462 4426 509 4483 si
537 4435 630 4482 aut
659 4426 748 4482 ille
774 4427 1025 4495 laqueum
1056 4426 1110 4482 in
1140 4433 1329 4495 aperto
1375 4433 1724 4495 proponeret,
1758 4430 1852 4479 aut

254 4519 345 4576 ille
374 4520 594 4575 hamum
623 4533 745 4575 esca
772 4516 1143 4571 absconditum
1189 4531 1297 4571 non
1327 4515 1571 4571 haberet.
1619 4513 1851 4570 Omnino

258 4625 387 4681 ergo
412 4613 698 4666 metuenda
724 4618 780 4665 et
807 4608 1041 4665 cavenda
1069 4614 1151 4663 est
1177 4607 1348 4662 hostis
1376 4607 1592 4673 astutia,
1625 4622 1693 4662 ne
1718 4623 1855 4677 quos

1944 3430 2053 3470 non
2083 3413 2414 3470 formidant?
2444 3415 2559 3483 Qua
2587 3416 2654 3472 de
2681 3434 2739 3473 re
2784 3434 3012 3475 necesse
3057 3428 3142 3476 est
3187 3430 3247 3476 ut
3293 3422 3539 3492 quamvis

1944 3505 2201 3575 inculpati
2223 3508 2451 3577 quisque
2473 3509 2542 3565 sit
2564 3509 2761 3579 meriti,
2786 3521 2912 3566 ante
2932 3522 3111 3568 tamen
3136 3528 3232 3583 per
3256 3513 3539 3571 distinctos

1945 3595 2166 3652 ordines
2192 3598 2573 3655 ecclesiasticis
2600 3612 2917 3657 exerceatur
2941 3602 3152 3661 ciliciis.
3187 3605 3375 3661 Videat
3396 3606 3538 3678 quod

1945 3687 2202 3751 imitetur,
2235 3688 2407 3744 discat
2427 3692 2569 3760 quod
2591 3691 2802 3758 doceat,
2829 3683 3149 3751 informetur
3170 3698 3312 3765 quod
3336 3706 3538 3770 teneat,

1948 3786 2008 3832 ut
2037 3786 2225 3846 postea
2256 3796 2362 3833 non
2385 3779 2578 3835 debeat
2596 3798 2800 3845 errare,
2825 3786 2914 3853 qui
2937 3787 3152 3855 eligitur
3175 3788 3315 3842 viam
3337 3792 3539 3846 erranti

1947 3866 2339 3921 demonstrare.
2371 3868 2471 3921 Diu
2491 3884 2619 3937 ergo
2648 3871 2896 3939 religiosa
2914 3874 3265 3930 meditatione
3286 3879 3539 3948 poliatur,

1950 3965 2008 4011 ut
2038 3957 2265 4027 placeat,
2300 3966 2354 4012 et
2382 3958 2459 4013 sic
2489 3960 2702 4015 lucerna
2749 3978 2910 4032 super
2936 3963 3315 4021 candelabrum
3366 3968 3541 4038 posita
3568 4002 3569 4005 η

1950 4052 2151 4120 luceat,
2184 4061 2241 4107 ut
2264 4053 2492 4109 adversa
2520 4066 2805 4111 ventorum
2834 4057 2916 4111 vis
2960 4058 3191 4128 irruens,
3224 4070 3541 4132 conceptam

1951 4143 2266 4199 eruditionis
2288 4144 2554 4201 ﬂammam
2577 4164 2685 4203 non
2710 4152 3034 4218 exstinguat,
3048 4152 3143 4207 sed
3169 4162 3382 4222 augeat.
3406 4153 3542 4209 Nam

1953 4253 2075 4293 cum
2104 4238 2361 4309 scriptum
2389 4240 2478 4305 sit,
2510 4249 2568 4295 ut
2597 4241 2744 4312 prius
2766 4282 2782 4308 ,
2814 4242 2941 4308 Quis
2964 4246 3233 4316 probetur,
3266 4256 3315 4301 et
3343 4249 3419 4302 sic
3440 4249 3543 4303 mi-

1953 4331 2133 4384 nistret
2156 4329 2212 4401 (I
2236 4330 2366 4387 Tim.
2398 4349 2476 4399 ιιι,
2499 4333 2611 4401 10),
2635 4334 2807 4403 multo
2832 4337 3062 4407 amplius
3082 4348 3209 4404 ante
3236 4340 3543 4409 probandus

1954 4429 2052 4487 est,
2086 4422 2177 4492 qui
2207 4425 2387 4495 p0puli
2418 4425 2742 4481 intercessor
2770 4428 3077 4494 assumitur,
3108 4445 3176 4484 ne
3220 4428 3351 4484 fiant
3380 4446 3543 4489 causa

1955 4513 2121 4568 ruinae
2166 4516 2379 4586 populis
2422 4517 2733 4574 sacerdotes
2783 4519 2928 4575 mali.
2977 4520 3128 4575 Nulla
3164 4521 3327 4589 igitur
3354 4529 3543 4578 contra

1954 4604 2059 4660 hoc
2087 4607 2386 4673 excusatio,
2413 4608 2558 4662 nulla
2582 4616 2761 4679 potest
2804 4625 2925 4665 esse
2953 4610 3219 4676 defensio,
3253 4611 3378 4679 quia
3408 4614 3543 4667 cun-

261 4709 447 4773 aperta
474 4702 657 4772 nequit
686 4700 982 4756 tentatione
1008 4700 1344 4766 subvertere,
1371 4698 1574 4753 latente
1618 4699 1727 4754 telo
1753 4715 1854 4755 εω-
1878 4694 1933 4755 D
1958 4695 2057 4751 ctis
2087 4696 2289 4766 liquido
2318 4708 2504 4754 notum
2535 4707 2617 4754 est
2645 4715 2764 4769 quze
2779 4700 2848 4754 sit
2876 4702 2930 4754 in
2960 4700 3119 4769 hujus
3161 4701 3238 4755 rei
3268 4701 3543 4771 diligentia

262 4794 381 4850 vius
406 4792 585 4849 valeat
606 4792 889 4848 trucidare.
924 4792 1107 4862 Neque
1135 4793 1277 4846 enim
1321 4792 1663 4863 eleemosyna
1693 4808 1853 4862 repu-

265 4885 425 4940 tanda
457 4893 558 4951 est,
589 4885 635 4940 si
662 4884 987 4955 pauperibus
1014 4883 1355 4953 dispensetur
1384 4883 1529 4953 quod
1560 4897 1626 4937 ex
1657 4883 1855 4941 illicitis

265 4977 428 5034 rebus
452 4977 733 5047 accipitur,
765 4974 889 5045 quia
909 4975 1002 5043 qui
1031 4975 1133 5029 hac
1160 4975 1459 5030 intentione
1480 4976 1621 5030 male
1642 4976 1852 5049 accipit,

268 5076 329 5124 ut
351 5071 505 5139 quasi
532 5069 670 5123 bene
699 5068 992 5137 dispenset,
1031 5075 1281 5135 gravatur
1310 5068 1487 5137 potius
1527 5082 1685 5138 quam
1708 5070 1857 5139 juva-

272 5167 375 5215 tur.
400 5159 755 5231 Eleemosyna
778 5158 1151 5227 Redemptoris
1173 5158 1339 5212 nostri
1357 5160 1525 5215 oculis
1548 5161 1635 5216 illa
1657 5163 1855 5233 placet,

274 5268 392 5321 qua:
434 5251 503 5309 de
531 5268 639 5308 non
668 5250 867 5306 illicitis
895 5251 1055 5306 rebus
1099 5258 1154 5305 et
1204 5250 1488 5319 iniquitate
1529 5256 1855 5323 congeritur,

274 5342 368 5397 sed
391 5358 510 5413 qua:
536 5342 602 5399 de
626 5343 789 5399 rebus
815 5342 1084 5399 concessis
1112 5350 1167 5397 et
1195 5341 1332 5397 bene
1358 5343 1633 5411 acquisitis
1660 5345 1860 5417 impen-

277 5430 437 5487 ditur.
487 5431 639 5488 Unde
666 5433 829 5488 etiam
859 5431 987 5487 illud
1009 5441 1216 5488 certum
1243 5438 1344 5498 est,
1372 5433 1497 5503 quia
1519 5443 1572 5489 et
1592 5435 1637 5489 si
1665 5452 1859 5493 mona-

276 5523 457 5590 steria,
486 5531 577 5579 aut
604 5524 954 5589 xenodochia,
984 5524 1071 5579 vel
1100 5522 1225 5594 quid
1246 5523 1388 5578 aliud
1407 5524 1475 5581 de
1493 5528 1719 5596 pecunia
1740 5544 1862 5594 quas

278 5630 376 5686 pro
408 5619 578 5672 sacris
604 5615 879 5672 ordinibus
905 5617 1062 5672 datur
1086 5623 1449 5685 construatur,
1491 5620 1725 5675 mercedi
1750 5626 1864 5678 neu

281 5709 509 5782 prolicit,
535 5712 788 5782 quoniam
832 5712 956 5769 dum
992 5729 1278 5784 perversus
1306 5724 1361 5771 et
1399 5724 1611 5787 emptor
1637 5717 1862 5775 honoris

283 5801 337 5858 in
359 5801 536 5861 locum
565 5807 961 5879 transmittitur,
989 5817 1046 5865 et
1086 5810 1219 5869 alios
1247 5810 1315 5867 ad
1355 5812 1437 5869 sui
1460 5812 1863 5872 similitudinem

355 5939 382 5971 ι
410 5930 617 6009 Bigot.,
666 5940 857 5996 callida
884 5942 1066 6013 specie.

1954 4789 2126 4844 sancti
2155 4797 2211 4843 et
2234 4791 2430 4859 egregii
2459 4792 2765 4848 sollicitudo
2814 4792 3069 4857 doctoris,
3100 4792 3191 4861 qui
3218 4795 3545 4866 neophytum

1957 4880 2026 4935 ad
2056 4881 2274 4936 ordines
2324 4891 2469 4937 vetat
2496 4898 2680 4938 sacros
2727 4882 3004 4938 accedere.
3036 4885 3187 4940 Sicut
3210 4894 3389 4941 autem
3419 4896 3546 4944 tunc

1960 4974 2260 5045 neophytus
2287 4974 2590 5037 dicebatur,
2623 4975 2714 5043 qui
2754 4974 2907 5031 initio
2936 4976 2989 5030 in
3038 4986 3238 5033 sancta:
3267 4978 3387 5033 fidei
3432 4989 3547 5035 crat

1959 5065 2262 5120 eruditione
2286 5066 2590 5134 plautatus,
2632 5066 2710 5123 sic
2738 5067 2900 5125 modo
2927 5070 3231 5142 neophytus
3274 5072 3549 5128 habendus

1961 5164 2080 5223 est,
2135 5157 2226 5226 qui
2270 5165 2492 5226 repente
2537 5158 2590 5212 in
2619 5158 2894 5228 religionis
2934 5160 3118 5217 habitu
3149 5161 3420 5231 plantatus
3444 5205 3460 5229 ,
3484 5162 3550 5218 ad

1962 5245 2276 5302 ambiendos
2320 5248 2555 5305 honores
2596 5265 2780 5306 sacros
2809 5250 3102 5323 irrcpserit.
3134 5251 3391 5308 Ordinate
3421 5267 3551 5322 ergo

1963 5337 2029 5393 ad
2078 5337 2293 5394 ordines
2338 5339 2737 5397 ascendendum
2781 5350 2882 5397 est.
2931 5341 3069 5398 Nam
3115 5358 3297 5398 casum
3346 5344 3552 5412 appetit

1962 5428 2055 5499 qui
2081 5429 2147 5485 ad
2176 5445 2382 5486 summa
2407 5432 2511 5488 loci
2534 5434 2765 5503 fastigia,
2811 5435 3127 5505 postpositis
3155 5436 3424 5504 gradibus,
3455 5449 3552 5502 per

1965 5522 2191 5595 abrupta
2216 5527 2407 5595 quierit
2432 5542 2731 5583 ascensum.
2785 5525 2855 5581 Et
2899 5543 3021 5582 cum
3064 5527 3204 5581 idem
3257 5525 3553 5596 Apostolus

1968 5614 2161 5672 doceat
2198 5618 2339 5675 inter
2384 5620 2487 5675 alia
2534 5622 2685 5677 sacri»
2703 5620 2906 5676 ordinis
2935 5619 3178 5675 instituta
3206 5617 3551 5687 discipulum,

1967 5721 2186 5762 manum
2216 5726 2323 5766 non
2351 5727 2471 5767 esse
2500 5713 2750 5783 cuiquam
2778 5711 2938 5766 citius
2976 5707 3373 5779 itnponendam,
3423 5708 3554 5777 quid

1967 5799 2071 5860 hoc
2091 5803 2340 5874 celerius,
2356 5804 2555 5875 quidve
2578 5803 2979 5877 prazcipitatius,
3001 5816 3163 5871 quam
3193 5809 3253 5857 ut
3280 5803 3555 5860 exoriatur

2968 6048 3060 6057 h...‘
