4118 6460
565 467 669 522 155
1152 465 1210 519 S.
1250 460 1582 519 GREGORII
1620 459 1822 515 PAPIE
1863 457 2049 521 VITA,
2091 455 2293 511 AUCT.
2336 454 2599 512 JOANNE
2638 451 2955 508 DIACONO.
2997 451 3127 506 LIB.
3172 449 3258 506 Ill.
3724 449 3830 504 156

561 591 618 637 et
647 579 891 636 eumdem
915 575 1348 631 archidiaconum
1370 573 1438 628 ad
1463 589 1562 628 nos
1575 573 1759 626 venire
1781 567 2142 640 praecipimus,
2169 571 2216 626 A
2246 575 2376 632 met,
2414 577 2435 605 ο
2464 576 2519 622 ει
2545 563 2855 622 contritioni
2883 577 3015 626 suze,
3046 560 3181 629 fuga:
3220 567 3426 630 quaerat
3451 558 3732 613 auxilium.
3764 559 3837 616 Et

553 684 612 728 ut
638 670 892 742 quidquid
917 668 1152 737 justum,
1183 665 1441 735 quidquid
1468 663 1826 735 omnipotenti
1873 663 1983 717 Deo
2025 660 2138 730 pla-
2241 661 2525 730 ideo,quia
2558 660 2692 714 tales
2713 673 2840 726 erga
2869 655 3145 724 subjectos
3167 660 3381 707 nostros
3411 652 3670 707 debemus
3692 653 3835 708 exis-

550 772 716 827 citum
743 768 921 829 fuerit,
952 764 1180 832 cognitis
1207 762 1592 818 assertionibus
1619 760 1852 830 partium
1878 757 2136 812 decerna-
2238 760 2374 819 tere,
2399 752 2590 821 quales
2610 766 2730 813 nos,
2753 749 2797 803 si
2827 747 3052 816 subjecti
3081 746 3381 802 fuissemus.
3406 749 3621 798 nostros
3642 742 3838 798 volue-

552 879 692 918 mus.
749 860 857 914 Nos
903 858 1046 912 enim
1078 857 1280 911 nullum
1309 871 1407 926 pro
1435 853 1706 924 personali
1738 866 1922 906 amore
1950 849 2139 904 defen—
2237 860 2419 900 ramus
2444 859 2563 900 esse
2587 842 3157 913 przepositoszmagna:
3171 837 3516 907 benignitatis
3537 844 3620 892 est
3641 836 3687 891 si
3708 851 3839 893 eum

549 957 740 1018 dimus,
773 953 867 1008 sed
886 960 1106 1006 auctore
1134 951 1263 1013 Deo,
1296 963 1538 1002 normam
1565 946 1805 1016 justitite,
1836 941 2137 1015 postposita
2237 936 2292 992 in
2324 935 2616 992 Ecclesiam
2636 976 2649 1000 ,
2679 934 2768 988 ubi
2796 933 3216 988 subdiaconatus
3245 940 3329 986 est
3374 929 3588 985 functus
3613 927 3794 986 ofﬁcio
3815 971 3833 996 ,

551 1045 836 1114 cujuslibet
866 1039 1175 1111 acceptione
1201 1053 1463 1108 personce,
1497 1050 1790 1092 servamus.
1823 1052 1842 1086 ›
1897 1031 2135 1103 (Βεθὶει.
2236 1028 2492 1081 sanctitas
2559 1035 2647 1079 tua
2712 1022 3014 1091 reducere,
3041 1031 3236 1114 hatque
3290 1020 3400 1114 illic
3455 1020 3836 1114 presbyterum

548 1135 588 1189 l.
620 1111 680 1200 ιι,
708 1151 790 1203 ep.
822 1131 940 1197 ‘20.)
2239 1115 2506 1172 studuerit
2551 1114 2881 1170 constituere
2927 1112 3279 1169 cardinalem.
3328 1111 3485 1178 Quod
3527 1125 3580 1168 et
3627 1111 3835 1180 facere,

628 1224 715 1278 10.
737 1201 889 1276 ‘ltem
921 1219 1195 1274 llonorato
1236 1217 1572 1282 Salonitano,
1597 1217 1708 1286 jam
1737 1231 1804 1270 ex
1828 1215 2138 1283 presbytero
2238 1217 2497 1276 quantum
2525 1205 2867 1270 arbitramur,
2895 1202 3060 1257 debes
3084 1244 3100 1270 ,
3140 1202 3186 1256 si
3234 1201 3365 1256 nihil
3405 1210 3488 1257 est
3515 1201 3660 1272 quod
3685 1201 3837 1271 juste

548 1314 606 1370 in
635 1314 978 1369 diaconatum
1011 1310 1230 1365 reducto
1257 1328 1269 1362 :
1310 1328 1328 1361 ι
1358 1309 1567 1364 Dudum
1598 1308 1811 1378 quidem
1841 1305 2139 1362 decessoris
2242 1309 2429 1355 contra
2457 1299 2631 1369 ipsum
2653 1297 2891 1352 animum
2917 1307 3065 1350 tuum
3087 1304 3391 1366 exasperet.
3418 1295 3474 1349 Si
3499 1311 3630 1350 vero
3655 1295 3837 1366 aliqua

552 1407 724 1463 nostri
754 1413 1044 1472 nostraque
1073 1404 1364 1473 praeceptio
1393 1403 1460 1458 ad
1489 1403 1833 1458 dilectionem
1863 1410 2007 1454 tuam
2038 1416 2135 1454 cu-
2241 1392 2397 1462 culpa
2425 1401 2538 1457 est,
2571 1391 2681 1445 suis
2709 1389 2864 1445 nobis
2913 1389 3018 1444 hoc
3058 1389 3300 1458 epistolis
3351 1388 3659 1444 fraternitas
3700 1401 3790 1444 tua
3815 1431 3832 1455 ,

551 1506 814 1560 currerat,
839 1496 892 1550 in
920 1510 1045 1564 qua,
1081 1504 1134 1550 et
1161 1495 1228 1550 de
1256 1494 1483 1563 objectis
1509 1495 1602 1549 tibi
1630 1493 1961 1550 calumniose
1989 1494 2136 1562 capi-

2240 1493 2298 1538 ut
2347 1484 2486 1538 scire
2533 1482 2833 1554 possimus,
2879 1480 3133 1537 insinuet.
3167 1500 3186 1533 ι
3261 1479 3503 1552 (Regist.
3561 1480 3651 1534 lib.
3700 1497 3834 1548 xm,

550 1590 675 1645 tulis
705 1590 882 1642 fueras
909 1586 1206 1655 absolutus,
1236 1595 1292 1640 et
1320 1587 1373 1640 in
1405 1586 1479 1639 tui
1509 1585 1705 1653 gradus
1736 1585 1975 1638 ordinem
2024 1583 2141 1637 sine
2243 1594 2325 1646 ep.
2355 1573 2481 1644 28.)

551 1683 730 1753 aliqu’a
759 1680 1085 1736 instituimus
1115 1680 1463 1735 altercatione
1491 1679 1716 1734 restitui.
1744 1677 1848 1733 Sed
1877 1678 2000 1746 quia
2030 1692 2135 1730 rur-

2313 1665 2398 1718 12.
2441 1665 2650 1731 Quanta
2680 1665 2996 1721 curiositate
3023 1662 3314 1734 Gregorius
3337 1662 3565 1720 idoneos
3584 1679 3838 1733 quosque

549 1789 642 1829 sus
666 1780 792 1827 ante
815 1788 924 1827 non
945 1771 1174 1826 multum
1201 1771 1458 1841 temporis
1477 1771 1732 1841 spatium,
1757 1769 1821 1823 ad
1842 1768 2137 1824 Romanam
2241 1757 2306 1810 ad
2329 1757 2568 1824 τεείιηθη
2597 1757 2981 1812 άθδιίιυιπυῐη
3011 1755 3282 1824 (ιυωδίθτίι
3302 1755 3562 1826 ΡῙεδίυηι,
3595 1755 3836 1810 Ῑιτθνὶιετ

549 1866 823 1923 civitatem
842 1864 1082 1930 veniens,
1099 1863 1166 1918 de
1187 1864 1507 1934 quibusdam
1530 1863 1640 1917 illic
1662 1862 1796 1917 actis
1826 1861 2136 1928 incongrue,

2241 1848 2529 1902 indicabo:
2563 1857 2622 1902 ut
2669 1857 2850 1904 tantus
2877 1849 2959 1903 vir
3000 1863 3106 1904 non
3148 1848 3322 1902 solum
3359 1847 3654 1912 doctrinis,
3701 1847 3833 1916 quin

547 1964 606 2009 ei,
634 1955 701 2009 de
725 1964 1035 2010 sanctorum
1062 1970 1121 2008 es
1143 1964 1472 2024 conquestus
1501 1954 1828 2009 alienatione
1848 1968 2098 2009 vasorum
2119 1969 2130 2004 :
2167 1945 2215 2005 Β
2241 1952 2296 1998 et
2323 1942 2575 2012 operibus
2594 1957 2750 1997 verus
2771 1941 3156 2010 paterfamilias
3186 1940 3349 1997 fuisse
3369 1941 3546 2010 gregis
3568 1939 3834 1996 Dominici

549 2055 731 2114 atque,
764 2046 892 2100 dum
921 2062 1020 2116 pro
1050 2047 1150 2100 hac
1178 2062 1272 2110 re,
1303 2062 1422 2114 qua
1445 2047 1554 2100 tuis
1596 2045 1992 2113 objectionibus
2021 2059 2136 2098 res-
2241 2035 2591 2106 probabiliter
2635 2035 2936 2105 colligatur.
2985 2034 3074 2089 Ait
3122 2035 3266 2090 enim
3303 2037 3359 2091 in
3389 2036 3615 2105 epistola
3658 2035 3833 2089 Maxi-

545 2135 790 2206 poudere
820 2137 1102 2204 potuisset,
1133 2137 1520 2192 sustineremus
1551 2137 1603 2191 in
1643 2138 1743 2192 hac
1771 2137 1989 2192 civitate
2019 2153 2140 2206 ρει·-
2240 2127 2440 2192 ωίεωον
2465 2124 2805 2198 Syracusano
2827 2127 3118 2198 ενὶεοοροε
3159 2146 3177 2178 ‘
3205 2127 3375 2194 Felix,
3400 2127 3483 2182 νίι·
3503 2128 3837 2184 ειπίδεὶωυδ

545 2243 725 2294 sonas,
754 2228 978 2294 Natalis,
1010 2230 1295 2299 episcopus
1317 2239 1456 2296 tuus,
1483 2231 1548 2285 de
1578 2231 1680 2286 hac
1709 2231 1828 2285 luce
1849 2230 2136 2299 migravit;
2240 2219 2581 2290 przesentium
2606 2218 2765 2288 lator,
2795 2219 3014 2276 edocuit
3039 2235 3160 2283 nos,
3189 2235 3309 2276 esse
3331 2221 3615 2288 quemdam
3647 2220 3699 2274 in
3729 2219 3838 2278 illis

546 2321 908 2376 necessarium
951 2320 1308 2388 judicavimus
1345 2325 1558 2377 easdem
1609 2323 1999 2392 przeceptiones
2030 2331 2138 2376 tam
2239 2313 2482 2382 partibus
2509 2313 2882 2384 presbyterum
2907 2353 2923 2379 ,
2956 2312 3048 2382 qui
3078 2310 3146 2366 ad
3194 2311 3537 2381 episcopatus
3587 2310 3833 2365 ordinem

545 2413 846 2468 decessoris
873 2412 1065 2481 nostri,
1089 2428 1247 2481 quam
1282 2423 1509 2478 nostras,
1543 2431 1676 2483 quas
1697 2415 1916 2479 dudum,
1942 2422 2000 2468 ut
2027 2413 2138 2470 dic-

2239 2403 2465 2474 provehi
2493 2405 2734 2474 probata:
2763 2403 2886 2458 vit:e
2912 2403 3107 2459 merito
3137 2403 3328 2472 dignus
3369 2413 3646 2475 appareat.
3679 2401 3833 2458 Hunc

547 2511 663 2559 tum
693 2512 794 2570 est,
825 2519 923 2574 pro
952 2512 1044 2558 tua
1075 2504 1413 2560 absolutione
1462 2506 1870 2568 transmisimus,
1903 2521 2138 2576 pmseu-
2241 2508 2371 2563 ergo
2401 2494 2711 2550 fraternitas
2730 2504 2821 2551 tua
2850 2511 3036 2551 coram
3066 2511 3125 2550 se
3150 2495 3342 2551 deduci
3373 2495 3530 2550 faciat
3555 2515 3567 2549 :
3599 2511 3834 2566 eumque

547 2594 692 2650 tibus
742 2595 998 2664 deinceps
1039 2594 1280 2664 apicibus
1310 2595 1649 2651 confirmare.
1695 2595 2056 2662 Quamobrem
2107 2611 2139 2649 a
2240 2589 2380 2644 sicut
2399 2599 2580 2644 certus
2599 2604 2738 2656 sum,
2764 2599 2985 2659 propter
3005 2588 3198 2642 anima:
3228 2587 3524 2658 periculum
3549 2588 3832 2657 diligenter

543 2685 752 2740 cunctis
780 2684 877 2740 tibi
906 2685 1133 2754 objectis
1162 2686 1412 2755 capitulis
1457 2694 1512 2741 te
1539 2687 1749 2756 plenius
1775 2686 2137 2753 absolventes,
2240 2678 2532 2735 examinet.
2566 2679 2735 2745 Quem
2765 2679 2810 2734 Si
2839 2679 2906 2734 ad
2931 2679 3074 2734 hunc
3102 2679 3325 2748 provehi
3353 2679 3578 2748 gradum
3609 2681 3830 2749 dignum

543 2775 602 2831 in
635 2777 711 2830 tui
741 2785 797 2831 te
825 2775 1028 2831 ordinis
1067 2776 1234 2845 gradu
1263 2777 1381 2833 sine
1409 2777 1588 2847 aliqua
1617 2777 1863 2832 volumus
1909 2776 2137 2831 alterca-
2239 2789 2358 2830 esse
2384 2775 2742 2847 perspexerit,
2775 2774 2843 2829 ad
2871 2791 2970 2829 nos
2995 2773 3211 2829 studeat
3239 2773 3510 2828 destinare
3531 2815 3547 2840 ,
3580 2784 3638 2829 ut
3674 2791 3828 2842 eum,

545 2869 694 2922 tione
723 2882 1081 2939 permanere:
1117 2877 1176 2922 ut
1202 2868 1334 2922 nihil
1365 2868 1459 2923 tibi
1507 2869 1720 2938 penitus
1764 2876 1914 2923 mota
1942 2882 1974 2920 a
2002 2882 2139 2937 prte-
2239 2865 2468 2922 Domino
2512 2867 2831 2937 disponente
2853 2907 2868 2931 ,
2909 2865 3052 2934 loco,
3082 2865 3169 2921 cui
3199 2865 3622 2935 prmviderimus,
3654 2867 3832 2936 possi-

543 2958 657 3014 fato
683 2959 798 3014 viro
833 2959 1086 3028 quaestio,
1123 2959 1362 3029 qualibet
1411 2961 1698 3017 occasione
1745 2958 2078 3030 przejudicet.
2110 2977 2130 3012 ι
2240 2973 2361 3014 mus
2407 2957 2660 3014 ordinare
2711 2967 3006 3028 pastorem.
3030 2976 3047 3009 ι
3103 2955 3341 3028 (Regist.
3375 2955 3466 3010 lib.
3509 2973 3580 3026 ιι,
3611 2975 3695 3029 ορ.
3723 2956 3829 3025 24,

545 3052 771 3125 (Regist.
805 3052 896 3108 lib.
921 3070 996 3118 ut,
1029 3072 1113 3124 ep.
1144 3053 1259 3124 32.)
2238 3052 2420 3106 ἐπάξει.
2454 3050 2540 3104 l0.
2570 3051 2588 3120 )

614 3143 747 3197 ltem
777 3155 801 3180 ι
831 3144 884 3198 in
929 3145 1034 3198 alia
1079 3145 1322 3215 Epistola
1367 3158 1489 3216 post
1535 3146 1742 3200 multa:
1781 3165 1800 3198 ‹
1829 3146 1936 3202 Sed
1975 3146 2137 3202 etiam
2311 3141 2442 3198 ltem
2471 3141 2778 3212 Cypriano,
2808 3142 3079 3198 diacono:
3118 3161 3137 3195 ι
3163 3141 3542 3199 Amarissimas
3570 3140 3829 3198 Dilectio-

545 3250 691 3291 nunc
720 3234 863 3300 dico,
895 3245 988 3291 aut
1018 3237 1235 3292 easdem
1278 3254 1560 3307 personas,
1588 3239 1846 3296 videlicet
1871 3239 2134 3296 Joannem
2241 3239 2324 3295 nis
2345 3247 2447 3294 tua
2481 3239 2736 3309 epistolas
2778 3237 2846 3293 de
2870 3238 3062 3293 Domni
3091 3238 3401 3294 Maximiani
3433 3238 3603 3304 obitu,
3645 3251 3834 3292 mense

543 3326 1056 3392 Chalcedonensem,
1077 3338 1131 3383 et
1155 3329 1505 3385 Athanasium
1530 3330 1762 3386 lsaurios
1787 3333 2135 3403 presbyteros
2165 3332 2210 3395 C
2242 3329 2528 3386 Novembri
2557 3331 2787 3400 suscepi.
2819 3328 2888 3383 Et
2915 3329 3131 3398 quidem
3161 3331 3249 3385 ille
3273 3331 3338 3384 ad
3369 3330 3586 3401 przemia
3616 3326 3834 3384 deside-

545 3419 602 3473 in
631 3419 743 3473 suis
771 3417 1049 3475 ordinibus
1097 3421 1340 3492 suscipe,
1388 3423 1574 3492 eisque
1616 3423 1854 3492 quietem
1907 3426 2090 3494 praebe
2123 3445 2132 3478 :
2240 3433 2356 3478 rata
2380 3423 2654 3494 pervenit;
2707 3423 2802 3476 sed
2831 3422 3018 3476 infelix
3061 3422 3290 3492 populus
3319 3421 3669 3494 Syracusana:
3695 3421 3834 3476 civi-

546 3519 659 3576 aut,
692 3511 737 3566 si
767 3511 872 3566 hoc
895 3511 1124 3568 fortasse
1151 3513 1406 3580 nolueris,
1439 3514 1586 3570 omni
1609 3515 1962 3572 altercatione
1992 3525 2140 3586 post-
2241 3515 2366 3569 tatis
2390 3515 2651 3584 lugendus
2671 3522 2772 3582 εει,
2795 3515 2884 3584 qui
2909 3522 3178 3584 pastorem
3202 3514 3360 3569 talem
3387 3515 3479 3569 diu
3499 3514 3698 3569 habere
3721 3529 3831 3568 non

543 3607 738 3674 posita,
765 3603 834 3659 de
863 3619 1049 3659 eorum
1081 3620 1242 3662 causa
1281 3613 1485 3663 statuta
1538 3608 1824 3678 majorum,
1856 3618 1950 3665 aut
1975 3626 2139 3667 cano-
2239 3608 2453 3663 meruit.
2484 3605 2717 3661 Proinde
2745 3607 2965 3662 dilectio
3009 3616 3098 3661 tua
3147 3606 3562 3662 sollicitudinem
3591 3618 3743 3674 gerat
3773 3614 3832 3660 ut

543 3709 673 3748 num
696 3695 955 3751 terminos
982 3697 1211 3752 custodi.
1244 3697 1338 3752 Sin
1367 3712 1530 3767 vero,
1563 3714 1664 3755 nos
1691 3699 1908 3770 quidem
1938 3700 2137 3757 inferre
2239 3700 2292 3755 in
2323 3699 2512 3755 eadem
2541 3697 2780 3754 Ecclesia
2811 3699 2932 3753 talis
2960 3699 3155 3753 debeat.
3182 3699 3249 3754 ad
3281 3699 3634 3754 ordinandum
3664 3698 3830 3768 eligi,

541 3786 714 3842 rixam
761 3788 1044 3845 nolumus:
1075 3790 1170 3844 sed
1218 3799 1398 3845 tamen
1429 3791 1790 3848 venientema
1828 3794 1980 3850 vobis
2028 3811 2134 3850 non
2238 3793 2331 3863 qui
2357 3800 2479 3862 post
2507 3792 2771 3846 Domnum
2820 3791 3199 3846 Maximianum
3225 3832 3239 3857 ,
3283 3793 3524 3862 ejusdem
3557 3796 3832 3864 regiminis

542 3877 856 3935 devitamus.
891 3880 1029 3948 Quid
1059 3891 1238 3937 autem
1268 3883 1335 3938 de
1363 3884 1667 3956 episcopis,
1699 3887 1794 3956 qui
1823 3889 2137 3943 verberibus
2239 3884 2416 3938 locum
2447 3899 2554 3938 non
2581 3871 2835 3952 indignus
2864 3883 3107 3937 videatur
3153 3892 3246 3937 aut
3283 3883 3582 3942 immeritus
3624 3888 3827 3942 sortiri.

543 3971 723 4025 timeri
746 3973 947 4037 velunt,
973 3989 1209 4030 canones
1228 3975 1430 4044 dicant,
1456 3978 1594 4033 bene
1619 3978 1932 4037 fraternitas
1955 3989 2134 4035 vestra
2239 3973 2304 4029 Et
2356 3975 2570 4045 quidem
2625 3975 2788 4030 credo
2843 3975 2986 4044 quod
3037 3974 3365 4043 'l‘rajanum,
3414 3979 3829 4049 presbyterum,

543 4064 714 4118 novit.
747 4062 998 4120 Pastores
1025 4067 1224 4121 etenim
1253 4067 1376 4123 facti
1405 4084 1608 4136 sumus,
1633 4086 1742 4124 non
1767 4086 2133 4140 percussores.
2239 4066 2474 4121 maxima
2494 4082 2619 4137 pars
2645 4066 2825 4134 eligat,
2853 4067 2968 4136 qui,
2992 4077 3051 4120 ut
3079 4067 3295 4134 dicitur,
3318 4068 3474 4124 bona:
3501 4071 3696 4126 mentis
3717 4080 3829 4137 est;

544 4154 611 4209 Et
633 4157 878 4226 egregius
922 4159 1242 4226 pnedieator
1261 4159 1648 4233 dixit:Argue,
1673 4162 1906 4228 obsecra,
1925 4164 2136 4233 increpa
2239 4158 2353 4224 sed,
2385 4167 2646 4226 quantum
2691 4158 2954 4226 suspicor,
2997 4159 3064 4211 ad
3113 4158 3405 4228 regendum
3452 4161 3630 4216 locum
3678 4162 3828 4217 illum

543 4263 658 4301 cum
679 4249 820 4302 omni
843 4249 1114 4318 patientia,
1139 4259 1188 4303 et
1214 4251 1450 4305 doctrina
1473 4251 1597 4322 (111
1619 4253 1752 4307 Tim.
1778 4269 1850 4319 tv,
1877 4253 1964 4322 2).
1988 4254 2136 4312 Nova
2239 4249 2466 4304 idoneus
2495 4266 2602 4304 non
2625 4257 2727 4304 est.
2753 4248 2955 4304 Tamen
2985 4250 3031 4305 si
3061 4251 3251 4306 melior
3280 4252 3507 4308 inveniri
3532 4268 3641 4308 non
3664 4253 3829 4322 valet,

545 4351 694 4402 vero,
730 4345 894 4406 atque
923 4339 1160 4394 inaudita
1191 4350 1273 4396 est
1309 4341 1641 4410 praedicatio.
1675 4359 1796 4414 qua:
1824 4344 2137 4401 verberibus
2239 4350 2296 4398 et
2325 4343 2439 4413 ipse
2467 4343 2628 4397 nullis
2657 4343 2972 4399 criminibus
3019 4351 3237 4400 tenetur
3275 4346 3570 4410 involutus,
3601 4347 3828 4402 condes-

543 4431 708 4516 exigit
740 4430 918 4487 fidem.
945 4451 964 4484 ›
995 4432 1216 4505 (Regist.
1250 4434 1338 4489 lib.
1372 4452 1449 4503 ιιι,
1475 4454 1557 4508 ep.
1589 4436 1707 4507 55.)
2239 4435 2394 4490 cendi
2424 4433 2492 4489 ad
2528 4449 2683 4501 eum,
2707 4443 2935 4504 cogente
2971 4436 3134 4490 nimia
3163 4439 3508 4504 necessitate,
3543 4449 3739 4510 potest.
3770 4439 3828 4496 Si

617 4524 704 4578 ll.
737 4524 868 4579 Item
893 4524 920 4564 ι»
947 4525 1247 4583 cardinales
1267 4529 1534 4585 violenter
1555 4530 1608 4585 in
1629 4533 1900 4600 parochiis
1920 4533 2137 4590 ordina-
2240 4537 2420 4585 autem
2460 4544 2582 4584 mea
2621 4529 2872 4585 voluntas
2911 4530 2977 4585 ad
3006 4530 3146 4585 hanc
3173 4531 3496 4588 electionem
3545 4534 3826 4602 quzeritur,

547 4624 634 4672 tos
661 4618 772 4687 89
799 4617 1120 4685 forensibus,
1153 4619 1207 4674 in
1234 4622 1514 4690 pristinum
1541 4625 1815 4681 cardinem
1843 4626 2136 4698 Gregorius
2240 4622 2336 4678 tibi
2365 4632 2578 4678 secreto
2627 4621 2805 4678 indico
2834 4622 2978 4692 quod
3021 4623 3143 4677 volo
3173 4639 3186 4676 :
3216 4623 3343 4692 quia
3391 4624 3566 4679 nullus
3611 4625 3742 4680 mihi
3772 4626 3826 4682 in

541 4707 852 4761 revocabat.
885 4707 1227 4780 Quapropter
1254 4709 1470 4779 Joanni,
1495 4715 1752 4785 episcopo
1780 4717 2120 4790 Syracusano
2145 4730 2200 4792 ι)
2228 4718 2418 4777 eadem
2449 4717 2690 4772 Ecclesia
2714 4757 2730 4784 ,
2777 4725 2902 4788 post
2948 4717 3213 4773 Domnum
3244 4717 3625 4774 Maximianum
3651 4763 3668 4787 ,
3712 4730 3823 4775 tam

541 4796 782 4851 scribens
803 4798 879 4852 ait
903 4817 916 4852 :
948 4817 967 4850 ι
995 4799 1357 4866 Quorumdam
1383 4803 1447 4858 ad
1476 4820 1573 4860 nos
1597 4807 1859 4864 relatione
1883 4812 2128 4879 pervenit
2233 4811 2424 4879 dignus
2451 4807 2694 4875 videtur,
2723 4823 2884 4877 quam
2913 4809 3166 4876 Joannes,
3199 4811 3610 4868 archidiaconus
3659 4812 3823 4868 Cata-

541 4882 815 4952 Cosmam,
848 4888 939 4957 qui
968 4904 1035 4944 ex
1062 4893 1331 4948 monacho
1357 4897 1671 4951 monasterii
1700 4908 1899 4954 sancta:
1929 4900 2123 4971 Lucize,
2233 4902 2416 4958 nensis
2441 4897 2712 4956 Ecclesiae.
2735 4900 2858 4968 Qui,
2881 4902 2926 4956 si
2955 4901 3070 4956 fieri
3099 4910 3278 4973 potest
3304 4911 3363 4957 ut
3389 4905 3634 4974 eligatur,
3657 4905 3824 4962 credo

542 4991 584 5068 ει
602 4976 884 5068 decessore
914 4987 1006 5034 tuo
1039 4985 1355 5038 venerandae
1404 4988 1678 5042 memoria:
1723 4989 2046 5048 Maximiano
2071 4994 2124 5048 in
2234 4993 2378 5065 quod
2406 5003 2528 5063 apta
2547 4992 2707 5048 valde
2737 5009 2964 5064 persona
2985 4993 3306 5050 inveniatur.
3331 4994 3437 5050 Sed
3465 4996 3577 5066 ipse
3604 5012 3825 5068 quoque

541 5062 786 5170 Ecclesia
817 5067 1152 5170 Syracusana
1197 5074 1559 5132 subdiaconus
1597 5079 1788 5143 lactus,
1821 5091 1984 5153 atque
2012 5099 2043 5138 a
2075 5095 2126 5140 te
2233 5062 2383 5156 prius
2421 5062 2488 5140 de
2511 5062 2842 5154 criminibus,
2873 5101 2993 5156 qua:
3019 5085 3278 5159 impedire
3315 5062 3575 5157 possunt,
3602 5062 3638 5142 ἆ
3657 5099 3709 5144 ιε

540 5166 728 5250 postea
755 5161 808 5213 in
833 5161 1192 5230 possessione,
1215 5180 1333 5233 qua:
1351 5165 1561 5224 Juliana
1583 5180 1828 5240 vocatur,
1848 5175 2127 5245 presbyter
2235 5186 2386 5234 creto
2439 5179 2798 5248 requirendus
2837 5188 2956 5236 est:
2986 5196 3017 5235 a
3047 5181 3238 5250 quibus
3286 5181 3333 5236 si
3384 5182 3522 5238 liber
3573 5182 3823 5238 inventus

539 5248 736 5343 dicitur
763 5251 1059 5343 ordinatus.
1086 5254 1160 5309 ita
1185 5256 1348 5312 nimia
1380 5260 1617 5329 tristitia,
1649 5272 1705 5318 et
1733 5264 1838 5318 loci
1867 5268 2125 5335 qualitate
2230 5269 2411 5336 fuerit,
2445 5271 2569 5340 eligi
2591 5272 2715 5342 jure
2741 5281 2939 5343 potest.
2965 5248 3120 5339 Quod
3150 5274 3196 5329 si
3226 5281 3406 5329 actum
3444 5271 3626 5340 fuerit,
3657 5275 3820 5329 etiam

539 5340 891 5398 vehementer
918 5342 1196 5414 amictum,
1226 5356 1286 5404 ut
1315 5349 1478 5405 vitam
1529 5352 1632 5407 sibi
1678 5369 1894 5423 poenam
1941 5358 2124 5412 existi-
2228 5360 2396 5418 frater
2423 5371 2479 5418 et
2506 5340 2861 5436 coepiscopus
2882 5375 3069 5421 noster
3098 5364 3209 5422 Leo
3236 5366 3286 5422 ei
3309 5366 3611 5423 cessionem
3637 5364 3821 5422 facere

586 5473 925 5574 Julnnﬁdnih
949 5478 1708 5574 Bfllfi‘f‘Lflflfftfqmlplun
1749 5487 2123 5574 dffsitjeraqtur
2228 5507 2525 5574 essent,_ttt
2562 5509 2710 5574 patet
2751 5516 2816 5556 ex
2841 5516 2959 5555 can.
2993 5503 3027 5556 5
3053 5503 3245 5574 synodi
3278 5504 3433 5559 Rom.
3487 5505 3586 5560 sub
3616 5504 3821 5560 Silves-

535 5546 947 5637 tttskquead'c‘ap.
981 5546 1523 5637 xknec‘inveniuntur
1556 5557 1604 5610 in
1637 5560 1972 5637 .mss.nlribus
2015 5561 2117 5637 Pa-_
2228 5546 2314 5621 tri;
2344 5569 2383 5622 l.
2418 5546 2531 5626 blos
2736 5546 3248 5628 titin‘ebatvuvtj

536 5616 1463 5711 1llti:c;,_liigot.met.aliis
1508 5627 1726 5711 passim.
1769 5627 1946 5711 perte.
1971 5634 2116 5711 gravi
2229 5616 3097 5709 difﬁsiEia"é3i'iaiii'2iu3'.ﬁlta7ﬁ

535 5689 1708 5786 ςςοιέἳῖἱιξιηὲιιειὲξᾳιιεΞάἱιιιεελιενιι
1737 5699 1901 5753 eidem
1930 5689 1999 5783 in?
2011 5705 2117 5786 _alia
2226 5689 2664 5786 οάῆίᾷὸέιῖοῆἰὶ
2682 5689 3822 5786 ibi}?

535 5768 618 5818 ep.
672 5757 875 5813 scilicet
922 5757 1151 5816 53'libri
1202 5757 1524 5832 tertii,qu:e
1555 5776 1732 5823 tamen
1785 5787 1889 5824 non
1938 5773 2117 5828 eidem

535 5815 832 5874 Honorato-
863 5830 953 5874 SM!
983 5830 1171 5874 Jnanni
1196 5833 1586 5874 Curictnnlinnn
1640 5841 1836 5874 ctu-iuta
1870 5851 1946 5874 ne!

2227 5795 2349 5874 men
2381 5781 2438 5833 S.
2472 5779 2988 5874 PaulinusNol‘aLtus
3017 5785 3118 5839 hac
3161 5785 3278 5874 lege
3305 5757 3511 5842 εοΙυιδε
3537 5796 3639 5842 εει.
3672 5757 3815 5857 Lege

588 5830 1172 5918 dnoEatohsed‘Joanni
1196 5830 1606 5918 Constantinop.
1634 5841 1851 5918 scripta
1870 5851 1970 5896 est.
2224 5830 2436 5904 sextam
2465 5830 2771 5918 ejus
2788 5830 3506 5913 id“'Sé‘iéi'uvml'inififé;

610 5892 2119 6000 :3"“Elogiug'ullismlepiscopalibus“Eccles;olimherant
2225 5892 2442 5973 "Z'i'izi
2800 5892 3610 5986 2353313336?“Eminus
3644 5929 3785 6000 plur.

538 5963 867 6034 cardinales.
899 5963 974 6027 ἷῑᾶ
1021 5963 1150 6029 ἀίείὶ
1195 5963 1338 6041 quod
1380 5963 1620 6035 cardine
1645 5963 1806 6038 urbis
1821 5963 2118 6043 constricti
2225 6000 2276 6043 et
2303 5963 3242 6069 coi'diiiiieinii‘iiiéf'fig‘éxww
3296 5963 3354 5984 ω
3397 5963 3610 5986 “ww
3644 5963 3812 6000 Im",

2147 6107 2180 6126 ’ᾗ
