4118 6458
321 362 430 418 157

901 359 958 416 S.
1005 358 1333 417 GREGORH
1374 359 1577 418 ΡΑΡᾹΞ
1619 362 1805 429 VITA,
1845 359 2049 420 AUCT.
2092 363 2354 425 JOANNE
2392 370 2709 429 DIACONO.
2750 373 2879 430 LIB.
2920 375 3012 430 Ill.

3499 388 3602 444 158

316 478 577 545 debebit,
619 484 681 533 ut
728 476 866 533 liber
893 476 961 532 ad
1008 477 1362 535 ordinandum
1390 481 1569 536 valeat
1598 482 1844 539 inveniri.
1876 503 1895 536 ι
1931 487 1980 542 Δ
2011 490 2198 540 nostro
2239 487 2494 545 Armenio
2537 495 2912 565 suprascriptm
2954 497 3304 554 Anconitanm
3347 500 3601 562 Ecclesiae

318 574 547 647 (Παρία.
575 574 669 629 lib.
691 589 765 638 tv,
787 590 867 643 ep.
902 572 1015 642 17.)

386 669 498 737 9o
547 664 679 721 Item
730 664 1110 735 Clementinze,
1161 666 1406 725 Patricice
1445 688 1457 723 :
1510 690 1529 723 ι
1564 670 1900 741 Amandum,

312 760 710 832 presbyterum,
736 774 766 814 a
794 758 1126 816 Surrentinis
1154 763 1219 817 ad
1242 764 1639 835 episcopatum,
1666 768 1902 837 gloriosa

312 854 442 920 tilia,
472 854 702 909 electum
728 868 848 909 esse
868 868 1179 923 cognoscas.
1204 854 1375 922 Quem
1396 858 1521 926 quia
1550 858 1655 913 huc
1684 860 1903 929 scripsi-

310 962 432 1002 mus
456 946 658 1002 debere
684 946 1013 1013 transmitti,
1048 947 1354 1003 contristari
1387 948 1454 1002 de
1494 948 1612 1016 ejus
1658 951 1899 1005 absentia

309 1054 419 1095 non
448 1038 677 1106 debetis,
707 1039 832 1109 quia
862 1055 961 1095 nec
990 1039 1283 1095 abscedere
1316 1042 1574 1112 creditur,
1602 1044 1693 1113 qui
1718 1051 1901 1100 mente

306 1134 587 1190 vobiscum
616 1142 719 1190 est.
751 1133 821 1189 Et
843 1134 1095 1203 quoniam
1134 1142 1408 1205 pastorem
1438 1138 1818 1206 quaerentibus,
1852 1140 1898 1195 is

306 1228 397 1298 qui
425 1228 584 1283 vobis
612 1228 741 1283 olim
792 1228 1028 1297 placuit,
1060 1234 1243 1297 gratus
1294 1237 1419 1284 est:
1469 1230 1895 1300 omnipotentem

304 1321 476 1377 Deum
505 1322 888 1377 benedicentes
906 1363 920 1387 ,
949 1321 1255 1379 Christiana
1281 1324 1453 1394 magis
1502 1325 1556 1379 in
1602 1327 1706 1381 hoc
1732 1326 1898 1383 devo-

304 1415 456 1471 tione
477 1414 725 1484 gaudete.
757 1414 825 1469 Et
849 1422 910 1470 ut
931 1416 997 1469 ad
1042 1430 1143 1471 nos
1185 1417 1412 1472 celerius
1439 1417 1558 1473 aliis
1581 1418 1898 1487 profuturus

300 1510 490 1566 venire
518 1508 733 1573 debeat,
759 1509 1005 1565 hilariter
1026 1509 1239 1566 studete
1263 1529 1277 1564 :
1309 1512 1435 1581 quia
1465 1512 1689 1569 sincerae
1718 1515 1898 1570 chari-

301 1603 432 1658 tatis
459 1610 543 1657 est
573 1602 843 1657 exsultare
865 1643 878 1669 ,
904 1602 1118 1671 quando
1165 1603 1211 1659 is
1255 1604 1344 1673 qui
1380 1604 1635 1687 diligitur,
1686 1606 1755 1663 ad
1790 1608 1896 1665 hoc

298 1703 528 1751 vocatur
553 1702 615 1750 ut
640 1701 870 1750 crescat.
895 1713 918 1743 ι
956 1693 1099 1763 (Lib.
1130 1712 1185 1763 x,
1216 1712 1298 1763 ep.
1332 1695 1448 1767 18.)

370 1788 504 1843 item
534 1786 754 1843 Passivo
798 1788 1055 1857 episcopo
1088 1804 1102 1840 :
1142 1806 1161 1839 ι
1188 1787 1337 1844 Bene
1384 1791 1535 1845 novit
1584 1789 1894 1849 fraternitas

2012 577 2290 635 visitatore
2320 581 2445 637 illuc
2475 581 2689 639 festinet
2711 590 2991 655 accedere,
3016 601 3071 646 et
3094 593 3379 663 diligenter
3404 598 3470 651 de
3489 598 3597 652 vita

2007 686 2071 727 ac
2096 674 2338 729 moribus
2358 676 2689 744 singulorum
2708 682 2985 750 requirere
3010 704 3022 737 :
3047 686 3131 740 vel
3155 687 3201 742 si
3228 687 3295 742 de
3324 690 3471 745 nullo
3495 692 3597 745 sibi

2006 774 2131 819 sunt
2160 766 2384 821 crimine
2412 769 2634 832 conscii,
2665 772 2809 838 quod
2839 788 2934 829 eos
2962 775 3027 829 ad
3055 778 3155 831 hoc
3181 779 3417 834 officium
3452 790 3599 838 vetet

2004 859 2288 915 accedere.
2313 859 2521 917 Pariter
2540 864 2702 918 etiam
2724 867 3101 934 requirendum
3124 881 3207 927 est
3235 873 3281 926 si
3310 874 3429 939 hoc,
3454 875 3598 945 quod

2003 954 2071 1009 de
2116 955 2341 1024 praefato
2381 956 2763 1013 archidiacono
2806 959 3004 1015 dictum
3033 972 3115 1017 est
3152 966 3277 1033 quia
3320 983 3597 1037 nunquam

2004 1045 2209 1100 amicus
2236 1046 2455 1101 domum
2485 1047 2603 1116 ejus
2631 1049 2905 1117 ingressus
2935 1060 3036 1117 est,
3069 1054 3142 1107 ita
3173 1071 3229 1109 se
3268 1059 3466 1111 veritas
3495 1060 3595 1112 ba-

2002 1136 2167 1192 beat:
2200 1147 2258 1193 et
2285 1147 2465 1193 utrum
2494 1155 2561 1195 ex
2590 1143 2911 1197 necessitate
2933 1183 2950 1210 ,
2994 1159 3060 1198 an
3110 1162 3179 1201 ex
3224 1151 3434 1204 tenacia
3475 1152 3595 1205 talis

2001 1229 2073 1284 sit
2106 1248 2118 1283 :
2151 1231 2255 1301 91
2288 1240 2381 1285 aut
2428 1232 2473 1288 si
2526 1233 2601 1287 ita
2651 1248 2816 1289 senex
2846 1245 2947 1300 est,
2980 1244 3039 1290 ut
3066 1237 3131 1291 ad
3162 1242 3453 1307 regendum
3486 1259 3593 1297 non

2000 1320 2173 1389 possit
2201 1336 2481 1390 assurgere
2509 1341 2521 1376 :
2550 1323 2634 1378 vel
2672 1324 2716 1379 si
2755 1326 2913 1382 tactis
2955 1330 3310 1385 sacrosanctis
3339 1331 3593 1402 Evange-

2000 1411 2107 1481 liis,
2134 1413 2275 1468 sicut
2302 1414 2458 1470 nobis
2485 1416 2787 1471 nuntiatum
2820 1427 2931 1485 est,
2961 1418 3333 1489 jusjurandum
3365 1426 3607 1492 praebuit

2001 1519 2275 1573 nunquam
2314 1520 2373 1561 se
2415 1506 2482 1562 ad
2511 1509 2881 1578 episc0patum
2930 1512 3213 1567 accedere.
3266 1512 3371 1568 Sed
3421 1524 3475 1569 et
3526 1516 3593 1571 de

2001 1594 2247 1660 Rustico,
2277 1598 2536 1667 diacono,
2589 1610 2820 1669 quantos
2864 1604 3100 1672 psalmos
3148 1605 3326 1661 minus
3374 1616 3591 1677 teneat,

1997 1689 2344 1745 scrutandum
2368 1700 2469 1747 est.
2496 1692 2769 1749 Florentio
2792 1704 2993 1761 autem,
3010 1697 3241 1753 diacono
3264 1698 3587 1766 Ravennati,

1998 1781 2044 1835 si
2069 1782 2292 1849 nullum,
2326 1785 2465 1839 sicut
2494 1784 2746 1852 diximus,
2778 1788 2981 1843 crimen
3032 1797 3113 1844 est
3153 1792 3296 1859 quod
3327 1792 3587 1855 obsistat,

296 1892 477 1937 vestra
506 1896 667 1951 quam
712 1854 876 1949 long—0
906 1854 1152 1951 tempore
1175 1892 1200 1919 ι
1229 1882 1511 1952 Aprutium
1541 1888 1798 1955 pastorali
1827 1888 1896 1944 sit
1928 1854 1976 1915 Β
2003 1872 2142 1942 ³1)υά
2186 1875 2501 1945 episcopum
2550 1875 2667 1944 eius
2713 1878 2799 1945 agi
2847 1893 3070 1934 necesse
3108 1887 3195 1934 est
3225 1889 3284 1935 υῐ
3312 1881 3361 1935 ei
3392 1882 3588 1937 debeat

296 1972 661 2030 sollicitudine
697 1972 1033 2028 destitutum.
1058 1971 1161 2028 Ubi
1182 1972 1274 2028 diu
1302 1975 1644 2044 quaesivimus
1664 1980 1783 2039 quis
1804 1996 1897 2035 or-

294 2066 474 2120 dinari
502 2063 827 2131 .debuisset,
856 2071 913 2118 et
949 2078 1292 2133 nequaquam
1328 2066 1603 2134 potuimus
1632 2068 1891 2125 invenire.

296 2157 407 2214 Sed
433 2157 556 2227 quia
586 2157 933 2229 Opportunus
963 2157 1094 2212 mihi
1144 2158 1197 2212 in
1227 2160 1467 2215 moribus
1487 2162 1630 2225 'suis,
1663 2163 1717 2217 in
1744 2165 1895 2236 psal-

293 2250 492 2306 modite
520 2248 717 2314 studio,
752 2248 806 2303 in
832 2263 1021 2304 amore
1041 2248 1305 2305 orationis
1331 2250 1488 2306 valde
1510 2252 1779 2322 laudatus,
1806 2270 1895 2311 re—

297 2344 547 2411 ligiosam
566 2342 733 2397 vitam
759 2341 905 2397 omni
933 2342 1095 2397 modo
1130 2357 1291 2412 agere
1318 2344 1515 2399 dicitur
1536 2363 1548 2399 :
1573 2346 1718 2403 hunc
1739 2348 1892 2404 volu-

292 2451 413 2492 mus
460 2444 522 2489 ut
551 2433 861 2489 fraternitas
887 2442 1069 2489 vestra
1116 2435 1182 2487 ad
1221 2450 1282 2491 se
1311 2436 1469 2491 faciat
1498 2438 1707 2508 venire,
1740 2449 1796 2494 et
1822 2440 1891 2497 de

290 2530 472 2585 anima
498 2544 594 2584 sua
622 2528 936 2595 admoneat,
967 2534 1232 2598 quatenus
1260 2528 1315 2583 in
1337 2529 1494 2584 bonis
1519 2531 1713 2589 studiis
1738 2548 1887 2589 cres-

288 2629 397 2679 cat.
421 2620 491 2675 Et
519 2620 564 2675 si
588 2618 731 2675 nulla
756 2619 806 2674 ei
833 2619 1083 2688 crimina,
1108 2634 1228 2689 qua:
1256 2635 1355 2690 per
1376 2620 1509 2691 legis
1535 2637 1704 2678 sacrae
1729 2638 1888 2692 regu-

290 2716 396 2771 lam
408 2722 583 2770 morte
599 2712 853 2769 mulctata
872 2720 1017 2779 sunt,
1042 2712 1281 2775 obviant,
1311 2720 1439 2768 tune
1472 2714 1780 2770 hortandus
1804 2726 1887 2771 est

290 2814 352 2863 ut
377 2806 465 2861 vel
507 2804 807 2860 monachus
831 2843 847 2868 ,
894 2803 981 2857 vel
1013 2818 1042 2858 a
1091 2804 1245 2859 nobis
1282 2804 1642 2861 subdiaconus
1673 2807 1803 2861 fiat:
1830 2818 1885 2863 et

288 2902 413 2965 post
439 2893 774 2962 aliquantum
815 2891 1099 2961 temporis,
1128 2890 1174 2945 si
1200 2890 1313 2946 Deo
1343 2892 1622 2960 placuerit,
1654 2895 1772 2963 ipse
1812 2895 1880 2951 ad

286 2985 614 3057 pastoralem
670 2998 855 3039 curam
901 2982 1096 3038 debeat
1141 2983 1470 3053 promoveri.
1504 3003 1525 3036 ι
1585 2984 1744 3055 (Lib.
1776 3004 1877 3054 xu,

367 3078 508 3134 .12.

367 3120 381 3134 .
445 3079 508 3133 ‘2.

294 3079 499 3227 epltem
522 3080 812 3232 z'enantio,
834 3167 1065 3238 patricio
1096 3164 1510 3233 Panormitano,
1541 3170 1747 3238 petenti
1776 3169 1878 3225 sibi

2002 1964 2307 2022 cessionem
2360 1967 2703 2023 concedere:
2739 1985 2847 2024 non
2878 1977 3056 2025 tamen
3107 1987 3175 2025 ex
3203 1980 3390 2027 nostro
3438 1989 3605 2027 man-t

2000 2057 2129 2113 dato
2150 2058 2232 2112 vel
2253 2058 2420 2123 dicto,
2449 2074 2517 2114 ne
2548 2069 2736 2115 contra
2766 2076 2917 2116 suam
2939 2063 3271 2119 voluntatem
3303 2080 3424 2119 eum
3456 2081 3587 2120 con-

1999 2149 2193 2205 cedere
2220 2150 2484 2207 videatur.
2519 2171 2535 2204 ι
2576 2150 2723 2222 (Lib.
2757 2168 2864 2219 xw,
2898 2171 2979 2224 ep.
3006 2154 3120 2223 11.)

2071 2244 2158 2297 15.
2200 2242 2265 2296 Et
2294 2244 2511 2312 quidem
2556 2243 2877 2315 Gregorius,
2911 2248 3204 2316 prudenter
3250 2263 3583 2319 cognoscens

1996 2342 2169 2390 totum
2200 2351 2396 2406 corpus
2428 2336 2679 2392 Ecclesia:
2708 2347 2817 2393 tam
2847 2354 2943 2409 per
2971 2340 3143 2395 bonos
3182 2343 3467 2412 episcopos
3497 2346 3605 2400 fe»

1993 2426 2168 2483 liciter
2188 2438 2349 2495 stare,
2381 2444 2540 2499 quam
2570 2446 2665 2499 per
2685 2431 2858 2485 malos
2900 2431 3185 2487 infeliciter
3210 2434 3404 2489 cadere
3429 2453 3441 2488 :
3476 2452 3582 2491 non

1992 2520 2167 2575 solum
2197 2521 2531 2577 diversarum
2561 2523 2799 2590 gentium
2831 2523 3028 2578 diversi
3076 2525 3283 2581 ordinis
3314 2527 3543 2588 clericos
3565 2570 3581 2596 ,

1990 2628 2177 2668 verum
2226 2615 2389 2669 etiam
2416 2626 2669 2671 vacantes
2698 2617 3004 2687 episcopos,
3036 2618 3087 2672 in
3136 2635 3247 2673 suae
3286 2621 3582 2677 dioeceseos

1989 2703 2333 2773 episc0patus
2372 2705 2649 2760 invitabat.
2700 2705 2852 2761 Unde
2900 2708 3219 2766 Sebastiano
3243 2710 3269 2748 ι’
3300 2710 3580 2769 Sirmiensi

1988 2793 2245 2863 episcopo
2275 2795 2417 2850 inter
2450 2805 2643 2851 caetera
2671 2800 2878 2867 scribit,
2901 2801 3084 2856 dicens
3112 2821 3125 2855 :
3165 2822 3183 2855 ε
3214 2803 3464 2860 Debitum
3494 2821 3581 2860 sa-

1986 2885 2264 2941 lutationis
2311 2889 2604 2957 alloquium
2654 2891 2899 2957 solvens,
2944 2892 3121 2947 indico
3168 2895 3311 2963 quod
3361 2896 3427 2948 ad
3472 2912 3578 2962 me,

1986 2976 2264 3033 Bonifacio
2316 2979 2601 3035 defensore
2649 2980 2951 3047 referente,
2988 2984 3295 3053 pervenerit
3342 2986 3465 3054 quia
3497 2987 3578 3041 vir

1985 3071 2356 3125 sanctissimus
2407 3071 2572 3125 frater
2602 3082 2786 3127 noster
2813 3073 3042 3128 domnus
3092 3074 3425 3137 Anastasius,
3479 3092 3577 3145 pa-

1986 3164 2217 3219 triarcha
2239 3194 2260 3231 v,
2290 3164 2344 3217 in
2375 3180 2477 3217 una
2523 3179 2742 3219 suarum
2772 3165 3051 3220 civitatum
3094 3167 3381 3234 regendam
3425 3169 3577 3224 vobis

285 3262 571 3335 quemdam
600 3233 972 3332 presbyterum
995 3258 1304 3330 episcopum
1327 3261 1651 3327 consecrari,
1678 3263 1873 3317 rescri-
1908 3233 1953 3296 Ο
1984 3256 2282 3313 Ecclesiam
2314 3258 2653 3313 committere
2678 3259 2869 3327 voluit,
2895 3267 2949 3313 et
2971 3259 3279 3315 consentire
3304 3262 3573 3333 noluistis.

286 3356 363 3413 bit
401 3354 542 3409 inter
578 3360 770 3407 caetera
794 3390 810 3415 ,
852 3350 1077 3405 dicens:
1116 3368 1135 3401 ‹
1165 3349 1318 3405 Hunc
1346 3351 1717 3422 presbyterum
1743 3354 1873 3409 dare
1979 3348 2147 3415 Quem
2178 3365 2397 3404 sensum
2459 3358 2511 3403 et
2537 3350 2855 3420 sapientiam
2886 3360 3119 3406 vestram
3160 3352 3315 3407 valde
3362 3367 3464 3422 ego
3509 3354 3575 3406 li-

1974 3443 2167 3497 benter
2190 3443 2471 3513 amplexus
2492 3459 2634 3511 sum,
2662 3452 2716 3498 et
2738 3443 2956 3499 laudavi
2979 3445 3331 3501 vehementer
3356 3465 3367 3499 :
3400 3454 3453 3501 et
3478 3462 3576 3501 vos

1973 3536 2190 3603 felices,
2239 3551 2326 3589 me
2372 3535 2641 3591 infelicem
2693 3552 2813 3592 esse
2860 3537 3145 3607 deputavi,
3187 3540 3277 3608 qui
3325 3540 3416 3594 tali
3468 3542 3575 3595 hoc
3616 3568 3619 3573 -

285 3631 410 3686 loca
432 3628 739 3701 pastoribus
760 3625 1037 3693 destituta,
1064 3640 1171 3680 non
1198 3626 1330 3681 levis
1353 3635 1619 3695 angustat.
1653 3648 1671 3679 ι
1709 3630 1727 3698 (
1750 3628 1865 3685 Lib.
1975 3636 2218 3698 tempore
2247 3628 2484 3695 regimen
2512 3626 2765 3683 Ecclesire
2794 3629 3071 3698 suscipere
3093 3632 3361 3685 consensi.
3397 3633 3452 3685 Si
3482 3640 3569 3686 ta-

282 3737 401 3789 xm,
426 3739 507 3792 ep.
534 3718 656 3789 15.)
1973 3735 2098 3775 men
2131 3721 2343 3775 animus
2362 3728 2543 3774 vester
2574 3720 2820 3775 fortassis
2850 3720 3105 3777 fratribus
3134 3723 3572 3779 condescenden-

356 3810 463 3867 Sed
490 3810 616 3879 quia
646 3809 971 3864 necessitate
1001 3808 1420 3862 ordinandarum
1448 3823 1508 3863 se
1529 3817 1870 3877 angustatum
1974 3810 2065 3875 do,
2099 3818 2156 3863 et
2182 3810 2567 3863 misericordim
2618 3811 2875 3879 operibus
2926 3812 3187 3880 intentr,s,
3219 3813 3287 3865 ad
3327 3815 3431 3869 hoc
3461 3831 3564 3869 un-

280 3902 536 3959 meminit
562 3912 1047 3969 personarumzne
1077 3896 1372 3951 indiscusse
1394 3913 1718 3967 quemquam
1746 3916 1874 3969 pro-
1976 3914 2137 3968 quam
2195 3898 2502 3953 consentire
2549 3899 2883 3965 decreverit;
2940 3910 3066 3970 peto
3121 3910 3179 3955 ut
3225 3904 3395 3958 amori
3446 3920 3570 3959 meo

275 3992 514 4049 movisse
533 3995 774 4059 putetur,
790 4002 899 4042 uno
913 3987 1161 4056 exemplo
1174 3986 1388 4041 videtur
1403 4002 1524 4042 esse
1544 3988 1885 4046 docendum.
1974 3990 2137 4044 alium
2162 3989 2381 4043 minime
2402 3990 2749 4059 prcepoualis.
2773 3988 2908 4044 Sunt
2936 3992 3079 4045 enim
3110 3992 3161 4045 in
3184 3991 3365 4048 Sicilia
3396 3994 3569 4051 insula

280 4083 374 4143 Ait
410 4080 554 4138 enim
602 4079 657 4134 in
686 4078 914 4149 epistola
949 4076 1141 4133 Joanni
1172 4077 1467 4149 episcopo:
1506 4098 1525 4131 1
1552 4078 1630 4134 Ne
1658 4080 1870 4137 incauta
1972 4079 2229 4136 Ecclesia:
2250 4088 2510 4136 vacantes
2534 4081 2802 4151 episcOpis
2829 4099 2839 4133 :
2873 4089 2926 4135 et
2954 4081 2999 4136 si
3027 4083 3182 4139 vobis
3211 4083 3409 4151 placet,
3442 4100 3568 4139 auc-

278 4189 469 4231 eorum
514 4171 804 4239 ordinatio,
834 4170 926 4241 qui
956 4170 1024 4224 ad
1054 4170 1420 4241 episcopatum
1447 4172 1736 4242 eliguntur,
1770 4193 1869 4232 va-
1974 4181 2091 4227 tore
2113 4172 2246 4237 Deo,
2275 4170 2570 4227 Ecelesiam
2593 4187 2802 4241 regere,
2821 4172 2975 4241 juxta
2999 4172 3142 4228 beati
3170 4172 3311 4229 Petri
3336 4176 3567 4245 apostoli

282 4267 394 4323 leat
419 4264 730 4337 provenire,
760 4262 1003 4333 vigilanti
1031 4262 1099 4318 de
1123 4278 1309 4318 eorum
1336 4267 1583 4334 personis
1611 4277 1693 4324 est
1722 4270 1872 4325 solli-
1971 4263 2177 4329 limina.
2209 4278 2330 4319 cum
2361 4265 2477 4333 Pilis
2516 4264 2785 4334 adiutorio
2827 4266 3016 4321 melius
3046 4268 3293 4337 potestis.
3337 4268 3395 4324 Si
3436 4286 3566 4325 vero

292 4360 533 4417 citudine
557 4356 959 4427 requirendum.
987 4354 1284 4413 lndicatum
1312 4358 1575 4427 siquidem
1606 4361 1760 4416 nobis
1786 4373 1871 4418 est

1984 4370 2079 4409 non
2110 4354 2319 4423 placet,
2345 4353 2571 4409 feliciter
2595 4364 2736 4410 state
2758 4396 2773 4421 ,
2803 4363 2860 4411 et
2906 4372 3006 4426 pro
3056 4358 3213 4413 nobis
3262 4358 3565 4417 infelicibus

288 3447 511 3503 omnino
540 3445 695 3500 nobis
724 3442 1040 3498 excellentia
1068 3450 1246 3497 vestra
1290 3443 1426 3498 sciat
1467 3458 1587 3499 esse
1613 3444 1829 3503 difficile
1854 3465 1867 3501 :

282 3539 412 3611 quia
450 3550 801 3608 personarum
832 3549 930 3589 nos
973 3534 1300 3597 necessitas,
1348 3534 1413 3589 ad
1442 3535 1739 3591 ordinanda
1766 3539 1869 3593 alia

281 4451 636 4516 Florentium,
659 4449 1094 4505 archidiaconum
1114 4449 1365 4505 Ecclesia:
1391 4449 1758 4520 Anconitante,
1776 4455 1865 4524 qui

280 4543 348 4597 ad
404 4543 774 4612 episcOpatum
823 4540 1026 4595 electus
1073 4540 1267 4607 fuerat,
1314 4540 1603 4611 Scriptura:
1651 4545 1866 4613 quidem

1970 4454 2215 4501 exorate.
2248 4465 2267 4497 ι
2308 4445 2543 4518 (Regist.
2575 4447 2737 4516 ltb.v,
2759 4466 2841 4519 ep.
2872 4448 2986 4519 4⁵2.)

2050 4537 2134 4591 14.
2194 4537 2403 4594 Interea
2454 4540 2744 4609 Gregorius
2793 4540 2929 4596 locis
2985 4543 3244 4608 munitis,
3297 4543 3562 4613 episcoliis

278 4607 454 4691 sacra;
473 4607 755 4690 scientiam
775 4634 996 4698 habere,
1021 4632 1116 4687 sed
1145 4633 1218 4688 ita
1242 4634 1417 4689 aetatis
1437 4607 1564 4691 esse
1584 4607 1735 4691 senio
1752 4637 1865 4706 jam
1892 4607 1947 4669 Β
1971 4630 2297 4693 constitutis,
2316 4607 2598 4699 dissipatas
2618 4630 2887 4690 Ecclesias
2908 4632 3194 4687 adunabat.
3222 4630 3561 4703 Quapropter

281 4727 601 4790 confectum,
626 4731 686 4778 ut
713 4723 781 4778 ad
801 4723 1077 4793 regiminis
1096 4722 1333 4779 officium
1358 4742 1465 4781 non
1492 4728 1661 4796 possit
1686 4744 1867 4786 assur-

279 4830 433 4887 gere;
465 4813 778 4883 adjicientes
800 4814 963 4869 etiam
987 4814 1058 4868 ita
1080 4814 1229 4869 illum
1253 4823 1496 4873 tenacem
1524 4818 1779 4889 existere,
1806 4828 1867 4876 ut

280 4908 333 4963 in
363 4907 581 4961 domum
624 4904 740 4973 ejus
784 4905 990 4958 amicus
1018 4903 1084 4958 ad
1113 4905 1433 4961 eharitatem
1480 4923 1751 4977 nunquam
1782 4910 1871 4965 in»

277 5007 472 5056 troeat.
496 4998 746 5053 Rusticus
763 5004 942 5051 autem
964 5035 980 5060 ,
1030 4996 1285 5051 diaconus
1312 4999 1551 5066 ejusdem
1581 4998 1857 5069 Ecclesia,

276 5091 367 5162 qui
394 5090 641 5146 similiter
666 5090 870 5146 electus
913 5087 1125 5153 fuerat,
1168 5088 1394 5155 vigilans
1438 5090 1654 5159 quidem
1697 5093 1860 5151 homo

276 5184 506 5251 dicitur,
532 5182 661 5249 sed,
712 5189 971 5251 quantum
1016 5179 1290 5245 asseritur,
1333 5177 1578 5235 Psalmos
1625 5183 1855 5250 ignorat.

276 5277 607 5333 Florentium
628 5290 779 5340 vero,
808 5274 1091 5329 diaconum
1113 5271 1367 5328 Ecclesia:
1391 5272 1739 5343 Ravennatis,
1764 5280 1858 5347 qui

274 5369 476 5426 electus
518 5369 587 5424 ab
635 5368 883 5423 omnibus
913 5373 1265 5434 memoratur,
1298 5365 1583 5422 sollicitum
1612 5383 1731 5425 esse
1758 5387 1858 5427 uo-

274 5463 465 5525 vimus,
480 5462 575 5518 sed
597 5462 769 5531 qualis
785 5462 853 5517 sit
874 5460 1115 5527 interius,
1139 5460 1358 5515 omnino
1382 5462 1668 5518 nescimus.
1696 5464 1851 5521 ideo-

272 5569 376 5625 que
427 5552 735 5608 fraternitas
776 5560 890 5620 tua,
920 5568 1026 5606 una
1065 5567 1189 5607 cum
1241 5549 1408 5607 fratre
1447 5559 1501 5607 et
1528 5555 1851 5625 coepiscopo

342 5684 369 5713 α
410 5674 691 5745 Aprutium
718 5688 825 5728 non
846 5673 1036 5745 civitas
1066 5681 1170 5738 est,
1199 5673 1293 5729 sed
1322 5674 1470 5745 regio
1496 5674 1852 5745 ltalize,'cujus

269 5742 506 5815 episcopi
535 5744 691 5815 sedes
718 5744 944 5815 esturbs
971 5742 1407 5811 lnteramnensis,
1427 5747 1582 5815 vulgo
1609 5742 1845 5814 Τεναήιο,

269 5812 330 5870 ﬁt
353 5812 606 5870 observat
634 5814 941 5867 Bollandus.

340 5885 366 5926 δ
406 5885 694 5941 Bollandus
724 5884 850 5952 legit
876 5885 961 5939 hic
992 5884 1331 5953 Rhisiniensi,
1365 5887 1545 5958 aitque
1572 5888 1848 5944 Rhisinum

547 5978 817 6038 ΡΔἮΙΟΙ..
866 5977 1119 6037 LXXV.

1969 4726 2261 4792 Bacaudte,
2296 4727 2591 4783 Formiensi
2624 4728 2909 4799 episcopo,
2941 4729 3148 4789 scribit,
3182 4727 3366 4782 dicens
3394 4746 3406 4782 :
3444 4748 3462 4780 ι
3492 4727 3561 4783 Et

1969 4819 2232 4889 temporis
2261 4820 2554 4877 necessitas
2583 4834 2681 4873 nos
2711 4828 2981 4889 perurget,
3013 4826 3069 4871 et
3096 4818 3398 4875 imminutio
3429 4837 3555 4893 pcr-

1967 4925 2221 4966 sonarum
2272 4912 2435 4981 exigit
2483 4918 2543 4965 ut
2590 4910 2859 4965 destitutis
2906 4910 3194 4976 Eeclesiis,
3243 4912 3441 4969 salubri
3491 4930 3557 4970 ac

1966 5004 2189 5073 provida
2220 5003 2511 5058 debeamus
2561 5001 2911 5071 dispositione
2958 5016 3294 5059 succurrere.
3336 5004 3403 5059 Et
3432 5006 3555 5062 ideo

1966 5092 2219 5160 quoniam
2245 5090 2539 5147 Ecclesiam
2572 5090 2991 5148 Minturnensem
3008 5092 3244 5149 funditus
3268 5103 3371 5151 tam
3400 5097 3550 5162 cieri,

1965 5198 2123 5252 quam
2177 5181 2349 5251 plebis
2397 5174 2706 5237 destitutam
2763 5182 3101 5241 desolatione
3156 5189 3545 5253 cognovimus:

1964 5282 2218 5343 tuamque
2264 5289 2362 5344 pro
2414 5290 2475 5329 ea
2525 5276 2880 5343 petitionem,
2929 5287 3194 5346 quatenus
3248 5277 3550 5333 Formiana:

1960 5363 2213 5419 Ecclesiae
2237 5408 2253 5433 ,
2304 5366 2355 5419 in
2404 5380 2509 5435 qua
2538 5367 2678 5421 beati
2708 5365 2919 5422 Erasmi
2948 5370 3201 5441 martyris
3232 5386 3429 5440 corpus
3460 5385 3547 5423 re-

1959 5454 2187 5525 quiescit
2241 5456 2431 5527 cuique
2493 5458 2801 5514 fraternitas
2847 5467 2938 5513 tua
2986 5461 3269 5529 prmsidet,
3330 5459 3546 5528 adjungi

1954 5547 2167 5613 debeat,
2193 5548 2336 5618 piam
2357 5563 2473 5603 esse
2497 5564 2560 5604 ac
2578 5548 2928 5615 iustissimam
2953 5551 3297 5613 providentes
3323 5568 3334 5601 ε
3364 5565 3546 5604 neces~

1954 5680 2047 5727 aut
2070 5672 2368 5743 HRhisinam
2395 5716 2409 5739 ,
2451 5672 2849 5743 Mesopotamim
2892 5688 3011 5728 esse
3060 5673 3243 5743 urbem
3290 5670 3343 5743 in
3374 5670 3544 5740 Syriae

1953 5742 2205 5803 conﬁnio.
2238 5759 2343 5797 non
2393 5744 2575 5811 procul
2605 5741 2693 5797 'ab
2736 5743 2954 5798 Edessa.
2985 5742 3182 5795 Mahill.
3218 5741 3379 5795 habet
3415 5758 3541 5797 cum

1954 5813 2111 5867 Surio
2161 5812 2487 5869 Smurnensi.
2529 5814 2663 5869 Vide
2705 5823 2860 5869 notas
2908 5814 2976 5866 ad
3007 5813 3166 5882 epist.
3215 5811 3284 5865 28
3331 5812 3449 5868 libri
3489 5829 3539 5882 t,

1954 5884 2138 5940 indict.
2170 5884 2220 5941 9.

2984 5973 3023 6033 5
