4118 6462
521 374 628 435 ιω

1099 360 1156 417 S.
1198 350 1525 415 GREGORII
1568 347 1771 408 ΡᾹΡιΕ
1813 345 2001 403 VITA.
2042 341 2243 402 AUC'I‘.
2288 336 2552 399 JOANNE
2591 331 2914 393 DIACONO.
2954 331 3084 389 LIB.
3125 330 3212 391 Ill.

3712 334 3837 392 H0-

522 487 725 547 sarium
779 479 1047 540 duximus,
1076 470 1418 530 consulentes
1466 474 1576 522 tam
1624 463 1949 522 desolationi
2002 462 2112 518 loci
2141 466 2195 526 Α
2218 456 2551 514 constituere
2586 451 2959 508 sacerdotem:
2995 456 3057 505 ut
3080 456 3136 505 et
3164 454 3469 519 susceptam
3496 448 3666 504 semel
3695 451 3819 509 ani-

522 582 687 647 illius,
717 589 878 645 quam
911 580 1010 629 tuae
1038 565 1293 622 Ecclesim
1322 560 1656 633 paupertati,
1688 558 1888 614 reditus
1917 570 2108 624 supra-

523 674 683 731 dicta:
710 662 963 723 Ecclesiae
984 656 1364 715 Minturnensis
1392 654 1477 710 vel
1521 650 1779 722 quidquid
1807 648 1856 704 ei
1885 648 2109 715 antiquo

524 764 893 829 modernoque
916 756 1039 824 jure
1064 752 1151 807 vel
1180 749 1463 821 privilegio
1490 745 1664 816 potuit
1693 750 1941 814 potestve
1969 754 2109 809 qua-

522 856 657 913 libet
681 852 894 909 ratione
917 852 1247 918 competere,
1276 842 1344 899 ad
1392 848 1496 898 tua:
1532 837 1788 893 Ecclesiae
1813 836 1899 905 jus
1930 840 2113 904 potes-

523 960 799 1018 tatemque
826 945 930 1000 hac
954 940 1208 1014 praecepti
1254 934 1427 993 nostri
1480 930 1806 989 auctoritate
1850 928 2113 997 migrare,

522 1056 581 1100 ut
610 1058 643 1097 a
672 1036 923 1112 przesenti
947 1044 1191 1105 tempore
1215 1029 1373 1087 sicuti
1403 1027 1472 1083 de
1497 1024 1713 1096 propria
1742 1021 1986 1078 Ecclesia
2015 1019 2115 1075 de-

523 1139 656 1195 beas
702 1133 984 1204 cogitare,
1036 1129 1194 1198 eique
1244 1120 1607 1194 competentia
1662 1126 1753 1173 tua
1808 1114 2118 1186 provisione

526 1230 834 1299 disponere,
860 1229 1128 1292 quatenus
1156 1216 1412 1284 deinceps
1436 1211 1579 1283 quod
1600 1208 1780 1280 perire
1801 1216 2120 1272 nuncusque

527 1296 722 1395 potuit,
755 1328 1055 1389 pauperum
1100 1308 1351 1365 Ecclesia:
1380 1315 1483 1360 tua:
1513 1301 1835 1359 utilitatibus
1882 1296 2123 1366 clerique

529 1412 800 1486 proficiat.
832 1428 852 1461 ι
886 1406 1114 1478 (Πιερίδι.
1141 1402 1231 1457 lib.
1263 1417 1300 1467 ι,
1325 1417 1405 1470 ep.
1438 1396 1514 1465 8.)

599 1504 736 1562 item
764 1502 1041 1556 Benenato
1071 1495 1326 1565 episcopo
1354 1510 1365 1543 :
1402 1509 1419 1541 ι
1450 1487 1518 1543 Ει
1562 1484 1821 1555 temporis
1852 1479 2117 1551 qualitas,

532 1610 589 1659 et
608 1600 857 1656 vicinitas
885 1611 984 1652 nos
1010 1594 1253 1648 locorum
1303 1586 1511 1647 invitat,
1548 1579 1931 1645 ut,Cumanam
1961 1581 2125 1642 atque

536 1691 875 1749 Misenatium
905 1688 1058 1742 unire
1085 1683 1376 1738 debeamus
1420 1672 1726 1730 Ecclesias:
1758 1668 2009 1739 quoniam
2042 1666 2123 1719 hac

534 1802 642 1843 non
668 1785 829 1852 longo
850 1795 881 1835 a
910 1794 970 1835 se
1012 1775 1219 1832 itineris
1246 1768 1527 1826 intervallo
1557 1764 1814 1833 sejunctat
1835 1761 1943 1830 92
1966 1765 2120 1822 sunt;

2214 566 2425 608 marum
2456 563 2639 605 curam
2671 547 2865 601 intuitu
2923 545 3114 599 futurae
3150 543 3522 599 retributionis
3548 544 3815 617 impleas;

2216 654 2272 701 et
2300 645 2425 701 licet
2452 659 2483 698 a
2515 652 2604 697 tua
2624 679 2639 704 ,
2671 640 2829 696 hoste
2874 638 3210 700 imminente,
3245 636 3500 707 depulsus
3528 636 3621 703 sis,
3654 639 3815 693 aliam

2216 754 2338 809 quae
2358 744 2575 808 pastore
2602 741 2782 799 vacat,
2813 731 3011 788 debeas
3042 728 3337 786 Ecclesiam
3366 730 3705 797 gubernare:
3742 732 3820 787 ita

2219 838 2421 895 tamen,
2456 836 2515 883 ut
2543 828 2586 883 si
2614 827 2887 882 civitatem
2916 823 3063 879 illam
3104 822 3347 877 hostibus
3375 822 3600 879 liberam
3642 822 3819 890 efﬁci,

2204 909 2277 977 ἐι
2301 920 2529 977 Domino
2559 924 2898 990 protegente,
2927 915 2995 971 ad
3022 915 3257 986 priorem
3293 920 3493 969 statum
3532 915 3823 984 contigerit

2221 1012 2488 1076 revocari,
2522 1010 2576 1064 in
2606 1024 2727 1064 eam
2756 1008 2809 1062 in
2839 1022 2945 1076 qua
2976 1014 3030 1060 et
3061 1005 3209 1075 prius
3238 1003 3518 1059 ordinatus
3540 1019 3599 1060 es
3629 1003 3823 1060 Eccle-

2221 1106 2357 1165 siam
2390 1103 2698 1160 revertaris.
2750 1100 2809 1157 Si
2838 1109 3018 1157 autem
3059 1099 3310 1171 praedicta
3340 1099 3531 1157 civitas
3560 1100 3827 1159 continua

2226 1196 2557 1269 captivitatis
2587 1194 2895 1251 calamitate
2925 1193 3206 1264 premitnr,
3232 1191 3286 1246 in
3316 1192 3419 1247 hac
3446 1192 3500 1247 in
3528 1206 3635 1267 qua
3658 1208 3689 1247 a
3719 1209 3824 1249 no-

2224 1290 2308 1345 bis
2358 1289 2638 1345 ordinatus
2680 1303 2777 1353 es,
2832 1286 3033 1341 debeas
3080 1284 3321 1340 Ecclesia
3360 1264 3684 1356 permanere
3709 1294 3757 1338 ⁸.
3798 1305 3821 1339 ι

2230 1380 2463 1455 (Regist.
2498 1379 2591 1434 lib.
2619 1396 2677 1447 ιι,
2711 1396 2791 1451 ep.
2824 1378 2941 1450 57.)

2298 1474 2433 1529 item
2483 1469 2717 1538 Joanni,
2773 1473 3030 1543 episcopo
3082 1471 3357 1526 Velitrano
3404 1488 3417 1524 :
3473 1490 3492 1523 ι
3529 1470 3827 1541 Postquam

2229 1568 2439 1624 hostilis
2469 1566 2715 1637 impietas
2744 1565 3075 1620 diversarum
3106 1565 3387 1622 civitatum
3410 1606 3424 1631 ,
3466 1566 3540 1621 ita
3588 1567 3829 1636 peccatis

2230 1660 2568 1725 facientibus,
2598 1658 2865 1715 desolavit
2891 1659 3169 1722 ecclesias,
3197 1667 3255 1714 ut
3280 1661 3566 1730 reparandi
3588 1676 3680 1716 eas
3700 1676 3831 1731 spes

2231 1751 2407 1815 nulla,
2450 1751 2651 1822 popqu
2698 1747 3014 1816 deﬁciente,
3058 1751 3640 1820 remanseritzmajori
3670 1751 3831 1807 valde

534 1893 655 1944 nec,
680 1839 917 1947 peccatis
948 1866 1288 1928 facientibus,
1322 1869 1469 1915 tanta
1492 1857 1677 1928 populi
1707 1849 1991 1909 multitudo
2018 1857 2122 1913 est,
2156 1866 2207 1926 Β
2234 1860 2361 1900 cura
2382 1843 2819 1911 constringimur,
2838 1857 2906 1897 ne
2928 1839 3194 1898 defunctis
3224 1856 3407 1898 earum
3433 1842 3825 1910 sacerdotibus,

534 1980 595 2027 ut
640 1967 899 2036 singulos,
936 1963 1074 2017 sicut
1102 1959 1228 2015 olim
1283 1954 1399 2019 fuit,
1432 1952 1633 2006 habere
1663 1947 1896 2002 debeant
1943 1956 2125 1998 sacer-

534 2064 708 2119 dotes.
733 2033 871 2127 Quia
900 2056 1060 2125 igitur
1088 2048 1315 2107 Cumani
1343 2044 1506 2101 castri
1531 2039 1789 2097 sacerdos
1816 2037 1940 2092 vitm
1969 2033 2129 2103 hujus

534 2170 750 2214 cursum
780 2150 1051 2221 explevit,
1085 2153 1339 2212 utrasque
1386 2153 1488 2193 nos
1532 2134 1799 2191 Ecclesias
1848 2128 2130 2200 praesentis

536 2245 873 2304 auctoritatis
896 2240 1088 2310 pagina
1118 2237 1298 2290 nuisse
1329 2230 1533 2299 tibique
1561 2223 1893 2282 commisisse
1918 2234 2126 2287 cogno-

536 2355 627 2395 sce
647 2381 661 2407 ,
684 2335 1071 2407 propriumque
1098 2336 1451 2391 utrarumque
1495 2316 1859 2373 Ecclesiarum
1907 2310 2044 2365 scito
2073 2314 2130 2362 te

540 2400 662 2487 esse
687 2400 1001 2499 pontiﬁcem
1013 2439 1027 2487 ;
1061 2430 1114 2475 et
1142 2428 1475 2488 quaecunque
1522 2409 1616 2464 tibi
1646 2407 1713 2462 de
1742 2418 1926 2460 earum
1956 2400 2128 2471 patri-

536 2492 721 2577 monio
750 2517 836 2573 vel
863 2514 994 2570 cieri
1022 2508 1366 2567 ordinatione
1407 2499 1817 2573 promotioneve
1854 2492 2007 2562 juxta
2035 2504 2133 2545 ca-

537 2627 741 2669 nonmn
768 2614 968 2665 statuta
992 2605 1106 2659 visa
1135 2601 1337 2656 fuerint
1356 2595 1609 2652 ordinare
1631 2602 1795 2659 atque
1817 2589 2131 2656 disponere,

538 2706 797 2773 habebis,
848 2710 907 2757 ut
942 2698 1193 2771 proprius
1220 2706 1409 2749 revera
1460 2686 1714 2744 sacerdos
1741 2726 1755 2751 ,
1805 2682 2032 2736 liberam
2061 2692 2131 2731 ex

538 2809 736 2858 nostrae
765 2768 1105 2852 auctoritatis
1135 2800 1403 2844 consensu
1452 2789 1613 2849 atque
1662 2773 2019 2846 permissione
2068 2768 2135 2823 li-

538 2893 795 2949 centiam.
848 2886 951 2943 Ubi
979 2898 1110 2941 vero
1138 2876 1472 2938 commodius
1509 2880 1603 2927 aut
1633 2869 1817 2924 utilius
1865 2879 1982 2920 esse
2007 2877 2137 2932 pro-

539 2984 803 3057 spexeris,
837 2981 1079 3037 habitato
1108 2995 1119 3029 :
1155 2975 1229 3029 ita
1256 2984 1387 3027 sane
1413 2975 1473 3023 ut
1500 2966 1725 3020 alteram
1750 2958 2069 3027 Ecclesiam,
2101 2968 2133 3009 a

541 3051 648 3151 q-ua
676 3074 1029 3147 corporaliter
1059 3070 1125 3123 ad
1152 3079 1392 3138 praesens
1419 3062 1614 3115 absens
1641 3072 1719 3121 es,
1745 3051 1978 3108 sollicita
2007 3062 2135 3117 pro-

540 3144 858 3239 videntique
874 3179 1001 3220 cura
1024 3162 1297 3230 disponas,
1314 3162 1579 3226 quatenus
1602 3148 1783 3204 divina
1802 3144 1909 3199 illic
1932 3148 2135 3212 myste-

542 3263 625 3318 ria
646 3231 985 3322 soleinniter,
1014 3252 1305 3307 auxiliante
1334 3244 1586 3309 Domino,
1617 3242 1966 3310 peragantur.
2001 3231 2136 3285 Fra-

544 3353 770 3409 ternitas
784 3363 913 3418 ergo
936 3357 1024 3402 tua
1042 3351 1192 3399 tanto
1208 3342 1260 3396 in
1277 3332 1743 3394 adhortationibus
1759 3326 2153 3393 lucrandisque'

544 3446 828 3503 animabus
864 3438 1184 3496 sollicitiore
1214 3447 1343 3489 cura
1386 3443 1602 3498 semper
1629 3423 1902 3493 invigilet,
1934 3426 2139 3489 quanto

544 3553 606 3595 se
647 3537 919 3592 unitarum
964 3528 1328 3586 Ecclesiarum
1374 3517 1778 3592 gubernationis
1805 3528 1970 3571 onera
2016 3527 2140 3569 sus-

546 3629 755 3701 cepisse
781 3624 1079 3695 cognoscit.
1112 3640 1130 3674 ι
1168 3618 1309 3691 (Lib.
1335 3633 1390 3683 ιι,
1421 3633 1503 3685 ep.
1532 3612 1647 3680 45.)

618 3698 707 3776 i5.
750 3719 820 3775 At
844 3734 976 3774 vero
1006 3716 1286 3773 civitatum
1312 3710 1673 3766 desolatarum
1697 3700 1979 3776 pontiﬁces
2005 3698 2142 3754 Gre-

546 3817 730 3887 gorius
776 3811 1096 3869 vacantibus
1141 3805 1452 3865 civitatibus
1504 3799 1843 3856 incardinare
1892 3792 2137 3849 curabat.

547 3884 703 3967 llnde
730 3906 982 3971 Martino,
1017 3903 1275 3973 episcopo
1312 3896 1563 3961 Corsicae,
1589 3894 1733 3948 inter
1768 3897 1965 3945 caetera
2001 3884 2140 3941 scri-

545 4004 721 4059 bens:
760 4018 778 4052 ι
807 3997 1093 4066 Quoniam,
1127 3992 1319 4062 inquit,
1350 3986 1592 4043 Ecclesia
1615 3982 1918 4046 Tamitana,
1950 3978 2003 4031 in
2034 3990 2141 4045 qua

547 4094 750 4151 dudum
780 4090 956 4145 fuerat
1000 4088 1210 4141 honore
1238 4077 1562 4137 sacerdotali
1590 4084 1681 4129 tua
1704 4070 2013 4127 fraternitas
2042 4068 2140 4122 de-

548 4195 735 4244 corata
760 4225 775 4251 ,
808 4183 882 4237 ita
912 4188 1017 4245 est,
1047 4176 1256 4233 delictis
1294 4172 1613 4229 facientibus
1634 4210 1649 4235 ,
1698 4166 1880 4223 hostili
1927 4164 2142 4218 feritate

550 4282 814 4345 occupata
844 4281 900 4328 et
927 4270 1133 4335 diruta,
1163 4276 1225 4323 ut
1262 4266 1389 4321 illuc
1418 4262 1645 4319 ulterius
1693 4274 1817 4330 spes
1862 4254 2140 4312 remeandi

549 4371 699 4427 nulla
726 4367 1083 4425 remanserit:
1114 4366 1169 4419 in
1199 4362 1497 4419 Ecclesiam
1544 4368 1596 4413 te
1636 4356 1989 4418 Aleriensem,
2021 4367 2141 4422 qua)

548 4464 661 4534 jam
689 4462 781 4518 diu
811 4470 895 4519 est
923 4456 1194 4531 pontiﬁcis
1223 4454 1423 4509 auxilio
1466 4451 1741 4515 destituta,
1772 4446 2098 4503 cardinalem
2119 4482 2136 4509 ,

550 4555 851 4613 secundum
889 4550 1166 4626 petitionis
1208 4556 1314 4603 tuae
1362 4544 1581 4600 modum
1606 4585 1621 4609 ,
1665 4543 1770 4597 hac
1818 4540 2140 4595 auctoritate

2165 3252 2211 3316 C

2233 1936 2474 2005 reliquiae
2523 1935 2712 2005 plebis,
2745 1934 2891 1988 nullo
2938 1934 3171 2003 pastoris
3219 1934 3591 1989 moderamine
3636 1935 3832 2004 guber-

2233 2038 2392 2098 natze,
2425 2046 2521 2101 per
2554 2029 2695 2083 invia
2723 2026 2884 2094 ﬁdei,
2917 2028 3088 2084 hostis
3125 2028 3303 2084 callidi
3352 2030 3655 2099 rapiantur,
3685 2031 3832 2100 quod

2234 2121 2401 2190 absit,
2427 2122 2643 2178 invidia.
2670 2118 2839 2189 Hujus
2866 2134 2996 2188 ergo
3018 2120 3099 2174 rei
3120 2120 3481 2177 sollicitudine
3502 2137 3645 2191 saepe
3675 2137 3833 2177 com-

2234 2213 2464 2277 moniti,
2516 2213 2620 2267 hoc
2648 2214 2759 2283 93
2782 2220 2969 2267 nostro
3015 2211 3157 2267 sedit
3202 2212 3365 2267 corde
3408 2214 3731 2279 consilium,
3776 2221 3833 2270 ut
3878 2224 3881 2227 '

2234 2306 2427 2361 vicinis
2472 2320 2565 2360 eas
2615 2305 2994 2360 mandaremus
3039 2305 3383 2375 pontificibus
3430 2307 3823 2376 gubernandas.

2234 2396 2473 2466 Ideoque
2526 2396 2849 2452 fraternitati
2902 2408 3003 2452 tua:
3046 2413 3231 2453 curam
3281 2399 3835 2471 gubernationemque

2238 2488 2399 2543 trium
2446 2487 2792 2543 tabernarum
2836 2488 3075 2545 ecciesim
3106 2488 3447 2559 praevidimns
3492 2493 3836 2546 com'nilten-

2236 2579 2358 2633 dam
2379 2621 2394 2645 ,
2423 2570 2581 2649 quam
2617 2588 2720 2634 tua:
2750 2578 2989 2635 ecclesiae
3018 2579 3293 2649 aggregari
3334 2580 3581 2648 unirique
3616 2596 3835 2636 necesse

2242 2680 2364 2728 est:
2402 2682 2672 2743 quatenus
2702 2681 3056 2742 utrarumque
3086 2674 3437 2729 ecclesiarum
3474 2674 3727 2729 sacerdos
3782 2682 3836 2730 et

2238 2775 2437 2833 rector,
2471 2765 2686 2822 Christo
2732 2766 3018 2837 adjutore,
3070 2770 3245 2839 possis
3290 2770 3557 2835 existere;
3609 2778 3665 2826 et
3693 2786 3837 2839 qum-

2241 2874 2458 2932 cnnque
2496 2861 2588 2915 tibi
2613 2860 2679 2915 dc
2701 2861 2815 2932 ejus
2846 2862 3196 2933 patrimonio,
3228 2863 3312 2918 vel
3334 2863 3463 2918 cieri
3495 2862 3839 2918 ordinatione

2241 2967 2337 3007 seu
2368 2954 2746 3023 promotione,
2781 2955 3021 3024 vigilanti
3080 2971 3145 3010 ac
3190 2956 3454 3011 canonica
3485 2956 3599 3010 visa
3640 2954 3841 3010 fuerint
3914 2956 3917 2959 ’

2242 3061 2369 3101 cura
2400 3046 2713 3115 disponere,
2748 3047 2947 3118 quippe
2974 3056 3033 3101 ut
3063 3048 3303 3117 pontifex
3333 3047 3584 3117 proprius
3613 3047 3841 3103 liberam

2241 3139 2466 3195 habebis
2493 3156 2559 3194 ex
2586 3139 2840 3209 praesenti
2872 3145 3056 3193 nostra
3087 3138 3444 3209 permissione
3486 3138 3781 3193 licentiam.
3815 3157 3834 3191 ι

2245 3232 2479 3303 (Regist.
2516 3232 2607 3286 lib.
2651 3248 2709 3299 ιι,
2736 3248 2817 3301 ep.
2844 3229 2980 3301 50.)

2317 3324 2452 3379 ltem
2491 3323 2743 3379 Gratioso
2774 3321 3113 3378 Nomentano
3144 3322 3397 3392 episcOpo
3427 3336 3611 3377 curam
3641 3324 3842 3391 guber-

2246 3419 2630 3487 nationemque
2662 3417 2687 3455 δ
2718 3417 2891 3472 sancti
2922 3415 3196 3471 Anthemii
3227 3415 3496 3477 ecclesiae,
3538 3415 3592 3468 in
3619 3414 3843 3473 Curium

2246 3510 2482 3565 civitatis
2532 3508 2856 3565 Sabinorum
2914 3507 3186 3562 territorio
3244 3506 3552 3561 constitutae
3605 3506 3841 3562 incardi-

2246 3602 2427 3657 nando
2473 3600 2773 3671 conjunxit.
2824 3600 2958 3654 ltem
3006 3598 3233 3668 Agnello
3278 3598 3533 3668 episcopo
3582 3596 3846 3652 Fundano

2243 3702 2368 3765 post
2397 3694 2573 3762 aliqua
2608 3711 2619 3744 :
2671 3711 2687 3743 ι
2721 3692 2984 3758 Quoniam
3016 3699 3239 3762 propter
3268 3690 3476 3745 cladem
3507 3689 3845 3755 hostilitatis,

2244 3799 2348 3838 nec
2376 3801 2430 3837 ιιι
2458 3783 2677 3839 civitate
2700 3825 2716 3850 ,
2761 3797 2863 3837 nec
2897 3783 2952 3836 in
2978 3781 3204 3837 ecclesia
3234 3789 3325 3836 tua
3356 3789 3440 3835 est
3465 3781 3716 3852 cuiquam
3743 3779 3844 3835 ba-

2244 3875 2454 3933 hitaudi
2478 3877 2694 3931 licentia
2721 3893 2735 3930 :
2764 3875 2884 3931 ideo
2907 3876 3007 3930 hac
3031 3883 3081 3929 te
3103 3874 3429 3929 auctoritate
3444 3881 3631 3931 nostra
3648 3872 3844 3931 Terra-

2245 3971 2479 4027 cinensis
2516 3970 2760 4026 ecclesiae
2800 3968 3128 4024 cardinalem
3165 3967 3547 4025 constituimus
3586 3968 3844 4023 sacerdo-

2244 4071 2373 4119 tem.
2407 4082 2427 4116 ι
2466 4061 2605 4133 (Lib.
2634 4078 2710 4127 ιιι,
2741 4079 2823 4132 ep.
2851 4060 2968 4129 ‘20.)
3000 4059 3067 4115 Et
3094 4069 3217 4130 post
3236 4075 3408 4130 pauca
3444 4078 3455 4113 :
3492 4078 3511 4112 ι
3545 4059 3678 4114 Illud
3704 4076 3845 4129 quo-

2243 4172 2351 4227 que
2393 4154 2787 4211 fraternitatem
2821 4162 2966 4208 tuam
3000 4153 3140 4207 scire
3168 4167 3391 4208 necesse
3428 4161 3539 4219 est,
3586 4153 3848 4223 quoniam

2244 4251 2324 4305 sic
2366 4256 2419 4303 te
2468 4248 2737 4318 praedictae
2776 4245 3182 4305 Terracinensis
3226 4247 3473 4303 ecclesias
3514 4246 3846 4305 cardinalem

2244 4358 2366 4399 esse
2389 4341 2768 4397 constituimus
2788 4340 3148 4406 sacerdotem,
3183 4349 3243 4395 ut
3270 4348 3325 4395 et
3348 4340 3650 4397 Fundensis
3672 4341 3839 4397 εεειες

2242 4438 2340 4493 sia:
2369 4436 2610 4507 pontifex
2640 4451 2757 4490 esse
2789 4451 2893 4491 non
2926 4435 3179 4503 desinas,
3210 4450 3311 4490 nec
3354 4451 3540 4490 curam
3569 4437 3844 4505 guberna-

2243 4534 2556 4600 tionemque
2584 4537 2894 4600 praetereas.
2933 4548 2951 4580 ι
2992 4527 3193 4599 (Ibid.,
3227 4545 3309 4599 ep.
3339 4527 3456 4595 25.)

552 4647 931 4704 constituimus
956 4644 1073 4701 sine
1097 4640 1261 4698 dubio
1305 4639 1659 4695 sacerdotem.
1693 4634 1770 4688 lta
1795 4647 1924 4703 ergo
1961 4632 2140 4689 studio
2168 4649 2221 4709 ι)
2320 4644 2406 4699 16,
2448 4642 2554 4698 Sed
2583 4650 2638 4697 et
2664 4642 2918 4712 expulsos
2940 4642 3247 4711 episcopos,
3281 4655 3421 4711 quos
3440 4648 3550 4696 tam
3581 4641 3691 4697 cito
3710 4640 3846 4697 Gre—

552 4740 799 4811 vigilanti
829 4754 955 4794 cum
990 4737 1088 4791 Dei
1132 4747 1318 4789 amore
1361 4729 1653 4786 secundum
1706 4741 1974 4783 canonum
2002 4739 2141 4794 prai-

554 4839 711 4901 cepta
738 4837 935 4885 cuncta
962 4828 1187 4898 dispone
1215 4833 1269 4881 et
1297 4824 1505 4889 ordina,
1529 4830 1608 4889 ut,
1637 4827 1693 4875 et
1720 4817 2026 4873 fraternitas
2052 4824 2144 4870 tua

554 4926 665 4978 suis
693 4921 975 4977 desideriis
1013 4934 1071 4975 se
1102 4918 1332 4989 gaudeat
1368 4930 1487 4971 esse
1532 4913 1786 4984 politam,
1819 4916 1875 4965 et
1901 4906 2146 4963 Ecclesia

555 5018 650 5072 Dei
668 5018 879 5071 alterno
898 5014 1094 5083 gaudio
1114 5014 1405 5083 repleatur,
1429 5008 1755 5066 cardinalem
1778 5003 2150 5073 tesuscepisse

555 5108 888 5181 pontificem.
923 5126 941 5159 ι
986 5105 1219 5177 (Regist.
1254 5104 1344 5159 lib.
1376 5121 1413 5170 ι,
1444 5121 1525 5175 ep.
1560 5100 1686 5173 79.)

628 5205 760 5259 Item
805 5203 1002 5260 Joanni
1047 5204 1300 5273 episcopo
1354 5201 1687 5271 Squillacino
1728 5216 1741 5251 :
1797 5216 1816 5249 ι
1855 5193 2149 5251 Pastoralis

557 5296 721 5355 officii
748 5312 877 5352 cura
898 5312 998 5351 nos
1018 5294 1293 5361 admonet,
1325 5295 1593 5349 destitutis
1623 5289 1876 5346 Ecclesiis
1901 5286 2149 5357 proprios

559 5388 889 5448 constituere
910 5388 1241 5455 sacerdotes,
1259 5386 1346 5457 qui
1370 5398 1587 5456 gregem
1608 5380 1947 5438 Dominicum
1970 5386 2152 5449 pasto-

559 5484 660 5538 rali
705 5483 938 5537 debeant
980 5481 1343 5540 sollicitudine
1387 5479 1707 5547 gubernare.
1762 5471 2051 5542 Propterea
2094 5478 2155 5525 te

559 5573 825 5631 Joannem
872 5574 939 5628 ab
976 5574 1223 5629 hostibus
1264 5573 1592 5641 captivatum
1642 5565 1891 5620 Lisitanrc
1919 5560 2151 5615 civitatis

564 5670 877 5739 episcOputn
900 5669 953 5722 in
971 5667 1298 5737 Squillacina
1319 5661 1643 5719 cardinalem
1662 5671 1884 5715 necesse
1906 5655 2154 5709 duximus

638 5792 664 5820 δ
705 5781 828 5837 Haec
856 5798 1024 5852 usque
1051 5783 1118 5837 ad
1152 5782 1284 5836 Item
1315 5778 1576 5852 (ii-otioso,
1608 5776 1959 5852 Bollainliana
1989 5776 2153 5832 editio

567 5856 795 5922 reapuit;
826 5848 1165 5922 reperiuntur
1196 5862 1373 5907 tamen
1394 5850 1455 5903 ἰιι
1483 5849 1606 5922 Mss.
1640 5848 1857 5922 nostris.

645 5918 675 5962 Β
694 5918 998 5989 Legendum
1029 5924 1248 5990 forte_S.
1274 5922 1541 5977 Euthimii.
1576 5921 1807 5978 Consule
1833 5918 2149 5977 Bollandum

142 6166 811 6462 Δρ
996 6338 1367 6462 ,κέ

2249 4736 2463 4805 gorius,
2492 4732 2579 4787 vel
2608 4732 2947 4789 incardinare
2974 4748 3079 4786 non
3108 4739 3349 4801 poterat,
3378 4730 3464 4786 vel
3493 4746 3723 4801 quorum
3752 4748 3845 4787 re-

2250 4828 2416 4882 ditum
2449 4826 2516 4880 ad
2553 4825 2709 4881 sedes
2748 4825 2994 4895 proprias
3023 4826 3336 4893 contingere
3367 4840 3527 4895 posse
3556 4825 3844 4895 sperabat,

2251 4919 2368 4971 aliis
2394 4918 2661 4987 episcopis
2681 4958 2696 4984 ,
2743 4918 2835 4986 qui
2864 4924 2993 4972 tunc
3021 4916 3271 4972 videlicet
3294 4917 3354 4971 in
3385 4918 3517 4973 locis
3544 4919 3655 4973 suis
3682 4918 3847 4987 dege-

2251 5011 2413 5078 bant,
2461 5010 2675 5065 interim
2717 5026 2817 5080 pro
2855 5011 3250 5066 sustentatione
3289 5026 3354 5066 ac
3394 5010 3677 5081 stipendiis
3704 5027 3847 5083 pra:-

2251 5104 2421 5160 sentis
2448 5102 2571 5157 vitae
2595 5103 2884 5173 jungebat,
2917 5103 3269 5172 generaliter,
3302 5103 3489 5159 dicens
3520 5120 3534 5157 :
3573 5122 3594 5155 ‹
3631 5103 3847 5159 Fratres

2251 5205 2307 5253 et
2336 5195 2690 5267 coepiscopos
2719 5205 2965 5263 nostros,
2998 5211 3134 5265 quos
3163 5203 3217 5250 et
3245 5196 3573 5265 captivitatis
3600 5195 3845 5251 diversa-

2253 5302 2481 5356 rumque
2510 5288 2893 5344 necessitatum
2925 5288 3182 5355 angustia:
3210 5286 3601 5357 comprimunt,
3633 5286 3847 5342 studele

2256 5379 2645 5447 consolandos,
2689 5381 3161 5450 convivendosque
3190 5380 3469 5436 vobiscum
3498 5382 3552 5435 in
3582 5380 3847 5435 ecclesia-

2257 5473 2405 5529 sticis
2426 5474 2908 5529 sustentationibus
2928 5474 3155 5528 libenter
3175 5475 3478 5545 suscipere:
3499 5490 3606 5529 non
3625 5475 3847 5543 quidem

2257 5573 2316 5619 ut
2368 5582 2466 5637 per
2518 5566 2951 5621 communionem
3007 5566 3327 5635 cpisc0palis
3383 5567 3564 5621 throni
3617 5566 3851 5635 dignitas

2257 5659 2547 5729 dividatur,
2569 5658 2662 5713 sed
2682 5666 2740 5712 ut
2756 5658 2821 5712 ab
2838 5655 3077 5713 Ecclesia
3094 5656 3245 5725 juxta
3269 5658 3679 5728 possibilitatem
3699 5655 3851 5712 sufﬁ-

2259 5779 2323 5915 ίόὶ
2350 5780 2505 5863 hunc
2536 5778 2734 5832 locum.
2786 5773 2983 5829 Ibidem
3025 5790 3053 5829 a
3094 5774 3251 5830 Cures
3282 5772 3479 5829 format
3506 5772 3743 5841 Curites,
3793 5776 3852 5828 et

2310 5860 2503 5906 “mles.

2310 5860 2503 5906 uiriles.
