4118 6476
327 399 428 456 141

3499 448 3602 503 142

320 510 543 571 εἰεηιία
576 511 804 566 debeant
850 512 1103 569 alimenta
1158 518 1452 587 percipere.
1510 518 1599 574 Sic
1651 523 1790 575 enim
1850 530 1909 576 et
1935 525 1985 583 Λ
2012 542 2167 583 suum
2206 542 2423 603 recepta
2461 523 2720 597 Dominici
2760 547 3000 615 corporis
3040 554 3419 613 communione
3466 574 3593 617 cor-

318 606 625 678 proximum
652 605 703 657 in
736 604 867 669 Deo,
900 614 954 659 et
976 606 1143 661 Deum
1168 608 1219 661 iu
1246 611 1488 677 proximo
1513 611 1734 681 diligere
1760 630 1908 669 com-

318 697 627 767 probamur.
662 695 870 749 Nullam
900 698 1097 768 quippe
1124 700 1203 753 eis
1235 716 1331 753 nos
1363 702 1413 753 iu
1444 704 1635 757 vestris
1664 706 1905 793 ccclesiis

314 788 695 841 auctoritatem
737 786 1050 854 tribuimus,
1103 791 1195 845 sed
1230 800 1431 845 tantum
1470 798 1663 850 vestris
1701 792 1904 853 solatiis

313 895 411 934 eos
451 878 715 934 contineri
769 895 1111 951 summopere
1155 883 1483 940 hortamur.)
1533 887 1763 960 (Regist.
1807 890 1897 945 lib.

313 987 359 1035 I,
391 988 471 1040 ep.
502 969 629 1038 45,)

386 1060 470 1113 17.
517 1059 659 1114 Loca
690 1074 906 1130 quoque
935 1061 1141 1116 sedium
1173 1062 1618 1132 prudentissimus
1657 1071 1900 1141 pontifex

308 1160 533 1221 accepta
558 1152 704 1220 justa
735 1153 1021 1209 occasione
1051 1156 1313 1211 mutabat.
1346 1156 1497 1214 [lude
1522 1158 1713 1217 Joanui
1734 1206 1748 1230 ,
1780 1168 1899 1237 epi-

306 1258 474 1312 scopo
498 1241 793 1297 Vellitrano
820 1245 1025 1311 scribit,
1055 1246 1241 1303 dicens
1265 1266 1276 1301 :
1317 1269 1335 1299 ι
1365 1249 1643 1320 Temporis
1668 1257 1897 1323 qualitas

305 1335 577 1399 admonet,
610 1335 987 1404 episcoporum
1015 1337 1169 1393 sedes
1200 1342 1494 1410 antiquitus
1524 1347 1688 1400 certis
1714 1348 1897 1403 civita.

303 1428 443 1481 tibus
489 1427 840 1491 constitutas,
893 1428 958 1481 ad
1002 1428 1103 1482 alia
1156 1445 1275 1499 qua:
1326 1434 1595 1488 securiora
1645 1447 1896 1507 putamus

302 1517 541 1586 ejusdem
573 1518 822 1572 dimcesis
863 1518 981 1573 loca
1012 1527 1389 1589 transponere,
1421 1538 1560 1591 quo,
1601 1535 1654 1580 et
1686 1528 1895 1583 habita-

301 1619 450 1664 tores
479 1626 622 1664 nunc
657 1611 853 1677 degere
878 1653 892 1678 ,
931 1619 984 1665 et
1011 1612 1344 1667 barbaricum
1370 1616 1576 1683 possint
1597 1619 1892 1686 periculum

300 1701 512 1755 facilius
538 1702 831 1756 declinare.
860 1701 1151 1771 Propterea
1182 1713 1235 1755 te
1262 1702 1521 1759 Joannem
1550 1706 1766 1763 fratrem
1793 1726 1892 1765 co-

300 1794 727 1862 episcopumque
754 1802 996 1847 nostrum
1024 1795 1356 1850 Vellitrensis
1379 1798 1611 1854 civitatis
1628 1842 1641 1865 ,
1679 1802 1892 1857 sedem-

298 1900 403 1954 que
432 1893 579 1939 tuam
611 1884 664 1937 in
696 1884 815 1938 loco
838 1885 928 1952 qui
953 1885 1251 1953 appellatur
1280 1882 1511 1940 Arena‘ta
1543 1889 1609 1942 ad
1639 1899 1886 1947 sanctum
1919 1917 1967 1975 Β
1996 1882 2362 1982 δίπρνθηάθηι.

297 1977 566 2031 Andream
616 1976 950 2045 apostolum,
1001 1977 1339 2045 prrecipimus
1392 1979 1586 2034 exinde
1633 1985 1887 2037 transmi-

295 2080 450 2136 grare
492 2084 505 2119 :
550 2074 815 2135 quatenus
859 2074 913 2121 et
949 2068 1015 2119 ab
1064 2067 1371 2121 hostilitatis
1414 2070 1627 2123 incursu
1666 2072 1885 2127 liberior

297 2159 533 2214 existere
578 2158 790 2226 valeas,
831 2166 885 2213 et
930 2158 1038 2212 illic
1077 2160 1524 2214 consuetudinum
1566 2164 1882 2221 solemnium

294 2250 427 2304 festa
452 2249 758 2318 disponas.»
796 2248 1018 2319 (Regist.
1049 2248 1137 2303 lib.
1167 2266 1223 2312 Il,
1256 2267 1335 2319 ep.
1376 2252 1489 2318 14.)

365 2340 451 2394 18.
494 2339 557 2393 Et
578 2340 872 2395 notandum
897 2344 1041 2410 quod
1063 2340 1373 2409 Gregorius,
1407 2344 1529 2399 licet
1555 2350 1881 2407 monasteria

293 2440 345 2484 ct
372 2431 715 2507 episcopatus
741 2431 967 2498 unierit,
1000 2440 1159 2499 atque
1185 2443 1439 2489 vacantes
1469 2437 1751 2507 episcopos
1781 2456 1878 2493 va-

290 2500 537 2578 cantibus
562 2523 868 2578 civitatibus
896 2524 1233 2578 incardinare
1275 2527 1565 2591 studuerit,
1600 2547 1877 2600 nunquam

291 2621 471 2667 tamen
513 2614 826 2683 episcopum
868 2614 935 2667 ab
974 2614 1285 2682 integritate
1323 2632 1428 2669 sua:
1470 2617 1748 2687 Ecclesiae,
1793 2624 1880 2679 vel

290 2705 406 2775 ipse
434 2705 487 2758 in
511 2705 672 2759 aliam
701 2705 1086 2773 commutavit,
1114 2706 1200 2760 vel
1236 2706 1336 2760 sub
1364 2722 1681 2779 quacunque
1710 2728 1876 2769 occa-

289 2798 443 2853 sione
469 2797 701 2864 migrare
725 2796 1017 2851 consensit.
1048 2796 1158 2866 94,
1178 2797 1310 2851 Nam
1338 2810 1621 2869 postquam
1644 2812 1669 2839 ιι
1697 2804 1881 2861 Deme-

289 2890 453 2944 trium
510 2888 921 2957 Neapolitanum
980 2889 1288 2957 episcopum
1354 2905 1515 2958 super
1567 2895 1877 2949 criminibus

290 2980 588 3035 manifestis
611 2979 862 3049 deposuit
888 2996 901 3031 :
928 2993 1050 3033 cum
1077 2980 1143 3033 ab
1174 2979 1372 3033 eisdem
1401 2978 1765 3050 Neapolitanis
1793 2984 1877 3038 in-

288 3071 557 3126 cardinari
586 3070 685 3124 sibi
708 3068 930 3123 Paulum
958 3068 1283 3138 Nepesinum
1310 3070 1621 3139 episcopum
1652 3089 1875 3142 magno-

289 3178 418 3234 pere
438 3171 767 3232 qumreretur
792 3180 804 3214 :
836 3162 1250 3217 discretissimus
1280 3164 1534 3232 pontifex,
1568 3165 1875 3223 visitatioue

289 3259 519 3313 civitatis
538 3257 818 3327 Nepesina:
840 3256 1031 3311 Joanui
1055 3261 1311 3329 episc0po
1329 3260 1594 3329 delegata,
1625 3263 1871 3317 eumdem
1901 3296 1947 3356 ρ

289 3349 504 3418 quidem
533 3348 754 3402 Paulum
793 3349 1126 3403 visitatorem
1156 3349 1258 3403 illis
1290 3351 1510 3404 tribuit:
1544 3353 1873 3408 cardinalem

287 3455 419 3496 vero
460 3442 789 3496 constituere
829 3449 938 3494 tam
982 3443 1156 3510 primo
1201 3442 1591 3511 dispensatorie
1634 3445 1871 3512 distulit,

287 3547 451 3600 quam
480 3541 667 3601 postea
705 3532 918 3602 penitus
954 3533 1241 3587 recusavit.
1293 3530 1390 3586 Cui
1434 3534 1770 3603 postmodum
1807 3537 1871 3591 li-

286 3626 520 3680 centiam
561 3627 864 3681 revertendi
904 3628 970 3680 ad
1017 3642 1168 3680 suam
1216 3627 1486 3682 dimcesim
1526 3629 1866 3698 concedens,

284 3724 501 3771 centum
544 3718 748 3773 solidos
785 3718 852 3772 de
896 3718 1247 3788 Neapolitana
1291 3719 1548 3781 ecclesia,
1598 3730 1654 3774 et
1703 3737 1867 3778 unum

282 3808 569 3875 puerulum
591 3809 911 3877 orpbanum,
936 3809 1149 3876 qualem
1176 3809 1293 3877 ipse
1312 3809 1380 3863 de
1405 3808 1603 3863 familia
1625 3811 1865 3879 ejusdem

280 3900 529 3955 ecclesiae
556 3900 839 3964 voluisset,
874 3900 987 3953 dari
1017 3900 1293 3969 praecepit.

351 3990 441 4042 19.
506 3988 743 4042 Aliarum
790 3989 1166 4057 parochiarum
1214 3988 1443 4044 clericos
1486 3990 1588 4045 sibi
1645 3999 1700 4046 et
1745 3993 1864 4049 aliis

276 4078 697 4135 discretissimus
725 4078 967 4148 pontifex
995 4078 1375 4134 discretissime
1403 4079 1741 4138 incardinare
1768 4098 1863 4140 (ξιι-
1904 4116 1911 4126 -

274 4172 447 4226 rabat.
499 4172 838 4241 Quapropter
879 4170 1043 4226 Heliae
1082 4173 1397 4244 presbytero
1426 4181 1481 4229 et
1517 4174 1697 4231 abbati
1734 4192 1863 4247 pro-

274 4265 463 4320 vineize
487 4263 701 4319 Isauriae
722 4272 843 4333 post
866 4264 1043 4333 aliqua
1065 4266 1304 4320 scribens
1328 4283 1341 4317 :
1380 4286 1398 4318 ι
1426 4266 1636 4335 Filium,
1664 4269 1855 4339 inquit,

275 4366 509 4411 vestrum
536 4356 893 4426 Epiphanium
922 4358 1215 4413 mandastis
1234 4401 1249 4426 ,
1284 4366 1343 4412 ut
1372 4360 1441 4415 ad
1468 4376 1676 4417 sacrant
1707 4364 1856 4420 ordi-

271 4460 393 4499 nem
422 4446 722 4515 provehere
750 4446 1093 4514 deberemus,
1126 4448 1386 4517 vobisque
1406 4452 1851 4511 retransmittere.

269 4538 375 4592 Sed
405 4539 458 4591 in
485 4554 593 4592 uno
614 4554 709 4594 vos
738 4539 1034 4595 audivimus
1052 4582 1066 4607 ,
1101 4541 1155 4595 in
1183 4542 1356 4596 altero
1384 4558 1514 4599 vero
1539 4545 1724 4601 audire
1752 4548 1853 4603 mi-

2016 623 2174 677 rexit’.
2209 624 2342 691 Quia
2371 643 2525 698 ergo,
2560 642 2618 687 ut
2644 636 2842 692 dictum
2870 649 2977 705 est,
3014 659 3119 698 non
3151 646 3203 700 in
3232 647 3476 707 hazreslm
3507 654 3593 710 in-

1976 750 1979 755 λ
2014 713 2170 781 cidit,
2219 718 2314 771 sed
2360 734 2390 773 a
2438 730 2605 778 sacris
2646 730 2911 794 generalis
2955 730 3208 791 Ecclesia:
3251 741 3592 813 ministeriis,

2009 805 2167 871 quasi
2210 817 2370 863 rectm
2400 812 2576 869 studio
2617 814 2927 876 intentionis
2963 829 3189 895 erravit,
3237 805 3594 895 imbecillitati

2010 894 2129 964 ejus
2175 907 2337 968 atque
2385 906 2787 964 necessitatibus
2833 915 3199 985 consulentes,
3250 925 3589 997 maximeque

2006 993 2385 1049 sustentationi
2403 996 2537 1066 ejus,
2570 999 2786 1069 pietatis
2814 1003 3003 1062 intuitu
3030 1013 3390 1082 providentes,
3424 1019 3474 1072 in
3500 993 3588 1077 tua

2006 1077 2341 1151 Syracusana
2370 1089 2594 1146 ecclesia
2623 1107 2744 1148 eum
2772 1098 3111 1166 praevidimus
3130 1104 3533 1167 cardinandum.
3564 1132 3581 1164 ι

2006 1170 2228 1244 (Regist.
2259 1176 2347 1231 lib.
2379 1194 2449 1246 Iv,
2479 1198 2561 1252 ep.
2596 1183 2707 1256 M.)

2078 1281 2209 1339 Item
2249 1285 2570 1357 Fortunato,
2602 1294 2857 1369 episcopo
2885 1298 3237 1373 Neapolitano
3266 1325 3279 1360 :
3320 1326 3339 1361 ‹
3367 1309 3585 1368 Frater-

2003 1374 2226 1431 nitatem
2244 1388 2387 1435 tuam
2410 1398 2438 1435 a
2462 1384 2615 1441 nobis
2630 1389 2827 1458 petisse
2844 1394 3148 1462 recolimus,
3171 1405 3229 1452 ut
3249 1398 3583 1475 Gratianum,

2002 1467 2247 1523 ecclesiae
2295 1470 2608 1531 Venafranae
2654 1479 2965 1552 diaconum,
3020 1496 3122 1542 tuae
3169 1492 3585 1554 concederemus

2000 1559 2242 1615 ecclesiae
2276 1564 2676 1624 cardinandum.
2720 1570 2787 1626 Et
2825 1575 3077 1644 quoniam
3108 1595 3208 1634 nec
3237 1582 3585 1654 episcopum,

2000 1650 2086 1703 cui
2139 1653 2541 1728 obsecundare,
2591 1677 2689 1717 nec
2737 1667 3005 1735 propriam
3054 1669 3219 1726 habet
3265 1675 3582 1745 ecclesiam,

2000 1737 2155 1793 hoste
2182 1742 2383 1799 scilicet
2413 1749 2762 1817 prohibente,
2797 1770 2904 1825 quo
2932 1774 3088 1813 suum
3118 1759 3311 1817 debeat
3341 1737 3583 1823 lttiliisle:

1998 1830 2136 1885 rium
2181 1836 2435 1893 exhibere
2481 1859 2491 1891 :
2544 1845 2859 1911 petitionem
2904 1857 3049 1905 tuam
3094 1868 3201 1909 non
3238 1859 3581 1926 prteviditnus

2413 1932 2617 1989 Idcirco
2664 1940 2877 2009 scriptis
2926 1943 3020 1997 tibi
3060 1949 3411 2014 przesentibus
3456 1968 3579 2007 eum

1995 2022 2298 2076 necessario
2312 2024 2558 2081 duximus
2583 2032 3009 2100 concedendum,
3036 2038 3283 2097 habituro
3306 2043 3578 2103 licentiam

1993 2107 2279 2165 diaconum
2331 2114 2505 2181 illum,
2558 2129 2739 2176 nostra
2784 2125 3173 2187 interveniente
3219 2135 3574 2205 auctoritate,

1992 2200 2235 2256 ecclesirc
2266 2212 2385 2271 tuac,
2420 2207 2529 2263 Deo
2551 2214 2802 2282 propitio,
2836 2220 3167 2277 constituere
3187 2224 3568 2282 cardinalem.»

1994 2291 2217 2365 (chisl.
2252 2298 2339 2352 lib.
2366 2318 2438 2367 vr,
2466 2319 2546 2373 ep.
2582 2305 2688 2376 11.)
3572 2310 3573 2313 η

2061 2401 2195 2461 Item
2226 2408 2494 2479 Cypriane
2531 2414 2757 2472 diacono
2793 2438 2807 2474 :
2844 2439 2862 2472 ι
2894 2419 3046 2478 Sicut
3082 2426 3307 2485 Dilectio
3336 2438 3427 2486 tua
3455 2404 3573 2489 stu?
3616 2494 3619 2501 ,

1990 2496 2141 2551 diose
2190 2499 2455 2557 laboravit
2507 2522 2605 2575 pro
2656 2524 2884 2577 persona
2931 2513 3109 2572 fratris
3156 2527 3214 2574 et
3263 2524 3572 2597 coepiscopi

1989 2590 2161 2644 uestri
2205 2590 2425 2649 Joannis
2445 2633 2459 2658 ,
2512 2604 2569 2650 ut
2599 2599 2651 2652 in
2681 2600 3015 2672 Syracusana
3042 2611 3300 2680 ecclesia,
3349 2628 3573 2689 auctore

1990 2681 2121 2745 Deo,
2147 2684 2420 2742 debuisset
2448 2690 2681 2747 ordinari
2713 2712 2725 2748 :
2757 2696 2828 2750 ita
2859 2715 3001 2755 nunc
3030 2718 3250 2761 necesse
3277 2717 3360 2763 est
3390 2720 3447 2765 ut
3472 2728 3569 2781 per

1985 2769 2288 2828 dilectionis
2316 2784 2419 2830 tuae
2439 2780 2615 2834 studia
2634 2784 2682 2836 ei
2709 2800 2921 2855 quoque
2945 2792 3219 2858 regiminis
3246 2797 3434 2852 solatia
3466 2802 3568 2855 ini-

1986 2863 2297 2919 nistrentur.
2352 2867 2645 2935 Quemdam
2692 2877 2831 2929 enini
2878 2882 3251 2953 presbyterum
3291 2892 3564 2959 proprium

1986 2953 2236 3011 habuisse
2252 2972 2309 3011 se
2329 2961 2592 3029 perhibet,
2617 2965 2705 3033 qui
2732 2974 2908 3022 tamen
2931 2986 2961 3024 a
2984 2971 3148 3028 fratre
3166 2953 3564 3052 etcoepiscopo

1984 3057 2172 3104 nostro
2202 3050 2381 3107 Leone
2411 3053 2463 3106 in
2484 3052 2768 3113 Catanensi
2798 3062 3022 3119 ecclesia
3044 3065 3239 3123 dicitur
3265 3071 3563 3133 ordinatus.

1982 3137 2052 3193 Et
2081 3142 2203 3210 quia
2234 3143 2286 3197 in
2316 3160 2508 3201 novam
2539 3150 2818 3206 ecclesiam
2846 3155 3016 3220 vadit,
3066 3166 3120 3213 et
3147 3174 3273 3215 suos
3303 3163 3409 3219 illic
3438 3181 3563 3236 με·ος

1979 3232 2128 3299 prios
2159 3234 2401 3291 homines
2430 3238 2627 3295 habere
2649 3258 2866 3299 necesse
2894 3255 2992 3311 est,
3025 3258 3102 3314 ut,
3133 3251 3254 3307 dum
3280 3270 3562 3315 causarum

1984 3324 2295 3382 tumultibus
2324 3331 2615 3399 premitur,
2646 3334 2695 3387 in
2726 3346 2935 3390 secreto
2963 3355 3061 3394 suo
3092 3341 3331 3399 inveniat
3361 3347 3448 3402 ubi
3474 3365 3561 3404 re-

1981 3418 2252 3487 quiescat,
2291 3421 2397 3491 95
2427 3424 2680 3491 pracdicto
2729 3426 2878 3483 fratri
2920 3439 2975 3485 et
3014 3435 3333 3506 coepiscopo
3372 3449 3559 3497 nostro

1982 3508 2145 3563 Leoni
2174 3511 2366 3566 blande
2396 3522 2451 3567 et
2479 3516 2708 3572 dulciter
2726 3523 3051 3589 persuadere
3073 3526 3237 3583 debes
3264 3540 3317 3584 ut
3347 3532 3393 3586 ei
3423 3550 3557 3603 pne-

1976 3600 2144 3653 i‘atum
2175 3604 2545 3673 presbyterum
2577 3608 2767 3664 cedere
2794 3611 3008 3683 debeat,
3039 3632 3105 3671 ne
3134 3634 3291 3687 quem
3325 3600 3438 3677 lani
3458 3626 3555 3680 be-

1976 3691 2167 3759 nignus
2207 3692 2273 3745 ad
2312 3694 2667 3753 ordinandum
2697 3704 2887 3767 cessit,
2919 3705 3222 3762 ordinatum
3261 3710 3556 3772 destituere

1973 3784 2201 3840 fortasse
2222 3785 2484 3844 videatur.
2516 3810 2533 3841 ›
2570 3791 2796 3863 (Regist.
2831 3795 2920 3848 lib.
2950 3812 3031 3865 vx,
3061 3815 3105 3852 ε.
3136 3800 3249 3872 21).)

2045 3900 2132 3953 21.
2163 3899 2601 3967 Antiquissimum
2629 3906 3006 3962 ecetesmsticm
3034 3914 3434 3970 consuetudinis
3463 3932 3551 3971 or-

1970 3989 2152 4045 dinem
2190 3988 2481 4058 Gregorius
2528 3992 2596 4047 ab
2634 3995 2891 4064 apostolis
2942 3997 3196 4054 traditum
3235 4010 3289 4056 et
3339 4003 3405 4058 ad
3452 4021 3551 4064 sua

1970 4096 2141 4150 usque
2169 4089 2407 4151 tempora
2438 4083 2747 4139 solemniter
2775 4096 3145 4144 conservatum
3176 4090 3315 4147 adeo
3343 4096 3554 4153 studio.

1967 4173 2178 4230 sissime
2207 4174 2491 4242 retinebat,
2532 4186 2588 4232 ut
2616 4178 2841 4248 nullum,
2881 4183 3211 4251 quantalibet
3237 4191 3544 4260 sanctitate,

1966 4267 2229 4335 sapientia
2248 4306 2262 4330 ,
2294 4268 2642 4326 nobilitateve
2667 4271 2920 4341 polleret,
2951 4277 3307 4335 anterioribus
3335 4282 3543 4340 clericis

1964 4358 2021 4413 in
2049 4368 2349 4431 conventu,
2388 4377 2671 4429 consessu,
2704 4366 2965 4431 statione,
3007 4368 3120 4423 sive
3148 4371 3542 4444 subscriptione

1963 4461 2318 4521 praeponeret.
2374 4450 2526 4509 Unde
2561 4452 2814 4511 Januario
2837 4499 2852 4523 ,
2911 4456 3216 4535 Garalitano
3253 4464 3539 4534 episcopo,

1960 4542 2201 4597 scribens
2231 4560 2241 4594 :
2284 4561 2302 4593 ι
2336 4541 2645 4609 Liberatus,
2680 4546 2875 4615 inquit,
2906 4548 2972 4603 de
2996 4564 3103 4617 quo
3130 4552 3284 4607 nobis
3314 4564 3400 4607 tua
3430 4554 3520 4608 fra-

268 4629 411 4683 nime
461 4628 747 4697 potuimus.
798 4630 1062 4685 Diaconos
1109 4631 1326 4699 quidem
1375 4633 1548 4689 factus
1594 4645 1707 4703 est;
1758 4639 1853 4694 sed
1875 4633 2587 4726 Dternitasindicavit,qui
2608 4637 2817 4692 diaconi
2838 4638 2983 4708 fungi
3007 4643 3312 4709 perhibetur
3332 4644 3532 4713 oflicio,

264 4719 506 4787 quisquis
534 4719 700 4774 semel
726 4720 779 4773 in
800 4719 1157 4793 hac'ecelesia.
1175 4738 1387 4778 sacrum
1416 4724 1661 4781 ordinem
1693 4743 1851 4786 acce-

261 4809 419 4877 perit,
454 4810 759 4877 egrediendi
790 4828 853 4866 ex
886 4827 949 4866 ea
980 4814 1202 4869 ulterius
1231 4815 1500 4871 licentiam
1530 4835 1636 4874 non
1666 4821 1847 4880 habet.

258 4900 315 4955 Si
338 4917 468 4970 ergo
487 4904 671 4959 videre
691 4917 788 4959 vos
808 4920 916 4960 non
938 4907 1106 4975 potui,
1132 4907 1231 4962 hac
1250 4923 1317 4963 ex
1340 4925 1398 4963 re
1420 4913 1847 4971 consolationem

256 4994 473 5061 habeo,
522 4997 644 5066 quia
692 4998 745 5051 in
795 4996 903 5051 ﬁlio
950 5006 1134 5052 vestro
1182 5002 1479 5057 requiesco.
1532 5021 1550 5055 ι
1608 5004 1840 5078 (Regist.

252 5084 345 5139 lib.
377 5103 428 5151 v,
461 5103 542 5157 ep.
567 5087 681 5155 57.)

321 5176 413 5229 20.
445 5176 577 5232 Item
599 5177 942 5243 Maximiano,
970 5178 1227 5247 episcopo
1247 5178 1616 5250 Syracusano:
1649 5204 1667 5237 ι
1696 5190 1838 5242 Prae-

248 5266 486 5321 sentium
527 5267 667 5322 lator
700 5267 882 5336 Felix,
926 5267 1216 5335 diaconus,
1268 5283 1389 5322 cum
1428 5272 1732 5330 nullatenus
1777 5278 1832 5332 in

246 5355 621 5413 haereticorum
642 5358 891 5428 dogmata
921 5359 1101 5428 lapsus
1126 5360 1212 5426 sit,
1245 5374 1347 5413 nec
1376 5375 1405 5412 a
1435 5362 1700 5418 catholica
1729 5366 1833 5423 fide

244 5445 585 5514 discesserit,
636 5448 814 5519 pravis
858 5450 1066 5503 illectus
1095 5450 1350 5505 adversus
1378 5449 1835 5525 Constantinopo-

243 5536 468 5593 litanam
489 5540 755 5613 synodum
771 5542 1178 5611 suspicionibus,
1206 5543 1257 5597 in
1276 5543 1581 5599 lstricorum
1596 5548 1829 5619 sejsepa—

241 5630 455 5686 ratione
482 5639 807 5687 removerat.
840 5632 941 5697 Qui
984 5648 1105 5686 cum
1151 5633 1376 5689 Romam
1420 5636 1690 5702 venisset,
1738 5653 1827 5693 re-

240 5737 399 5798 cepta
438 5745 468 5785 a
494 5732 670 5797 nobis,
710 5731 930 5798 iuvante
959 5732 1208 5795 Domino,
1243 5736 1480 5797 ratione,
1538 5750 1819 5792 excessum

1957 4724 2055 4779 sia
2075 4724 2363 4781 decessore
2383 4734 2475 4781 tuo
2498 4743 2605 4782 non
2631 4728 2803 4783 factus
2832 4739 2914 4785 cst
2939 4732 3239 4798 cardinalis,
3274 4736 3533 4792 ordinatis

1956 4831 1988 4868 a
2018 4823 2069 4869 te
2095 4815 2333 4870 diaconis
2362 4816 2507 4870 nulla
2536 4816 2695 4871 debet
2736 4819 2945 4872 ratione
2986 4823 3224 4889 praeponi
3259 4841 3273 4878 :
3307 4842 3369 4879 ne
3402 4842 3528 4892 eos,

1954 4923 2088 4976 quos
2128 4909 2496 4963 consecrando
2536 4910 2791 4978 probasse
2818 4916 3192 4979 cognosceris,
3242 4919 3529 4988 reprobare

1950 5002 2300 5072 supponendo
2325 5006 2559 5071 quodam
2588 5003 2748 5058 modo
2788 5002 3034 5060 videaris.
3072 5004 3392 5065 Praedictum
3425 5012 3527 5066 ita-

1948 5109 2051 5161 que
2081 5093 2419 5160 Liberatum,
2464 5108 2622 5161 quem
2650 5095 3019 5163 reprimendus
3044 5100 3350 5156 ambitionis
3382 5104 3526 5157 inﬂat

1945 5186 2195 5255 spiritus,
2245 5184 2390 5239 omni
2438 5184 2692 5239 instantia
2740 5188 2806 5241 ab
2852 5188 3085 5244 intentus
3131 5191 3212 5245 sui
3264 5194 3523 5262 pravitate

1944 5293 2251 5348 compesce,
2275 5288 2328 5331 et
2350 5277 2593 5331 ultimum
2616 5278 2755 5334 inter
2775 5280 3032 5339 diaconos
3054 5292 3196 5340 stare
3218 5289 3516 5341 constitue:
3606 5295 3626 5305 ‘

1942 5384 2029 5431 ne,
2056 5368 2180 5423 dum
2202 5383 2260 5423 se
2280 5368 2464 5423 illicite
2488 5369 2723 5439 praeferri
2750 5374 3046 5441 contendit,
3078 5376 3372 5431 immeritus
3399 5377 3518 5431 loco

1938 5466 1990 5519 in
2023 5479 2128 5532 quo
2152 5479 2293 5517 nunc
2315 5463 2447 5519 situs
2476 5472 2558 5519 est
2577 5462 2864 5533 judicetur.
2909 5467 3072 5537 Cujus
3102 5476 3278 5523 tamen
3311 5470 3355 5523 si
3384 5468 3513 5521 obe-

1936 5556 2137 5611 dientia
2180 5556 2342 5610 fueris
2372 5557 2654 5623 invitatus,
2688 5567 2744 5615 et
2771 5566 2889 5615 eum
2920 5570 3041 5630 post
3069 5562 3171 5616 hoc
3191 5560 3366 5615 facere
3394 5574 3512 5612 car-

1932 5647 2161 5701 dinalem
2184 5648 2441 5716 volueris,
2465 5649 2563 5703 nisi
2586 5651 2852 5719 pontificis
2873 5653 2952 5707 sui
2971 5654 3267 5707 cessionem
3285 5650 3507 5705 solemni
3528 5700 3529 5703 η

1931 5754 2083 5791 more
2115 5741 2398 5803 meruerit,
2432 5740 2805 5796 abstinendum
2832 5743 2899 5797 ab
2935 5742 3050 5809 ejus
3086 5739 3506 5796 incardinatione
3600 5774 3605 5777 -

314 5870 338 5894 λ
363 5859 497 5919 Vide
514 5864 603 5918 lib.
631 5878 687 5931 ιι,
720 5879 802 5933 ep.
830 5864 881 5929 6,
906 5872 958 5919 et
982 5866 1201 5921 consule
1224 5868 1487 5937 plurimas
1510 5869 1574 5923 ad
1605 5870 1828 5926 Paulum
1857 5873 2128 5943 epistolas.
