4118 6500
80 6114 613 6436 Δ

577 360 685 419 143

1143 359 1204 423 S.
1244 360 1566 420 GREGORII
1603 360 1803 418 PAPIE
1841 361 2027 434 Vl’l‘A,
2065 360 2269 421 AUCT.
2310 366 2573 426 JOANNE
2613 370 2934 429 DIACONO.
2974 370 3108 428 LIB.
3150 369 3242 427 lll.

3740 363 3846 421 1H

492 472 493 475 “
574 478 887 536 meurineris
915 496 930 535 :
964 477 1216 549 quoniam
1238 477 1478 547 aequitati
1508 477 1797 533 convenire
1829 492 1938 532 non
1978 477 2154 532 ambi-
2180 485 2235 546 Α
2262 485 2428 540 nariis
2466 486 2579 542 sive
2622 472 2841 558 praediis
2874 487 3237 557 quarumlibet
3280 481 3634 540 ecclesiarum
3677 484 3852 554 patie-

573 571 687 641 εἰς,
733 579 793 626 ιιι
829 571 946 626 aliis
974 584 1188 627 servare
1217 584 1324 623 non
1353 567 1596 635 differas,
1634 569 1777 639 quod
1806 584 1920 640 ipse
1947 584 2161 640 quoque

573 664 672 719 tibi
701 680 919 719 servare
938 662 1228 718 desideras.
1265 681 1283 715 ι
1314 661 1541 733 (Regist.
1575 662 1667 717 lib.
1692 679 1727 729 1,
1760 680 1839 735 ep.
1871 663 1989 735 85.)

646 754 733 810 22.
774 753 942 823 Hujus
966 753 1218 809 videlicet
1244 754 1628 824 antiquissima}
1650 756 2051 812 consuetudinis
2073 773 2162 813 or-

572 847 699 902 dine
713 846 1001 916 Gregorius
1016 857 1374 928 provocatus,
1385 847 1758 904 defunctorum
1774 848 2162 921 Episcoporum

571 937 843 993 Ecclesias
870 954 969 1010 pro
998 937 1243 994 faciendo
1273 939 1606 1006 inventario,
1660 948 1716 996 et
1755 940 2001 1009 eligendo
2030 942 2162 1010 legi-

572 1026 718 1081 timae
739 1027 1008 1097 opinionis
1048 1028 1334 1098 episcopo,
1367 1027 1560 1083 vicinis
1590 1028 1855 1099 episcopis
1884 1044 2160 1085 commen-

570 1117 754 1183 dabat,
783 1118 890 1174 hoc
920 1117 1081 1173 modo
1109 1120 1350 1173 scribens
1378 1116 1572 1173 Joanni
1595 1118 1923 1191 Squillacino
1949 1138 1961 1173 :
1996 1139 2014 1172 ι
2037 1119 2161 1175 Obl-

570 1219 686 1265 tum
721 1209 860 1263 illius
883 1208 1136 1264 antistitis
1164 1209 1367 1263 directa
1390 1209 1581 1264 relatio
1610 1209 1885 1279 patefecit.
1917 1209 2162 1281 Quapro-

570 1309 694 1371 pter
721 1301 1044 1357 visitationis
1074 1301 1343 1357 destituta:
1372 1302 1647 1383 ecclesiae,
1698 1302 2016 1357 fraternitati
2059 1312 2162 1356 tua:

572 1408 796 1463 operam
823 1393 1140 1448 solemniter
1159 1392 1471 1461 delegamus
1494 1413 1506 1446 :
1538 1395 1701 1463 quam
1730 1394 1803 1448 ita
1832 1403 1885 1449 te
1909 1395 2164 1449 convenit

570 1485 852 1551 exhibere,
883 1494 943 1540 ut
971 1486 1104 1541 nihil
1132 1486 1200 1542 de
1231 1488 1671 1557 provectionibus
1700 1488 2042 1552 clericorum,
2074 1501 2162 1542 re-

570 1574 688 1629 ditu
708 1618 723 1643 ,
768 1584 993 1642 ornatu,
1037 1576 1457 1645 ministeriisque
1483 1578 1570 1633 vel
1600 1577 1854 1648 quidquid
1882 1577 2010 1631 illud
2039 1583 2121 1632 est
2143 1617 2158 1643 ,

569 1666 626 1723 in
657 1669 981 1738 patrimonio
1028 1668 1267 1737 ejusdem
1308 1685 1337 1724 a
1376 1686 1647 1741 quoquam
1690 1678 2046 1740 praesumatur
2074 1684 2159 1723 ec-

570 1759 774 1815 clesiae.
808 1758 876 1815 Et
909 1760 1033 1815 ideo
1062 1760 1371 1817 fraternitas
1400 1769 1492 1816 tua
1532 1762 1600 1816 ad
1643 1760 1951 1832 prmdictam
1984 1760 2160 1815 eccle-

2260 575 2416 630 batur
2444 576 2662 632 auferri.
2705 578 2913 633 Idcirco
2953 577 3279 633 Maximiano
3300 617 3315 641 ,
3361 574 3708 645 Syracusano
3739 577 3854 647 epis

2260 682 2453 739 scopo,
2495 670 2636 725 inter
2658 670 2766 725 alia
2786 669 3002 738 scribit,
3035 668 3256 724 dicens:
3290 685 3309 719 ι
3347 665 3678 722 Charitatem
3706 675 3853 723 tuam

2262 774 2610 817 commonere
2647 763 2950 819 curavimus
2987 769 3045 816 ut
3086 761 3131 816 si
3171 759 3438 830 quispiam
3476 758 3853 829 episcoporum

2261 853 2329 910 de
2369 855 2471 908 hac
2507 854 2627 911 luce
2666 854 3007 922 migraverit,
3055 853 3167 919 vel,
3218 851 3362 921 quod
3391 851 3565 915 absit,
3618 867 3718 921 pro
3746 852 3857 908 suis

2263 942 2421 998 fuerit
2464 954 2704 1000 remotus
2732 947 3069 1013 excessibus,
3111 944 3556 1000 convenientibus
3586 954 3611 980 κ
3645 944 3854 999 hierar-

2262 1035 2429 1091 chtcis
2447 1075 2462 1097 ,
2496 1036 2813 1105 cunctisque
2842 1036 2975 1092 cleri
3004 1035 3305 1107 prioribus,
3336 1042 3499 1103 atque
3528 1034 3582 1088 in
3610 1037 3691 1089 sui
3718 1050 3854 1105 prae-

2263 1126 2441 1181 sentia
2465 1126 2825 1182 inventarium
2848 1128 3093 1183 ecclesia:
3112 1142 3293 1182 rerum
3315 1124 3650 1189 facientibus,
3675 1127 3857 1181 omnia

2263 1233 2380 1289 quae
2401 1228 2616 1290 reperta
2636 1219 2837 1275 fuerint
2854 1220 3122 1276 subtiliter
3142 1219 3546 1285 describantur;
3572 1232 3693 1281 nec,
3718 1218 3859 1273 sicut

2263 1317 2425 1364 antea
2472 1308 2586 1365 fieri
2633 1309 2940 1377 dicebatur,
2991 1308 3197 1379 species
3242 1307 3520 1377 quaedam,
3575 1316 3669 1362 aut
3712 1306 3859 1361 aliud

2262 1401 2541 1470 quodlibet
2560 1401 2628 1457 de
2647 1402 2807 1457 rebus
2834 1401 3096 1465 ecclesiae,
3121 1401 3272 1470 quasi
3298 1416 3397 1470 pro
3420 1398 3645 1453 faciendi
3670 1399 3859 1452 iuven-

2264 1491 2388 1545 tarii
2419 1491 2636 1559 labore,
2670 1491 2911 1547 tollatur.
2953 1492 3044 1546 Sic
3071 1505 3305 1558 namque
3333 1506 3398 1545 ea
3427 1506 3545 1561 qua:
3572 1490 3641 1545 ad
3682 1490 3860 1544 muni-

2265 1581 2470 1637 tionem
2509 1581 2783 1638 facultatis
2812 1596 3111 1652 pauperum
3136 1582 3448 1651 pertinent,
3490 1581 3861 1637 desideramus

2263 1673 2502 1743 expleri,
2535 1680 2595 1727 ut
2632 1674 2780 1727 nulla
2810 1674 3024 1743 penitus
3060 1674 3114 1726 in
3142 1674 3307 1728 rebus
3336 1688 3525 1728 eorum
3560 1674 3860 1729 ambitiosis

2265 1763 2570 1819 hominibus
2590 1763 2897 1818 venalitatis
2917 1765 3255 1833 relinquatur
3281 1766 3515 1820 occasio.
3540 1764 3862 1820 Visitatores

569 1851 704 1906 siam
760 1852 837 1906 ire
891 1852 1209 1922 properabit
1232 1895 1246 1919 ,
1304 1862 1359 1907 et
1413 1852 1639 1907 assiduis
1695 1852 2161 1907 adhortationibus
2191 1878 2238 1938 Β
2266 1853 2636 1920 ecclesiarum,
2668 1852 2851 1907 clerici
2875 1868 3088 1923 quoque
3114 1869 3321 1921 eorum,
3354 1855 3447 1926 qui
3469 1870 3587 1910 cum
3612 1854 3741 1925 ipsis
3763 1871 3861 1925 per

568 1943 772 1999 clerum
796 1943 1116 2014 plebemque
1139 1944 1254 2013 ejus
1275 1944 1568 1999 admonere
1590 1943 1804 1999 festinet
1828 1962 1839 1997 :
1864 1952 1924 1998 ut
1947 1950 2159 1999 remoto

570 2036 771 2100 studio,
804 2052 911 2091 uno
937 2038 1235 2107 eodemque
1251 2053 1518 2093 consensu
1538 2039 1697 2093 talem
1725 2037 1826 2093 sibi
1857 2037 2158 2107 praeﬁcien—

566 2129 695 2183 dum
721 2137 979 2199 expetant
1019 2128 1390 2198 sacerdotem,
1436 2130 1524 2199 qui
1566 2138 1622 2183 et
1666 2136 1817 2184 tanto
1861 2129 2159 2185 ministerio

565 2221 759 2290 dignus
797 2221 974 2275 valeat
1016 2222 1276 2291 reperiri,
1328 2229 1383 2276 et
1426 2237 1457 2276 a
1503 2221 1823 2277 venerandis
1863 2222 2160 2277 canonibus

566 2313 874 2369 nullatenus
894 2324 1200 2384 respuatur.
1230 2314 1333 2381 Qui
1356 2316 1480 2369 dum
1504 2314 1663 2368 fuerit
1690 2316 2009 2385 postulatus,
2037 2329 2158 2369 cum

566 2405 913 2461 solemnitate
956 2405 1161 2461 decreti
1197 2406 1439 2461 omnium
1478 2406 1965 2476 subscriptionibus
1993 2407 2159 2462 robo-

566 2500 702 2566 rati,
735 2508 789 2554 et
813 2499 1115 2555 dilectionis
1139 2507 1245 2554 tua:
1270 2500 1580 2554 testimonio
1604 2499 1932 2564 litterarum,
1966 2500 2031 2553 ad
2062 2514 2161 2554 nos

564 2591 752 2646 veniat
779 2590 1181 2646 consecrandus
1214 2608 1226 2643 :
1260 2600 1665 2645 commoneutes
1700 2592 1861 2645 etiam
1910 2589 2159 2646 fraterni-

563 2688 734 2737 tatem
762 2692 904 2736 tuam
931 2691 989 2736 ut
1019 2682 1219 2736 nullum
1245 2681 1313 2736 de
1337 2682 1507 2735 altera
1533 2680 1656 2751 eligi
1679 2682 1961 2751 permittas
1981 2681 2161 2737 eccle-

565 2777 678 2841 sia,
724 2776 826 2831 nisi
859 2774 998 2831 forte
1038 2770 1179 2829 inter
1199 2774 1428 2830 clericos
1453 2774 1763 2829 earumdem
1791 2774 2074 2829 civitatum
2104 2775 2158 2829 in

564 2868 759 2938 quibus
787 2866 1110 2923 visitationis
1140 2866 1403 2937 impendis
1432 2867 1665 2922 ollicium
1683 2909 1698 2936 ,
1740 2867 1918 2921 nullus
1947 2868 2014 2921 ad
2044 2868 2157 2937 epi—

563 2968 847 3029 scopatum
877 2958 1099 3027 dignus,
1150 2959 1294 3028 quod
1330 2959 1551 3014 evenire
1580 2974 1687 3014 non
1717 2960 2010 3024 credimus,
2060 2976 2159 3030 po-

564 3054 733 3108 tucrit
759 3053 987 3108 inveniri
1028 3071 1041 3106 :
1079 3053 1394 3123 provisurus
1421 3061 1547 3107 ante
1581 3053 1762 3107 omnia
1790 3068 1858 3108 ne
1886 3053 1954 3108 ad
1979 3052 2158 3122 cujus-

562 3144 699 3200 libct
725 3145 1155 3200 conversationis
1183 3145 1435 3199 meritum
1464 3145 1615 3200 laicae
1643 3162 1887 3215 persona:
1917 3147 2157 3216 aspirare

563 3246 911 3306 prmsumant,
942 3244 999 3289 et
1027 3244 1084 3289 tu
1112 3236 1410 3305 periculum
1438 3237 1642 3293 ordinis
1669 3238 1745 3291 tui
1764 3276 1778 3301 ,
1809 3239 1951 3307 quod
1982 3239 2150 3307 absit,
2184 3264 2230 3327 ρ

563 3328 830 3383 incurras.
860 3326 1182 3382 Monasteria
1210 3336 1411 3394 autem,
1436 3329 1482 3383 si
1504 3344 1609 3399 qua
1634 3338 1759 3384 suut
1787 3330 1837 3383 in
1868 3330 2033 3399 ipsius
2060 3347 2146 3401 pa-

563 3421 751 3475 rochia
804 3421 1128 3489 constituta,
1184 3421 1283 3476 sub
1334 3429 1425 3475 tua
1474 3437 1604 3477 cura
1656 3422 2150 3493 dispositioneque,

563 3530 846 3584 quousque
883 3514 992 3567 illic
1034 3514 1284 3584 proprius
1327 3514 1486 3569 luerit
1529 3515 1812 3585 episcopus
1840 3516 2150 3583 ordinatus,

564 3617 687 3658 esse
706 3603 1050 3657 concedimus
1079 3621 1090 3655 :
1124 3610 1182 3657 ut
1206 3603 1579 3658 sollicitudinis
1604 3612 1705 3658 tua:
1734 3605 2004 3673 vigilantia
2029 3622 2155 3676 pro-

564 3694 743 3763 posito
790 3708 888 3749 suo
934 3695 1043 3765 96
1088 3709 1358 3763 congrua,
1406 3694 1515 3750 Deo
1560 3694 1881 3763 adjuvante,
1938 3696 2155 3752 actione

562 3786 911 3857 respondeat.
944 3778 969 3840 i
994 3786 1218 3858 (Regist.
1250 3788 1286 3841 ι.
1314 3803 1369 3852 ιι,
1397 3805 1478 3857 ep.
1509 3787 1627 3856 58.)

636 3877 770 3933 Item
811 3878 986 3943 clero,
1029 3878 1205 3933 ordini
1252 3886 1307 3931 et
1345 3878 1487 3947 plebi
1533 3896 1548 3931 :
1605 3896 1623 3929 ι
1678 3877 1854 3932 Vestri
1903 3880 2156 3934 antistitis

560 3970 768 4027 obitum
798 3980 1221 4039 cognoscentes,
1261 3984 1401 4023 cura:
1432 3970 1587 4023 nobis
1629 3969 1727 4023 fuit
1756 3969 2023 4025 destituta:
2070 3986 2156 4027 ec-

561 4063 739 4118 clesia:
769 4063 1130 4118 visitationem
1156 4061 1305 4115 fratri
1328 4071 1383 4115 et
1410 4062 1733 4131 coepiscopo
1756 4070 1940 4117 nostro
1962 4061 2154 4117 Joanni

562 4155 878 4211 solemuiter
916 4146 1168 4221 delegare
1221 4170 1233 4206 :
1279 4153 1365 4207 cui
1404 4153 1650 4208 dedimus
1696 4153 1751 4206 in
1794 4154 2061 4208 mandatis
2099 4164 2157 4207 ut

562 4245 694 4300 nihil
728 4245 795 4299 de
822 4243 1260 4315 provectiouibus
1287 4243 1637 4307 clericorurn,
1685 4243 1887 4308 reditu,
1923 4252 2117 4299 ornatu
2138 4287 2153 4310 ,

562 4337 980 4405 ministeriisque
1021 4352 1051 4389 a
1090 4351 1360 4404 quoquam
1402 4336 1646 4405 usurpari
1688 4337 1952 4405 patiatur,
2003 4339 2154 4404 cujus

561 4441 660 4483 vos
686 4426 912 4481 assiduis
941 4426 1407 4481 adhortationibus
1436 4428 1690 4481 convenit
1719 4427 1969 4491 obedire;
2021 4445 2154 4497 qua-

563 4530 719 4575 tenus
749 4520 799 4573 iu
827 4519 1197 4575 ecclesiastico
1234 4519 1494 4588 obsequio
1524 4519 1779 4574 sacerdos
1808 4521 2151 4590 exquiratur,

2263 1962 2372 2001 non
2393 1961 2503 2000 suae
2526 1945 2759 2001 civitatis
2781 1946 3065 2015 parochias
3088 1945 3397 2014 fatigantur,
3418 1946 3636 2016 aliquod
3658 1944 3860 2001 laboris

2262 2037 2346 2091 sui
2376 2036 2621 2103 capiant,
2655 2043 2709 2091 te
2737 2036 3087 2107 disponente,
3119 2036 3434 2092 subsidium.
3467 2036 3675 2092 Iustum
3705 2053 3860 2093 nam-

2261 2142 2368 2197 que
2406 2135 2488 2182 est
2528 2134 2587 2180 ut
2631 2127 2738 2181 illic
2781 2135 3181 2197 consequantur
3218 2128 3543 2198 stipendium
3567 2170 3583 2196 ,
3628 2128 3721 2197 qui
3758 2143 3860 2198 pro

2262 2229 2507 2289 tempore
2536 2234 2693 2274 suum
2721 2219 3069 2275 commodare
3092 2219 3431 2288 reperiuntur
3456 2218 3797 2288 obsequium.
3830 2237 3853 2271 ι

2263 2311 2485 2383 (Regist.
2519 2310 2610 2364 lib.
2644 2326 2714 2375 tv,
2745 2327 2826 2381 ep.
2855 2310 2934 2381 1.)

2330 2400 2422 2453 24.
2462 2399 2894 2454 Consuetudines
2931 2398 3209 2454 dationum
3246 2399 3334 2455 vel
3373 2399 3655 2453 xeniorum
3683 2413 3714 2452 a
3744 2398 3859 2454 suis

2261 2492 2529 2563 episcopis
2554 2493 2798 2563 accipere
2825 2491 3145 2561 Gregorius,
3176 2493 3332 2562 quasi
3354 2493 3564 2564 pondus
3584 2492 3860 2562 quoddam

2258 2585 2575 2657 pestiferum
2615 2592 2731 2639 toto
2760 2585 2957 2639 mentis
2987 2584 3272 2640 conamine
3312 2584 3670 2640 detrectabat.
3704 2583 3859 2640 Unde

2261 2675 2456 2744 Felici,
2507 2676 2762 2747 episcopo
2791 2676 3121 2733 Messanensi
3155 2695 3168 2731 :
3208 2696 3227 2729 ι
3261 2676 3725 2742 Consuetudines,
3774 2678 3858 2732 in-

2260 2767 2408 2836 quit,
2447 2782 2566 2835 quae
2613 2768 2857 2823 ecclesiis
2900 2778 3195 2825 noscuntur
3232 2784 3520 2839 gravamen
3568 2769 3855 2836 inducere,

2260 2867 2448 2913 nostra
2485 2874 2585 2915 nos
2609 2859 2765 2915 decet
2799 2860 3232 2916 consideratione
3273 2861 3575 2926 remittere,
3617 2874 3688 2915 ne
3725 2859 3858 2914 illud

2261 2950 2440 3021 aliqua
2471 2962 2730 3020 cogantur
2759 2952 2957 3008 inferre
2975 2996 2989 3019 ,
3039 2953 3180 3008 unde
3208 2954 3309 3010 sibi
3350 2952 3627 3009 inferenda
3656 2954 3857 3008 debeat

2262 3044 2442 3114 potius
2465 3054 2805 3113 ex5pectare.
2838 3044 3063 3101 Clericis
3090 3046 3308 3115 quidem
3338 3048 3473 3116 tuis,
3510 3048 3595 3103 vel
3624 3047 3857 3103 aliorum

2260 3136 2712 3191 consuetudinem
2740 3146 2791 3192 te
2818 3147 3035 3207 oportet
3066 3139 3324 3194 illibatam
3352 3156 3573 3196 servare
3592 3182 3607 3209 ,
3633 3142 3857 3212 eisque,

2261 3230 2415 3285 annis
2444 3229 2689 3298 singulis,
2715 3245 2832 3299 qua:
2852 3240 2976 3286 sunt
2997 3240 3257 3286 consueta
3280 3232 3671 3287 transmittere:
3696 3233 3858 3289 nobis

2262 3337 2389 3377 vero
2414 3322 2481 3378 de
2512 3332 2741 3390 caetero,
2786 3339 2853 3379 ne
2882 3325 3008 3395 quid
3046 3325 3335 3379 transmitti
3363 3325 3590 3393 debeat,
3639 3327 3856 3383 inhibe-

2257 3430 2397 3469 mus.
2449 3413 2517 3468 Et
2550 3415 2805 3483 quoniam
2855 3430 2962 3468 non
3009 3414 3344 3470 delectamur
3387 3416 3594 3484 xeniis,
3642 3416 3855 3486 palma-

2258 3505 2433 3559 tiauas
2476 3521 2612 3575 quas
2660 3515 2751 3561 tua
2799 3506 2995 3562 direxit
3040 3506 3349 3564 fraternitas
3392 3524 3514 3565 cum
3558 3509 3854 3577 gratiarum

2258 3597 2471 3649 actione
2502 3597 2868 3667 suscepimus;
2902 3597 2997 3653 sed
3021 3614 3136 3666 eas,
3161 3613 3230 3654 ne
3253 3602 3398 3670 quod
3426 3600 3621 3656 exinde
3650 3602 3856 3656 sentire

2258 3688 2528 3757 potuisses
2563 3687 2900 3757 dispendium
2921 3730 2937 3758 ,
2967 3689 3130 3759 digno
3169 3691 3397 3747 fecimus
3426 3693 3602 3762 pretio
3640 3707 3853 3747 venun-

2258 3782 2394 3849 dari,
2426 3792 2481 3839 et
2502 3784 2554 3837 id
2582 3792 2686 3838 ture
2714 3784 3039 3839 fraternitati
3059 3786 3453 3842 transmisimus
3482 3788 3507 3825 δ
3537 3787 3849 3855 sigillatum.

2258 3874 2366 3930 Sed
2390 3877 2516 3945 quia
2539 3877 2857 3932 charitatem
2878 3885 3024 3932 tuam
3048 3878 3115 3932 ad
3146 3895 3245 3934 nos
3269 3881 3410 3935 velle
3438 3880 3622 3936 venire
3650 3894 3853 3950 cogno-

2260 3968 2469 4031 vimus,
2503 3969 2718 4037 scriptis
2756 3970 3109 4038 prazsentibus
3149 3970 3529 4041 admonemus,
3558 3976 3666 4046 97
3699 3983 3758 4030 ut
3784 3977 3851 4033 ad

2260 4058 2584 4112 veniendum
2621 4074 2730 4113 non
2768 4058 2968 4114 debeas
3008 4060 3251 4115 laborem
3281 4077 3587 4131 assumere;
3629 4065 3723 4120 sed
3754 4082 3850 4121 ora

2258 4163 2358 4218 pro
2380 4150 2552 4213 nobis,
2578 4156 2636 4203 ut
2658 4158 2861 4219 quanto
2880 4165 2980 4204 nos
2998 4151 3205 4206 itineris
3226 4152 3508 4208 intervalla
3530 4155 3851 4221 dissociant,

2260 4251 2412 4296 tanto
2443 4242 2636 4296 animis
2666 4243 2865 4296 nostris
2894 4243 2959 4295 ad
2990 4244 3217 4299 invicem
3239 4288 3253 4313 ,
3296 4246 3512 4303 Christo
3539 4248 3852 4317 adjuvante,

2260 4331 2427 4385 simus
2462 4331 2515 4384 in
2553 4331 2818 4386 charitate
2847 4332 3157 4400 conjuncti;
3198 4343 3466 4402 quatenus
3493 4337 3703 4392 alterna
3751 4355 3851 4393 nos

2259 4422 2632 4479 obsecratione
2664 4423 2947 4492 juvautes,
2991 4434 3301 4495 susceptum
3338 4428 3577 4483 ollicium
3620 4438 3851 4487 venturo

2256 4511 2523 4578 integrum
2594 4510 2766 4567 Judici
2821 4513 3178 4582 resignemus.
3244 4535 3263 4567 ι
3333 4516 3575 4589 (Regist.
3637 4520 3727 4574 lib.
3789 4539 3848 4589 I,

561 4613 651 4680 qui
679 4628 708 4665 a
737 4611 1054 4666 venerandis
1093 4610 1392 4666 canonibus
1431 4612 1577 4665 nulla
1615 4612 1884 4681 discrepet
1920 4614 2149 4668 ratione.
2186 4639 2232 4697 υ
2256 4621 2338 4675 ep.
2370 4605 2460 4673 66,
2491 4606 2603 4697 illd.
2637 4604 2714 4676 9.)

563 4702 662 4770 Qui
704 4704 829 4757 dum
873 4702 1032 4758 fuerit
1073 4703 1374 4775 postulatus
1416 4720 1537 4759 cum
1566 4705 1911 4760 solemnitate
1952 4707 2152 4761 decreti

562 4796 802 4851 omnium
832 4795 1317 4866 subscriptionibus
1346 4797 1618 4862 roborati,
1649 4805 1705 4850 et
1736 4798 2029 4853 visitatoris
2060 4813 2154 4868 pa-

562 4888 687 4956 gina
714 4897 1102 4955 prosequentc,
1142 4886 1211 4941 ad
1249 4901 1349 4941 nos
1385 4886 1567 4941 veniat
1595 4886 1928 4941 ordinandus
1966 4906 1979 4940 :
2022 4903 2153 4957 pro-

562 4976 727 5032 visuri
750 4992 874 5032 ante
896 4978 1076 5031 omnia
1104 4992 1171 5031 ne
1195 4976 1483 5047 cujuslibet
1500 4987 1624 5033 Vitae
1651 4979 1734 5033 vel
1763 4980 1940 5033 meriti
1962 4979 2155 5034 laicam

562 5084 847 5141 personam
877 5071 1212 5139 prtesumatis
1235 5070 1433 5139 eligere
1461 5088 1472 5123 :
1506 5086 1630 5125 nam
1661 5087 1768 5125 non
1790 5071 1965 5125 solum
1991 5072 2154 5125 talem

561 5158 629 5214 ad
658 5159 1002 5230 episcopatus
1039 5159 1251 5229 apicem
1298 5161 1441 5215 nulla
1482 5161 1692 5216 ratione
1730 5162 2153 5230 proveheudum,

560 5251 916 5307 verumetiam
945 5264 1043 5305 vos
1078 5250 1238 5306 nullis
1270 5250 1748 5307 intercessionibus
1776 5252 1985 5307 veniam
2024 5268 2153 5323 pro-

559 5343 759 5399 mereri
782 5358 941 5414 posse
968 5344 1304 5415 cognoscite;
1334 5344 1428 5399 sed
1458 5359 1646 5399 omnes
1666 5359 1801 5414 quos
1822 5360 1889 5399 ex
1911 5344 2063 5400 vobis
2088 5344 2157 5399 de

559 5436 695 5491 laica
738 5450 969 5508 persona
997 5436 1267 5507 aspirasse
1311 5436 1641 5500 constiterit,
1695 5436 1762 5488 ab
1805 5435 1983 5491 ollicio
2025 5443 2079 5490 et
2123 5450 2154 5489 a

558 5529 941 5584 communione
994 5528 1200 5584 alienos
1249 5527 1523 5583 faciendos
1570 5525 1928 5597 proculdubio
1982 5541 2150 5582 nove-

558 5619 696 5674 ritis.
733 5640 751 5672 ι
789 5618 1011 5691 (Regist.
1043 5618 1136 5673 lib.
1162 5634 1218 5685 ιι,
1251 5634 1333 5688 ep.
1357 5614 1471 5684 29.)
2068 5630 2073 5631 ν

628 5710 722 5765 2'5.
762 5710 916 5766 Nulla
954 5709 1243 5766 occasione
1284 5707 1576 5775 Gregorius
1605 5706 1897 5777 quidquam
1943 5707 2013 5762 de
2057 5707 2155 5764 do-

633 5851 663 5881 α
689 5841 751 5898 ιιι
780 5841 921 5898 Utic.
954 5850 1009 5895 et
1036 5842 1105 5895 al.
1138 5842 1259 5903 Ms.,
1293 5842 1578 5897 hieraticis.

631 5908 663 5953 δ
690 5912 772 5971 Ita
796 5927 924 5970 mss.
956 5911 1091 5968 Vita:
1128 5911 1183 5966 S.
1226 5911 1469 5981 Gregorii
1489 5922 1543 5970 et
1581 5929 1687 5971 non
1720 5915 1872 5985 pauci
1902 5915 2153 5984 cpistola-

80 6114 613 6436 Δ

2337 4696 2467 4751 Item
2506 4696 2738 4765 Joanni,
2781 4699 3038 4771 episcopo
3068 4703 3255 4773 prima:
3282 4702 3629 4770 Justinianm,
3673 4707 3759 4761 cui
3797 4716 3849 4761 et

2264 4788 2483 4857 pallium
2513 4790 2713 4853 mittit,
2754 4799 2810 4845 et
2838 4791 2983 4848 vices
3012 4809 3135 4849 suas
3164 4797 3480 4863 committit,
3522 4806 3644 4866 post
3683 4798 3849 4854 multa

2264 4880 2450 4934 scribit
2494 4898 2506 4933 :
2554 4898 2571 4931 ι
2607 4879 2775 4935 Xenia
2802 4891 2983 4938 autem
3012 4894 3204 4941 vestrae
3241 4889 3542 4943 sanctitatis
3574 4891 3851 4959 suscipere

2264 4972 2484 5027 omnino
2508 4972 2803 5040 nolueram,
2832 4976 2957 5044 quia
2984 4977 3140 5032 valde
3166 4988 3310 5034 esset
3330 4981 3703 5050 incongruum,
3735 4990 3793 5035 ut
3818 4996 3851 5037 a
3915 5047 3920 5051 .

2265 5062 2514 5133 prtedatis
2544 5072 2705 5133 atque
2744 5065 2954 5122 aﬂlietis
2994 5068 3245 5125 fratribus
3280 5087 3503 5126 munera
3548 5072 3853 5142 percepisse

2262 5153 2569 5209 videremur
2586 5157 2721 5221 ;‘sed
2740 5160 3084 5229 responsales
3103 5163 3267 5216 vestri
3289 5162 3396 5217 alio
3422 5179 3508 5219 me
3530 5174 3852 5233 argumento

2263 5243 2539 5313 vicerunt,
2574 5246 2640 5301 ad
2664 5262 2787 5302 cum
2816 5249 2904 5303 illa
2933 5249 3265 5320 deferentes,
3299 5269 3329 5308 a
3359 5269 3467 5323 quo
3495 5271 3602 5310 non
3627 5267 3855 5325 possent

2262 5346 2454 5393 vestrae
2505 5340 2855 5399 fraternitatis
2902 5343 3204 5402 oblationes
3248 5348 3457 5417 repelli.
3496 5368 3516 5401 ι
3575 5348 3726 5419 (Lib.
3782 5368 3853 5421 ιι,

2261 5446 2339 5499 ep.
2376 5428 2503 5503 εδ.)

2333 5521 2420 5577 25.
2445 5523 2585 5581 llinc
2604 5534 2685 5581 est
2706 5528 2849 5595 quod
2871 5527 3161 5601 Gregorius
3182 5526 3558 5603 episcoporum
3581 5534 3853 5589 neminem

2264 5614 2332 5669 ad
2359 5616 2547 5672 urbem
2576 5617 2800 5687 fatigare
2827 5620 3124 5689 delectans,
3156 5623 3481 5681 Maximiano
3511 5626 3853 5697 Syracusano

2262 5706 2552 5777 episcopo,
2601 5708 2746 5763 vices
2788 5724 2912 5765 suas
2949 5728 3047 5781 per
3082 5713 3318 5769 Siciliam
3354 5725 3522 5771 totam
3550 5718 3851 5785 commisit;

2262 5861 2401 5912 rum,
2436 5846 2526 5901 ubi
2552 5861 2621 5900 ex
2647 5846 2765 5902 aliis
2790 5846 2950 5903 editis
2976 5848 3292 5909 rctinuimus
3321 5854 3609 5923 sigillatim.
