4118 6452
305 496 413 555 N5

893 488 949 544 S.
992 484 1319 542 GREGORII
1362 478 1563 537 PAP/E
1607 481 1792 539 VITA.
1833 476 2039 534 AUCT.
2081 473 2347 530 JOANNE
2389 474 2703 529 DIACONO.
2745 474 2874 532 LIB.
2914 475 3001 531 Ill.

3475 478 3580 532 H6

294 606 617 685 pmcipiens
646 612 706 658 ιιι
737 617 928 657 omnes
956 601 1199 671 episcopi
1228 598 1392 654 semel
1434 598 1485 651 in
1515 593 1884 664 quinquennio
1914 595 1964 655 Α
1989 590 2189 645 ballum
2214 590 2398 653 vobis,
2451 591 2665 659 qualem
2697 591 2939 647 invenire
2964 589 3237 661 potuimus
3257 630 3275 659 ,
3316 588 3385 645 de
3414 589 3580 646 bene-

294 684 528 765 Bomam
555 700 819 756 venirent.
854 697 1089 768 (Regist.
1122 696 1210 750 lib.
1242 712 1311 759 ιι,
1345 710 1426 763 ep.
1463 691 1554 761 7.)
1597 688 1750 744 Unde
1778 684 1883 758 Cy-

292 795 485 874 priane
523 799 750 853 diacono
789 791 1033 848 scribens
1077 808 1090 842 :
1140 808 1157 839 ‹
1190 787 1377 849 Novit,
1407 785 1514 850 ait,
1546 782 1761 838 dilectio
1794 788 1881 833 tua

293 896 437 951 hanc
463 894 591 949 olim
621 885 1064 944 consuetudinem
1096 880 1366 946 tenuisse,
1395 885 1454 930 ut
1481 874 1675 929 fratres
1705 880 1759 926 et
1783 887 1881 926 co-

292 984 538 1059 episcopi
564 981 736 1038 nostri
778 979 1004 1033 Romam
1046 972 1213 1030 semel
1250 972 1301 1025 in
1332 967 1565 1024 triennio
1601 966 1667 1021 de
1698 963 1881 1019 Sicilia

292 1077 677 1142 convenirent;
708 1071 806 1129 sed
825 1087 927 1126 nos
948 1083 1135 1124 eorum
1158 1065 1327 1121 labori
1351 1063 1714 1127 consulentes,
1741 1061 1882 1116 scias

291 1144 639 1229 constituisse
678 1174 738 1221 ut
765 1179 918 1220 suam
947 1163 1036 1217 hic
1069 1160 1237 1216 semel
1267 1160 1318 1213 in
1348 1156 1713 1228 quinquennio
1745 1168 1881 1224 prae-

290 1262 520 1318 sentiam
559 1257 906 1321 exhiberem,
940 1273 959 1307 ›
1007 1260 1062 1309 et
1104 1261 1323 1308 caetera.
1368 1248 1599 1320 (chist.
1654 1245 1745 1301 lib.
1778 1260 1877 1309 vn,

289 1372 375 1425 ep.
423 1350 550 1424 2‘2.)
602 1348 705 1405 Ubi
752 1347 1048 1402 notandum
1093 1344 1218 1414 quia
1268 1344 1313 1398 si
1355 1342 1546 1396 beatus
1589 1337 1881 1405 Gregorius

289 1447 482 1512 xenia,
512 1442 659 1514 quod
686 1440 835 1497 credi
867 1439 1016 1496 nefas
1038 1447 1152 1503 est,
1185 1437 1490 1501 anhelaret,
1524 1450 1631 1488 non
1662 1433 1876 1511 episco-

289 1540 483 1613 pbrum
515 1539 777 1593 adventus
804 1552 833 1590 a
867 1534 1101 1590 triennio
1141 1534 1193 1587 in
1233 1530 1660 1601 quinquennium
1690 1536 1877 1598 prote-

289 1635 460 1701 laret,
510 1633 674 1687 immo
723 1645 752 1683 a
804 1628 1036 1684 triennio
1091 1628 1146 1682 in
1193 1626 1469 1681 biennium
1521 1621 1875 1694 proculdubio

289 1726 587 1784 festinaret.

362 1817 450 1872 26.
492 1816 598 1873 Sed
627 1815 840 1886 quando
869 1814 1026 1869 xenia
1049 1820 1201 1882 grate
1222 1812 1535 1883 susciperet,
1568 1810 1659 1879 qui
1688 1824 1877 1880 quam-

287 1910 370 1966 vis
392 1910 776 1978 dispensandas
804 1908 1027 1962 alterius
1051 1906 1420 1977 eleemosynas
1444 1920 1697 1960 recusare
1720 1904 1877 1959 time-

1987 680 2224 737 dictione
2258 681 2431 737 sancti
2468 681 2615 737 Petri
2640 683 3067 747 transmisimus,
3097 689 3156 735 ut
3183 680 3429 736 habeatis
3456 696 3582 736 cum

1986 788 2095 842 quo
2117 780 2240 842 post
2260 771 2625 827 infirmitatem
2647 772 2847 827 vectari
2872 772 3109 843 possitis.
3132 791 3151 825 ι
3175 770 3398 843 (Regist.
3415 772 3577 841 lib.x,

1984 882 2066 937 ep.
2103 863 2198 933 45,
2229 867 2413 919 indici.
2443 865 2522 934 3.)

2054 956 2145 1010 28.
2187 955 2302 1010 Tali
2352 966 2581 1027 patrono
2630 963 2757 1011 tune
2802 956 2945 1012 illius
2990 955 3252 1026 temporis
3296 955 3581 1026 pontifices

1984 1047 2254 1117 ampliati,
2305 1054 2414 1101 tam
2458 1060 2627 1101 novas
2666 1045 2926 1101 ecclesias
2974 1062 3005 1099 a
3045 1046 3406 1102 fundamentis
3449 1062 3582 1100 con-

1983 1147 2255 1195 struentes
2274 1153 2491 1203 ornare,
2511 1152 2670 1206 quam
2687 1145 2900 1192 veteres
2916 1152 3133 1207 quoque
3152 1136 3582 1206 splendidissime

1982 1246 2248 1286 renovare
2296 1237 2596 1300 coeperunt.
2648 1227 2783 1282 Nam
2834 1226 3130 1297 Gregorius
3182 1226 3312 1280 nihil
3361 1227 3417 1280 in
3468 1227 3582 1283 suis

1984 1323 2253 1392 episcopis
2302 1321 2492 1390 magis,
2539 1335 2699 1389 quam
2745 1318 3108 1382 sanctitatem,
3159 1317 3476 1386 sapientiam
3526 1326 3582 1371 et

1982 1413 2363 1469 liberalitatem
2392 1411 2759 1467 curiosissime
2779 1408 3120 1479 quaeritabat.
3154 1405 3308 1473 Quod
3332 1415 3389 1460 ut
3411 1407 3580 1474 signi-

1982 1507 2229 1560 ficantius
2268 1505 2568 1571 eluccscat,
2616 1502 2878 1571 quasdam
2911 1501 3260 1571 epistolarum
3284 1499 3402 1568 ejus
3423 1496 3579 1551 adhi-

1980 1598 2147 1664 bebo,
2195 1613 2422 1667 quarum
2462 1595 2770 1651 testimonio
2810 1595 2983 1649 lector
3025 1608 3177 1648 meus
3219 1588 3577 1660 quorumdam

1982 1690 2359 1760 episcoporum
2382 1688 2510 1743 vitia
2539 1687 2865 1757 reprehensa
2890 1690 3205 1752 cognoscat.
3234 1682 3321 1737 Ait
3352 1682 3494 1737 enim
3523 1682 3580 1736 in

1981 1781 2210 1853 epistola
2234 1780 2505 1844 Secundo,
2530 1794 2690 1834 servo
2714 1777 2831 1845 Dei,
2858 1778 3001 1831 inter
3030 1784 3243 1841 caetera,
3275 1775 3355 1830 sic
3382 1792 3396 1827 :

2051 1883 2141 1937 ‘29.
2193 1901 2213 1934 ι
2252 1882 2492 1935 Fratrem
2522 1889 2762 1935 nostrum
2795 1877 3183 1943 Marinianum,
3225 1876 3576 1945 episcopum,

287 2008 394 2068 ret,
426 2014 519 2055 eas
549 2006 729 2054 tamen
760 2006 817 2053 et
846 1997 1080 2053 timendo
1106 1998 1451 2068 suscipiebat,
1483 2006 1539 2052 et
1565 1998 1872 2053 cautissime
1904 1987 1952 2047 B
1976 1974 2156 2068 Verbis
2198 1974 2391 2068 (iunius
2439 1973 2587 2027 vales
2634 1972 2809 2026 θχθίίδ
2832 2013 2845 2039 ν
2867 1970 3020 2068 Δξιυίίί
3067 1984 3190 2068 θξ¹¹¹¹
3241 1968 3580 2068 οΡδοτηξξδεθ

287 2091 635 2161 dispensabat
667 2108 680 2143 :
722 2090 922 2160 quique
956 2090 1093 2145 adeo
1129 2106 1225 2145 sua
1264 2089 1426 2153 dare,
1477 2098 1532 2144 et
1561 2090 1734 2145 aliena
1766 2105 1875 2145 non

288 2186 537 2255 accipere
565 2192 954 2248 consueverat,
999 2191 1059 2237 ut
1094 2183 1259 2239 etiam
1300 2197 1478 2237 rerum
1522 2183 1875 2252 quarumdam

288 2276 462 2345 pretia
510 2274 723 2345 penitus
765 2272 1044 2329 refutaret.
1098 2273 1247 2329 Unde
1287 2261 1512 2343 Euiogio
1556 2274 1876 2343 patriarchae

288 2366 653 2423 Alexandrino
679 2366 819 2421 inter
845 2374 1039 2421 caetera
1069 2365 1275 2428 scribit,
1307 2366 1533 2423 dicens:
1568 2384 1585 2416 ε
1616 2366 1691 2420 De
1718 2366 1876 2434 lignis

287 2460 435 2530 quod
476 2459 710 2515 scribitis
738 2460 862 2528 quia
903 2459 1086 2513 brevia
1131 2458 1360 2522 fuerint,
1404 2458 1558 2513 navis
1585 2472 1684 2527 per
1711 2473 1875 2528 quam

290 2552 603 2607 transmissa
634 2560 761 2607 sunt.
802 2551 1031 2621 qualitas
1075 2550 1203 2605 fecit
1235 2569 1246 2603 :
1279 2550 1407 2619 quia
1442 2550 1487 2604 si
1522 2549 1695 2619 major
1722 2552 1875 2607 navis

286 2645 540 2713 venisset,
574 2645 870 2715 potuissem
900 2646 1044 2715 ligna
1065 2645 1227 2700 etiam
1256 2642 1461 2713 majora
1486 2644 1870 2700 transmittere.

286 2738 442 2806 Quod
466 2747 648 2793 autem
688 2738 899 2808 dicitis,
944 2739 1070 2807 quia
1099 2739 1144 2793 si
1173 2737 1380 2806 majora
1406 2738 1835 2792 transmittamus
1857 2780 1872 2804 ,

285 2834 519 2903 pretium
547 2832 687 2887 datis
718 2851 733 2886 :
776 2833 1010 2903 largitati
1039 2832 1253 2901 quidem
1284 2835 1482 2901 gratias
1510 2831 1748 2901 agimus,
1780 2831 1877 2887 sed

287 2926 536 2995 accipere
563 2926 796 2995 pretium
820 2964 836 2992 ,
874 2923 1166 2994 Evangelio
1196 2924 1579 2991 interdicente,
1623 2924 1878 2995 prohibe-

285 3034 427 3073 mur.
451 3018 561 3075 Nos
588 3020 733 3074 enim
756 3034 820 3075 ea
846 3035 963 3090 quae
987 3019 1401 3079 transmittimus
1423 3018 1586 3087 ligna,
1619 3033 1728 3073 non
1751 3018 1877 3072 emi-

285 3129 442 3169 mus:
473 3122 529 3169 et
555 3114 828 3183 quomodo
851 3129 1135 3184 possumus
1164 3113 1397 3183 pretium
1439 3113 1718 3182 accipere,
1750 3128 1875 3168 cum

285 3206 548 3276 scriptum
564 3206 633 3260 sit
659 3224 671 3259 :
701 3203 876 3260 Gram
895 3207 1183 3275 accepistis,
1209 3206 1372 3275 gratis
1394 3203 1553 3258 date?
1573 3204 1725 3259 Nunc
1746 3218 1874 3273 ergo

284 3297 438 3370 juxta
466 3299 687 3354 modum
712 3300 864 3354 navis
893 3314 989 3370 per
1016 3299 1329 3354 nauclerum
1350 3314 1513 3369 parva
1531 3298 1672 3368 ligna
1694 3306 1872 3352 trans-

285 3391 528 3448 misimus
558 3410 571 3446 :
604 3391 852 3461 sequenti
886 3406 1015 3446 vero
1044 3407 1219 3458 anno,
1269 3391 1315 3445 si
1354 3390 1713 3461 omnipotenti
1760 3390 1872 3446 Deo

285 3482 576 3555 placuerit,
609 3482 814 3552 majora
847 3498 1237 3553 prteparamus.
1268 3501 1286 3534 ι
1333 3481 1570 3554 (Regist.
1618 3480 1705 3536 lib.
1750 3498 1872 3549 Vill,

284 3574 538 3647 mea.)

357 3674 445 3730 27.
484 3674 606 3731 Non
644 3676 839 3731 mirum
877 3677 921 3731 si
960 3677 1367 3734 liberalissimus
1418 3674 1665 3746 pontifex
1703 3675 1877 3731 nullas

285 3769 705 3825 consuetudines
733 3786 765 3824 a
790 3771 901 3825 suis
929 3769 1278 3841 suﬂ'raganeis
1298 3811 1312 3835 ,
1340 3769 1486 3823 nulla
1517 3768 1676 3822 xenia
1698 3766 1878 3837 capie-

285 3861 399 3930 bat,
429 3862 625 3931 quibus
654 3862 788 3931 ipse,
822 3863 867 3916 si
896 3878 1001 3932 qua
1031 3862 1342 3917 necessaria
1374 3860 1713 3925 videbantur,
1746 3859 1878 3913 satis

285 3952 533 4008 hilariter
560 3952 917 4005 ministrabat.
951 3951 1105 4007 Unde
1131 3950 1399 4005 Venantio
1428 3950 1683 4019 episcopo
1710 3948 1878 4004 Pern-

285 4047 406 4102 sino
448 4045 667 4112 scribit,
698 4045 881 4100 dicens
914 4062 926 4097 :
968 4063 986 4095 ε
1020 4043 1265 4098 Fratrem
1292 4051 1347 4099 et
1374 4043 1755 4113 coepiscopum
1780 4058 1879 4097 no-

286 4146 457 4193 strum
498 4135 796 4191 Ecclesium
838 4134 1036 4206 frigore
1077 4135 1299 4191 omnino
1337 4134 1586 4189 laborare
1622 4133 1879 4202 cognovi-

287 4245 435 4296 mus,
467 4244 566 4299 pro
593 4242 659 4282 eo
688 4226 834 4296 quod
863 4226 1163 4297 hyemalem
1195 4234 1399 4282 vestem
1425 4242 1534 4281 non
1563 4225 1781 4281 habeat.
1814 4223 1881 4280 Et

288 4324 413 4393 quia
452 4321 656 4390 aliquid
701 4321 803 4376 sibi
845 4336 875 4374 a
922 4320 1077 4377 nobis
1115 4321 1272 4391 petiit
1306 4321 1507 4379 debere
1542 4321 1876 4390 transmitti,

288 4413 609 4469 fraternitati
633 4422 734 4467 tute
754 4410 821 4466 ad
846 4414 950 4467 hoc
970 4428 1068 4483 per
1089 4413 1315 4467 latorem
1336 4413 1680 4483 prrcsentium
1696 4421 1877 4467 trans-

288 4504 535 4559 misimus
563 4502 991 4573 amphimallum,
1026 4503 1267 4557 tunicam
1306 4513 1360 4558 et
1397 4503 1690 4573 pectorale,
1723 4510 1781 4557 ut
1809 4501 1879 4558 ad

290 4604 346 4651 te
368 4597 418 4651 ei
440 4596 676 4650 debeant
704 4595 821 4649 sine
843 4610 993 4650 mora
1022 4595 1332 4649 transmitti.
1365 4593 1433 4647 Et
1456 4596 1575 4650 ideo
1599 4594 1666 4648 ad
1688 4592 1879 4664 pracdi-

291 4696 437 4742 ctum
464 4682 684 4740 fratrem
706 4694 949 4740 nostrum
975 4686 1073 4741 sub
1097 4686 1241 4741 omni
1268 4684 1400 4740 illud
1422 4686 1700 4741 celeritate
1723 4686 1879 4740 stude

293 4778 685 4842 transmittere;
718 4786 880 4846 atque
908 4778 1064 4833 nobis
1094 4778 1197 4833 hoc
1226 4778 1429 4848 ipsum,
1472 4779 1597 4848 quia
1631 4779 1880 4837 transmi-
1906 4768 1958 4829 D

291 4871 458 4939 seris,
487 4872 599 4943 98
622 4872 725 4926 tuis
753 4871 1065 4926 renuntiare
1093 4871 1335 4941 epistolis
1366 4887 1472 4927 non
1500 4873 1750 4940 omittas,
1782 4872 1879 4928 sed
1946 4906 1949 4907 ν

294 4966 368 5019 ita
402 4963 501 5027 fac,
534 4971 593 5017 ut
621 4963 687 5017 ad
720 4962 1212 5028 transmittendum,
1243 4962 1370 5030 quia
1398 4963 1689 5017 vehemens
1716 4961 1882 5026 frigus

293 5063 396 5120 est,
428 5070 637 5109 moram
666 5054 897 5123 aliquam
923 5052 1146 5107 minime
1175 5052 1361 5107 facias.
1402 5072 1418 5105 ι
1462 5054 1683 5125 (ltegist.
1710 5053 1800 5108 lib.
1826 5070 1879 5121 x,

292 5167 376 5220 ep.
410 5146 498 5213 55,
528 5148 709 5202 indict.
738 5147 816 5218 5.)

365 5248 499 5304 Item
530 5250 707 5305 eidem
745 5248 991 5304 Ecclesio
1028 5248 1249 5303 Clusino
1273 5248 1527 5319 episcopo
1561 5268 1573 5304 :
1611 5268 1630 5303 ι
1668 5250 1879 5321 Scripta

295 5340 651 5395 fraternitatis
693 5348 885 5395 vestrm
925 5340 1305 5410 suscipientes,
1350 5342 1653 5397 contristati
1699 5358 1881 5398 sumus

294 5432 443 5503 quod
480 5448 579 5487 vos
606 5447 704 5502 per
730 5448 794 5487 ea
824 5440 878 5487 et
905 5433 1138 5503 graviter
1167 5432 1467 5489 infirmatos
1503 5442 1559 5489 et
1588 5434 1762 5491 adhuc
1789 5437 1883 5493 de-

293 5525 433 5581 biles
463 5540 583 5580 esse
611 5526 980 5594 cognovimus.
1013 5525 1081 5581 Et
1112 5526 1240 5582 licet
1278 5528 1619 5583 sanctitatem
1649 5541 1883 5585 vestram

292 5618 511 5674 videndi
541 5620 865 5675 desiderium
904 5622 1254 5688 haberemus,
1300 5623 1439 5679 bene
1468 5633 1650 5680 tamen
1683 5625 1885 5684 fecistis

294 5711 404 5767 isto
441 5728 541 5769 vos
579 5714 688 5768 illic
715 5723 960 5785 tempore
995 5719 1273 5774 continere
1305 5736 1318 5774 :
1350 5736 1417 5775 ne
1447 5722 1727 5777 venientes
1756 5723 1878 5792 huc,

294 5803 365 5858 de
393 5806 720 5873 aegritudinis
741 5814 931 5862 vestrae
949 5809 1194 5865 molestia
1218 5811 1511 5868 recidivam
1540 5815 1695 5870 nobis
1717 5816 1882 5871 tristi-

296 5894 430 5950 tiam
466 5895 732 5953 faecretis.
768 5917 785 5951 ι
822 5896 886 5952 Et
912 5908 1033 5971 post
1058 5918 1231 5971 pauca
1264 5922 1275 5957 :
1318 5923 1334 5956 ι
1378 5904 1549 5961 Unum
1578 5920 1753 5967 autem
1784 5929 1878 5969 ca-

1980 2066 2244 2136 suspicor.
2296 2064 2430 2118 Nam
2472 2072 2741 2119 venerunt
2789 2062 3006 2131 quidam
3048 2062 3115 2115 ad
3154 2076 3239 2116 me
3279 2061 3332 2114 iu
3380 2060 3578 2129 quibus

1977 2167 2135 2215 erant
2164 2158 2381 2227 quidam
2418 2171 2575 2211 senes
2610 2155 3017 2222 mendicantes,
3047 2154 3140 2223 qui
3171 2169 3201 2206 a
3232 2167 3320 2207 me
3349 2150 3579 2208 discussi

1979 2258 2107 2308 sunt
2132 2266 2163 2304 a
2186 2249 2381 2318 quibus
2403 2256 2457 2304 et
2479 2248 2604 2318 quid
2636 2247 2969 2316 aeceperint,
2998 2256 3053 2300 et
3078 2260 3174 2315 per
3194 2244 3402 2312 singula
3431 2252 3578 2298 retu-

1977 2340 2156 2395 lerunt
2194 2347 2397 2409 quanta
2442 2338 2521 2393 eis
2567 2346 2622 2393 et
2665 2352 2697 2390 a
2738 2337 2934 2407 quibus
2972 2336 3025 2389 in
3065 2336 3259 2389 itinere
3293 2334 3417 2387 data
3446 2334 3574 2388 sint.

1978 2430 2161 2497 Quos,
2207 2429 2333 2483 dum
2382 2429 2616 2484 sollicite
2657 2428 2724 2482 de
2761 2427 3018 2498 prmdicto
3047 2427 3215 2481 fratre
3243 2427 3578 2496 requirerem

1978 2521 2104 2590 quid
2132 2519 2210 2575 eis
2233 2520 2505 2587 dedisset,
2534 2517 2931 2588 responderunt
2961 2532 3019 2571 se
3046 2532 3168 2572 eum
3195 2530 3449 2585 rogasse,
3482 2517 3577 2572 sed

1977 2614 2045 2669 ab
2074 2628 2140 2668 eo
2163 2628 2222 2667 se
2249 2613 2470 2668 omnino
2501 2611 2634 2665 nihil
2665 2610 2958 2679 accepisse,
2992 2611 3065 2664 ita
3094 2618 3154 2663 ut
3178 2624 3353 2679 neque
3380 2625 3576 2679 panem

1954 2705 2034 2759 ‘in
2063 2705 2150 2758 via
2181 2703 2519 2773 acceperint,
2570 2702 2713 2770 quod
2756 2702 2886 2755 dare
2928 2701 3177 2756 omnibus
3218 2701 3296 2755 illi
3334 2701 3577 2755 ecclesiae

1978 2810 2196 2865 semper
2241 2795 2504 2849 familiare
2550 2793 2667 2847 fuit.
2718 2792 2978 2847 Dixerunt
3026 2791 3169 2846 enim
3213 2809 3226 2844 :
3279 2790 3576 2862 Respondit

1979 2885 2137 2941 nobis
2160 2884 2345 2939 dicens
2371 2902 2382 2936 :
2414 2882 2529 2938 Non
2555 2882 2730 2936 habeo
2757 2881 2902 2951 quod
2926 2882 3077 2936 vobis
3099 2880 3232 2935 dare
3261 2882 3487 2951 possim.
3511 2880 3577 2937 Et

1978 2978 2150 3032 miror
2171 2976 2217 3032 si
2243 2977 2290 3030 is
2318 2975 2411 3046 qui
2430 2984 2611 3030 vestes
2634 2975 2816 3040 habet,
2843 2984 3121 3042 argentum
3150 2974 3335 3041 habet,
3359 2974 3576 3031 cellaria

1979 3068 2173 3132 habet,
2206 3067 2349 3138 quod
2380 3067 2710 3137 pauperibus
2739 3068 2935 3121 debeat
2963 3066 3092 3121 dare
3120 3083 3228 3122 non
3258 3067 3438 3121 habet.
3480 3068 3576 3123 Dic

1980 3173 2110 3227 ergo
2138 3159 2215 3213 illi
2241 3166 2300 3213 ut
2327 3174 2448 3212 cum
2478 3158 2599 3213 loco
2627 3165 2801 3211 mutet
2830 3164 3088 3212 mentem.
3120 3157 3238 3211 Non
3264 3156 3365 3212 sibi
3392 3157 3577 3212 credat

1980 3252 2152 3307 solam
2182 3251 2471 3307 lectionem
2500 3257 2555 3305 et
2589 3251 2890 3305 orationem
2918 3248 3196 3314 sufficere,
3240 3256 3299 3303 ut
3336 3256 3576 3303 remotus

1902 3360 1947 3423 (ς
1979 3343 2193 3399 studeat
2219 3343 2410 3398 sedere
2434 3350 2489 3397 et
2509 3341 2577 3396 de
2602 3356 2767 3395 manu
2797 3341 2930 3395 nihil
2958 3340 3311 3409 fructiﬁcare;
3341 3340 3437 3397 sed
3464 3339 3576 3394 lar-

1981 3449 2105 3506 gam
2145 3450 2365 3490 manum
2403 3434 2630 3499 habeat,
2673 3434 3050 3490 necessitatem
3090 3433 3418 3504 patientibus
3444 3448 3578 3489 con-

1981 3539 2197 3595 currat,
2238 3530 2471 3585 alienam
2501 3528 2742 3600 inepiam
2772 3543 2924 3584 suam
2952 3527 3137 3583 credat
3178 3545 3192 3581 :
3232 3528 3357 3598 quia
3385 3530 3430 3582 si
3460 3526 3578 3582 hmc

1981 3638 2092 3678 non
2121 3624 2304 3688 habet,
2335 3637 2562 3677 vacuum
2592 3622 2835 3691 episcopi
2861 3635 3060 3677 nomen
3084 3628 3253 3676 tenet.
3284 3639 3303 3674 ι
3336 3620 3574 3694 (Regia.

1981 3712 2071 3767 lib.
2098 3729 2172 3781 γι,
2214 3730 2296 3782 ep.
2330 3712 2446 3781 so.)

2051 3813 2140 3866 50.
2182 3812 2316 3866 Item
2355 3811 2588 3876 Sereno,
2629 3813 2886 3882 episcopo
2924 3812 3277 3879 Massiliensi,
3316 3820 3441 3883 post
3477 3814 3577 3869 ati-

1981 3918 2129 3973 qua:
2171 3920 2189 3953 ι
2222 3901 2488 3955 Perlatum
2517 3902 2585 3954 ad
2626 3916 2726 3956 nos
2752 3902 2963 3968 fuerat,
3005 3902 3150 3972 quod
3177 3902 3576 3959 inconsiderato

1982 3994 2100 4050 zelo
2138 4008 2461 4061 succensus,
2501 4002 2815 4049 sanctorum
2849 3994 3137 4063 imagines,
3169 3996 3268 4051 sub
3295 3997 3395 4051 hac
3422 3997 3576 4068 quasi

1981 4086 2360 4151 excusatione,
2402 4101 2471 4139 ne
2501 4084 2715 4141 adorari
2743 4086 3087 4155 debuissent,
3119 4088 3468 4158 confregeris.
3511 4089 3576 4147 Et

1981 4174 2217 4246 quidem,
2250 4175 2374 4245 quia
2404 4191 2497 4230 eas
2526 4175 2741 4231 adorari
2769 4178 3051 4244 vetuisses,
3084 4180 3307 4235 omnino
3337 4180 3579 4235 laudavi-

1980 4282 2100 4322 mus
2141 4284 2155 4321 :
2196 4267 2423 4334 fregisse
2463 4283 2594 4323 vero
2633 4269 3096 4337 reprehendimus.
3136 4270 3262 4337 Dic,
3303 4270 3503 4341 frater,
3542 4290 3577 4331 a

1980 4375 2088 4430 quo
2127 4359 2329 4415 factum
2370 4361 2653 4417 sacerdote
2692 4362 3012 4432 aliquando,
3050 4365 3136 4420 vel
3174 4365 3412 4419 auditum
3449 4372 3575 4434 est,

1980 4453 2126 4522 quod
2146 4453 2357 4509 fecisti?
2386 4452 2442 4508 Si
2469 4470 2576 4509 non
2601 4454 2770 4521 aliud,
2797 4456 2884 4510 vel
2915 4456 3043 4511 illud
3070 4465 3122 4513 te
3148 4472 3253 4512 non
3279 4457 3463 4512 debuit
3483 4471 3576 4511 re-

1980 4563 2205 4614 vocare,
2260 4557 2284 4584 ει
2314 4555 2399 4613 ut,
2442 4547 2716 4618 despectis
2754 4548 2874 4603 aliis
2912 4549 3196 4614 fratribus,
3239 4550 3409 4604 solum
3442 4558 3493 4604 te
3519 4556 3576 4604 et

1979 4649 2227 4694 sanctum
2258 4655 2379 4695 esse
2409 4640 2660 4695 crederes
2689 4648 2745 4695 et
2769 4642 3089 4711 sapientem.
3133 4641 3286 4695 Aliud
3315 4649 3397 4694 est
3431 4642 3575 4699 eniut

1983 4732 2251 4801 picturam
2279 4730 2536 4795 adorare,
2572 4732 2715 4786 aliud
2738 4748 2835 4802 per
2855 4732 3078 4801 pictura:
3106 4731 3413 4796 historiam,
3448 4732 3576 4803 quid

1984 4825 2055 4881 sit
2083 4824 2411 4878 adorandqu
2428 4824 2741 4893 .addiscere.
2784 4824 2913 4877 Nam
2944 4822 3088 4891 quod
3117 4823 3418 4891 legentibus
3443 4826 3577 4880 seris

1984 4924 2173 4985 ptura,
2205 4916 2310 4970 hoc
2335 4916 2517 4970 idiotis
2542 4923 2762 4985 praestat
2790 4914 2997 4983 pictura
3028 4915 3371 4971 cernentibus
3404 4934 3416 4968 :
3449 4916 3575 4985 quia

1986 5003 2039 5057 in
2065 5005 2179 5073 ipsa
2208 5004 2521 5072 ignorantes
2545 5004 2729 5057 vident
2755 5003 2897 5072 quod
2927 5004 3076 5073 sequi
3101 5004 3351 5073 debeant,
3383 5007 3434 5060 in
3461 5007 3575 5077 ipsa

1984 5097 2200 5163 legunt,
2232 5095 2323 5162 qui
2352 5093 2559 5147 litteras
2586 5094 2852 5149 nesciunt.
2887 5093 3040 5151 Unde
3068 5104 3122 5151 et
3152 5097 3417 5168 prmcipuc
3445 5114 3575 5167 ge".

1989 5186 2132 5241 tibus
2152 5200 2250 5254 pro
2279 5184 2513 5239 lectione
2540 5185 2747 5254 pictura
2777 5195 2880 5241 est.
2906 5185 3058 5252 Quod
3088 5204 3414 5259 magnopere
3442 5206 3469 5243 a
3497 5202 3570 5254 to,

1989 5281 2081 5349 qui
2110 5278 2249 5332 inter
2274 5285 2461 5347 gentes
2490 5278 2729 5346 habitas,
2774 5279 2980 5335 attendi
3018 5281 3275 5337 decuerat
3307 5300 3319 5336 :
3353 5297 3421 5337 ne
3447 5282 3576 5336 dum

1989 5378 2142 5423 recto
2170 5368 2287 5423 zelo
2316 5368 2533 5424 incaute
2563 5370 2926 5439 succenderis,
2948 5372 3058 5443 99
3078 5373 3430 5430 ferocioribus
3457 5372 3574 5425 ani-

1991 5462 2095 5517 mis
2134 5461 2448 5517 scandalnm
2488 5478 2794 5533 generates.
2836 5464 3037 5536 Frangi
3077 5481 3207 5536 ergo
3246 5483 3355 5522 non
3393 5465 3574 5522 debuit

1993 5552 2137 5622 quod
2182 5570 2291 5608 non
2308 5554 2397 5612 .ad
2435 5555 2767 5611 adorandum
2810 5558 2863 5612 in
2907 5557 3195 5625 Ecclesiis,
3247 5558 3342 5613 sed
3383 5558 3453 5612 ad
3498 5559 3574 5615 in~

1994 5646 2279 5702 struendae
2309 5648 2648 5704 solummodo
2670 5659 2879 5705 mentes
2904 5650 3002 5704 fuit
3028 5651 3379 5706 nescientium
3409 5651 3574 5708 collo~

1991 5748 2189 5794 catum.
2241 5740 2308 5796 Et
2360 5744 2484 5812 quia
2535 5745 2587 5798 in
2638 5746 2769 5801 locis
2824 5745 3219 5801 venerabilibus
3266 5754 3575 5805 sanctorunt

1987 5833 2204 5903 depingi
2231 5834 2484 5893 historias
2498 5852 2613 5891 non
2636 5838 2753 5893 sine
2776 5838 2987 5893 ratione
3006 5845 3245 5892 vetustas
3272 5837 3509 5905 admisit,
3533 5840 3575 5901 si

1988 5925 2163 5980 zelum
2205 5926 2536 5983 discretione
2562 5929 2886 5997 condiisses,
2917 5929 3034 5985 sine
3064 5929 3252 5999 dubio,
3283 5940 3339 5988 et
3365 5948 3429 5990 ea
3457 5947 3574 6003 quin

373 6020 401 6054 α
425 6009 643 6084 Excusi,
672 6030 735 6070 ne
757 6013 1027 6090 despectis,
1053 6024 1109 6075 at
1132 6034 1189 6077 in
1214 6018 1312 6081 Ms.
1348 6030 1461 6081 tum
1483 6026 1604 6083 vitae
1626 6027 1684 6087 S.
1716 6029 1903 6108 Greg,
1928 6043 2041 6095 tum
2072 6039 2418 6111 epistolarum
2447 6048 2761 6101 constanter
2786 6042 2955 6107 babes
2981 6055 3059 6120 ut,
3085 6062 3195 6109 non
3219 6048 3303 6111 ue.
