4118 6456
548 491 649 549 M7

1119 496 1179 551 S.
1221 492 1547 551 GREGORII
1588 491 1789 549 PAPE
1828 488 2021 556 VITA,
2064 484 2271 544 AUCT.
2313 488 2574 546 JOANN'E
2618 488 2936 547 DlACONO.
2978 488 3106 545 LIB.
3148 490 3236 547 Ill.

3723 490 3822 549 ηε

545 609 885 679 intendebas,
917 611 1201 668 salubriter
1227 610 1496 681 obtinere,
1527 621 1584 668 et
1607 610 1891 667 collectum
1912 618 2127 678 gregem
2156 603 2427 673 Alauda;
2472 605 2563 661 sed
2604 606 2725 677 quia
2768 605 3165 677 simplicitatem
3212 614 3358 662 tuam
3386 621 3509 664 cum
3546 616 3824 668 senectute

545 718 656 759 non
691 703 1030 774 dispergere,
1072 702 1169 759 sed
1206 701 1501 774 dispersum
1541 706 1719 774 potius
1757 710 1973 773 poteras
2001 714 2131 754 con-

544 806 768 864 gregare
793 812 805 846 :
830 799 887 846 ut
911 794 1141 863 pastoris
1168 795 1219 849 in
1249 805 1300 851 te
1321 795 1571 850 meritum
1597 809 1793 849 nomen
1818 792 2127 856 excelleret,

546 900 653 939 non
685 885 841 953 culpa
870 884 1190 955 dispersoris
1232 886 1585 941 incumberet.
1628 885 1753 939 Hzec
1786 892 1965 937 autem
2004 881 2130 936 dum

542 974 598 1029 in
630 974 733 1030 hoc
761 975 924 1030 animi
955 975 1030 1031 tui
1063 976 1279 1032 incauto
1318 978 1475 1031 nimis
1512 985 1663 1031 motu
1704 975 2013 1043 exequeris,
2056 974 2130 1028 ita

542 1069 666 1120 tuos
688 1066 1082 1122 scandalizasse
1102 1066 1238 1122 ﬁlios
1260 1067 1580 1136 perbiberis,
1608 1077 1664 1121 ut
1689 1066 1920 1121 maxima
1942 1080 2129 1120 eorum

540 1170 669 1225 pars
690 1172 719 1209 a
751 1164 843 1211 tua
864 1172 923 1212 se
948 1158 1326 1213 communione
1348 1158 1717 1228 suspenderet.
1754 1157 1978 1224 Quando
2001 1170 2129 1223 ergo

510 1318 513 1321 Α
544 1247 611 1300 ad
637 1248 778 1301 ovile
802 1248 1140 1304 Dominicum
1170 1259 1411 1304 errantes
1442 1265 1571 1304 oves
1597 1249 1844 1313 adduces,
1879 1250 1967 1318 qui
1998 1264 2129 1317 quas

541 1336 729 1405 habes,
767 1340 1001 1394 retinere
1031 1356 1139 1395 non
1170 1342 1465 1411 prmvales?
1505 1340 1735 1396 Proinde
1764 1343 2044 1396 hortamur
2072 1348 2131 1396 ut

544 1429 627 1483 vel
658 1447 797 1486 nunc
819 1430 1037 1487 studeas
1065 1447 1182 1488 esse
1210 1434 1492 1499 sollicitus,
1525 1443 1685 1504 atque
1706 1435 1772 1489 ab
1794 1434 1895 1488 hac
1917 1444 1969 1488 te
1995 1450 2131 1503 pra:-

541 1523 846 1591 sumptione
872 1539 1187 1593 compescas
1214 1544 1225 1579 :
1258 1535 1312 1581 et
1342 1542 1528 1582 eorum
1560 1531 1787 1595 animos,
1820 1545 1953 1598 quos
1979 1545 2008 1582 a
2043 1538 2131 1583 tua

540 1610 835 1680 disjunctos
862 1618 1067 1671 unitate
1097 1618 1399 1684 cognoscis,
1430 1626 1663 1687 paterna
1684 1618 1747 1673 ad
1779 1628 1829 1674 te
1852 1619 2133 1675 dulcedine

540 1706 688 1759 omni
738 1707 928 1762 annisu
985 1710 1239 1778 omnique
1294 1710 1472 1765 studio
1521 1727 1778 1769 revocare
1828 1712 2066 1769 festines.
2106 1728 2124 1765 ι

542 1794 765 1866 (Regist.
794 1799 833 1853 ι.
863 1815 935 1864 x1,
969 1816 1049 1869 ep.
1078 1800 1192 1870 15.)

612 1910 698 1963 5t.
743 1910 999 1969 Januario
1048 1930 1265 1985 quoque
1308 1914 1614 1972 Caralitano
1662 1917 1951 1988 episcopo,
2008 1926 2135 1988 post

2238 700 2501 766 novimus,
2538 694 2751 755 interim
2782 707 3041 754 tacemus.
3083 719 3100 751 ι
3140 698 3277 771 (Lib.
3311 717 3386 768 rx,
3418 719 3497 771 ep.
3533 701 3612 767 l.)

2306 792 2393 847 5⁸5.
2435 794 2634 849 Omnes
2663 794 2881 849 omnino
2920 793 3204 863 pontiﬁces
3233 811 3262 847 a
3305 794 3538 849 lectione
3567 794 3825 853 librorum

2241 887 2397 957 100
2449 886 2725 955 gentilium
2777 885 3072 955 Gregorius
3130 885 3424 939 inhibebat.
3487 886 3817 957 Quapropter

2234 976 2512 1031 Desiderio
2561 976 2854 1031 Galliarum
2904 977 3184 1046 episcopo,
3234 977 3454 1046 pallium
3501 979 3825 1047 postulanti,

2234 1069 2438 1134 scribit,
2469 1070 2714 1139 inquiens
2742 1085 2754 1123 :
2789 1089 2805 1119 ι
2836 1069 2969 1123 Cum
3003 1070 3166 1123 multa
3190 1070 3343 1123 nobis
3370 1070 3510 1124 bona
3539 1070 3607 1125 de
3634 1071 3829 1157 vestris

2234 1160 2461 1213 fuissent
2499 1159 2689 1215 studiis
2738 1160 3010 1225 nuntiata,
3068 1160 3139 1213 ita
3176 1160 3326 1215 cordi
3373 1170 3559 1214 nostro
3590 1168 3673 1214 est
3702 1169 3828 1215 nata

2238 1252 2441 1316 laetitia,
2476 1262 2535 1305 ut
2562 1264 2759 1318 negare
2789 1267 2872 1315 ea,
2903 1266 3022 1319 quae
3049 1250 3149 1304 sibi
3171 1251 3476 1305 fraternitas
3502 1260 3678 1305 vestra
3701 1265 3830 1305 con-

2238 1342 2471 1399 cedenda
2502 1343 2769 1413 poposcit,
2797 1343 3016 1395 minime
3047 1350 3375 1411 pateremur.
3418 1342 3523 1397 Sed
3563 1352 3686 1413 post
3716 1344 3831 1399 haec

2237 1435 2485 1506 pervenit
2510 1434 2575 1488 ad
2599 1450 2717 1499 nos,
2749 1434 2894 1503 quod
2918 1434 3033 1487 sine
3055 1434 3375 1487 verecundia
3399 1448 3702 1489 memorare
3722 1449 3832 1489 non

2238 1542 2556 1597 possumus,
2589 1525 2980 1579 fraternitatem
3014 1534 3157 1579 tuam
3186 1525 3584 1592 grammaticam
3611 1525 3834 1593 quibus-

2239 1616 2362 1671 dam
2401 1632 2691 1685 exponere.
2737 1616 2907 1681 Quam
2947 1631 3061 1670 rem
3102 1616 3327 1669 moleste
3366 1616 3726 1684 suscepimus,
3769 1630 3836 1671 ac

2238 1725 2425 1764 sumus
2453 1710 2827 1764 vehementius
2854 1708 3154 1777 aspernati,
3188 1717 3246 1761 ut
3275 1723 3337 1762 ea
3369 1724 3487 1777 quae
3516 1708 3661 1777 prius
3689 1708 3836 1764 dicta

2240 1799 2458 1854 fuerunt
2486 1800 2539 1854 in
2563 1800 2821 1869 gemitum
2848 1808 2902 1854 et
2931 1799 3201 1853 tristitiam
3226 1810 3590 1868 verteremus,
3622 1801 3750 1869 quia
3778 1801 3835 1856 in

2241 1907 2351 1946 uno
2378 1906 2436 1946 se
2463 1907 2558 1945 ore
2588 1890 2882 1963 cumJovis
2911 1892 3156 1947 laudibus
3182 1892 3377 1947 Christi
3403 1893 3588 1949 laudes
3615 1909 3724 1949 non
3751 1908 3837 1949 ca-

540 1999 720 2069 aliqua
750 2003 964 2071 scribit,
1014 1982 1197 2061 dicens
1226 2026 1236 2059 :
1277 2026 1293 2059 ‹
1322 2006 1467 2063 lnter
1494 1982 1742 2077 querelas
1776 1982 2131 2080 multiplices,

2245 1984 2415 2054 piunt.
2466 1983 2533 2037 Et
2575 1999 2735 2052 quam
2780 1999 2941 2052 grave
2989 1984 3387 2056 nefandumque
3432 1986 3502 2040 sit
3550 1986 3837 2057 episcopos

540 2088 773 2149 Isidorus
804 2094 882 2148 vir
908 2095 1267 2166 clarissimus,
1300 2114 1331 2153 a
1361 2100 1699 2157 fraternitate
1728 2110 1817 2156 tua
1848 2101 2044 2156 frustra
2074 2116 2135 2155 se

540 2188 1061 2246 excommtmicatum
1126 2192 1751 2263 anathematizatumque
1805 2204 2135 2264 conquestus

541 2285 642 2333 est.
676 2276 831 2344 Quod
860 2295 1019 2349 quam
1049 2281 1117 2337 ob
1147 2298 1261 2337 rem
1290 2283 1485 2339 factum
1512 2285 1690 2352 fuerit,
1722 2288 1843 2341 dum
1876 2302 1905 2341 a
1935 2286 2135 2341 clerico

541 2376 666 2437 tuo,
723 2371 815 2440 qui
858 2388 1092 2442 praesens
1115 2383 1261 2440 erat,
1296 2376 1650 2434 voluissemus
1678 2378 1986 2444 addiscere,
2035 2395 2137 2450 pro

541 2460 687 2516 nulla
714 2462 817 2518 alia
848 2480 1030 2533 causa,
1062 2468 1165 2522 nisi
1196 2484 1293 2539 pro
1318 2484 1383 2525 eo
1412 2471 1558 2541 quod
1587 2480 1638 2527 te
1661 2471 2027 2541 injuriaverat,
2059 2474 2137 2528 fa-

543 2562 690 2609 ctum
715 2556 965 2614 innotuit.
999 2558 1129 2627 Quae
1158 2579 1244 2618 res
1274 2580 1371 2619 nos
1398 2567 1749 2623 vehementer
1770 2567 1979 2636 afﬂixit,
2010 2570 2136 2638 quia

543 2648 586 2704 si
625 2648 697 2703 ita
727 2657 825 2716 est,
859 2652 935 2707 nil
968 2662 1019 2708 te
1045 2655 1282 2711 ostendis
1309 2656 1377 2713 de
1408 2659 1714 2716 coelestibus
1739 2663 2013 2730 cogitare,
2042 2661 2136 2716 sed

544 2748 813 2798 terrenam
846 2754 899 2800 te
936 2751 1406 2806 conversationem
1435 2752 1634 2809 habere
1660 2754 1929 2825 signiﬁcas
1963 2774 1975 2808 :
2008 2756 2135 2810 dum

543 2846 644 2901 pro
694 2833 929 2891 vindicta
972 2840 1203 2909 propriae
1247 2841 1485 2910 injuriae,
1536 2846 1680 2913 quod
1729 2847 1895 2901 sacris
1939 2848 2139 2915 regulis

543 2926 898 2994 prohibetur,
956 2931 1387 2989 maledictionem
1444 2937 1804 2992 anathematis
1860 2939 2133 2993 invexisti.

543 3012 698 3071 Unde
746 3018 810 3072 de
855 3026 1051 3077 cietero
1098 3024 1318 3080 omnino
1360 3036 1475 3082 esto
1515 3029 1933 3100 circumSpectus
1975 3039 2138 3099 atque

540 3108 841 3178 sollicitus,
893 3121 950 3168 et
992 3115 1119 3170 talia
1162 3117 1411 3186 cuiquam
1450 3136 1547 3190 pro
1577 3121 1889 3179 defensione
1931 3124 2139 3192 injuria:

544 3206 650 3254 tuae
699 3201 898 3258 inferre
943 3204 1120 3261 denuo
1176 3224 1283 3263 non
1314 3226 1625 3278 praesumas.
1660 3213 1791 3268 Nam
1822 3216 1867 3269 si
1898 3216 2003 3269 tale
2032 3216 2135 3269 ali-

544 3292 673 3363 quid
696 3292 905 3359 feceris,
933 3296 983 3349 in
1010 3306 1062 3353 te
1081 3299 1219 3355 scias
1241 3311 1426 3371 postea
1441 3304 1841 3363 vindicandum.
1866 3328 1884 3360 ι
1909 3308 2134 3380 (Regist.

544 3382 633 3437 lib.
664 3400 734 3449 x1,
769 3402 850 3455 ep.
878 3385 992 3456 49.)

613 3495 702 3550 52.
741 3496 875 3553 ltem
915 3499 1092 3556 eidem
1134 3520 1148 3557 :
1205 3523 1223 3557 ι
1258 3504 1586 3563 Prazdicator
1624 3512 2011 3583 omnipotentis
2048 3515 2146 3571 Dei

543 3587 742 3645 Paulus
771 3594 1050 3661 apostolus
1079 3600 1324 3669 praecipit
1343 3642 1357 3666 ,
1388 3602 1575 3657 dicens
1609 3621 1621 3657 :
1655 3604 1925 3661 Seniarem
1952 3624 2017 3663 ne
2055 3611 2141 3663 iii-

544 3683 830 3751 crepaveris
864 3682 927 3754 (Ι
960 3683 1092 3739 Tim.
1126 3703 1189 3753 v,
1223 3689 1310 3755 1).
1343 3689 1448 3745 Sed
1477 3693 1591 3747 hcce
1620 3692 1734 3761 ejus
1762 3697 1944 3764 regula
1982 3698 2035 3752 in
2075 3714 2143 3755 eo

539 3772 804 3841 servanda
847 3782 959 3839 est,
1007 3791 1129 3831 cum
1159 3778 1316 3849 culpa
1346 3782 1575 3837 senioris
1617 3787 1865 3857 exemplo
1904 3805 2002 3844 suo
2031 3806 2142 3845 non

544 3862 707 3917 trahit
734 3864 801 3919 ad
829 3865 1106 3923 interitum
1137 3872 1301 3925 corda
1324 3872 1622 3939 juniorum.
1660 3875 1758 3931 Ubi
1788 3879 1931 3934 enim
1959 3882 2145 3938 senior

543 3952 825 4023 iuvenibus
845 3961 1151 4032 exemplum
1167 3962 1236 4016 ad
1258 3963 1531 4019 interitum
1552 3967 1773 4035 praebet,
1801 3970 1873 4023 ibi
1898 3971 2141 4029 districta

543 4044 917 4115 increpatione
948 4050 1220 4107 feriendus
1263 4064 1363 4109 est.
1410 4056 1542 4110 Nam
1582 4061 1841 4127 scriptum
1871 4071 1955 4117 est
1985 4083 1995 4116 :
2030 4064 2139 4118 La-

546 4154 707 4208 queas
728 4141 975 4209 juvenum
1006 4161 1181 4198 omnes
1212 4164 1296 4201 vos
1330 4147 1489 4219 (Isai.
1521 4166 1654 4213 xui,
1688 4152 1800 4215 22).
1832 4153 1899 4207 Et
1928 4171 2138 4212 rursum

545 4232 813 4300 propheta
837 4234 968 4289 dicit
999 4254 1010 4288 :
1056 4236 1307 4291 Peccator
1334 4250 1536 4294 centum
1559 4260 1816 4298 annorum
1837 4247 2141 4306 maledicta:

549 4334 627 4378 est
656 4325 823 4394 (Isai.
855 4342 991 4392 va,
1019 4328 1140 4399 29).
1183 4329 1354 4385 Tanta
1391 4343 1569 4387 autem
1610 4337 1847 4403 nequitia
1888 4340 1954 4392 ad
1984 4354 2141 4396 aures

550 4430 702 4471 meas
728 4416 794 4471 de
824 4428 917 4472 tua
947 4428 1225 4477 senectute
1255 4426 1526 4492 pervenit,
1572 4434 1626 4479 ut
1665 4442 1785 4482 eam
1826 4430 1926 4485 nisi
1964 4433 2140 4487 adhuc

552 4507 863 4565 humanitus
885 4526 1250 4580 pensaremus,
1286 4515 1387 4569 ﬁxa
1414 4517 1522 4585 jam
1546 4520 1919 4578 maledictione
1948 4524 2137 4581 ferire-

550 4618 690 4657 mus.
742 4602 950 4659 Dictum
988 4606 1187 4675 quippe
1231 4608 1363 4661 mihi
1412 4618 1494 4663 est
1533 4612 1675 4678 quod
1724 4612 2001 4671 Dominico
2049 4619 2141 4675 die

551 4695 855 4764 priusquam
881 4698 1163 4752 missarum
1185 4700 1446 4755 solemnia
1470 4703 1789 4770 celebrares,
1823 4709 1887 4763 ad
1916 4726 2142 4766 exaran-

552 4782 673 4836 dam
717 4800 941 4840 messem
981 4788 1167 4844 latoris
1197 4793 1536 4859 przcsentium
1576 4798 1884 4862 perrexisﬁ:
1934 4811 1990 4855 et
2016 4811 2143 4871 post

553 4878 921 4933 exarationem
947 4881 1062 4948 ejus
1084 4884 1370 4939 missarum
1392 4886 1650 4943 solemnia
1676 4890 1979 4948 celebrasti.
2007 4893 2141 4952 Post

553 4965 840 5020 missarum
880 4969 1138 5026 solemnia
1169 4975 1360 5042 etiam,
1403 4986 1458 5032 et
1497 4981 1756 5037 terminos
1784 4988 2142 5053 possessionis

552 5055 695 5109 illiu;
724 5058 1003 5113 eradicare
1050 5064 1269 5119 minime
1311 5068 1550 5124 timuisti.
1592 5071 1748 5136 Quod
1797 5074 1990 5131 factum
2021 5094 2142 5148 qua:

552 5162 710 5216 poena
738 5150 920 5206 debuit
947 5154 1175 5223 insequi,
1202 5173 1389 5215 omnes
1417 5166 1507 5231 qui
1537 5166 1777 5234 audiunt,
1808 5171 2003 5226 sciunt.
2035 5174 2146 5230 Du-

553 5237 627 5294 bii
655 5248 834 5295 autem
875 5240 941 5296 de
979 5252 1125 5300 tanta
1168 5247 1271 5303 hac
1310 5258 1662 5321 perversitate
1694 5259 2006 5331 fueramus;
2047 5268 2146 5322 sed

555 5333 694 5389 ﬁlius
721 5345 901 5389 uoster
922 5335 1177 5408 Cyriacus
1206 5342 1399 5413 abbas,
1450 5364 1480 5402 a
1521 5352 1675 5407 nobis
1704 5357 1991 5424 requisitos
2019 5360 2145 5415 dum

555 5432 699 5478 esset
740 5424 975 5494 Caralis,
1021 5429 1090 5483 ita
1131 5446 1190 5487 se
1233 5440 1550 5502 cognovisse
1589 5444 1877 5511 perhibuit.
1924 5448 1993 5504 Et
2020 5453 2145 5520 quia

556 5514 730 5572 adhuc
753 5519 900 5573 canis
922 5522 1023 5574 tuis
1046 5525 1332 5592 parcimus,
1364 5529 1662 5597 hortamur,
1690 5535 1978 5607 aliquando
2009 5514 2146 5598 resi-

558 5606 705 5685 piscc
736 5624 934 5677 senex,
974 5620 1135 5683 atque
1175 5632 1204 5669 a
1250 5626 1397 5673 tanta
1426 5622 1643 5679 levitate
1670 5644 1882 5683 morum
1924 5641 1978 5685 et
2015 5650 2148 5702 ope—

562 5711 679 5750 rum
712 5703 1061 5767 perversitate
1090 5722 1369 5778 compesce
1395 5730 1406 5763 :
1439 5715 1564 5780 quia
1602 5718 1801 5786 quanto
1830 5725 1989 5777 morti
2018 5727 2151 5780 vici-

564 5788 688 5840 nior
723 5790 985 5859 ciﬁceris,
1036 5804 1184 5852 tanto
1227 5799 1338 5855 fieri
1380 5804 1666 5861 sollicitior
1703 5819 1866 5881 atque
1910 5816 2150 5872 timidior

568 5874 751 5933 debes.
792 5876 856 5932 Et
898 5884 1107 5950 quidem
1136 5904 1275 5959 pene
1313 5896 1580 5951 sententia
1619 5902 1670 5953 in
1700 5911 1753 5956 te
1778 5874 1956 5960 fuerat
1991 5906 2147 5975 jacu-

857 6031 883 6051 ο

2242 2089 2471 2140 cauere,
2521 2075 2663 2144 quod
2712 2090 2812 2130 nec
2859 2076 2998 2131 laico
3045 2076 3299 2144 religioso
3348 2078 3664 2146 conveniat,
3722 2078 3839 2148 ipso

2243 2164 2543 2220 considera.
2588 2164 2720 2219 Nam
2758 2167 3003 2235 quamvis
3039 2167 3426 2224 dilectissimus
3468 2169 3612 2225 ﬁlius
3652 2178 3839 2226 noster

2242 2254 2537 2323 Candidus,
2567 2258 2867 2329 presbyter,
2898 2261 3245 2329 postmodum
3276 2262 3519 2328 veniens,
3550 2262 3652 2318 hac
3681 2263 3751 2318 de
3776 2277 3839 2318 re

2242 2348 2508 2403 subtiliter
2554 2348 2868 2417 inquisitus,
2923 2352 3230 2420 negaverit,
3278 2360 3439 2421 atque
3472 2368 3571 2407 vos
3610 2360 3840 2408 conatus

2244 2440 2409 2495 fuerit
2452 2456 2742 2507 excusare,
2785 2443 2854 2496 de
2889 2451 3074 2497 nostro
3112 2455 3293 2498 tamen
3321 2445 3495 2499 adhuc
3523 2445 3703 2499 animo
3729 2459 3839 2501 non

2244 2537 2502 2600 recessit;
2547 2536 2670 2605 quia
2701 2544 2965 2604 quantum
2993 2537 3295 2592 execrabile
3324 2544 3406 2593 est
3434 2540 3539 2594 hoc
3563 2539 3629 2595 de
3654 2554 3840 2595 sacer-

2244 2626 2370 2682 dote
2393 2627 2619 2693 narrari,
2642 2635 2795 2681 tanto
2818 2636 2995 2681 utrum
3019 2644 3085 2682 ne
3107 2629 3179 2682 ita
3203 2630 3290 2693 sit,
3317 2629 3557 2685 districta
3578 2638 3634 2686 et
3653 2630 3839 2687 veraci

2246 2728 2461 2787 oportet
2489 2719 2855 2773 satisfactione
2883 2720 3157 2787 cognosci.
3194 2720 3413 2776 Undesi
3443 2730 3568 2792 post
3595 2722 3701 2777 hoc
3725 2723 3843 2777 evi-

2245 2811 2435 2865 denter
2457 2812 2570 2865 hrec
2591 2827 2711 2881 quae
2732 2812 2798 2865 ad
2826 2827 2926 2866 nos
2950 2812 3153 2881 perlata
3183 2822 3308 2869 sunt
3330 2812 3461 2869 falsa
3486 2830 3604 2870 esse
3631 2815 3843 2871 clame-

2244 2900 2383 2967 rint,
2415 2917 2590 2970 neque
2616 2917 2714 2956 vos
2757 2902 2912 2970 nugis
2942 2910 2998 2955 et
3028 2903 3372 2959 saecularibus
3402 2905 3595 2960 litteris
3620 2905 3842 2961 studere

2246 2992 2578 3055 constiterit;
2621 3001 2675 3045 et
2702 2992 2813 3046 Deo
2852 3000 3040 3046 nostro
3071 2993 3271 3061 gratias
3302 3008 3519 3062 agemus
3542 3034 3557 3061 ,
3607 2996 3699 3064 qui
3746 3010 3843 3050 eor

2245 3088 2484 3135 vestrum
2523 3082 2783 3135 maculari
2828 3081 3158 3151 blasphemis
3201 3084 3554 3138 nefandorum
3596 3085 3841 3140 laudibus

2246 3187 2353 3225 non
2384 3173 2649 3241 permisit,
2679 3181 2734 3227 et
2761 3171 2827 3227 de
2853 3174 3214 3229 concedendis
3242 3190 3362 3243 quae
3389 3176 3631 3245 poscitis,
3661 3177 3841 3232 securi

2241 3263 2354 3332 jam
2381 3272 2437 3318 et
2464 3265 2581 3319 sine
2604 3264 2782 3334 aliqua
2810 3264 3145 3321 dubitatione
3178 3268 3582 3323 tractabimus.»
3612 3267 3841 3339 (Regia.

2168 3365 2218 3431 α
2249 3356 2338 3410 lib.
2368 3372 2441 3421 XI,
2471 3373 2553 3427 ep.
2588 3354 2700 3427 54.)

2325 3447 2413 3501 54.
2446 3448 2804 3505 Nihilominus
2834 3450 3026 3517 Natali,
3058 3451 3373 3508 Salonitano
3404 3453 3678 3524 episcopo,
3708 3453 3844 3509 scri-

2253 3543 2355 3610 bit,
2384 3544 2567 3599 dicens
2600 3562 2613 3598 :
2654 3564 2671 3596 ς
2713 3546 2891 3601 Multis
2919 3547 2986 3601 ab
3014 3548 3145 3603 urbe
3173 3558 3263 3602 tua
3294 3550 3648 3617 venientibus,
3679 3550 3841 3607 frater

2252 3633 2598 3700 charissime,
2631 3635 2825 3701 didici,
2866 3639 3123 3707 pastorali
3155 3656 3279 3694 cura
3310 3640 3598 3709 derelicta,
3630 3644 3761 3699 solis
3788 3653 3842 3700 te

2251 3724 2513 3778 conviviis
2538 3736 2877 3795 occupatum.
2903 3728 3033 3794 Quae
3063 3729 3245 3784 audita
3272 3747 3378 3784 non
3406 3733 3707 3797 crederem,
3740 3735 3844 3790 nisi

2250 3812 2365 3868 haec
2417 3815 2689 3869 actionum
2747 3826 2960 3872 tuarum
3015 3820 3403 3889 experimentis
3456 3825 3840 3895 approbarem.

2249 3905 2381 3959 Nam
2424 3907 2551 3975 quia
2595 3923 2931 3987 nequaquam
2976 3911 3193 3967 lectioni
3235 3915 3473 3983 studeas,
3506 3931 3845 3986 nequaquam

2248 3996 2613 4051 exhortationi
2640 3999 2903 4069 invigiles,
2932 4002 3025 4057 sed
3051 4005 3229 4072 ipsum
3253 4022 3469 4075 quoque
3490 4024 3643 4063 usum
3671 4011 3845 4067 eccle-

2248 4088 2451 4141 siastici
2480 4088 2683 4143 ordinis
2716 4091 2929 4158 ignores
2948 4136 2960 4159 ,
2996 4093 3101 4148 hoc
3131 4105 3213 4150 est
3242 4097 3296 4150 in
3325 4100 3664 4165 testimonio,
3698 4100 3846 4168 quod

2247 4180 2326 4233 eis
2347 4180 2443 4233 sub
2466 4181 2661 4249 quibus
2678 4196 2735 4235 es
2758 4185 2964 4251 positus
2986 4201 3207 4242 servare
3229 4192 3591 4246 reverentiam
3611 4193 3839 4248 nescis.»

2251 4270 2476 4342 (Rugist.
2512 4271 2601 4325 lib.
2633 4290 2687 4338 ιι,
2718 4292 2798 4345 ep.
2835 4274 2945 4345 18.)

2320 4363 2409 4417 55.
2452 4364 2556 4419 Sed
2604 4382 2723 4421 cum
2774 4366 2978 4424 Natalis
3027 4387 3125 4440 per
3174 4373 3389 4428 inanem
3444 4375 3846 4446 philosophiam

2247 4456 2459 4524 scriptis
2500 4458 2731 4526 propriis
2776 4474 2836 4514 se
2886 4462 3148 4517 niteretur
3191 4466 3570 4536 inculpabilem
3619 4468 3845 4523 demon-

2250 4556 2456 4616 strare,
2500 4551 2815 4606 mitissimus
2853 4553 3044 4609 doctor
3082 4555 3373 4625 Gregorius
3412 4562 3484 4613 ita
3524 4562 3798 4632 rescripsit
3829 4580 3845 4616 :

2258 4657 2275 4688 ι
2328 4638 2385 4691 lu
2445 4640 2816 4695 conviviorum
2876 4644 3245 4701 defensionem
3304 4658 3478 4704 vestra
3540 4650 3847 4708 fraternitas

2176 4743 2231 4801 D
2256 4731 2484 4784 Abraha:
2506 4733 2812 4786 convivium
2842 4745 3127 4801 memorat,
3163 4739 3212 4791 in
3236 4754 3363 4807 quo,
3393 4748 3532 4796 testo
3558 4755 3715 4797 sacro
3736 4743 3845 4798 elo-

2250 4824 2407 4893 quio,
2463 4834 2569 4879 tres
2617 4828 2836 4894 angelos
2876 4833 3176 4900 suscepisse
3214 4836 3543 4903 perhibetur.
3591 4837 3701 4895 Sed
3743 4840 3847 4896 hoc

2250 4916 2498 4991 exemplo
2520 4916 2586 4969 de
2600 4918 2867 4984 convivio,
2897 4937 3074 4990 neque
3090 4940 3187 4979 nos
3203 4907 3594 4985 beatitudinem
3614 4942 3848 4988 vestram

2250 4994 2715 5077 reprehendimus,
2749 5013 2793 5065 si
2818 5014 2957 5070 hanc
2982 5020 3256 5088 suscipere
3281 5023 3503 5091 angelos
3531 5024 3584 5078 in
3607 5026 3851 5096 hospita-

2252 5098 2461 5153 litatem
2505 5103 2899 5169 cognoscimus.
2942 5105 3174 5164 Rursum
3207 5122 3387 5168 narrat
3419 5123 3507 5169 tua
3539 5115 3850 5176 fraternitas

2253 5188 2403 5244 Isaac
2453 5192 2747 5263 satiatum,
2799 5195 2907 5252 tilio
2955 5199 3389 5260 benedictionem
3436 5207 3667 5266 dedisse.
3718 5210 3851 5277 Qua!

2254 5290 2483 5349 utraque
2513 5287 2709 5342 veteris
2749 5286 3111 5356 Testamenta,
3155 5298 3279 5364 quia
3318 5299 3392 5353 ita
3422 5309 3548 5355 sunt
3574 5311 3723 5370 gesta
3754 5320 3849 5373 per

2253 5372 2554 5443 historiam,
2577 5387 2633 5432 ut
2658 5388 2835 5436 tamen
2858 5384 3134 5453 signarent
3160 5391 3365 5461 aliquid
3388 5409 3485 5462 per
3502 5372 3842 5466 allegoriam.

2257 5464 2458 5519 utinam
2500 5468 2771 5525 valeamus
2806 5473 2885 5528 sic
2924 5491 3009 5531 res
3040 5489 3218 5546 gestas
3253 5482 3480 5550 legendo
3510 5464 3847 5555 percurrere,

2256 5564 2315 5621 ut
2346 5558 2612 5624 possimus
2642 5563 2801 5616 etiam
2831 5570 3093 5633 gerendas
3127 5574 3466 5637 prievidendo
3494 5579 3715 5634 sentire.
3749 5580 3848 5638 Ille

2261 5648 2460 5718 quippe
2499 5651 2549 5704 in
2592 5653 2758 5707 tribus
2796 5658 2997 5725 angelis
3044 5678 3205 5718 unum
3246 5668 3509 5736 Salutans,
3568 5670 3849 5730 Trinitatis

2261 5738 2633 5797 subsistentias
2673 5745 2829 5801 unius
2868 5750 3176 5809 substantia}
3215 5774 3334 5814 esse
3370 5761 3685 5819 declaravit.
3739 5764 3849 5824 Iste

2260 5843 2389 5883 vero
2413 5832 2635 5888 satiatus
2660 5834 2929 5892 benedicit
2958 5840 3123 5897 ﬁlium
3151 5865 3163 5898 :
3193 5851 3316 5917 quia
3344 5854 3431 5920 qui
3455 5854 3648 5911 divinis
3675 5860 3849 5927 epulis

2260 5922 2519 5987 repletur,
2551 5925 2691 5982 illius
2716 5944 2901 5987 sensus
2924 5934 2975 5988 in
3000 5940 3296 6007 prophetia‘
3322 5946 3572 6005 virtutem
3598 5922 3844 6012 exteiidi-
