4118 6452
296 440 402 496 189

901 444 959 500 S.
1001 444 1330 502 GREGORII
1370 445 1571 501 PAPIE
1616 445 1798 505 γιΤΑ.
1841 440 2042 500 AUCT.
2086 441 2347 499 JOANNE
2387 444 2702 503 DlACONO.
2742 445 2872 501 LIB.
2915 445 2999 501 ιιι.

3474 450 3576 508 150

296 569 402 623 tur.
435 558 637 615 Divinte
664 568 843 615 autem
874 562 1044 631 epultc
1069 564 1207 618 sacri
1234 563 1433 635 eloquii
1459 564 1621 619 verba
1649 572 1790 617 sunt.
1822 561 1881 617 Si
1909 563 1962 624 Δ
1986 565 2204 627 ceptum
2234 558 2552 627 susceperit,
2577 574 2699 614 cum
2730 559 2801 613 ita
2833 558 2898 613 ad
2926 558 3303 614 revertendum
3329 560 3573 620 districta

294 653 459 723 igitur
499 652 712 707 assidue
756 653 949 722 legitis,
998 657 1042 710 si
1084 659 1387 727 exemplum
1423 659 1491 711 ab
1524 655 1880 711 exterioribus

294 745 591 811 trahentes,
622 746 831 800 interna
856 750 1167 817 penetratis,
1198 750 1347 820 quasi
1371 749 1438 804 de
1459 752 1571 818 agri
1593 748 1881 805 venatione

294 838 495 902 satiati,
528 839 722 893 mentis
754 850 996 895 ventrem
1039 844 1285 913 repletis,
1328 853 1385 897 ut
1414 843 1717 914 anteposito
1746 842 1877 911 ﬁlio,

292 935 549 997 suscepto
575 929 823 984 videlicet
852 933 1078 1003 populo,
1112 936 1326 1004 possitis
1354 946 1578 992 ventura
1606 937 1874 993 nuntiare.

290 1016 404 1074 Sed
437 1018 548 1087 jam
587 1020 639 1075 in
685 1020 793 1077 hoc
821 1024 1018 1079 saeculo
1056 1025 1276 1095 caligat,
1317 1027 1408 1096 qui
1444 1027 1510 1081 de
1537 1028 1649 1083 Deo
1677 1029 1877 1100 aliquid

289 1108 579 1177 prophetat
609 1128 621 1163 :
654 1112 779 1181 quia
814 1111 1059 1183 profecto
1087 1113 1303 1183 dignum
1330 1122 1415 1172 est
1443 1124 1501 1171 ut
1530 1117 1617 1173 hic
1638 1118 1752 1186 jam
1782 1134 1879 1189 per

288 1202 784 1270 concupiscentiam
810 1208 986 1262 minus
1016 1207 1224 1273 videat,
1268 1209 1421 1279 cujus
1448 1226 1639 1266 sensus
1668 1226 1764 1281 per
1791 1213 1877 1267 in-

290 1292 640 1362 telligentiam
672 1299 814 1356 intus
836 1296 1106 1357 coruscat.
1135 1301 1262 1357 Haec
1284 1317 1413 1372 ergo
1435 1305 1500 1359 ad
1521 1305 1877 1375 vosmetipsos

290 1387 444 1458 ιθ]
469 1389 667 1445 trahite
687 1408 701 1458 ;
726 1403 779 1445 et
804 1393 849 1446 si
874 1410 967 1451 vos
991 1394 1125 1449 tales
1145 1395 1454 1463 agnoscitis,
1481 1397 1614 1451 nihil
1632 1406 1716 1453 est
1730 1398 1877 1467 quod

284 1478 354 1532 de
402 1491 588 1536 nostra
632 1484 991 1540 testimatione
1044 1486 1320 1542 dubitetis.
1371 1486 1617 1543 Gaudere
1662 1502 1876 1559 quoque

282 1566 680 1645 Beatitudinem
705 1584 939 1630 vestram
964 1576 1199 1639 invenio,
1226 1578 1273 1633 si
1299 1580 1510 1636 voracis
1530 1596 1724 1637 nomen
1748 1594 1874 1638 cum

282 1674 465 1718 rerum
493 1674 717 1721 auctore
745 1670 1028 1724 sustineat.
1062 1670 1215 1737 Quod
1244 1686 1344 1741 ego
1375 1674 1609 1729 breviter
1636 1689 1869 1746 expono,

282 1756 410 1823 quia
436 1756 482 1812 si
513 1757 581 1811 de
607 1758 761 1813 vobis
792 1758 978 1814 falsum
1005 1761 1220 1828 dicitur,
1252 1778 1447 1818 nomen
1476 1764 1580 1819 hoc
1609 1765 1873 1820 veraciter

281 1861 403 1909 eum
426 1862 605 1902 rerum
627 1858 849 1904 auctore
874 1853 1168 1907 sustinetis.
1194 1851 1251 1907 Si
1273 1868 1403 1909 vero
1425 1853 1492 1909 de
1508 1854 1661 1911 vobis
1683 1869 1873 1910 verum

1985 647 2304 702 executione
2328 648 2638 717 compellat,
2661 658 2929 717 quatenus
2955 650 3003 703 ei
3031 648 3160 715 illic,
3189 658 3242 705 te
3269 649 3570 722 insistente,

1984 750 2221 813 quinque
2266 742 2454 797 diebus
2494 743 2603 821 sub,
2633 742 2873 811 qualibet
2919 745 3266 799 excusatione
3295 745 3574 803 immorari

1981 851 2091 897 non
2118 835 2279 891 liceat
2311 852 2324 887 :
2355 849 2424 889 ne
2445 834 2490 888 si
2510 834 2751 902 quolibet
2780 835 2943 890 modo
2970 852 3093 891 eum
3119 837 3317 893 ibidem
3345 841 3574 909 amplius

1981 942 2189 1001 moram
2219 926 2422 981 habere
2450 925 2789 996 permiseris,
2835 941 2957 981 cum
3006 928 3122 997 ipso
3153 930 3295 999 apud
3322 946 3422 986 nos
3450 945 3574 1001 gra-

1980 1020 2358 1090 viterincipias
2378 1034 2496 1075 esse
2511 1019 2809 1089 culpabilis.
2841 1039 2860 1072 »
2892 1018 3117 1093 (Regist.
3150 1022 3240 1076 lib.
3271 1040 3327 1094 x,
3349 1041 3430 1094 ep.
3458 1024 3571 1097 10.)

2051 1111 2139 1166 57.
2167 1110 2300 1166 ltem
2324 1110 2614 1165 Anthemio
2636 1110 2967 1167 subdiacono
3001 1129 3013 1165 :
3050 1129 3068 1162 ι
3105 1110 3356 1169 Pervenit
3378 1114 3446 1169 ad
3471 1131 3570 1170 nos

1980 1199 2304 1266 Pimenium,
2338 1201 2674 1257 Amalﬁtanae
2701 1201 2933 1257 civitatis
2963 1202 3292 1274 episcopum,
3326 1204 3379 1258 in
3403 1205 3569 1259 cccle-

1980 1295 2058 1369 sia
2082 1310 2177 1349 sua
2206 1295 2446 1351 residere
2483 1311 2591 1351 non
2621 1310 2743 1350 esse
2768 1304 3105 1363 contentum,
3144 1294 3241 1350 sed
3282 1295 3428 1350 foras
3470 1312 3567 1366 per

1979 1386 2098 1441 loca
2120 1386 2333 1441 diversa
2364 1386 2564 1462 vagari.
2599 1385 2754 1451 Quod
2782 1384 3031 1440 videntes
3057 1384 3169 1451 alii,
3214 1400 3316 1439 nec
3362 1384 3464 1455 ipsi
3512 1386 3567 1441 in

1980 1483 2159 1535 castro
2174 1490 2233 1531 se
2254 1476 2509 1541 retinent,
2526 1475 2620 1531 sed
2640 1475 2756 1545 ejus
2777 1475 3085 1545 exemplum
3106 1482 3416 1544 sequentes,
3439 1474 3568 1532 foris

1977 1568 2147 1637 magis
2177 1567 2379 1635 eligunt
2407 1568 2669 1622 habitare.
2704 1566 2770 1621 Et
2793 1569 2919 1638 quia
2949 1568 3027 1624 sic
3069 1576 3311 1636 agentes,
3342 1568 3443 1637 ipsi
3466 1583 3566 1638 p0-

1978 1658 2084 1713 tius
2121 1658 2188 1713 ad
2210 1673 2361 1714 suam
2390 1658 2575 1714 hostes
2606 1643 3063 1729 depraedationem
3091 1658 3335 1725 invitant,
3371 1657 3567 1714 idcirco

1975 1747 2079 1804 hac
2109 1750 2204 1804 tibi
2247 1750 2568 1805 auctoritate
2615 1750 2954 1821 praecipimus
2983 1757 3041 1804 ut
3074 1751 3227 1822 102
3257 1748 3567 1821 supradicto

1976 1839 2232 1911 episcopo
2276 1840 2610 1895 interminari
2652 1858 2758 1895 non
2799 1841 3031 1906 desinas,
3076 1849 3343 1911 quatenus
3371 1842 3476 1896 hoc
3501 1841 3569 1896 de

282 1945 383 2005 est,
413 1937 519 1994 hoc
541 1938 608 1994 de
630 1938 721 1995 illo
749 1938 939 1996 falsum
968 1942 1131 1999 ίυίειθ
1156 1944 1273 2013 quis
1301 1944 1543 2000 dubitet?
1572 1945 1869 2003 Αδεοινθιιο
1897 1955 1949 2017 Β
1975 1945 2172 1990 cretero
2190 1932 2370 1991 facere
2399 1952 2508 1991 non
2534 1944 2840 2006 praesumat,
2873 1932 2969 1991 sed
2997 1935 3049 1989 in
3076 1932 3320 1991 Ecclesia
3340 1951 3457 2002 sua,
3483 1950 3569 1989 sa-

282 2042 378 2085 vos
404 2045 515 2085 non
544 2031 683 2087 valet
711 2047 807 2102 par
836 2049 1071 2101 nomen,
1117 2051 1346 2106 quorum
1371 2036 1554 2107 dispar
1576 2046 1659 2093 est
1684 2053 1867 2096 causa.

280 2117 415 2175 Nam
444 2136 565 2177 cum
597 2136 663 2178 eo
692 2138 912 2179 crucem
937 2126 1101 2181 etiam
1130 2127 1402 2196 periturus
1429 2128 1569 2183 latro
1597 2130 1864 2200 suscepit;

280 2215 374 2273 sed
402 2230 565 2286 quem
602 2230 785 2276 reatus
813 2223 1061 2292 proprius
1092 2225 1290 2291 tenuit,
1328 2240 1426 2294 par
1452 2226 1729 2285 cruciﬁxio
1756 2243 1868 2285 non

279 2304 528 2363 absolvit.
566 2328 585 2361 ›
624 2309 845 2382 (Regist.
878 2313 916 2368 l.
946 2329 1003 2381 ιι,
1036 2330 1118 2384 ep.
1150 2314 1266 2385 52.)

350 2394 463 2466 Ego
489 2406 688 2466 tamen,
713 2404 900 2470 quanti
920 2405 1075 2460 valeo
1096 2406 1344 2475 precibus
1368 2407 1622 2479 deposco,
1653 2418 1713 2466 ut
1735 2424 1870 2466 san-

280 2489 355 2553 cti
382 2491 574 2547 simam
599 2494 993 2554 fraternitatem
1020 2510 1256 2557 vestram
1283 2505 1494 2560 auctori
1536 2494 1864 2563 nostro.Deo

278 2599 387 2647 non
417 2584 592 2641 solum
625 2603 844 2657 nomen,
874 2591 969 2647 sed
997 2592 1160 2648 etiam
1192 2609 1353 2650 causa
1383 2595 1689 2666 conjuugat.
1713 2596 1862 2654 Con-

278 2672 419 2729 vivia
443 2684 623 2733 autem
644 2693 765 2749 quae
782 2695 850 2735 ex
870 2680 1167 2739 intentione
1191 2684 1562 2755 impendenda:
1582 2687 1865 2746 charitatis

277 2764 433 2834 liunt,
456 2778 605 2826 recte
643 2780 825 2826 vestra
852 2775 1109 2830 sanctitas
1138 2774 1194 2830 in
1229 2777 1340 2832 suis
1366 2778 1610 2847 epistolis
1644 2778 1861 2847 laudat;

278 2858 375 2921 sed
406 2869 587 2917 tamen
609 2863 887 2921 sciendum
915 2876 999 2923 est
1023 2869 1151 2939 quia
1183 2878 1311 2927 tunc
1328 2872 1606 2927 veraciter
1632 2886 1701 2927 ex
1729 2873 1861 2929 cha-

275 2948 439 3006 ritate
469 2953 755 3022 prodeunt,
780 2972 901 3012 cum
925 2957 977 3013 in
999 2959 1077 3015 eis
1097 2960 1243 3016 nulla
1266 2962 1569 3018 absentium
1590 2964 1697 3019 vita
1716 2978 1865 3019 mor-

273 3040 451 3113 detur,
472 3046 650 3103 nullus
670 3063 736 3103 ex
758 3049 1007 3107 irrisione
1031 3055 1473 3123 reprehenditur;
1499 3064 1554 3112 et
1571 3072 1679 3113 non
1708 3057 1761 3112 in
1782 3057 1864 3113 eis

273 3136 460 3195 inanes
491 3144 825 3200 saecularium
853 3149 1194 3216 negotiorum
1221 3149 1436 3219 fabulae,
1456 3152 1560 3208 sed
1591 3151 1757 3208 verba
1774 3167 1859 3208 sa-

272 3244 380 3287 crae
409 3232 652 3292 lectionis
681 3238 988 3305 audiuntur,
1030 3257 1153 3298 cum
1178 3258 1286 3299 non
1308 3244 1427 3313 plus
1444 3260 1607 3316 quam
1636 3260 1862 3302 necesse

1979 2028 2239 2084 cerdotali
2269 2044 2443 2097 more,
2471 2029 2724 2085 resideat.
2764 2029 2935 2095 Quem
2981 2028 3026 2083 si
3067 2028 3208 2083 torte
3240 2045 3348 2084 non
3384 2044 3568 2085 emen-

1977 2120 2094 2177 dari
2122 2128 2248 2191 post
2290 2129 2437 2176 tuam
2470 2120 2960 2178 interminationem
2991 2124 3333 2192 cognoveris,
3364 2124 3420 2177 in
3449 2139 3567 2180 mo—

1974 2214 2213 2269 nasterio
2244 2228 2367 2269 eum
2391 2212 2651 2284 deputare
2677 2223 2730 2268 et
2758 2214 2914 2269 nobis
2942 2212 3155 2270 curabis
3184 2214 3359 2270 modis
3388 2214 3566 2269 omni-

1973 2303 2075 2360 bus
2104 2304 2357 2371 indicare,
2390 2312 2449 2359 ut
2496 2304 2622 2374 quid
2670 2305 2849 2361 facere
2898 2303 3096 2360 debeas
3139 2313 3325 2360 nostra
3369 2306 3566 2361 iterum

1972 2396 2335 2466 praeceptione
2374 2407 2692 2464 cognoscas.
2726 2414 2744 2448 ι
2783 2394 3010 2467 (Regist.
3050 2396 3086 2450 ι.
3118 2412 3190 2463 v1,
3223 2414 3304 2468 ep.
3338 2394 3454 2467 23.)

2043 2496 2131 2550 58.
2152 2494 2267 2552 Νοιι
2298 2495 2493 2551 mirum
2514 2496 2559 2552 si
2588 2495 2878 2565 Gregorius
2906 2511 2973 2552 ex
2992 2496 3291 2553 ministerio
3313 2496 3417 2554 sibi
3443 2513 3563 2555 crc-

1970 2586 2083 2643 dito
2113 2588 2337 2643 curabat
2373 2586 2505 2643 vitia
2549 2589 2911 2657 quorumlibet
2938 2589 3352 2661 prwpositorum
3381 2592 3561 2649 verbis

1971 2681 2281 2737 salubribus
2306 2681 2606 2752 increpare.
2635 2681 2729 2751 qui
2756 2681 2967 2752 lapsum
2990 2684 3223 2753 propria:
3252 2684 3431 2739 amitae
3450 2701 3564 2742 non

1971 2770 2298 2827 dubitaverit
2326 2772 2393 2826 ad
2423 2772 2835 2828 instructionem
2864 2772 3053 2843 populi
3080 2782 3421 2842 posterorum
3449 2789 3563 2829 mea

1969 2863 2156 2935 moria:
2183 2864 2582 2921 commendare.
2625 2863 2906 2933 Siquidem
2942 2862 3261 2934 Evangelica
3299 2867 3563 2923 sententia

1969 2970 2077 3023 qua
2098 2955 2295 3011 dicitur
2348 2973 2359 3009 :
2412 2954 2567 3010 Multi
2618 2966 2744 3010 sunt
2794 2957 2989 3022 vocati,
3045 2956 3204 3026 pauci
3249 2973 3366 3011 vero
3418 2957 3564 3011 εισοή

1971 3045 2184 3117 (Matth.
2245 3063 2376 3114 xm,
2428 3046 2541 3117 id),
2581 3047 2771 3102 volens
2808 3047 3106 3102 multorum
3146 3048 3487 3104 vocationem
3529 3062 3564 3103 a

1970 3154 2266 3210 paucorum
2299 3141 2568 3196 electione
2612 3138 2801 3195 formis
2830 3141 3202 3210 exemplorum
3233 3141 3562 3205 discernere,

1968 3233 2239 3303 perhibet,
2269 3234 2457 3291 dicens
2488 3252 2501 3289 :
2540 3254 2560 3286 ί
2589 3235 2753 3289 Pater
2774 3250 2928 3291 tuens
2958 3242 3069 3290 tres
3105 3250 3322 3291 sorores
3352 3234 3563 3303 habuit,

272 3330 357 3377 est
379 3325 873 3399 serviturcorpori,
898 3332 993 3387 sed
1024 3334 1137 3389 sola
1164 3333 1281 3403 ejus
1298 3335 1581 3392 inﬁrmitas
1598 3336 1858 3407 reﬁcitur,
1892 3338 1938 3404 ρ
1969 3341 2091 3396 qua:
2136 3334 2346 3381 cuncta:
2398 3341 2566 3382 sacrm
2607 3325 2841 3395 virgines
2894 3326 3114 3381 fuerunt
3143 3344 3155 3378 :
3188 3342 3417 3397 quarum
3458 3340 3565 3381 una

272 3423 329 3467 ut
356 3415 423 3469 ad
452 3432 605 3472 usum
631 3422 946 3479 exercenda:
974 3425 1497 3483 virtutishabeatur.
1523 3428 1650 3484 Haec
1679 3430 1862 3500 itaque

270 3505 319 3560 si
347 3521 444 3562 vos
472 3509 526 3562 in
557 3512 749 3567 vestris
778 3516 1041 3572 conviviis
1068 3518 1660 3586 agitis,abstinentium
1684 3523 1864 3581 fateor

270 3600 514 3668 magistri
543 3604 690 3659 estis.
725 3606 879 3672 Quod
908 3623 1040 3678 ergo
1069 3609 1221 3667 Pauli
1238 3616 1472 3684 apostoli
1493 3617 1564 3671 ad
1592 3632 1679 3673 me
1702 3621 1860 3675 testi-

272 3689 515 3744 monium
547 3695 819 3763 posuistis,
859 3698 913 3752 in
940 3714 1051 3768 quo
1089 3703 1165 3757 ait
1204 3721 1217 3756 :
1264 3701 1365 3767 Qui
1404 3723 1508 3761 non
1555 3709 1858 3776 mandarat,

267 3782 671 3838 manducantem
692 3803 796 3841 non
810 3789 1016 3858 judicet
1047 3791 1225 3861 (Rom.
1250 3810 1356 3859 11v,
1383 3796 1457 3867 3),
1489 3799 1713 3856 omnino
1737 3801 1860 3856 exi-

263 3875 429 3930 stimo
460 3878 811 3947 incongruum
842 3882 1004 3940 fuisse
1028 3903 1043 3940 :
1065 3888 1190 3955 quia
1224 3905 1527 3959 nequeego
1546 3909 1656 3947 non
1678 3909 1861 3950 come-

262 3964 357 4031 do,
394 3980 571 4035 neque
614 3969 684 4023 ob
729 3971 833 4028 hoc
878 3990 908 4027 η
953 3973 1121 4031 Paulo
1168 3979 1416 4047 apostolo
1445 3980 1643 4036 dictum
1671 3992 1773 4049 est,
1801 3992 1863 4040 ut

263 4056 508 4111 membra
529 4056 745 4126 Christi,
775 4077 896 4131 quae
942 4065 996 4120 in
1044 4066 1160 4134 ejus
1207 4084 1466 4138 corpore,
1497 4072 1551 4126 id
1577 4082 1659 4128 est
1680 4075 1732 4129 in
1756 4074 1861 4132 Ec-

262 4147 459 4214 clesia,
517 4149 750 4206 invicem
802 4154 907 4210 sibi
961 4157 1239 4214 charitatis
1292 4175 1554 4232 compage
1610 4180 1858 4223 connexa

262 4246 406 4303 sunt,
447 4242 647 4296 nullam
667 4243 735 4298 de
770 4260 832 4300 se
865 4248 972 4302 ullo
997 4248 1162 4305 modo
1190 4266 1375 4306 curam
1414 4263 1637 4323 gerant.
1667 4255 1774 4312 Sed
1808 4257 1858 4314 si

264 4342 441 4417 neque
464 4345 563 4400 ego
591 4333 659 4387 ad
692 4342 762 4401 te,
789 4352 965 4407 neque
996 4348 1053 4393 tu
1093 4340 1291 4411 aliquid
1333 4345 1630 4413 pertineres
1656 4347 1723 4402 ad
1746 4363 1855 4417 me,

216 4446 221 4451 ~
261 4416 381 4486 jure
412 4429 591 4477 tacere
620 4428 995 4497 compellerer,
1022 4440 1081 4486 ut
1106 4448 1231 4487 eum
1258 4450 1369 4505 non
1397 4416 1855 4507 reprehenderem

262 4511 354 4577 qui
377 4515 655 4571 emendari
678 4534 784 4574 non
810 4531 1012 4590 posset.
1037 4524 1164 4582 Haec
1184 4542 1313 4597 ergo
1334 4532 1602 4587 sententia
1632 4541 1859 4603 propter

263 4616 359 4655 eos
380 4603 887 4667 solununododicta
918 4624 1001 4669 est
1042 4618 1133 4687 qui
1174 4618 1297 4675 illos
1333 4621 1582 4689 judicare
1630 4626 1857 4680 student

1970 3416 2252 3484 Tharsilla,
2286 3417 2393 3472 alia
2436 3416 2734 3485 Gordiana,
2784 3418 2888 3472 alia
2918 3415 3212 3473 Emiliana
3259 3418 3562 3473 dicebatur.

1968 3511 2089 3579 Uno
2118 3528 2307 3570 omnes
2329 3529 2516 3570 amore
2536 3530 2835 3583 conversae,
2859 3531 2968 3571 uno
2991 3516 3293 3585 eodemque
3317 3524 3563 3585 tempore

1965 3614 2213 3670 sacratae,
2244 3604 2343 3660 sub
2373 3604 2711 3661 districtione
2750 3608 2984 3677 regulari
3023 3607 3281 3675 degentes
3310 3607 3364 3661 in
3393 3608 3560 3664 domo

1966 3695 2207 3763 propria,
2250 3694 2510 3750 socialem
2561 3696 2725 3750 vitam
2765 3696 3054 3751 ducebant.
3096 3695 3342 3766 Cumque
3381 3706 3564 3754 essent

1966 3786 2167 3842 diutius
2196 3787 2248 3840 in
2269 3787 2459 3842 eadem
2488 3788 2922 3855 conversatione,
2968 3800 3248 3858 coeperunt
3292 3789 3564 3857 quotidia-

1969 3878 2051 3931 nis
2080 3878 2425 3932 incrementis
2470 3878 2525 3932 in
2571 3893 2814 3933 amorem
2844 3878 3163 3935 Conditoris
3182 3882 3267 3935 sui
3298 3879 3563 3938 Tharsilla

1966 3978 2024 4025 et
2064 3967 2355 4024 Emiliana
2396 3984 2761 4036 succrescere,
2793 3980 2867 4037 et,
2895 3986 3020 4025 cum
3066 3970 3185 4026 solo
3240 3971 3331 4027 hic
3378 3980 3563 4029 essent

1969 4075 2221 4129 corpore,
2252 4059 2493 4130 quotidie
2521 4061 2703 4117 animo
2734 4064 2802 4118 ad
2823 4069 3028 4117 aeterna
3059 4062 3307 4118 transire.
3336 4061 3409 4117 At
3436 4079 3562 4120 con-

1969 4158 2051 4205 tra
2074 4149 2362 4206 Gordianae
2390 4152 2604 4209 animus
2630 4153 2792 4225 cmpit
2818 4154 2887 4208 ab
2916 4168 3103 4209 amore
3148 4153 3345 4210 caloris
3385 4154 3562 4211 intimi

1964 4260 2060 4315 per
2087 4244 2399 4313 quotidiana
2424 4245 2766 4301 decrementa
2791 4258 3087 4317 tepescere,
3120 4255 3175 4303 et
3200 4247 3473 4317 paulisper
3492 4246 3562 4306 ad

1964 4337 2123 4406 hujus
2151 4324 2334 4392 saeculi
2355 4353 2594 4393 amorem
2626 4339 2825 4395 redire.
2851 4338 3056 4395 Crebro
3083 4347 3265 4394 autem
3294 4338 3562 4395 Tharsilla

1963 4427 2143 4483 dicere
2167 4424 2474 4482 Emilianze
2502 4428 2677 4483 sorori
2698 4444 2813 4484 sua:
2828 4445 2950 4485 cum
2976 4444 3171 4499 magno
3192 4430 3393 4500 gemitu
3420 4430 3561 4485 sole-

1963 4518 2094 4574 bat:
2128 4519 2301 4576 Video
2338 4519 2663 4577 Gordianam
2693 4539 2938 4579 sororem
2986 4533 3223 4580 nostram
3262 4524 3330 4578 de
3374 4532 3561 4579 nostra

1962 4620 2112 4667 sorte
2141 4626 2252 4667 non
2278 4626 2418 4667 esse.
2449 4610 2735 4684 Perpendo
2769 4613 2914 4669 enim
2944 4614 3071 4683 quia
3098 4612 3242 4667 foras
3265 4610 3559 4679 delluit,»et

261 4706 489 4761 quorum
514 4712 642 4753 cura
660 4700 764 4755 sibi
780 4706 1066 4761 commissa
1086 4723 1195 4763 non
1215 4718 1318 4765 εει,
1341 4712 1414 4766 At
1426 4721 1711 4784 ροεηωιη
1731 4732 1855 4786 nos,
1880 4722 1938 4786 ι)
1963 4716 2062 4757 cor
2080 4701 2149 4756 ad
2178 4702 2326 4773 quod
2352 4705 2638 4774 proposuit
2658 4720 2767 4760 non
2793 4705 3051 4760 custodit.
3091 4703 3264 4770 Quam
3294 4705 3559 4761 curabant

260 4794 487 4851 auctore
516 4788 649 4857 Deo,
684 4808 848 4848 unum
873 4812 1075 4866 sumus,
1104 4809 1128 4835 ³
1148 4802 1197 4856 si
1240 4817 1306 4857 ea
1344 4818 1463 4872 qum
1495 4807 1651 4864 nobis
1677 4811 1853 4866 corri-

259 4876 437 4943 genda
466 4888 590 4934 sunt
620 4890 878 4953 tacemus,
912 4889 1067 4944 valde
1088 4890 1461 4962 delinquimus.

330 4972 419 5026 36.
438 4974 718 5034 Neminem
739 4997 872 5037 sane
893 4986 1205 5052 pontiﬁcum
1223 5005 1253 5044 a
1269 4994 1521 5060 parochia
1540 5011 1635 5051 sua
1658 4998 1851 5055 saltem

258 5080 549 5137 parumper
568 5071 771 5141 absque
787 5074 1078 5130 inevitabili
1100 5094 1318 5148 prorsus
1339 5087 1660 5145 necessitate
1679 5091 1853 5149 disce-

259 5156 390 5211 dere
428 5157 723 5229 Gregorius
772 5168 1120 5234 permittebat
1148 5189 1161 5224 :
1192 5186 1328 5241 quos
1357 5176 1607 5235 nimirum
1635 5184 1690 5238 in
1717 5202 1851 5241 cau-

257 5247 332 5341 sis
356 5251 713 5310 mundialibus
730 5260 989 5329 occupari
1011 5262 1488 5324 vehementissime
1509 5274 1847 5341 prohibebat.

268 5336 419 5396 (Inde
451 5341 728 5418 Romano,
758 5351 1051 5423 defensori,
1081 5357 1297 5425 scribit,
1348 5336 1573 5419 dicens:
1611 5384 1632 5418 ε
1668 5367 1853 5426 Peria-

264 5440 376 5482 tum
398 5441 481 5487 est
500 5436 569 5490 ad
590 5454 709 5507 nos,
725 5446 1225 5503 reverendissimum
1243 5449 1463 5508 lratrem
1481 5465 1725 5514 nostrum
1746 5460 1851 5517 Ba-

257 5520 437 5577 silium
452 5528 782 5601 episcopum,
800 5535 946 5591 velut
968 5554 1130 5593 unum
1151 5543 1221 5598 de
1237 5542 1384 5599 laicis
1405 5546 1461 5600 in
1474 5549 1651 5605 causis
1670 5565 1845 5607 saecu-

258 5610 462 5671 laribus
485 5624 759 5692 occupari,
775 5632 1108 5697 etprzctoriis
1123 5633 1383 5691 inutiliter
1402 5638 1692 5697 deservire.
1721 5645 1850 5710 Quae

261 5718 371 5771 res,
391 5714 647 5778 quoniam
666 5724 723 5772 et
739 5718 911 5787 ipsum
933 5722 1092 5777 vilem
1112 5725 1309 5795 reddit,
1332 5736 1754 5790 etreverentiam
1768 5753 1848 5794 sa-

258 5799 592 5860 cerdotalem
603 5809 1070 5877 anniltilat,statim
1085 5824 1141 5871 ut
1154 5821 1487 5889 experientia
1500 5832 1593 5880 tua
1605 5826 1710 5883 hoc
1722 5843 1849 5900 prae-

336 5963 364 5997 ι
382 5956 471 6017 Al.
500 5962 543 6017 si
572 5961 709 6021 vobis
738 5980 799 6020 ea
823 5984 936 6035 quia
959 5972 1259 6040 corrigenda
1280 5982 1398 6030 sunt
1426 5984 1671 6037 tacemus.

1968 4792 2165 4849 blanda
2194 4794 2435 4864 quotidie
2462 4795 2846 4867 redargutione
2870 4797 3168 4865 corripere,
3202 4804 3364 4868 atque
3395 4813 3426 4851 a
3472 4797 3556 4853 le-

1966 4886 2137 4959 yitate
2174 4902 2387 4943 morum
2429 4887 2497 4941 ad
2535 4888 2853 4957 gravitatem
2883 4888 2969 4943 sui
2998 4888 3214 4945 habitus
3240 4890 3557 4947 reformare.

1966 4978 2097 5046 Qua:
2118 4980 2335 5048 quidem
2362 4981 2677 5036 resumebat
2717 4981 2927 5035 vultum
2951 4982 3137 5038 subito
3165 4984 3444 5054 gravitatis
3474 4984 3558 5039 in-

1965 5081 2050 5127 ter
2068 5072 2233 5127 verba
2262 5072 2650 5141 correptionis;
2702 5073 2799 5129 sed
2837 5090 2961 5130 cum
2988 5075 3230 5146 ejusdem
3259 5078 3557 5149 correptio-

1966 5162 2051 5216 nis
2078 5162 2211 5217 hora
2236 5162 2541 5233 transisset,
2572 5164 2837 5220 transibat
2875 5169 3127 5237 protinus
3146 5179 3201 5225 et
3230 5171 3558 5240 superducta

1967 5252 2201 5323 gravitas
2244 5254 2566 5321 honestatis,
2598 5272 2837 5328 moxque
2869 5260 2937 5315 ad
2964 5261 3105 5317 levia
3134 5262 3296 5319 verba
3325 5264 3553 5320 redibat.

1966 5343 2273 5399 Puellarum
2302 5346 2572 5415 gaudebat
2599 5350 2864 5406 societate
2893 5351 3177 5420 laicarnm,
3225 5355 3385 5425 eique
3430 5370 3555 5423 per-

1964 5453 2097 5494 sona
2120 5439 2275 5493 valde
2297 5455 2523 5495 onerosa
2547 5451 2683 5509 erat,
2713 5459 3067 5515 quaecumque
3087 5445 3211 5500 huic
3238 5445 3439 5501 mundo
3458 5444 3557 5500 de-

1961 5527 2071 5583 dita
2100 5545 2206 5584 non
2250 5538 2386 5601 erat.
2435 5531 2676 5597 Quadam
2728 5550 2856 5589 vero
2898 5546 3059 5592 nocte
3104 5536 3231 5589 huic
3281 5535 3556 5590 Tharsilla:

1968 5617 2145 5672 amitte
2172 5634 2326 5684 mea},
2362 5636 2479 5689 qua:
2509 5622 2648 5677 inter
2676 5638 2894 5679 sorores
2919 5640 3046 5679 suas
3074 5623 3271 5679 virtute
3296 5624 3557 5681 orationis

1964 5709 2256 5775 continuze,
2289 5712 2596 5769 afliictionis
2628 5715 2907 5784 studiosae,
2951 5714 3288 5769 abstinentia:
3317 5716 3555 5785 singula-

1961 5804 2057 5869 ris,
2091 5805 2354 5873 gravitate
2386 5806 2508 5860 vitae
2539 5807 2883 5874 venerabilis,
2918 5807 2974 5862 in
3001 5804 3212 5861 honore
3232 5813 3286 5861 et
3316 5806 3553 5869 culmine
