4118 6452
552 460 654 530 ιδι

1146 464 1202 520 S.
1246 459 1578 519 GREGORII
1618 454 1820 515 PAWE
1858 454 2045 523 VITA,
2086 452 2291 511 AUCT.
2333 448 2597 507 JOANNE
2638 442 2951 504 DlACONO.
2994 444 3121 505 LIB.
3164 446 3249 504 Ill.

3727 440 3849 503 152

551 584 854 643 sanctitatis
879 587 1213 644 excreverat,
1238 578 1377 632 sicut
1405 577 1519 646 ipsa
1550 574 1810 642 narravit,
1838 588 1935 643 per
1961 569 2129 625 visio-
2162 570 2215 631 Α
2238 567 2312 623 ris
2338 565 2723 622 coercitionem
2751 572 3025 635 expertus,
3060 564 3115 620 in
3172 563 3291 619 aliis
3328 562 3623 634 disciplinae
3648 562 3850 622 distri-

551 695 675 734 nem
695 686 880 731 atavus
906 684 1057 727 meus
1083 668 1257 735 Felix,
1278 667 1436 738 hujus
1457 666 1716 721 Romanae
1743 663 1995 719 Ecclesiae
2034 676 2134 715 an-

552 773 728 834 tistes,
754 763 1025 836 apparuit,
1054 760 1211 829 eique
1238 759 1573 814 mansionem
1602 764 1877 827 perpetua:
1917 754 2135 809 clarita-

551 862 620 916 tis
649 856 903 921 ostendit,
936 854 1121 908 dicens
1150 869 1163 905 :
1198 850 1353 916 Veni,
1380 848 1504 918 quia
1532 848 1587 902 in
1612 847 1714 902 hac
1737 854 1790 901 te
1818 845 1952 900 lucis
1984 861 2140 900 man-

550 957 703 1011 sione
740 951 997 1020 suscipio.
1023 950 1153 1015 Qum
1173 944 1524 1015 subsequenti
1547 958 1675 997 mox
1694 940 1842 997 febre
1863 948 2135 1009 correpta,

550 1048 615 1101 ad
638 1046 779 1101 diem
806 1040 1067 1115 pervenit
1085 1046 1404 1093 extremum.
1435 1032 1500 1087 Et
1525 1033 1662 1087 sicut
1689 1029 1954 1086 nobilibus
1980 1028 2139 1084 femi-

550 1141 633 1194 nis
661 1137 897 1204 virisque
921 1130 1291 1192 morientibus,
1315 1125 1470 1181 multi
1493 1123 1821 1181 conveniunt
1836 1123 1928 1190 qui
1951 1134 2142 1177 eorum

550 1230 826 1299 proximos
849 1226 1218 1291 consolentur,
1252 1220 1441 1276 eadem
1472 1220 1607 1274 hora
1628 1217 1744 1287 ejus
1772 1216 1979 1271 exitum
1999 1229 2141 1285 pm-

550 1322 813 1376 stolantcs
845 1318 946 1373 viri
975 1332 1038 1371 ac
1086 1314 1297 1369 feminae
1345 1311 1599 1365 lectulum
1649 1308 2139 1373 circumsteterunt,

552 1413 695 1465 inter
727 1425 862 1478 quas
899 1414 1074 1461 mater
1115 1417 1332 1473 quoque
1381 1416 1501 1457 mea
1550 1398 1742 1453 adfuit.
1795 1397 1928 1453 Cum
1964 1396 2142 1452 subito

552 1515 763 1557 sursum
787 1500 877 1553 illa
898 1497 1215 1566 respiciens,
1237 1492 1419 1548 Jcsum
1442 1492 1747 1546 venientem
1770 1488 1923 1551 vidit,
1947 1498 2142 1543 etcum

553 1608 745 1662 magna
759 1588 1222 1645 animadversione
1234 1586 1396 1655 coepit
1408 1581 1875 1639 circumstantibus
1886 1581 2142 1646 clamare,

554 1685 740 1739 dicens
768 1702 781 1736 :
811 1682 1084 1747 Recedite,
1119 1678 1386 1745 recedite,
1416 1676 1570 1741 Jesus
1592 1675 1760 1731 venit.
1805 1674 2047 1743 Cumque
2089 1674 2145 1728 in

555 1793 675 1831 cum
706 1776 1011 1829 intenderet
1038 1788 1198 1842 quem
1224 1771 1460 1837 videbat,
1492 1778 1681 1825 sancta
1704 1769 1795 1823 illa
1819 1767 1995 1823 anima
2024 1782 2145 1822 car-

555 1886 623 1925 ne
653 1869 829 1924 soluta
852 1877 965 1933 est;
1000 1875 1257 1935 tantaque
1282 1865 1461 1920 subito
1491 1863 1785 1935 fragrantia
1815 1862 1938 1917 miri
1962 1861 2144 1916 odoris

2239 659 2474 714 ctionem
2500 656 2713 711 nescias
2740 654 3010 711 custodire
3040 698 3052 708 .
3084 654 3315 723 qualiter
3337 653 3537 711 debeas
3562 670 3683 712 esse
3720 656 3851 713 sol-

2240 748 2437 816 licitus,
2487 760 2728 815 congruo
2784 746 2900 811 tibi,
2941 746 2985 801 si
3017 744 3245 802 Domino
3272 746 3555 818 placuerit,
3583 754 3853 822 tempore

2240 839 2749 897 demonstrabimus.
2783 858 2802 891 ›
2837 838 3060 910 (Regist.
3088 838 3177 894 lib.
3201 854 3314 905 vm,
3338 856 3420 910 ep.
3462 838 3543 910 8.)

2259 964 2263 968 -
2311 934 2401 989 40.
2450 934 2583 989 Item
2621 931 2811 1002 Sergio
2855 931 3126 987 defensori
3160 949 3173 986 :
3212 949 3233 985 ι
3258 931 3321 987 Si
3353 932 3518 987 homo
3546 946 3711 1000 esses,
3735 942 3849 991 aut

2241 1025 2621 1081 discretionem
2650 1022 2756 1095 [ΑΙ.
2802 1020 3214 1092 districtionem]
3255 1020 3490 1091 aliquam
3524 1022 3845 1096 habuisses,

2242 1117 2316 1171 ita
2338 1114 2599 1186 regularis
2619 1113 2917 1184 disciplina:
2940 1112 3173 1170 debuisti
3201 1122 3381 1171 custos
3409 1115 3659 1183 existere,
3684 1126 3744 1172 ut
3763 1134 3846 1175 ea

2244 1223 2363 1279 quae
2406 1207 2515 1263 illic
2557 1207 2745 1263 illicite
2773 1206 3205 1273 committuntur,
3238 1215 3366 1264 ante
3391 1208 3630 1264 vindicta
3658 1209 3845 1265 corri—

2244 1306 2416 1369 geret,
2448 1312 2611 1367 quam
2643 1298 2712 1354 ad
2754 1313 2854 1354 nos
2880 1313 3069 1355 eorum
3110 1298 3330 1355 nuntius
3363 1301 3691 1370 perveniret.
3724 1300 3848 1357 Sed

2244 1391 2373 1446 dum
2400 1390 2564 1445 nimia
2591 1397 2645 1444 te
2672 1390 2801 1445 facit
2828 1389 3056 1445 stultitia
3086 1389 3466 1459 negligentem,
3505 1406 3614 1447 non
3655 1392 3845 1447 solum

2244 1482 2312 1538 de
2349 1482 2453 1537 illis
2492 1480 2833 1548 offendimur,
2884 1480 2981 1538 sed
3009 1481 3171 1536 etiam
3199 1481 3268 1536 ad
3296 1482 3658 1537 ulciscendam
3684 1482 3845 1538 desi-

2245 1572 2387 1627 diam
2405 1581 2549 1629 tuam
2566 1572 2913 1629 nihilominus
2928 1587 3306 1644 provocamur.
3319 1592 3337 1627 ›
3367 1572 3589 1646 (Regist.
3614 1574 3703 1630 lib.
3719 1590 3845 1645 Vm,

2246 1683 2329 1736 ep.
2363 1664 2442 1737 9.)

2316 1757 2566 1815 41.1tem
2588 1759 2901 1826 Anthemio,
2923 1758 3251 1816 subdiacono
3280 1760 3624 1832 Campaniae:
3661 1780 3681 1814 ι
3708 1759 3849 1817 Pcr—

2245 1851 2395 1907 venit
2422 1851 2490 1907 ad
2518 1867 2618 1907 nos
2648 1851 2871 1908 fratrem
2918 1861 2975 1908 et
3021 1853 3405 1923 coepiscopum
3456 1862 3701 1909 nostrum
3736 1853 3851 1910 Pa-

554 1976 773 2030 aspersa
804 1968 905 2024 est,
940 1966 999 2013 ut
1022 1958 1135 2027 ipsa
1162 1972 1378 2027 quoque
1403 1957 1640 2012 suavitas
1668 1956 1880 2012 cunctis
1902 1955 2144 2012 ostende-

2256 1942 2519 1998 scbasium
2543 1942 2619 1998 ita
2645 1942 2886 1999 desidem
2909 1942 3378 2014 negligentemque
3400 1944 3456 1999 in
3486 1945 3697 2000 cunctis
3717 1944 3847 2000 exi-

555 2064 639 2108 ret
669 2053 778 2107 illic
807 2060 1083 2106 auctorem
1112 2050 1393 2105 suavitatis
1420 2050 1649 2104 venisse.
1678 2050 1921 2117 Cumque
1948 2064 2144 2119 corpus

553 2145 671 2213 ejus
699 2159 767 2199 ex
814 2159 964 2198 more
1012 2150 1347 2197 mortuorum
1377 2142 1531 2213 103
1561 2140 1628 2195 ad
1675 2140 1961 2195 lavandum
2001 2148 2147 2197 esset

471 2264 480 2272 ο
554 2235 831 2299 nudatum,
862 2234 1035 2303 longa:
1060 2233 1321 2287 orationis
1343 2248 1442 2287 usu
1467 2232 1521 2285 in
1544 2231 1738 2286 cubitis
1765 2231 1880 2300 ejus
1908 2240 1962 2286 et
1990 2231 2144 2300 geni-

555 2327 675 2394 bus,
700 2327 1027 2382 camelorum
1052 2340 1223 2391 more,
1252 2326 1468 2380 inventa
1497 2332 1583 2380 est
1604 2324 1865 2379 obdurata
1886 2325 2023 2380 cutis
2047 2340 2146 2379 cx-

556 2419 823 2483 crevisse;
850 2426 905 2472 et
932 2418 1058 2487 quid
1090 2417 1274 2472 vivens
1314 2416 1429 2485 ejus
1457 2416 1676 2485 spiritus
1714 2430 1928 2485 semper
1956 2416 2144 2484 egerit,

557 2519 767 2565 mortua
794 2526 920 2565 caro
955 2510 1271 2565 testabatur.
1306 2507 1435 2564 Haec
1476 2516 1655 2564 autem
1685 2517 1835 2578 gesta
1864 2517 1987 2564 sunt
2024 2517 2150 2566 ante

557 2602 821 2657 Dominici
843 2602 1036 2656 natalis
1064 2601 1224 2657 diem.
1259 2601 1377 2667 Quo
1408 2608 1700 2666 transacto,
1734 2615 1864 2655 mox
1894 2599 2146 2656 [Emilia-

557 2708 640 2747 me
682 2694 857 2756 sorori
900 2708 1011 2748 suae
1065 2707 1162 2761 per
1190 2692 1555 2747 visitationem
1611 2699 1888 2746 nocturnm
1929 2692 2149 2748 visionis

557 2784 822 2853 apparuit,
857 2782 1039 2839 dicens
1073 2802 1085 2836 :
1122 2782 1275 2849 Veni,
1302 2790 1362 2837 ut
1390 2781 1515 2852 quia
1540 2779 1786 2835 Natalem
1812 2781 2146 2836 Dominicum

556 2876 673 2931 sine
690 2884 743 2929 te
760 2874 883 2941 feci,
902 2884 926 2912 α
948 2884 1194 2931 sanctum
1217 2873 1579 2944 Theophanize
1595 2871 1708 2942 jam
1730 2880 1908 2927 tecum
1933 2872 2146 2927 faciam.

556 2963 656 3020 Cui
676 2966 764 3020 illa
784 2965 1029 3035 protinus
1052 2964 1118 3020 de
1137 2963 1425 3020 Cor-dianae
1446 2962 1651 3019 sororis
1675 2976 1783 3017 suae
1804 2962 1977 3016 salute
1997 2961 2148 3016 solli-

557 3057 685 3123 cita,
712 3055 1030 3125 reSpondit:
1064 3053 1128 3107 Et
1157 3055 1201 3109 si
1249 3054 1365 3109 sola
1407 3054 1586 3119 venio,
1630 3067 1876 3108 sororem
1904 3060 2150 3107 nostram

557 3148 905 3213 Gordianam,
932 3148 1019 3203 cui
1041 3147 1287 3202 dimitto?
1312 3146 1412 3201 Cui
1437 3145 1578 3200 tristi
1598 3143 1748 3199 vultu
1766 3144 1962 3199 iterum
1984 3141 2147 3197 dixit:

559 3238 718 3303 Veni,
749 3238 1020 3293 Gordiana
1044 3237 1245 3292 etenim
1271 3252 1427 3291 soror
1455 3244 1641 3291 nostra
1673 3235 1815 3290 inter
1850 3234 2015 3289 laicas
2050 3232 2149 3288 de-

2251 2042 2417 2101 stere,
2436 2045 2497 2090 ut
2524 2034 2579 2089 in
2599 2034 2749 2090 nullo
2770 2035 2897 2104 quia
2919 2042 3004 2090 est
3023 2035 3307 2105 episcopus
3336 2040 3680 2105 agnoscatur,
3703 2035 3851 2091 adeo

2261 2135 2320 2181 ut
2349 2141 2526 2196 neque
2554 2126 2788 2182 ecclesia
2822 2126 3008 2197 ipsius,
3039 2141 3215 2197 neque
3233 2127 3580 2192 monasteria,
3610 2128 3725 2185 sive
3748 2126 3853 2185 filii

2253 2220 2511 2286 ecclesiae,
2536 2220 2622 2275 vel
2648 2220 2913 2291 Oppressi,
2939 2220 3027 2275 vel
3050 2235 3332 2292 pauperes,
3368 2221 3484 2290 ejus
3514 2235 3643 2290 erga
3670 2235 3731 2277 se
3758 2220 3851 2276 di-

2252 2311 2501 2367 lectionis
2549 2310 2785 2366 studium
2812 2311 3092 2379 sentiant,
3136 2326 3238 2368 nec
3270 2312 3503 2382 aliquam
3532 2312 3851 2384 supplican-

2252 2402 2394 2457 tibus
2420 2402 2521 2458 sibi
2550 2402 2638 2469 iis,
2669 2402 2724 2457 in
2748 2402 2943 2472 quibus
2960 2402 3165 2471 justum
3191 2414 3298 2473 est,
3328 2418 3492 2475 opem
3516 2403 3851 2463 defensionis

2255 2496 2664 2564 accommodet;
2697 2505 2752 2553 et
2779 2496 2925 2567 quod
2950 2497 3126 2553 adhuc
3153 2498 3259 2554 dici
3289 2499 3505 2568 gravius
3535 2508 3642 2565 est,
3667 2500 3850 2556 consi-

2255 2583 2324 2640 lia
2345 2588 2669 2657 sapientium
2696 2597 2750 2644 et
2776 2596 2925 2644 recta
2955 2588 3297 2645 suadentium
3328 2589 3472 2645 nulla
3501 2592 3740 2662 patiatur
3756 2607 3849 2648 ra-

2257 2677 2404 2733 tione
2426 2679 2718 2749 suscipere,
2740 2688 2800 2734 ut
2826 2679 2972 2750 quod
2993 2680 3108 2750 ipse
3134 2695 3234 2750 per
3254 2695 3315 2737 se
3333 2681 3521 2751 nequit
3542 2681 3847 2751 attendere,

2257 2768 2324 2824 ab
2351 2770 2459 2825 alio
2481 2770 2671 2826 saltem
2700 2770 2873 2840 possit
2910 2770 3214 2839 addiscere,
3265 2772 3360 2829 sed
3378 2815 3395 2841 ,
3446 2773 3612 2830 rebus
3631 2788 3752 2844 qua:
3780 2774 3850 2831 ad

2263 2862 2421 2934 10a.
2446 2860 2685 2920 Pastoris
2713 2879 2896 2920 curam
2937 2865 3213 2936 pertinent
3251 2867 3649 2937 przetermissis,
3679 2868 3748 2923 ad
3771 2868 3851 2923 fa-

2256 2954 2568 3011 bricandam
2598 2957 2780 3011 navim
2808 2964 2924 3013 toto
2978 2973 3037 3013 se
3081 2956 3260 3013 studio
3291 2957 3552 3014 inutiliter
3596 2967 3846 3031 occupet.

2260 3044 2444 3114 Unde,
2476 3047 2616 3103 sicut
2668 3046 2873 3117 fertur,
2905 3048 3132 3117 contigit
3158 3048 3585 3121 quadringentos
3640 3060 3736 3107 aut
3782 3066 3849 3108 eo

2258 3139 2487 3210 amplius
2531 3139 2682 3196 illum
2732 3140 2845 3210 jam
2885 3140 3086 3197 solidos
3132 3141 3447 3212 perdidisse.
3477 3140 3595 3199 Hoc
3632 3157 3851 3213 quoque

2258 3230 2375 3299 ejus
2403 3230 2575 3301 culpis
2602 3231 2932 3302 adjnngitur,
2977 3232 3123 3303 quod
3166 3232 3243 3287 ita
3284 3232 3525 3303 quotidie
3564 3233 3849 3305 despectus

559 3339 747 3402 putata
763 3338 864 3387 est.
889 3330 1059 3396 Quam
1088 3330 1355 3385 visionem
1372 3344 1500 3384 mox
1526 3327 1776 3384 molestia
1804 3326 2049 3395 corporis
2071 3333 2155 3381 est
2184 3333 2229 3397 (ζ
2259 3335 2382 3376 cum
2402 3336 2511 3377 uno
2541 3330 2637 3377 aut
2654 3322 2866 3378 duobus
2892 3322 3103 3379 clericis
3131 3322 3329 3379 dicitur
3351 3323 3420 3378 ad
3445 3338 3597 3380 mare
3624 3325 3849 3381 descen-

562 3432 778 3489 secuta;
811 3431 975 3491 atque
1014 3423 1089 3476 ita
1126 3429 1185 3475 ut
1211 3421 1411 3475 dictum
1456 3421 1650 3487 fuerat,
1690 3426 1817 3475 ante
1860 3418 2151 3474 Dominicre

563 3513 916 3584 apparitionis
959 3512 1125 3581 diem,
1179 3512 1371 3569 eadem
1419 3512 1668 3569 molestia
1720 3512 2149 3582 ingravescente,

564 3603 815 3660 defuncta
841 3611 942 3659 est.

639 3715 659 3748 ι
691 3695 961 3752 Gordiana
990 3705 1172 3752 autem
1200 3710 1328 3752 mox
1347 3704 1407 3751 ut
1434 3696 1606 3751 solam
1635 3695 1960 3751 remansisse
1982 3710 2040 3751 se
2062 3711 2153 3752 re-

564 3791 725 3861 perit,
759 3790 877 3860 ejus
906 3790 1147 3860 pravitas
1178 3788 1449 3853 excrevit;
1483 3797 1541 3844 et
1567 3788 1711 3859 quod
1739 3789 1888 3857 prius
1916 3787 2074 3843 latuit
2099 3789 2155 3843 in

566 3880 838 3938 desiderio
887 3882 1254 3953 cogitationis,
1300 3888 1422 3950 post
1467 3878 1663 3936 effectu
1712 3895 1891 3949 pravae
1929 3880 2156 3936 actionis

565 3976 824 4031 exercuit.
857 3975 991 4030 Nam
1021 3975 1186 4031 oblita
1230 3974 1494 4030 Dominici
1528 3974 1759 4039 timoris,
1791 3974 1956 4029 oblita
1984 3973 2155 4045 pudo-

564 4072 640 4126 ris
669 4080 724 4126 et
746 4071 1081 4137 reverentiae,
1107 4070 1274 4125 oblita
1301 4069 1747 4133 consecrationis,
1769 4068 2155 4123 conductorem

565 4161 908 4232 postmodum
958 4176 1207 4231 agrorum
1256 4177 1477 4217 suorum
1522 4161 1775 4215 maritum
1819 4160 1989 4215 duxit.
2019 4158 2157 4215 Ecce

567 4269 761 4309 omnes
791 4263 901 4310 tres
918 4269 1027 4309 uno
1054 4254 1203 4324 prius
1231 4253 1425 4308 ardore
1453 4267 1730 4308 conversa:
1750 4259 1892 4315 sunt,
1926 4250 2021 4306 sed
2046 4266 2156 4306 non

567 4360 757 4399 onmes
783 4345 837 4398 in
881 4360 989 4400 uno
1020 4343 1318 4413 eodemque
1345 4344 1526 4399 studio
1564 4350 1999 4413 permanserunt,
2031 4341 2155 4412 quia

567 4433 717 4503 juxta
738 4433 1069 4489 Dominicam
1092 4449 1282 4490 vocem
1313 4453 1325 4487 :
1358 4434 1515 4488 Multi
1528 4444 1646 4487 sunt
1664 4434 2018 4503 vocati,pauci
2038 4448 2156 4487 vero

566 4527 711 4581 electi
743 4526 957 4598 (Matth.
990 4542 1121 4593 xxn,
1153 4525 1267 4596 14).
1305 4544 1324 4579 ι
1354 4525 1579 4596 (Homil.
1610 4523 1680 4579 38
1703 4526 1758 4579 in
1796 4523 2022 4597 Evang.)

578 4642 579 4645 η
638 4621 730 4678 59.
761 4620 1113 4676 Subditorum
1140 4632 1358 4691 quoque
1387 4618 1738 4687 negligentias
1763 4616 2076 4687 Gregorius,
2102 4626 2159 4673 et

2255 3414 2401 3481 dere,
2434 3421 2493 3468 ut
2542 3422 2598 3469 et
2634 3414 2777 3484 apud
2804 3429 2932 3471 suos
2960 3415 3016 3470 in
3043 3414 3226 3471 fabula
3254 3416 3344 3483 sit,
3385 3424 3443 3472 et
3469 3417 3745 3472 extraneis
3773 3417 3850 3473 sic

2255 3509 2378 3565 vilis
2404 3517 2461 3564 et
2486 3509 2828 3580 despicabilis
2852 3509 3122 3580 videatur,
3161 3519 3223 3565 ut
3265 3509 3399 3565 nihil
3444 3510 3501 3565 in
3547 3524 3609 3567 se
3639 3510 3850 3566 habere

2255 3600 2577 3671 episcopalis
2605 3600 2805 3670 ingenii
2830 3601 2919 3656 vel
2945 3599 3263 3657 reverentiae
3285 3598 3577 3669 iudicetur.
3608 3599 3766 3668 Quod
3802 3601 3850 3657 si

2256 3692 2331 3747 ita
2360 3700 2463 3757 est,
2496 3708 2605 3748 non
2632 3692 2749 3751 sine
2776 3691 2935 3762 culpa
2961 3700 3055 3747 tua
3079 3706 3199 3749 esse
3223 3704 3551 3763 cognoscas,
3598 3692 3695 3762 qui
3725 3706 3847 3749 eum

2258 3786 2543 3855 objurgare
2580 3794 2742 3855 atque
2777 3787 3035 3842 coércerc
3082 3793 3142 3841 ut
3180 3786 3402 3857 dignum
3446 3792 3533 3843 est
3574 3784 3845 3841 distulisti.

2258 3880 2394 3947 Quia
2422 3894 2553 3950 ergo
2579 3879 2685 3935 hoc
2711 3887 2886 3936 totum
2910 3895 3019 3937 non
3048 3881 3225 3937 solum
3252 3881 3404 3937 illum
3431 3880 3714 3952 reprobat,
3756 3878 3847 3935 sed

2258 3970 2422 4027 etiam
2452 3970 2521 4025 ad
2560 3968 2916 4026 sacerdotalis
2968 3970 3132 4027 officii
3160 3971 3435 4043 pertinere
3464 3970 3727 4040 probatur
3755 3984 3847 4040 op-

2260 4062 2559 4134 probrium,
2587 4062 2837 4119 volumus
2860 4070 2919 4117 ut
2947 4076 3071 4117 eum
3098 4077 3284 4118 coram
3314 4061 3431 4119 aliis
3458 4060 3847 4126 sacerdotibus,

2258 4155 2345 4211 vel
2372 4153 2695 4225 quibusdam
2716 4154 2785 4210 de
2824 4152 2946 4209 ﬁliis
2968 4155 3080 4210 suis
3114 4154 3404 4219 nobilibus,
3437 4152 3732 4209 contestari
3756 4151 3848 4209 de-

2260 4250 2389 4305 beas
2413 4263 2477 4303 ac
2495 4247 2721 4314 hortari,
2750 4255 2813 4302 ut
2838 4247 2971 4303 vitio
3000 4249 3237 4319 torporis
3276 4262 3524 4315 excusso,
3553 4246 3713 4303 deses
3734 4260 3850 4303 esse

2261 4356 2371 4396 non
2390 4340 2605 4406 debeat,
2633 4338 2730 4395 sed
2758 4340 2814 4394 in
2843 4340 3084 4396 ecclesiae
3138 4356 3249 4395 suae
3295 4356 3359 4397 ac
3400 4339 3849 4397 monasteriorum

2262 4449 2389 4489 cura
2405 4433 2476 4488 sit
2494 4432 2746 4501 vigilans;
2771 4441 3051 4504 paternam
3079 4432 3205 4489 filiis
3226 4434 3337 4489 suis
3358 4433 3681 4489 charitatem
3703 4434 3849 4490 exhi-

2259 4524 2388 4579 beat
2410 4540 2425 4590 ;
2451 4523 2507 4578 in
2533 4522 2847 4579 defensione
2872 4538 3172 4594 pauperum
3197 4524 3269 4580 sit
3292 4525 3473 4581 alacer
3501 4540 3626 4581 cum
3648 4525 3847 4581 discre-

2261 4616 2444 4682 tione;
2470 4616 2523 4670 in
2546 4617 2742 4686 quibus
2756 4617 2961 4687 justitia
2983 4619 3231 4687 suaserit,
3261 4620 3331 4674 sit
3358 4627 3601 4685 erectus;
3628 4619 3848 4675 consilia

568 4713 833 4769 subtiliter
847 4711 1155 4782 inquirebat
1184 4719 1240 4766 et
1258 4710 1668 4766 districtissimis
1687 4709 2156 4777 redargutionibus
2188 4720 2239 4779 1)
2262 4708 2584 4779 sapientium
2634 4708 2864 4765 libenter
2904 4710 3162 4781 suscipiat
3189 4728 3201 4764 :
3241 4718 3534 4781 quatenus,
3566 4718 3623 4765 et
3666 4710 3849 4766 civitas

572 4806 915 4860 emendabat.
932 4804 1085 4861 Unde
1100 4805 1394 4873 Vitaliano,
1418 4804 1672 4874 episcopo
1688 4802 1997 4873 Sipontino,
2020 4802 2158 4856 scri-

570 4897 745 4952 bens:
786 4914 803 4946 ι
841 4894 898 4950 Si
926 4904 1125 4962 custos,
1158 4897 1352 4965 inquit,
1403 4895 1640 4964 religiosi
1683 4895 1900 4949 habitus
1946 4894 2159 4960 fuisses,

573 4995 665 5041 aut
693 5002 812 5042 esse
838 5002 1025 5042 nosses
1051 4989 1358 5058 episcopus,
1392 4986 1556 5042 filiam
1585 4988 1833 5057 gloriosae
1883 4987 2159 5042 memoriae

575 5077 825 5145 Tulliani,
846 5078 1086 5146 magistri
1116 5078 1335 5146 militiae,
1372 5088 1423 5134 te
1452 5079 1561 5134 illic
1589 5078 1793 5149 posito,
1816 5092 1917 5133 nec
1942 5076 2160 5147 projec-

575 5170 641 5224 tis
670 5169 932 5238 religiosis
956 5169 1190 5225 vestibus
1218 5170 1285 5225 ad
1314 5171 1625 5227 saecularem
1652 5172 1854 5227 reverti
1892 5171 2161 5240 habitum,

576 5273 676 5314 nec
700 5258 767 5312 ad
792 5274 890 5315 nos
923 5260 1162 5315 licuisset
1207 5276 1518 5331 perversam
1548 5262 1831 5333 epistolam
1862 5262 2159 5319 destinare.

571 5349 680 5405 Sed
711 5350 837 5419 quia
866 5352 1028 5406 nimia
1051 5352 1252 5408 desidia
1274 5354 1550 5425 nimioque
1578 5362 1800 5425 torpore
1822 5353 2158 5424 deprimeris,

574 5443 626 5497 in
654 5451 747 5497 tuo
772 5442 1040 5499 dedecore
1067 5456 1155 5500 res
1183 5446 1248 5500 ad
1282 5461 1519 5515 praesens
1548 5445 1734 5500 illicita
1764 5445 1982 5515 impune
2008 5461 2158 5501 com-

573 5535 735 5590 missa
761 5543 859 5593 est.
895 5535 1028 5591 Nam
1058 5538 1122 5603 si,
1155 5546 1212 5592 ut
1240 5539 1445 5608 prchati
1476 5554 1682 5604 sumus,
1725 5537 1992 5596 sollicitus
2021 5538 2163 5594 exti-

574 5627 751 5695 tisses,
783 5629 932 5698 prius
958 5630 1025 5685 ad
1055 5645 1155 5686 nos
1178 5631 1313 5685 ultio
1344 5630 1587 5685 mulieris
1616 5630 1969 5699 pravissimae,
2001 5644 2163 5698 quam

575 5719 753 5787 culpa,
779 5720 964 5775 debuit
1006 5722 1309 5791 pervenire.
1357 5721 1490 5787 Quia
1533 5734 1662 5789 ergo
1710 5729 1917 5774 tantum
1975 5721 2165 5789 hebes,

582 5814 893 5877 tantumque
916 5828 971 5867 es
1004 5813 1296 5879 negligens,
1324 5822 1381 5865 ut
1410 5814 1510 5866 nisi
1543 5813 1858 5867 canonicam
1889 5813 1940 5867 in
1972 5822 2024 5867 te
2054 5813 2166 5867 fue-

653 5952 680 5980 αι
702 5941 878 6033 Bigot.
910 5958 963 6005 et
997 5948 1159 6011 Utic..
1185 5958 1417 6006 sanctum
1446 5948 1801 6010 Theonlianiu.

2264 4800 2355 4855 illa
2383 4800 2502 4870 ejus
2528 4809 2696 4870 queat
2722 4801 3086 4859 sollicitudine
3132 4804 3430 4871 consolari,
3473 4811 3530 4861 et
3574 4803 3688 4874 ipse
3715 4802 3849 4858 desi-

2265 4892 2367 4948 diae
2392 4907 2501 4948 suae
2528 4892 2714 4962 culpas
2750 4892 2926 4948 valeat
2978 4894 3211 4963 operire.
3262 4893 3320 4950 Si
3358 4910 3509 4961 vero,
3558 4892 3704 4963 quod
3747 4908 3849 4948 non

2265 4983 2559 5049 credimus,
2604 4991 2727 5053 post
2754 4984 2894 5040 hanc
2921 4984 3349 5041 adhortationem
3387 4993 3652 5055 nostram,
3692 4983 3848 5039 solito

2265 5076 2441 5132 adhuc
2466 5090 2620 5131 more
2657 5076 2932 5146 negligens
2969 5092 3088 5134 esse
3135 5078 3452 5144 tentaverit,
3510 5077 3578 5132 ad
3628 5091 3729 5132 nos
3771 5082 3848 5130 est

2266 5166 2442 5224 modis
2463 5167 2712 5224 omnibus
2732 5169 3175 5227 transmittendus
3207 5188 3221 5224 :
3254 5179 3313 5226 ut
3331 5170 3421 5225 hic
3440 5171 3649 5242 positus
3676 5169 3847 5224 disce-

2265 5274 2326 5316 re
2365 5261 2557 5330 possit,
2588 5261 2717 5331 quid
2742 5263 2830 5318 vel
2867 5264 3101 5333 qualiter
3127 5264 3420 5320 secundum
3469 5263 3566 5319 Dei
3606 5265 3848 5317 timorem

2267 5363 2427 5421 agere
2455 5353 2744 5407 conveniat
2763 5353 3119 5409 sacerdotem.
3152 5373 3171 5407 ι
3203 5352 3342 5424 (Lib.
3365 5369 3480 5422 xm,
3510 5370 3591 5424 ep.
3615 5351 3733 5423 26.)
3928 5422 3935 5425 Α

2338 5442 2427 5497 42.
2456 5442 2591 5498 Item
2616 5443 2829 5499 eidem:
2869 5462 2888 5496 ‹
2920 5442 3142 5510 Quoties
3187 5444 3278 5499 illa
3316 5444 3385 5500 de
3432 5442 3687 5499 fratribus
3728 5456 3848 5497 coe-

2268 5524 2610 5606 piscopisime
2638 5535 2837 5591 nostris
2864 5535 3109 5591 audimus
3135 5551 3255 5605 qua:
3281 5544 3337 5591 et
3372 5535 3493 5591 illos
3512 5534 3847 5606 reprehensi-

2268 5626 2404 5681 biles
2431 5626 2735 5691 ostendere,
2764 5634 2820 5680 ct
2846 5626 3002 5681 nobis
3028 5626 3298 5682 tristitiam
3329 5627 3543 5682 valeant
3570 5640 3844 5695 generare,

2270 5716 2337 5771 de
2379 5730 2565 5770 eorum
2604 5731 2704 5771 nos
2739 5715 3114 5771 emendatione
3156 5732 3264 5773 non
3312 5716 3662 5773 mediocriter
3708 5715 3843 5784 cogit

2274 5810 2565 5865 necessitas
2593 5809 2849 5878 cogitare.
2878 5808 3010 5874 Quia
3056 5825 3186 5879 ergo
3236 5811 3541 5866 nuntiatum
3588 5808 3743 5865 nobis
3767 5813 3842 5863 es!
