4118 6452
282 484 389 542 155

878 480 937 539 S.
977 478 1306 540 GREGORII
1347 480 1543 537 PAP‘E
1580 476 1765 545 VITA,
1807 472 2008 531 AUCT.
2048 476 2311 535 JOANNE
2352 477 2664 537 DIACONO.
2705 480 2835 535 LIB.
2881 479 2964 535 III.

3456 485 3562 542 164

278 594 591 669 Campania
611 592 897 665 episcopos
922 594 996 657 ita
1019 594 1350 663 negligentes
1377 593 1631 659 existere,
1675 598 1735 646 ut
1775 589 1870 644 im-
1901 593 1949 651 Α
2042 589 2174 647 Item
2213 590 2427 659 Joanni,
2473 592 3075 665 Constantinopolitano
3103 596 3358 666 episcopo
3379 635 3399 665 ,
3436 609 3562 669 post

281 704 463 747 mores
488 688 713 744 honoris
742 686 843 753 sui,
868 701 1043 758 neque
1068 700 1198 756 erga
1230 686 1507 751 ecclesias,
1549 698 1724 753 neque
1746 695 1874 751 erga

282 781 423 837 filios
471 795 598 836 suos
614 786 866 850 paterna
916 777 1207 848 vigilantia
1234 792 1418 833 curam
1450 774 1759 838 exhibeant,
1790 774 1878 829 vel

282 873 736 931 monasteriorum
766 870 1181 928 sollicitudinem
1208 877 1416 939 gerant,
1449 884 1545 924 seu
1575 868 1630 922 in
1653 870 1877 938 oppres-

283 955 467 1023 sorum
497 978 793 1035 pauperum
815 978 877 1019 se
912 962 1196 1017 tuitionem
1225 960 1542 1031 impendant
1572 978 1585 1013 :
1618 958 1742 1015 ideo
1774 959 1876 1013 hac

284 1056 384 1112 tibi
410 1054 730 1111 auctoritate
749 1053 1088 1125 pracipimus
1109 1061 1170 1107 ut
1189 1052 1267 1109 eis
1292 1052 1359 1107 ad
1386 1060 1439 1107 te
1457 1050 1787 1116 convocatis,
1808 1064 1876 1105 ex

284 1153 474 1203 nostro
498 1145 623 1202 illos
650 1145 929 1214 mandato,
965 1143 1212 1200 districte
1240 1158 1588 1200 commoneas
1607 1152 1876 1215 quatenus

284 1238 498 1294 desides
522 1237 750 1294 ulterius
769 1252 890 1294 esse
914 1252 1025 1293 non
1052 1237 1308 1305 debeant,
1355 1236 1449 1292 sed
1483 1236 1876 1291 sacerdotalem

284 1342 346 1383 se
372 1328 575 1384 habere
621 1327 821 1392 zelum,
871 1334 927 1383 et
971 1326 1383 1383 sollicitudinem
1410 1340 1577 1397 opere
1605 1325 1871 1393 doceant;

283 1425 449 1491 atque
477 1420 553 1474 ita
576 1419 631 1475 in
658 1420 743 1474 his
761 1434 881 1489 qua
909 1434 1004 1475 eos
1022 1419 1169 1488 juste
1196 1419 1490 1475 secundum
1517 1419 1686 1474 Deum
1715 1432 1876 1489 agere

282 1511 575 1577 convenit,
622 1510 908 1580 vigilantes
954 1511 1210 1578 existant,
1250 1519 1309 1567 ut
1335 1511 1541 1567 nullum
1570 1525 1671 1565 nos
1700 1509 1767 1565 de
1795 1510 1875 1567 eis

282 1605 463 1661 denuo
487 1618 732 1660 murmur
770 1613 1072 1674 exasperet.
1116 1602 1174 1660 Si
1200 1618 1363 1674 quem
1390 1618 1522 1659 vero
1547 1617 1735 1659 eorum
1753 1610 1877 1672 post

285 1696 402 1751 hac
429 1694 791 1765 negligentem
811 1695 1153 1765 cognoveris,
1183 1694 1252 1749 ad
1274 1709 1374 1750 nos
1401 1710 1524 1750 eum
1552 1694 1670 1749 sine
1698 1694 1876 1762 aliqua

284 1788 636 1844 excusatione
682 1787 1017 1854 transmitte,
1067 1795 1155 1854 ut,
1201 1802 1364 1857 quam
1412 1787 1483 1842 sit
1530 1800 1692 1856 grave
1732 1786 1877 1843 nolle

283 1881 353 1935 ab
381 1880 463 1934 his
491 1894 611 1949 qua
639 1878 1083 1950 reprehensibilia
1105 1888 1160 1934 et
1188 1878 1345 1934 valde
1371 1878 1723 1949 vituperanda
1752 1884 1877 1933 sunt

1978 684 2236 739 nonnulla
2261 702 2273 738 :
2306 704 2324 737 ι
2352 684 2462 755 Ego
2491 686 2803 743 beatissimo
2837 688 2954 742 viro
2975 686 3177 743 domno
3202 685 3398 744 Joanni
3425 691 3561 747 scri-

1976 792 2221 847 pseram;
2274 777 2369 833 sed
2413 778 2576 833 credo
2622 778 2748 848 quia
2786 779 2917 833 mihi
2958 779 3234 834 familiaris
3261 779 3353 835 ille
3381 790 3565 839 vester

1971 868 2290 939 juvenculus
2314 870 2609 940 rescripsit,
2637 870 2730 939 qui
2756 870 2933 925 adhuc
2958 870 3025 926 de
3053 871 3165 928 Deo
3194 870 3327 927 nihil
3354 873 3561 941 didicit,

1976 962 2068 1032 qui
2087 962 2294 1018 viscera
2323 962 2600 1018 charitatis
2622 962 2821 1029 nescit,
2846 963 2938 1031 qui
2964 962 3019 1017 in
3047 964 3289 1020 scelestis
3316 966 3476 1022 rebus
3495 967 3564 1023 ab

1977 1056 2228 1111 omnibus
2258 1064 2560 1123 accusatur,
2592 1056 2685 1127 qui
2708 1056 2949 1111 insidiari
2970 1056 3211 1126 quotidie
3231 1056 3565 1114 diversorum

1976 1145 2243 1202 mortibus
2274 1162 2371 1217 per
2397 1147 2607 1203 occulta
2630 1155 2978 1214 testamenta,
3009 1160 3109 1201 nec
3136 1146 3420 1202 Dominum
3445 1162 3562 1205 nie-

1980 1236 2100 1302 tuit,
2132 1252 2232 1292 nec
2261 1237 2508 1292 homines
2535 1238 2823 1294 erubescit.
2874 1237 3004 1292 Mihi
3030 1237 3214 1307 crede,
3243 1238 3408 1293 frater
3435 1239 3566 1294 cha-

1976 1328 2205 1395 tissime,
2223 1329 2268 1383 si
2287 1329 2459 1384 zelum
2481 1330 2724 1385 veritatis
2746 1328 2987 1400 perfecte
3006 1329 3194 1396 habes,
3224 1329 3397 1399 ipsum
3420 1330 3568 1399 prius

1975 1422 2207 1491 corrige,
2234 1432 2295 1477 ut
2323 1438 2391 1478 ex
2418 1422 2501 1477 his
2529 1438 2621 1492 qui
2650 1423 2804 1479 vobis
2834 1423 2999 1478 vicini
3028 1432 3174 1491 sunt,
3202 1424 3363 1478 etiam
3392 1424 3449 1477 hi
3475 1423 3569 1494 qui

1977 1514 2137 1571 vicini
2176 1531 2285 1571 non
2328 1525 2475 1585 sunt,
2517 1516 2765 1587 exemplo
2795 1517 2987 1572 melius
3014 1516 3393 1572 emendentur.
3423 1514 3570 1572 Illius

1978 1605 2214 1675 linguam
2242 1606 2352 1661 noli
2382 1607 2646 1677 recipere.
2680 1607 2773 1663 llle
2802 1606 2869 1662 ad
2898 1609 3183 1663 consilium
3209 1614 3405 1662 vestrae
3444 1621 3573 1661 san-

1979 1701 2182 1757 ctitatis
2212 1700 2372 1757 debet
2393 1702 2547 1771 dirigi
2574 1745 2590 1771 ,
2639 1718 2749 1759 non
2799 1715 2976 1759 autem
3006 1713 3188 1760 vestra
3216 1704 3473 1760 sanctitas
3501 1703 3572 1759 ad

1977 1794 2141 1850 verba
2189 1794 2333 1850 illius
2370 1795 2586 1852 inflecti.
2638 1795 2697 1851 Si
2741 1800 2884 1853 enim
2924 1798 3071 1852 illum
3100 1798 3269 1864 audit,
3301 1798 3416 1853 scio
3444 1797 3570 1868 quia

1978 1902 2167 1957 pacem
2197 1904 2321 1943 cum
2349 1889 2460 1943 suis
2484 1889 2738 1945 fratribus
2759 1890 2960 1947 habere
2988 1906 3098 1947 non
3122 1891 3339 1962 poterit.
3372 1909 3392 1942 ι
3429 1889 3570 1962 (Re—

284 1971 501 2040 corrigi,
548 1970 784 2040 regulari
830 1971 885 2025 in
913 1985 974 2026 se
1012 1971 1189 2026 valeat
1215 1969 1552 2027 districtione
1598 1970 1820 2028 sentire.
1850 1989 1870 2024 ι
1907 1967 1957 2029 Β
1981 1982 2103 2053 gist.
2136 1980 2226 2036 lib.
2257 1995 2336 2050 ιιι,
2364 2000 2445 2052 ep.
2479 1981 2605 2052 5'5.)

284 2060 507 2131 (Regisr.
539 2058 631 2114 lib.
660 2075 772 2127 xm,
795 2078 877 2132 ep.
904 2058 1022 2131 27.)

353 2151 488 2207 Item
516 2151 742 2220 Victori,
774 2152 1033 2222 episcopo
1062 2151 1469 2222 Panormitano,
1493 2161 1618 2224 post
1652 2153 1832 2223 aliqua
1857 2170 1870 2207 :

288 2264 308 2296 ι
345 2244 531 2314 Cujus,
558 2244 754 2313 inquit,
782 2243 895 2315 jam
924 2245 1095 2316 culpa
1121 2247 1198 2302 sis
1226 2247 1501 2317 intelligis,
1548 2256 1607 2302 ut
1634 2262 1734 2317 ego
1764 2255 1875 2302 tam

286 2350 443 2405 .onge
486 2335 717 2405 positus,
762 2350 883 2405 qua
930 2335 984 2391 in
1030 2336 1251 2393 civitate
1293 2346 1383 2392 tua
1415 2346 1664 2407 aguntur,
1710 2351 1877 2406 agno-

245 2448 253 2455 ·
286 2441 466 2495 scam,
507 2435 560 2483 et
596 2435 678 2484 tot
722 2429 865 2484 curis
912 2437 1233 2500 occupatus,
1274 2444 1393 2502 qua
1442 2430 1556 2486 ﬁeri
1611 2431 1875 2501 debeant,

226 2520 237 2526 ’
300 2518 589 2591 lisponam.
628 2540 647 2573 ι
683 2520 907 2593 (Regist.
940 2522 1030 2577 lib.
1063 2539 1115 2590 v,
1146 2539 1227 2594 ep.
1252 2521 1332 2594 6.)

355 2611 445 2665 45.
478 2611 785 2667 Notandum
809 2629 960 2682 sane,
987 2614 1113 2684 quia
1149 2614 1289 2669 sicut
1332 2615 1617 2671 manifesta
1653 2617 1879 2673 crimina

287 2702 701 2760 discretissimus
730 2704 928 2774 prasul
946 2703 1265 2774 Gregorius,
1316 2713 1411 2760 aut
1453 2707 1543 2760 vix
1569 2746 1585 2772 ,
1616 2715 1709 2761 aut
1737 2723 1881 2762 nun-

287 2806 449 2862 quam
474 2794 593 2850 sine
612 2794 849 2850 vindicta
869 2795 1087 2851 laxabat
1111 2813 1123 2849 :
1153 2796 1228 2850 ita
1249 2796 1499 2851 nimirum
1522 2797 1577 2851 in
1598 2798 1758 2853 rebus
1780 2797 1878 2852 du-

289 2887 391 2942 biis
407 2901 679 2957 nunquam
696 2887 985 2958 aliquando
998 2896 1201 2943 certam
1216 2890 1535 2944 sententiam
1548 2889 1876 2960 proferebat.

289 2973 631 3046 Quapropter
664 2976 885 3032 Andreae
930 2977 1245 3045 Tarentino,
1278 2979 1553 3050 episcopo,
1577 2981 1764 3037 scribit
1791 2981 1877 3037 di-

291 3081 463 3123 cens:
500 3087 520 3121 ‹
572 3067 834 3125 Tribunal
878 3069 1074 3140 judicis
1119 3072 1309 3127 aterni
1356 3086 1575 3130 securus
1628 3075 1878 3145 aspiciet,

2049 2072 2183 2128 Item
2211 2072 2488 2140 Januario,
2520 2072 2827 2131 Caralitano
2853 2076 3109 2147 episcopo
3135 2094 3149 2130 :
3183 2094 3203 2129 ‹
3223 2076 3348 2144 Eos,
3374 2077 3569 2147 inquit,

1977 2179 2209 2233 quorum
2237 2163 2476 2220 consiliis
2504 2179 2735 2221 messem
2763 2167 2985 2223 alterius
3013 2168 3268 2234 exarasti,
3312 2176 3368 2223 et
3394 2168 3571 2223 eradi-

1977 2273 2103 2314 care
2132 2259 2395 2315 terminos
2422 2259 2641 2315 minime
2669 2259 2911 2328 timuisti,
2954 2261 3009 2315 in
3038 2260 3249 2316 duobus
3293 2262 3569 2317 menslbu

1977 2352 2478 2408 excommunicatos
2508 2368 2627 2408 esse
2658 2352 3027 2419 decernimus;
3072 2352 3147 2407 ita
3176 2360 3234 2407 ut
3260 2352 3307 2407 si
3336 2352 3464 2423 quid
3493 2353 3572 2408 eis

1978 2442 2119 2497 intra
2150 2442 2379 2499 duorum
2406 2444 2674 2499 mensium
2703 2444 2935 2514 Spatium
2966 2443 3278 2498 humanitus
3307 2443 3568 2509 evenerit,

1977 2534 2354 2591 benedictione
2403 2536 2585 2591 viatici
2612 2552 2721 2591 non
2751 2536 3046 2607 priventur.
3101 2535 3363 2606 Deinceps
3392 2543 3573 2591 autem

1981 2625 2048 2680 ab
2076 2640 2263 2681 eorum
2293 2627 2533 2682 consiliis
2563 2636 2754 2683 cautus
2776 2627 2973 2695 existe,
3022 2634 3184 2697 teque
3223 2625 3452 2682 sollicite
3478 2642 3574 2682 cu-

1981 2715 2294 2783 stodizne,
2346 2717 2391 2772 si
2436 2717 2514 2773 eis
2556 2718 2611 2772 in
2656 2719 2800 2773 malo
2842 2717 3137 2788 discipulus
3162 2716 3348 2781 fueris,
3382 2718 3575 2788 quibus

1981 2807 2240 2877 magister
2268 2808 2323 2862 in
2352 2808 2499 2864 bono
2524 2824 2644 2867 esse
2672 2809 2943 2873 debuisti,
2984 2824 3086 2865 nec
3111 2810 3437 2879 simplicitati
3469 2817 3576 2865 tua

1982 2897 2241 2963 ulterius,
2280 2913 2382 2953 nec
2407 2900 2672 2955 senectuti
2716 2914 3018 2971 parcamus.
3050 2918 3070 2953 ι
3109 2898 3341 2972 (Regist.
3374 2899 3465 2955 lib.
3496 2915 3572 2967 ιι,

1983 3005 2066 3058 ep.
2100 2988 2178 3059 l.)

2056 3080 2190 3136 Item
2211 3081 2492 3151 Callinico,
2515 3084 2753 3140 exarcho
2775 3082 2958 3151 Italia,
2983 3092 3109 3155 post
3131 3084 3390 3140 nonnulla
3416 3102 3429 3138 :
3462 3103 3481 3137 ι
3508 3084 3577 3140 Il-

292 3158 559 3229 quisquis,
587 3168 771 3217 reatus
800 3162 883 3217 sui
904 3163 1170 3229 conscius,
1194 3163 1356 3233 digna
1385 3180 1507 3220 eum
1528 3166 1691 3222 modo
1712 3168 1885 3237 pani—
1985 3171 2077 3226 lud
2105 3187 2236 3228 vero
2264 3174 2598 3243 cognoscite,
2626 3174 2751 3244 quia
2787 3190 2876 3230 me
2906 3190 3015 3231 non
3044 3175 3253 3231 modice
3282 3177 3575 3232 contristat-

292 3251 461 3305 tentia
482 3250 700 3322 placare
726 3253 1024 3309 contendit.
1055 3252 1321 3309 Habuisse
1365 3254 1626 3326 siquidem
1666 3267 1721 3312 te
1751 3272 1885 3313 con—
1986 3264 2065 3318 vit
2093 3264 2237 3334 quod
2263 3264 2437 3334 major
2469 3266 2662 3321 domus
2682 3306 2697 3332 ,
2746 3266 2838 3335 qui
2865 3267 3185 3337 petitionem
3213 3267 3452 3338 episcopi
3478 3282 3577 3323 vo-

293 3341 546 3398 cubinam
587 3344 871 3400 manifesta
920 3345 1147 3401 veritate
1200 3347 1354 3417 105
1400 3347 1782 3418 comperimus,
1818 3349 1888 3406 de
1913 3341 1959 3403 C
1993 3354 2153 3410 lentis
2179 3370 2209 3409 a
2236 3356 2526 3411 schismate
2550 3357 2748 3412 reverti
2766 3359 3025 3429 suscepit,
3050 3373 3171 3413 eam
3198 3373 3257 3414 se
3278 3358 3579 3429 perdidisse

294 3448 401 3503 qua
448 3432 611 3489 etiam
654 3434 928 3491 contraria
970 3443 1056 3491 est
1080 3435 1402 3506 quibusdam
1448 3445 1576 3492 nata
1624 3437 1882 3509 suspicio.

294 3522 401 3580 Sed
421 3524 547 3594 quia
574 3525 628 3580 in
655 3526 817 3582 rebus
836 3526 1098 3596 ambiguis
1125 3527 1430 3583 absolutum
1458 3544 1566 3583 non
1586 3528 1746 3585 debet
1768 3544 1890 3586 esse

297 3615 574 3687 judicium,
598 3616 706 3673 hoc
733 3624 839 3673 tua
861 3617 1210 3673 conscientia
1256 3618 1515 3687 elegimus
1545 3616 1890 3675 Committen-

296 3707 444 3762 dum.
475 3708 591 3776 Qua
619 3709 688 3765 de
715 3725 796 3777 re,
827 3709 873 3767 si
900 3710 957 3765 in
979 3724 1138 3766 sacro
1166 3709 1356 3767 ordine
1399 3712 1741 3777 constitutus,
1771 3712 1890 3779 ejus

298 3808 353 3857 te
379 3801 741 3870 permixtione
792 3816 913 3858 esse
958 3802 1153 3857 recolis
1206 3802 1553 3869 maculatum,
1602 3802 1891 3858 sacerdotii

298 3892 510 3948 honore
528 3890 799 3960 deposito,
830 3891 898 3946 ad
932 3890 1341 3946 ministrandum
1372 3892 1522 3947 nullo
1556 3892 1719 3947 modo
1748 3907 1889 3961 pra-

297 3996 485 4038 sumas
513 3980 773 4037 accedere
804 3998 817 4035 :
840 3981 1070 4037 sciturus
1092 3981 1147 4036 in
1176 3982 1369 4037 anima
1397 3991 1504 4037 tua
1530 3984 1773 4052 periculo
1793 3985 1893 4041 mi-

300 4075 553 4139 nistrare,
584 4081 640 4128 et
678 4072 789 4128 Deo
830 4080 1017 4128 nostro
1057 4081 1111 4128 te
1138 4073 1256 4128 sine
1284 4072 1448 4128 dubio
1472 4073 1699 4129 reddere
1722 4076 1893 4132 ratio‘

302 4177 448 4229 nem,
480 4162 527 4217 si
552 4160 711 4231 hujus
739 4161 961 4218 sceleris
984 4162 1249 4229 conscius,
1278 4163 1332 4217 in
1359 4177 1425 4218 eo
1454 4177 1563 4232 quo
1592 4178 1651 4219 es
1678 4165 1891 4235 ordine,

303 4251 487 4308 celans
505 4251 785 4309 veritatem
803 4267 1123 4324 permanere
1145 4253 1401 4314 volueris.
1438 4271 1457 4305 ι
1490 4252 1715 4327 (Regisl.
1746 4258 1785 4313 ι.
1812 4273 1891 4326 ιιι,

305 4362 388 4416 ep.
417 4343 537 4416 45.)

379 4437 469 4493 44.
499 4435 580 4493 0b
600 4438 706 4494 hoc
724 4438 1137 4497 sollicitissimus
1164 4441 1416 4499 Ecclesia
1438 4442 1534 4499 Dei
1555 4452 1741 4500 custos
1761 4441 1898 4499 Gre-

307 4528 513 4597 gorius,
538 4529 962 4600 uniuscujusque
984 4532 1321 4589 consiliarios
1348 4548 1603 4603 arguens,
1632 4543 1899 4605 quantum

308 4620 366 4676 in
388 4635 447 4676 se
465 4629 599 4688 erat,
630 4637 820 4678 omnes
844 4624 1064 4679 omnino
1087 4625 1296 4681 salvare
1325 4627 1587 4682 certabat.
1617 4625 1772 4683 Unde
1801 4626 1900 4682 Ve-

1990 3446 2266 3519 prol‘essus
2294 3456 2398 3518 est,
2427 3456 2484 3504 et
2508 3449 2850 3521 postmodum
2883 3452 2950 3506 ab
2979 3450 3301 3507 adversariis
3327 3450 3580 3507 Ecclesia

1990 3542 2294 3596 tenebatur.
2326 3540 2482 3608 Quod
2509 3556 2611 3613 ego
2638 3559 2746 3599 non
2778 3545 3125 3616 negligentia,
3156 3546 3252 3602 sed
3289 3546 3584 3602 venalitate

1993 3631 2128 3701 ejus,
2156 3630 2361 3686 factum
2388 3633 2640 3690 arbitror.
2671 3633 2826 3691 Unde
2847 3637 3017 3691 miror
3040 3636 3167 3707 quia
3190 3638 3244 3691 in
3273 3652 3340 3692 eo
3366 3637 3582 3707 culpam

1991 3722 2132 3777 hanc
2160 3722 2383 3778 minime
2409 3731 2589 3779 vestra
2636 3724 2957 3780 excellentia
2984 3727 3302 3793 vindicavit;
3353 3727 3447 3782 sed
3498 3736 3582 3781 ta-

1994 3826 2118 3866 men
2144 3811 2267 3880 quia
2293 3812 2400 3867 hoc
2422 3813 2649 3867 miratus
2676 3829 2794 3868 sum
2823 3816 3196 3886 memetipsum
3218 3816 3377 3871 citius
3398 3830 3587 3886 repre-

1995 3902 2176 3958 hendi.
2222 3902 2357 3957 Nam
2400 3903 2493 3959 ubi
2522 3904 2751 3959 domnus
2777 3905 3018 3960 Justinus
3046 3907 3328 3961 consilium
3360 3907 3584 3979 prabet,

1995 3992 2086 4062 qui
2114 4006 2301 4063 pacem
2331 4008 2454 4049 cum
2483 3992 2749 4050 catholica
2770 3993 3007 4049 Ecclesia
3032 4011 3141 4049 non
3167 3996 3349 4056 habet.
3373 3997 3447 4052 ibi
3474 4011 3586 4051 non

2002 4085 2158 4156 106
2184 4093 2415 4154 possunt
2434 4085 2673 4141 haretici
2693 4084 2888 4140 addici.
2913 4083 3183 4141 Praterea
3211 4088 3385 4143 sancti
3414 4086 3586 4156 Petri,

1996 4174 2369 4245 apostolorum
2397 4175 2675 4246 principis,
2720 4176 3023 4232 natalitium
3049 4177 3194 4234 diem
3240 4178 3296 4233 in
3342 4178 3588 4233 Romana

1996 4266 2215 4322 civitate
2239 4282 2340 4323 vos
2368 4266 2547 4322 facere
2576 4267 2713 4322 velle
2740 4267 3073 4338 perhibetis;
3124 4278 3180 4326 et
3226 4284 3445 4326 oramus
3471 4284 3589 4325 om-

1999 4358 2334 4428 nipotentem
2376 4358 2665 4414 Dominum
2686 4399 2702 4425 ,
2732 4366 2793 4414 ut
2819 4374 2916 4415 sua
2944 4374 3041 4417 vos
3066 4361 3435 4417 misericordia
3463 4375 3590 4430 pro-

2000 4455 2168 4516 tegat,
2199 4454 2254 4502 et
2278 4454 2403 4502 vota
2430 4455 2607 4503 vestra
2636 4462 2731 4503 vos
2758 4447 2982 4517 implere
3008 4448 3289 4505 concedat.
3316 4447 3424 4503 Sed
3452 4463 3590 4518 pra-

2000 4539 2175 4595 dictus
2202 4538 2284 4593 vir
2308 4539 2777 4610 eloquentissimus
2804 4548 2933 4612 peto
2960 4549 3022 4596 ut
3049 4540 3209 4596 simul
3236 4540 3448 4604 veniat;
3497 4538 3591 4608 qui

2000 4629 2046 4684 si
2075 4644 2185 4684 non
2216 4630 2447 4698 venerit,
2478 4645 2509 4684 a
2534 4630 2728 4685 vestris
2754 4630 3027 4702 obsequiis
3052 4629 3305 4685 recedat:
3330 4628 3415 4683 vel
3444 4636 3592 4684 certe

310 4712 526 4781 nantio,
565 4714 901 4769 exmonacho
945 4716 1205 4785 patricio,
1249 4724 1373 4785 post
1410 4717 1589 4787 aliqua
1634 4717 1896 4785 scribens,
1926 4708 1978 4768 D
2003 4721 2049 4775 si
2086 4729 2268 4777 vestra
2306 4720 2628 4776 excellentia
2659 4721 2918 4785 fortasse,
2957 4717 3354 4786 emergentibus
3391 4719 3591 4786 causis,

312 4803 391 4859 ait
418 4822 431 4857 :
465 4822 483 4856 ι
510 4802 634 4859 Scio
660 4805 784 4874 quia
812 4820 934 4861 cum
975 4808 1202 4877 epistola
1232 4823 1353 4863 mea
1381 4809 1692 4879 suscipitur,
1722 4808 1895 4879 proti-

313 4911 416 4951 nus
442 4895 599 4951 amici
627 4896 974 4963 conveniunt,
1005 4898 1226 4954 litterati
1253 4900 1478 4955 clientes
1512 4908 1799 4967 vocantur,
1843 4908 1900 4955 et

311 4985 381 5043 de
408 5002 571 5043 causa
601 4988 723 5043 vitae
750 4987 1033 5043 consilium
1077 5004 1108 5043 a
1149 4988 1453 5047 fautoribus
1485 4994 1673 5048 mortis
1699 4993 1899 5062 quaeri-

317 5079 556 5147 tur:qui
604 5078 731 5134 dum
778 5093 888 5134 non
914 5086 1001 5147 te,
1032 5080 1129 5135 sed
1170 5096 1259 5136 res
1306 5090 1426 5139 tuas
1466 5084 1708 5152 diligunt,
1753 5085 1902 5139 nulla

324 5168 432 5237 tibi,
463 5169 565 5225 nisi
595 5186 710 5241 qua
739 5169 807 5226 ad
835 5177 1047 5241 tempus
1074 5171 1343 5242 placeant,
1382 5173 1694 5242 loquuntur.
1741 5174 1901 5231 Tales

326 5264 461 5321 mim
489 5263 727 5333 fuerunt,
756 5264 893 5320 sicut
919 5263 1037 5335 ipse
1063 5264 1447 5333 reminisceris,
1475 5264 1676 5319 dudum
1724 5267 1901 5322 consi-

328 5347 473 5422 Iarii,
505 5356 597 5426 qui
618 5365 673 5412 te
697 5355 764 5410 ad
794 5355 931 5411 tanti
950 5356 1161 5412 facinus
1186 5356 1555 5426 perduxerunt
1580 5352 1781 5411 delicti.
1813 5359 1899 5425 Et,

331 5462 377 5509 It
404 5454 499 5509 tibi
535 5453 735 5523 aliquid
763 5453 1037 5510 saecularis
1064 5452 1299 5510 auctoris
1341 5454 1533 5523 loquar
1561 5450 1789 5522 (Seneca
1818 5469 1901 5524 ep.

324 5539 409 5616 ὅ),
440 5560 565 5600 cum
610 5546 796 5602 amicis
823 5547 1007 5603 omnia
1036 5547 1317 5603 tractanda
1348 5556 1493 5614 sunt,
1516 5548 1613 5605 sed
1657 5546 1803 5617 prius
1836 5546 1906 5602 de

317 5635 466 5707 ipsis.
517 5636 577 5694 Si
622 5654 753 5694 vero
802 5639 855 5693 in
903 5654 1065 5696 causa
1107 5648 1196 5695 tua
1234 5641 1507 5698 hominem
1537 5642 1906 5698 consiliarium

317 5729 535 5798 quaris,
583 5730 949 5786 consiliarium
1000 5746 1132 5802 rogo
1176 5748 1264 5787 me
1300 5734 1531 5804 suscipe.
1581 5733 1767 5788 Nullus
1812 5732 1908 5788 tibi

318 5814 529 5873 ﬁdelior
557 5834 677 5875 esse
706 5818 775 5873 ad
805 5820 1087 5876 consilium
1118 5830 1311 5893 potest,
1345 5838 1505 5893 quam
1534 5825 1627 5895 qui
1657 5839 1761 5880 non
1795 5832 1908 5893 tua,

319 5910 416 5969 sed
444 5919 497 5970 te
526 5911 716 5981 diligit.
746 5931 765 5966 ι
803 5914 821 5983 (
846 5911 1039 5980 Restat.
1077 5914 1168 5970 lib.
1202 5931 1242 5982 ι,
1274 5932 1356 5983 ep.
1388 5915 1522 5983 54.)

2000 4812 2185 4869 venire
2208 4813 2529 4882 nequiverit,
2557 4813 2672 4882 ipse
2700 4821 2875 4867 tamen
2895 4816 3095 4864 sancta
3120 4808 3372 4865 Ecclesia
3400 4810 3591 4866 unitati

2001 4905 2382 4961 communicet.
2414 4905 2621 4960 Bonum
2651 4903 2796 4958 enim
2824 4902 2995 4955 virum
3032 4900 3192 4956 audio
3220 4944 3235 4967 ,
3284 4902 3329 4956 si
3373 4903 3592 4974 pessimi

2005 5013 2115 5052 non
2144 5005 2287 5052 esset
2315 4995 2531 5049 erroris.
2565 5013 2583 5045 ι
2621 4992 2862 5062 (Regist.
2894 4991 2931 5045 ι.
2963 5008 3038 5059 rx,
3070 5009 3150 5063 ep.
3184 4992 3274 5063 9.)

2076 5086 2167 5141 45.
2208 5085 2341 5140 Item
2371 5085 2595 5149 Sereno,
2629 5081 2961 5136 Massilitano
2989 5082 3263 5153 episcopo,
3301 5093 3422 5154 post
3451 5087 3588 5141 mul-

2009 5185 2065 5233 ta
2096 5194 2112 5233 :
2145 5197 2164 5230 ‹
2192 5176 2445 5232 Pervenit
2488 5174 2556 5229 ad
2600 5189 2715 5240 me,
2770 5173 2915 5242 quod
2965 5173 3183 5229 dilectio
3227 5183 3320 5229 tua
3367 5176 3594 5231 libenter

2009 5270 2182 5325 malos
2206 5267 2452 5322 homines
2473 5267 2525 5320 in
2546 5265 2807 5321 societate
2833 5279 2932 5319 sua
2984 5264 3071 5320 vel
3099 5265 3325 5321 consilio
3350 5265 3590 5334 recipiat,

2010 5360 2149 5416 adeo
2171 5366 2232 5413 ut
2250 5357 2619 5429 presbyterum
2649 5355 2952 5428 quemdam,
2976 5356 3089 5425 qui,
3112 5365 3392 5426 postquam
3416 5356 3595 5425 lapsus

2011 5459 2116 5516 est,
2165 5459 2222 5506 et
2268 5451 2320 5505 in
2368 5464 2478 5506 sua
2524 5448 2703 5503 adhuc
2731 5447 2927 5502 dicitur
2955 5447 3252 5513 iniquitatis
3299 5445 3595 5515 pollutione

2011 5546 2237 5614 versari,
2264 5544 2579 5599 familiarem
2600 5542 2814 5596 habeat.
2848 5539 3004 5606 Quod
3029 5538 3247 5608 quidem
3268 5552 3366 5590 nos
3387 5550 3455 5590 ex
3480 5542 3597 5590 toto

2012 5652 2121 5692 non
2149 5636 2446 5699 credimus,
2498 5633 2621 5702 quia
2650 5631 2739 5701 qui
2772 5630 2935 5685 talem
2979 5627 3208 5697 recipit,
3253 5624 3457 5679 scelera
3487 5638 3596 5679 non

2012 5729 2271 5799 corrigit,
2321 5726 2416 5781 sed
2463 5724 2633 5792 magis
2680 5721 2797 5775 aliis
2839 5720 2967 5774 talia
3015 5711 3359 5785 perpetrandi
3386 5713 3596 5768 videtur

2010 5821 2140 5877 dare
2186 5822 2474 5875 licentiam.
2504 5816 2633 5879 Sed,
2666 5829 2733 5868 ne
2760 5811 2901 5865 forte
2927 5808 3104 5874 aliqua
3135 5803 3228 5857 tibi
3257 5803 3597 5873 surreptione

2011 5915 2098 5974 vel
2124 5910 2570 5979 dissimulatione,
2592 5917 2652 5965 ut
2692 5921 2723 5961 a
2769 5915 2825 5961 te
2871 5901 3206 5971 reciperetur
3231 5905 3395 5970 atque
3423 5897 3595 5957 adhuc
