4118 6452
597 375 703 438 185

1120 379 1178 437 S.
1218 376 1542 435 GREGORl-l
1581 377 1781 435 ΡΑΡᾹΞ
1823 379 2007 441 VITA.
2048 378 2373 439 AUCTORE
2410 382 2673 441 JOANNE
2714 384 3029 441 DIACONO.
3072 383 3202 440 LIB.
3244 383 3329 439 lli.

3774 386 3879 444 l56

596 496 887 553 haberetur
913 500 1093 563 gratus
1118 492 1370 560 suaserit,
1402 508 1510 547 non
1539 492 1715 548 solum
1741 493 1886 548 hunc
1915 508 1944 546 a
1976 502 2027 547 te
2059 508 2177 548 ton-
2207 496 2259 556 Α
2284 503 2491 551 stanter
2513 496 2655 561 novi,
2681 497 2827 565 quia,
2862 505 2915 551 et
2937 496 2980 550 si
3010 508 3168 566 quam
3196 494 3357 549 rebus
3381 493 3608 566 publicis
3637 496 3886 554 fraudem

594 592 713 660 gius
740 589 1025 659 expellere,
1057 600 1243 641 verum
1267 588 1428 640 etiam
1451 599 1706 641 excessus
1734 587 1899 656 ipsius
1928 589 2180 643 sacerdo-

592 672 683 738 tal'i
728 692 783 737 te
826 682 941 737 telo
970 679 1144 734 modis
1172 680 1423 733 omnibus
1452 679 1706 733 convenit
1734 694 2012 741 resecare;
2047 681 2182 735 alios

589 789 737 838 vero,
790 771 881 841 qui
926 770 1224 841 pravi,esse
1253 780 1641 831 memorantur,
1672 780 1895 839 paterna
1926 770 2181 825 adhorta-

590 866 735 918 tione
762 879 793 917 a
824 877 919 918 sua
950 863 1215 933 pravitate
1246 878 1532 932 compesce
1557 900 1570 926 ,
1608 871 1677 916 et
1727 861 1795 915 ad
1841 862 1977 916 viam
2023 864 2181 920 stude

586 956 922 1011 rectitudinis
950 970 1227 1012 revocare.
1261 955 1415 1022 Quod
1462 956 1534 1019 si,
1586 956 1731 1025 quod
1762 956 1923 1021 absit,
1975 958 2179 1013 salubri

584 1048 792 1102 monitu
823 1062 920 1103 eos
947 1047 1147 1103 videris
1176 1049 1228 1102 in
1256 1048 1404 1101 nullo
1431 1048 1715 1116 prolicere,
1749 1055 1803 1101 et
1832 1048 1931 1101 hos
1959 1064 2179 1118 quoque

582 1140 795 1194 curabis
823 1155 855 1193 a
885 1148 940 1194 te
971 1140 1157 1208 procul
1191 1140 1444 1207 abjicere,
1479 1154 1545 1192 ne
1573 1139 1866 1207 pravitates
1894 1154 2078 1193 eorum
2109 1155 2177 1195 ex

590 1245 657 1285 eo
688 1231 832 1299 quod
864 1231 1199 1301 recipiuntur
1225 1231 1508 1299 displicere
1537 1231 1756 1284 minime
1782 1230 2083 1291 videantur.
2122 1239 2178 1286 et

578 1335 686 1376 non
734 1322 907 1376 solum
956 1322 1056 1391 ipsi
1106 1322 1437 1376 inemendati
1470 1330 1816 1383 remaneant,
1868 1322 1961 1375 sed
2012 1323 2173 1376 etiam

579 1428 767 1468 eorum
815 1414 1128 1483 receptione
1172 1412 1264 1467 alii
1310 1423 1744 1485 corrumpantur.
1797 1412 1860 1467 Et
1888 1415 2172 1469 considera

580 1520 744 1576 quant
772 1514 827 1561 et
854 1507 1163 1562 hominibus
1214 1508 1522 1562 execrabile
1552 1516 1607 1561 et
1649 1506 2015 1575 periculosum
2047 1516 2173 1563 ante

578 1600 673 1656 Dei
702 1601 775 1656 sit
802 1601 1011 1666 oculos,
1044 1601 1087 1655 si
1117 1616 1215 1671 per
1242 1615 1366 1655 eum
1398 1615 1427 1653 a
1457 1615 1565 1670 quo
1608 1600 1888 1669 plectenda
1917 1608 2043 1653 sunt
2067 1600 2172 1654 cri—

573 1693 740 1759 mina,
772 1693 964 1747 nutriri
991 1692 1117 1747 vitia
1139 1692 1441 1747 videantur.
1467 1691 1591 1746 Hice
1613 1692 1793 1761 igitur,
1824 1688 2170 1747 dilectissime

571 1783 757 1851 frater,
786 1784 1073 1854 diligenter
1101 1784 1338 1849 attende,
1379 1791 1433 1837 et
1463 1783 1535 1837 ita
1567 1795 1728 1850 agere
1754 1782 1929 1847 stude,
1961 1791 2019 1836 ut
2045 1797 2170 1852 pra-

2290 587 2433 652 fecit,
2466 590 2766 643 substantia
2800 590 2914 657 ejus
2942 588 3071 643 cmdi
3102 588 3308 652 debuit,
3340 602 3445 642 non
3477 585 3711 643 libertas.
3746 590 3886 648 Nam

2287 681 2339 733 in
2369 682 2472 735 hoc
2500 682 2647 751 quod
2678 682 2832 736 liberi
2880 683 3126 737 homines
3152 681 3431 736 exeduntur
3464 683 3549 736 vel
3596 683 3891 741 includun-

2285 778 2390 835 tur,
2424 768 2482 824 u't
2512 781 2715 825 taceam
2747 772 2889 839 quod
2920 773 3261 841 omnipotens
3295 772 3436 827 Deus
3465 772 3779 840 oﬂenditur,
3819 784 3888 831 ut.

2285 869 2492 915 taceam
2543 863 2687 927 quod
2735 874 2913 918 vestra
2962 865 3147 932 opinio
3196 864 3546 921 vehementer
3589 876 3881 935 gravatur,

2285 954 2509 1023 piissimi
2552 964 2732 1010 tamen
2776 957 3119 1027 impu‘atoris
3170 960 3338 1013 nostri
3382 960 3604 1015 omnino
3634 970 3884 1031 tempora

2282 1043 2577 1100 fuscantur.
2608 1045 2721 1100 Hoc
2751 1047 2893 1100 enim
2926 1048 3066 1103 inter
3096 1063 3251 1117 reges
3292 1049 3534 1117 gentium
3559 1059 3615 1105 et
3646 1051 3885 1121 impera-

2282 1148 2427 1195 tores
2459 1143 2825 1195 [tertianorum
2855 1142 3037 1209 distat,
3069 1142 3213 1211 quod
3245 1156 3400 1210 reges
3424 1144 3663 1210 gentium
3697 1143 3884 1199 Domi-

2281 1234 2333 1287 ni
2363 1249 2637 1287 servorum
2680 1241 2842 1298 sunt,
2892 1234 3187 1303 imperator
3213 1248 3347 1287 vero
3380 1232 3750 1289 Romanorum
3778 1235 3883 1289 do-

2280 1323 2455 1377 minus
2483 1324 2796 1377 liberorum.
2832 1321 2980 1377 Unde
3006 1332 3062 1377 et
3090 1339 3187 1376 vos
3216 1322 3479 1391 quidquid
3508 1324 3685 1392 agitis,
3731 1324 3883 1393 prius

2279 1414 2494 1481 quidem
2524 1421 2735 1467 servata
2764 1411 2991 1481 justitia,
3022 1412 3216 1465 deinde
3246 1411 3514 1467 custodita
3545 1426 3646 1481 per
3688 1413 3879 1467 omnia

2278 1505 2553 1570 libertate,
2599 1521 2760 1573 agere
2806 1506 3033 1559 debetis.
3079 1505 3349 1573 Scriptum
3389 1514 3475 1560 est
3504 1507 3647 1559 enim
3678 1523 3693 1559 :
3725 1503 3879 1569 Quod

2275 1601 2364 1654 tibi
2395 1618 2497 1655 non
2525 1602 2597 1654 vis
2646 1602 2783 1670 ﬁeri,
2813 1600 2927 1654 ride
2954 1618 3018 1656 ne
3046 1602 3201 1653 alteri
3232 1602 3398 1670 facias
3431 1600 3447 1666 (
3464 1599 3589 1654 Tob.
3622 1615 3674 1654 tv
3701 1642 3716 1668 ,
3749 1600 3875 1672 16).

2273 1690 2341 1745 Ει
2368 1708 2464 1761 per
2503 1694 2845 1760 sv-metipsam
2878 1692 3087 1745 Veritas
3134 1692 3305 1745 dicit:
3343 1689 3473 1754 Qua:
3521 1693 3674 1745 mltis
3700 1701 3757 1743 ut
3786 1694 3877 1762 fa-

2274 1786 2416 1838 ciant
2447 1784 2584 1838 robis
2615 1785 2847 1839 homines
2874 1825 2886 1847 ,
2920 1796 2969 1839 et
3000 1801 3085 1839 vos
3116 1786 3294 1838 eadem
3325 1787 3480 1855 facite
3508 1786 3611 1839 illis
3644 1788 3661 1855 (
3678 1785 3870 1839 κιαι.

569 1891 666 1931 vos
709 1876 999 1931 salubriter
1027 1876 1265 1945 corrigas
1290 1914 1306 1941 ,
1354 1882 1412 1930 et
1460 1874 1771 1930 scandalum
1801 1874 1868 1928 de
1897 1875 2163 1929 malorum
2197 1885 2243 1944 Β
2271 1890 2364 1942 vn,
2396 1873 2513 1944 1‘2).
2547 1874 2603 1927 In
2636 1875 2881 1929 libertate
2911 1887 3041 1942 ergo
3071 1889 3259 1928 eorum
3287 1874 3382 1942 qui
3406 1875 3561 1928 vobis
3590 1874 3644 1927 in
3670 1874 3874 1929 discus-

566 1968 866 2035 societate,
919 1967 1149 2022 filiorum
1199 1976 1415 2022 tuorum
1462 1967 1654 2021 animis
1704 1982 1811 2021 non
1859 1966 2099 2023 inducas.
2132 1986 2151 2019 ι

566 2060 802 2131 (Regist.
834 2059 925 2115 lib.
956 2076 1031 2125 ιι,
1062 2076 1145 2131 ep.
1177 2057 1297 2129 15.)

634 2152 724 2206 ιθ.
764 2152 872 2208 Pro
920 2151 1080 2207 unius
1124 2152 1282 2222 culpa
1326 2151 1585 2206 vindicari
1623 2151 1786 2206 alium
1827 2150 2159 2207 rectissimus

562 2244 719 2314 iudex
749 2245 1046 2314 Gregorius
1072 2246 1294 2299 minime
1323 2245 1689 2315 permittebat.
1723 2245 1959 2314 Ideoque
1985 2244 2156 2300 Gudi-

561 2338 767 2404 scalco,
799 2338 925 2393 duci
953 2336 1281 2406 Campaniae,
1313 2338 1576 2403 scribens,
1608 2338 1683 2392 ait
1709 2356 1721 2391 :
1758 2356 1775 2389 ι
1803 2337 1895 2392 llla
1942 2353 2158 2407 praepo-

560 2429 787 2485 sitorum
814 2428 1119 2483 sollicitudo
1164 2428 1332 2494 utilis,
1373 2427 1463 2482 illa
1493 2436 1577 2484 est
1606 2429 1817 2484 cautela
1850 2429 2152 2496 laudabilis,

560 2519 615 2575 in
642 2534 751 2588 qua
779 2526 953 2574 totum
982 2518 1122 2575 ratio
1154 2520 1267 2589 agit
1286 2560 1302 2585 ,
1348 2528 1405 2574 et
1429 2518 1580 2575 furor
1606 2520 1709 2574 sibi
1736 2520 1870 2574 nihil
1895 2520 2153 2576 vindicat.

559 2613 951 2683 Restringenda
978 2628 1107 2683 ergo
1130 2616 1231 2671 sub
1252 2616 1465 2671 ratione
1489 2623 1732 2699 potestas
1752 2624 1855 2679 est,
1881 2631 1981 2672 nec
2001 2616 2157 2683 quid-

559 2720 719 2776 quam
746 2706 1011 2776 agendum
1041 2707 1188 2777 prius
1209 2723 1374 2779 quam
1395 2710 1665 2765 concitata
1697 2709 1765 2763 ad
1796 2710 2157 2779 tranquillita-

506 2860 507 2863 η
558 2803 671 2851 tem
719 2811 869 2853 mens
915 2798 1119 2854 redeat.
1153 2799 1284 2854 Nam
1330 2800 1711 2855 commotionis
1740 2808 1986 2871 tempere
2014 2840 2029 2866 ,
2067 2800 2155 2869 ju-

555 2897 698 2946 stum
723 2905 886 2946 omne
912 2899 1067 2961 putat
1092 2892 1169 2946 ira
1190 2892 1335 2961 quod
1362 2892 1572 2949 fecerit.
1599 2892 1850 2947 Pervenit
1882 2893 2062 2963 itaque
2084 2890 2153 2947 ad

554 2995 655 3036 nos
692 2982 1117 3050 magnitudinem
1163 2990 1310 3036 tuam
1351 2998 1521 3052 usque
1559 2982 1626 3036 ad
1664 2983 1767 3037 hoc
1798 2999 1917 3037 esse
1948 2982 2150 3052 impetu

553 3073 748 3128 furoris
775 3074 1081 3145 impulsam,
1114 3080 1175 3127 ut
1205 3088 1313 3128 non
1340 3073 1514 3128 solum
1545 3073 1715 3141 frangi
1742 3072 1937 3142 januas
1964 3089 2151 3128 mona-

552 3166 698 3221 sterii
726 3165 897 3219 sancti
928 3164 1248 3233 Archangeii
1275 3206 1290 3231 ,
1339 3178 1527 3218 verum
1569 3164 1734 3219 etiam
1765 3165 1924 3233 diripi
1955 3163 2151 3218 exinde

2261 1967 2471 2021 sionem
2505 1966 2776 2021 commissi
2808 1974 2955 2033 sunt,
2984 1974 3219 2020 vestram
3251 1965 3558 2035 specialiter
3586 1965 3873 2021 attendere

2259 2056 2468 2111 debetis
2495 2074 2506 2108 :
2534 2063 2589 2109 et
2619 2056 2661 2109 si
2695 2056 2793 2125 ipsi
2826 2071 2854 2109 a
2889 2054 3182 2123 majoribus
3206 2055 3401 2109 vestris
3430 2055 3673 2124 injuriari
3699 2055 3868 2111 liber—

2258 2154 2424 2201 tatem
2474 2155 2710 2200 vestram
2759 2161 2866 2200 non
2898 2147 3093 2210 vultis,
3144 2146 3508 2214 subjectorum
3556 2156 3866 2201 vestrorum

2259 2237 2567 2292 libertatem
2619 2238 2939 2291 honorando
2986 2235 3276 2291 custodite.
3326 2235 3538 2291 Scimus
3576 2236 3725 2290 enim
3767 2235 3869 2303 qui

2257 2328 2393 2383 dixit
2416 2346 2427 2381 :
2454 2328 2649 2383 Catum
2671 2339 2721 2382 et
2745 2340 2885 2382 terra
2912 2328 3223 2393 transibunt,
3254 2327 3402 2381 verba
3428 2336 3597 2380 autem
3623 2343 3737 2380 mea
3757 2342 3867 2380 non

2260 2418 2549 2473 transibant
2591 2418 2817 2489 (Matth.
2846 2435 2999 2482 xxxv,
3034 2416 3160 2487 35).
3204 2417 3368 2486 Cujus
3395 2418 3519 2487 quia
3558 2417 3723 2472 verba
3752 2432 3864 2473 non

2258 2517 2557 2572 transeunt,
2588 2511 2680 2564 sed
2715 2526 2811 2579 per
2836 2511 3014 2564 omnia
3048 2510 3359 2579 implentur,
3384 2517 3689 2563 metuamus
3713 2508 3864 2579 quod

2258 2601 2452 2657 iterum
2477 2603 2605 2657 dicit
2633 2621 2644 2654 :
2674 2600 2739 2655 In
2765 2620 2867 2673 qua
2892 2618 3135 2656 mensura
3160 2602 3325 2655 mensi
3351 2601 3576 2672 fueritis,
3593 2602 3649 2654 in
3670 2616 3731 2654 ea
3762 2616 3850 2654 re—

2258 2696 2495 2747 metiatur
2522 2695 2662 2748 robis
2693 2693 2915 2764 (Matth.
2949 2710 3040 2758 vu,
3072 2693 3148 2763 ἓ).
3184 2693 3320 2759 Quid
3347 2701 3528 2747 autem
3556 2692 3731 2760 gloria
3758 2706 3859 2749 ve-

2258 2795 2368 2842 stra
2399 2787 2693 2854 existimat,
2722 2788 2846 2855 quia
2875 2787 2921 2840 si
2947 2787 3205 2855 superbe,
3239 2785 3284 2839 si
3312 2783 3602 2839 crudeliter
3622 2784 3855 2852 agimus,

2258 2881 2515 2951 despecto
2546 2882 2677 2947 Deo,
2710 2881 2865 2935 nobis
2906 2881 3177 2935 hominem
3211 2880 3520 2950 placamus?
3549 2879 3708 2934 Nullo
3736 2895 3859 2935 mo-

2259 2974 2347 3026 do.
2377 2972 2507 3026 Nam
2540 2973 2654 3041 ipse
2682 2973 2771 3038 qui
2799 2973 3113 3041 despicitur,
3146 2986 3270 3026 eum
3299 2980 3491 3026 contra
3536 2985 3657 3034 nos,
3690 2984 3858 3039 quem

2259 3070 2514 3140 despecto
2540 3068 2650 3123 Deo
2679 3069 2894 3138 placare
2918 3068 3187 3134 volumus,
3215 3068 3409 3121 irritat.
3431 3065 3695 3120 Curemus
3723 3078 3858 3134 ergo

2258 3174 2356 3229 per
2401 3158 2580 3213 omnia
2611 3159 2826 3228 placare
2855 3158 3043 3212 Deum.
3098 3158 3191 3227 qui
3222 3166 3411 3225 potens
3458 3164 3542 3210 est
3585 3164 3639 3209 et
3685 3156 3857 3210 iratos

553 3254 697 3324 quod
748 3254 822 3308 ibi
872 3254 1149 3308 inventum
1189 3262 1275 3308 est
1320 3253 1531 3308 feceris.
1577 3253 1801 3323 Insuper
1842 3264 2023 3308 autem
2072 3256 2151 3309 sic
2182 3276 2222 3336 ρ
2261 3251 2506 3306 homines
2553 3250 2619 3303 ad
2659 3250 3123 3305 mansuetudinem
3171 3250 3454 3305 reducere.
3506 3247 3679 3312 Nam,
3708 3246 3855 3301 sicut

553 3354 741 3399 contra
760 3344 1009 3398 abbatem
1033 3343 1272 3412 ejusdem
1294 3345 1613 3399 monasterii
1642 3345 1839 3399 diceris
1858 3346 2143 3412 exarsisse,

554 3446 611 3491 ut
638 3437 741 3491 nisi
768 3436 1049 3492 occultans
1070 3452 1131 3491 se
1157 3436 1448 3491 iracundias
1478 3446 1581 3490 tute
1612 3446 1855 3505 tempore
1886 3437 2144 3502 latuisset,

502 3588 513 3601 ι
552 3542 663 3583 non
710 3526 830 3583 leve
871 3527 1158 3582 discrimen
1203 3527 1549 3592 incurrisset;
1598 3528 1860 3595 denique,
1903 3536 1963 3581 ut
2003 3536 2147 3581 metu

552 3626 647 3673 tuo
678 3618 1030 3687 perterritus,
1052 3618 1121 3673 de
1141 3619 1303 3673 domo
1352 3620 1405 3672 in
1452 3632 1557 3687 qua
1586 3633 1646 3674 se
1672 3619 1799 3672 olim
1842 3628 2143 3687 receperat,

549 3708 696 3762 exire
721 3708 997 3777 hucusque
1026 3724 1133 3763 non
1162 3708 1383 3763 audeat.
1413 3709 1568 3775 Quod
1615 3725 1684 3763 ne
1727 3709 1922 3763 frustra
1954 3710 2147 3765 fecisse

548 3801 772 3856 forsitan
820 3800 1128 3866 videreris,
1178 3802 1356 3871 fugam
1410 3804 1660 3857 monachi
1714 3804 1887 3872 ipsius
1936 3806 2027 3873 qui
2078 3806 2148 3859 ad

481 3892 489 3901 ’
548 3893 732 3950 hostes
758 3894 929 3957 abiit,
970 3894 1040 3949 ad
1081 3894 1201 3963 ejus
1230 3903 1488 3965 quantum
1520 3896 1588 3947 ad
1622 3910 1721 3949 nos
1761 3896 2025 3963 perlatum
2063 3904 2148 3951 est

547 3985 750 4040 crimen
780 3986 1053 4056 impingis,
1085 4002 1333 4042 asserens
1354 3986 1497 4057 quod
1525 3988 1664 4041 illius
1690 3988 1967 4042 voluntate
1997 3988 2146 4055 fuge-

547 4076 636 4131 rit.
670 4077 825 4142 Quod
871 4078 915 4131 si
962 4077 1036 4131 ita
1083 4088 1184 4142 est,
1220 4059 1622 4142 contristamur,
1655 4087 1711 4131 et
1737 4078 1894 4131 valde
1932 4079 2147 4147 sapien-

550 4170 678 4223 tiam
714 4178 947 4223 vestram
991 4169 1270 4223 miramur.
1308 4170 1441 4224 Nam
1490 4171 1535 4224 si
1582 4170 1783 4223 licitum
1822 4173 2041 4238 putatis,
2084 4178 2147 4223 ut

552 4259 782 4313 aliorum
830 4260 989 4330 culpa
1038 4261 1156 4314 aliis
1202 4261 1275 4314 sit
1325 4262 1535 4322 nociva,
1568 4262 1723 4315 multi
1765 4261 1887 4314 huic
1914 4269 2146 4329 possunt

549 4351 761 4404 crimini
786 4351 1093 4420 subjacere.
1129 4352 1470 4406 Diversarum
1511 4353 1653 4405 enim
1690 4353 1950 4407 nobilium
1980 4354 2143 4419 servi,

551 4442 842 4497 multarum
866 4443 1215 4499 ecclesiarum
1246 4445 1398 4515 107
1424 4443 1626 4511 clerici,
1649 4444 1985 4499 diversorum
2026 4461 2146 4500 mo-

550 4534 909 4590 nasteriorum
958 4536 1250 4600 monachi,
1293 4538 1581 4589 multorum
1617 4535 1858 4604 judicum
1899 4536 2144 4591 homines

2256 3345 2396 3409 dixi,
2431 3343 2595 3397 etiam
2624 3342 2892 3397 mansueti
2937 3341 3213 3405 homines,
3247 3340 3564 3409 indignante
3592 3337 3704 3393 Deo
3727 3377 3743 3404 ,
3780 3337 3854 3391 ad

2254 3435 2584 3489 iracundiam
2613 3442 2995 3505 provocantur.
3029 3432 3087 3488 Si
3116 3442 3296 3486 autem
3323 3432 3538 3494 dicitur,
3578 3430 3704 3498 quia
3730 3429 3856 3484 sine

2252 3528 2569 3581 verberibus
2599 3534 2761 3595 atque
2792 3525 3089 3579 terroribus
3115 3524 3331 3579 fraudes
3360 3524 3588 3594 publice
3618 3520 3851 3577 inveniri

2253 3635 2359 3673 non
2389 3628 2634 3689 passum,
2666 3620 2769 3673 hoc
2798 3618 3084 3672 admittere
3109 3625 3379 3687 poteram,
3431 3616 3475 3670 si
3524 3617 3577 3669 in
3623 3612 3848 3669 ratioci-

2253 3714 2465 3766 niornm
2512 3728 2676 3767 causa
2724 3713 2957 3767 domnus
3000 3711 3258 3765 Leontius
3289 3726 3396 3764 non
3425 3708 3680 3762 venisset.
3713 3706 3846 3760 Nam

2250 3820 2437 3859 verum
2476 3814 2559 3859 est
2602 3806 2726 3873 quia
2761 3804 2835 3858 illi
2864 3804 3044 3858 solent
3073 3804 3317 3857 manibus
3344 3802 3629 3868 excedere,
3670 3800 3760 3869 qui
3790 3800 3848 3853 in

2250 3910 2409 3950 sensu
2441 3904 2496 3949 et
2522 3895 2700 3961 lingua
2731 3893 3009 3948 deficiunt.
3037 3912 3055 3944 ι
3110 3891 3348 3962 (Regist.
3394 3891 3484 3944 tib.
3517 3906 3569 3953 ι,
3602 3906 3685 3959 ep.
3718 3887 3844 3958 51.)

2320 3986 2413 4041 48.
2453 3986 2781 4040 Cunctorum
2807 3984 3046 4054 judicum
3092 3983 3452 4052 cupiditates,
3504 3981 3588 4035 vel
3633 3979 3847 4034 scelera

2250 4075 2541 4145 Gregorius
2583 4077 2737 4145 quasi
2783 4092 2937 4130 eamo
2968 4077 3229 4145 frenoque
3259 4072 3519 4144 pontificii
3550 4071 3670 4137 sui,
3710 4071 3847 4125 vali-

2250 4167 2483 4222 dissimis
2522 4168 2930 4221 auctoritatibus
2969 4167 3356 4235 restringebat,
3398 4175 3449 4220 et
3480 4167 3523 4219 si
3552 4179 3691 4233 quos
3725 4164 3847 4218 dulc

2250 4262 2386 4314 aiter
2413 4277 2442 4313 a
2474 4259 2738 4329 pravitate
2776 4260 3046 4328 corrigere
3076 4274 3183 4312 non
3214 4257 3428 4312 valebat
3454 4298 3468 4322 ,
3519 4257 3847 4325 scriptorum

2251 4368 2471 4406 suorum
2501 4350 2966 4417 redargutionibus
3013 4351 3339 4418 publicabat.
3394 4348 3541 4403 Unde
3572 4348 3842 4413 Romano,

2250 4443 2485 4497 cxarcho
2512 4442 2691 4505 Italiae,
2724 4441 2978 4495 residenti
3007 4441 3293 4506 Ravennze,
3324 4441 3528 4501 scribit,
3556 4440 3842 4508 inquiens:

2259 4554 2275 4585 ‹
2301 4536 2454 4605 Apud
2481 4535 2856 4589 excellentiam
2882 4544 3135 4599 vestram,
3163 4550 3448 4605 pravorum
3473 4535 3694 4589 audacia
3720 4547 3842 4588 eor-

549 4640 694 4693 smpe
723 4640 784 4681 se
811 4626 1059 4681 hostibus
1090 4627 1443 4681 tradiderunt.
1497 4626 1636 4695 Ergo
1662 4628 1705 4682 si
1736 4629 1838 4683 hoe
1883 4629 2139 4691 creditur,
2176 4662 2221 4719 Β
2252 4629 2513 4697 reptionis
2536 4628 2697 4681 debet
2723 4628 2940 4683 aculeos
2962 4628 3133 4695 magis
3161 4642 3321 4696 quam
3345 4628 3672 4682 defensionis
3699 4628 3842 4681 inve-

550 4730 825 4770 servorum
853 4719 1043 4786 utique
1082 4718 1319 4784 domini,
1371 4719 1688 4774 clericorum
1716 4720 1975 4789 episcopi,
2018 4736 2139 4774 mo-

554 4808 848 4864 nachorum
886 4810 1139 4878 abbates,
1188 4813 1525 4868 diversorum
1578 4814 1845 4883 fugacium
1896 4814 2137 4882 judices,

555 4912 743 4954 omnes
768 4900 867 4955 sub
898 4903 1202 4972 culpasunt
1222 4913 1277 4959 et
1297 4906 1525 4960 crimine
1551 4907 1849 4960 constituti.
1890 4906 2141 4974 Nunquid

555 5001 608 5049 et
635 4994 824 5050 diebus
867 4998 1245 5063 magnitudinis
1277 5010 1379 5055 tua:
1410 5003 1562 5056 multi
1600 5002 1667 5055 de
1705 5003 1922 5057 civitate
1954 5003 2003 5055 in
2035 5016 2139 5068 qua

556 5088 805 5142 consistis
834 5089 900 5142 ad
942 5088 1414 5156 Langobardorum
1457 5095 1655 5149 milites
1696 5096 1814 5163 luga
1856 5111 1963 5149 non
2010 5095 2142 5164 lapsi

552 5181 713 5233 sunt?
758 5178 825 5234 Et
864 5182 987 5248 quis
1034 5191 1193 5237 tanta:
1242 5185 1635 5241 indiscretionis
1664 5196 1935 5255 tantaeque
1974 5187 2143 5255 possit

553 5270 795 5325 stultitia:
825 5273 1066 5341 reperiri,
1098 5282 1160 5328 ut
1202 5291 1389 5331 eorum
1424 5278 1761 5346 iniquitatem
1790 5280 1883 5332 tibi
1913 5280 2141 5334 cestimet

553 5363 967 5433 applicandam?
994 5384 1012 5417 ι
1047 5365 1192 5437 (Lib.
1221 5384 1274 5434 x,
1310 5386 1389 5438 ep.
1423 5369 1543 5440 11.)

625 5453 716 5510 4³1.
759 5454 1085 5512 Libertatem
1115 5460 1531 5530 uniuscujusque
1582 5460 1811 5515 hominis
1849 5462 2139 5531 Gregorius

554 5554 741 5601 contra
765 5546 1003 5615 judicum
1036 5550 1351 5605 insolentias
1382 5552 1564 5605 liberis
1616 5551 1961 5605 nihilominus
1997 5554 2143 5607 voci-

551 5634 654 5690 bus
700 5636 1040 5694 defendebat.
1080 5640 1237 5696 Unde
1284 5641 1531 5707 Leontio,
1564 5644 1863 5706 exconsuli,
1893 5652 2012 5712 post
2040 5645 2139 5697 ali-

550 5736 677 5793 qua,
706 5729 964 5796 scribens,
995 5733 1070 5784 ait
1096 5749 1107 5784 :
1148 5752 1165 5783 ‹
1195 5731 1251 5785 Si
1281 5733 1586 5786 Libertinos
1616 5733 1667 5786 in
1696 5734 1792 5787 ista
1822 5750 1981 5788 causa
2008 5752 2139 5790 cau-

550 5813 714 5872 tionis
742 5821 1024 5889 culpabilis
1052 5823 1346 5890 invenitur,
1372 5823 1438 5878 de
1469 5825 1585 5878 aliis
1608 5825 1783 5878 causis
1808 5826 1936 5893 quid
1960 5842 2055 5896 pro
2081 5843 2140 5883 se

2254 4720 2367 4772 nire
2406 4719 2680 4773 solatium.
2712 4717 2843 4771 Nam
2874 4718 3003 4772 satis
3032 4733 3194 4785 grave
3238 4728 3322 4774 est
3349 4728 3408 4772 ut
3436 4720 3711 4787 contingat
3734 4718 3843 4773 illic

2252 4810 2449 4864 habere
2481 4824 2699 4879 pravam
2728 4811 3004 4863 actionem
3031 4808 3294 4877 refugium
3318 4851 3333 4875 ,
3380 4810 3519 4865 unde
3547 4809 3843 4879 disciplinas

2253 4902 2410 4956 decet
2455 4902 2671 4970 prodire
2716 4902 2873 4971 108
2911 4916 3213 4956 censuram.
3257 4903 3506 4957 Pervenit
3552 4903 3733 4971 itaque
3770 4899 3841 4957 ad

2252 5012 2350 5050 nos
2378 4995 2690 5063 Speciosum
2726 4995 3009 5062 quemdam
3028 5038 3043 5063 ,
3086 4996 3492 5066 presbyterum,
3523 4996 3645 5065 qui,
3675 5006 3839 5050 causa

2253 5096 2528 5158 poscente,
2563 5087 2614 5139 in
2647 5088 2977 5141 monasterio
3020 5103 3050 5142 a
3089 5088 3317 5154 Joanne,
3350 5089 3515 5143 fratre
3543 5098 3598 5143 et
3624 5088 3840 5157 coepis-

2251 5193 2389 5246 c0po
2422 5186 2627 5241 nostro,
2665 5176 2835 5230 fuerat
2864 5176 3154 5245 deputatus
3177 5221 3191 5244 ,
3244 5187 3433 5234 contra
3476 5182 3559 5234 sui
3606 5179 3838 5248 pa~toris

2252 5271 2444 5324 exinde
2472 5271 2799 5325 voluntatem
2830 5271 3046 5333 exiisse,
3092 5280 3146 5325 et
3172 5272 3549 5327 ecclesiastica:
3578 5272 3837 5329 constitu-

2252 5362 2409 5416 tionis
2438 5362 2618 5430 vigore
2650 5362 2925 5432 despecto,
2958 5360 3235 5417 antedieto
3253 5364 3507 5433 episcopo
3529 5371 3705 5418 vestra
3731 5363 3836 5417 fro-

2252 5465 2362 5509 tum
2393 5455 2617 5508 tuitione
2641 5456 2909 5509 resistere.
2937 5454 3112 5521 Quod,
3138 5456 3261 5525 quia
3287 5458 3619 5511 excellentiae
3646 5463 3836 5529 vestra}

2248 5550 2363 5602 sine
2392 5549 2553 5603 dubio
2594 5548 2771 5617 pulsat
2809 5550 3081 5616 invidiam,
3130 5565 3351 5605 necesse
3394 5560 3479 5605 est
3520 5560 3580 5605 ut
3617 5552 3683 5605 ab
3719 5551 3836 5619 ejus

2249 5657 2361 5701 ves,
2389 5641 2568 5694 habita
2588 5641 2931 5706 discretione,
2958 5642 3197 5696 debeatis
3221 5643 3447 5696 tuitione
3467 5641 3832 5710 suspendere:

2246 5750 2312 5787 ne
2340 5736 2383 5786 si
2415 5734 2644 5787 nominis
2676 5735 2837 5787 vestri
2868 5735 3153 5791 occasione
3175 5735 3375 5803 pastori
3398 5749 3496 5787 suo
3523 5733 3834 5788 inobediem

2247 5827 2324 5879 vel
2373 5834 2657 5879 coiitnmax
2706 5826 2863 5879 fuerit
2912 5824 2977 5877 ad
3028 5834 3237 5893 tempus
3264 5834 3474 5880 vestros
3503 5832 3691 5879 contra
3736 5834 3832 5879 vos

550 5901 767 5975 alleget,
816 5912 1226 5968 neseio:unum
1257 5922 1434 5969 tamen
1485 5914 1587 5971 hoc
1626 5915 1763 5971 bene
1809 5922 1972 5985 atque
2016 5931 2135 5971 con,
2237 5915 2445 5986 judiccs
2493 5916 2798 5984 defensare,
2847 5926 3009 5987 atque
3048 5918 3420 5974 excellentiam
3446 5925 3684 5974 vestram
3731 5915 3829 5972 hac
