4118 6452
234 418 381 480 “[57

807 419 868 476 S.
910 418 1239 477 GREGORll
1284 420 1484 477 PAP/E
1522 420 1707 486 VITA,
1748 418 1861 476 ΔΗ(

1969 417 2072 474 DRE
2112 410 2377 475 IOANNE
2419 419 2731 477 DlACONO.
2772 421 2902 479 LIB.
2944 422 3031 480 Ill.

3462 425 3569 484 ηε

275 553 343 593 ex
383 550 444 591 re
488 542 712 604 cogatur
752 521 1047 599 offendere,
1097 540 1153 587 et
1190 548 1289 588 nos
1328 532 1531 602 pariter
1574 531 1643 587 de
1690 538 1870 586 vestra
1902 533 1949 590 Α
1978 538 2167 584 contra
2198 530 2507 601 episcopum
2540 532 2723 586 hostili
2762 547 2915 588 more
2951 540 3255 595 commotus
3282 542 3385 601 est,
3417 548 3568 591 eum-

274 626 543 685 discordia
578 622 902 679 contristari.

353 740 372 774 r
399 716 771 787 Comperimus
800 723 1082 786 prmterea,
1107 718 1252 785 quod
1275 716 1379 770 dici
1408 713 1557 769 nefas
1579 722 1682 781 est,
1709 728 1868 783 quas-

270 813 397 869 dam
442 809 713 871 mulieres,
762 822 879 878 qua:
918 822 1062 862 nunc
1088 822 1257 875 usque
1307 806 1360 861 in
1405 805 1658 875 religioso
1709 813 1868 874 atque

269 902 595 960 monachico
639 899 827 954 habitu
856 907 1289 968 permanserunt,
1324 897 1629 965 religiosam
1664 903 1867 950 vestem

269 1004 328 1050 et
356 1008 506 1049 suam
536 991 835 1046 velaturam
876 991 1149 1059 deponere
1175 1029 1189 1054 ,
1231 996 1285 1043 et
1323 988 1674 1057 conjugibus,
1723 984 1869 1056 quod

268 1085 387 1141 sine
412 1083 561 1153 gravi
586 1083 779 1138 dolore
805 1083 1012 1137 referre
1038 1097 1144 1135 non
1171 1096 1478 1151 possumus,
1513 1079 1728 1135 sociari.
1761 1078 1868 1135 Sed

268 1174 375 1229 hoc
404 1174 640 1244 quidem,
674 1181 735 1226 ut
763 1172 945 1227 dicere
976 1171 1063 1226 vel
1094 1180 1361 1226 attentare
1392 1178 1739 1240 praesumant,
1786 1170 1867 1224 fa-

268 1265 418 1321 voris
443 1244 624 1321 .vestri
674 1262 976 1332 patrocinio
1016 1262 1192 1317 fulciri
1240 1262 1510 1316 dicuntur.
1566 1259 1721 1327 Quod
1768 1276 1868 1315 nos

271 1358 498 1413 credere
543 1357 913 1427 pervcrsitatis
942 1356 1108 1427 ipsius
1136 1356 1402 1411 acerbitas
1433 1371 1541 1411 non
1584 1355 1864 1425 permittit.

269 1451 512 1507 Petimus
556 1465 686 1520 ergo
715 1459 775 1505 ut
802 1450 853 1503 in
886 1457 1035 1503 tanto
1060 1465 1156 1505 vos
1183 1457 1408 1519 peccato
1440 1449 1665 1503 miseere
1694 1448 1869 1502 nulla-

268 1552 429 1599 tenus
454 1542 717 1598 debeatis.
753 1542 886 1597 Nam
914 1542 1224 1611 hujusmodi
1255 1542 1594 1611 iniquitatem
1635 1542 1868 1605 impuni-

268 1642 381 1688 tam
423 1641 648 1703 propter
692 1632 862 1686 Deum
900 1630 1049 1687 nullo
1090 1630 1252 1686 modo
1292 1632 1527 1701 patimur
1563 1646 1863 1687 remanere.

266 1723 424 1781 Unde
451 1725 645 1780 iterum
677 1740 984 1795 quaesumus
1015 1732 1076 1780 ut
1107 1724 1425 1780 excellentia
1458 1734 1635 1780 vestra
1681 1723 1735 1780 in
1784 1733 1866 1780 ta-

266 1815 401 1871 lium
440 1832 500 1872 se
550 1832 838 1872 causarum
886 1816 1202 1872 defensione
1252 1833 1359 1873 non
1406 1817 1763 1874 misceat:ne
1813 1824 1868 1874 et

1974 638 2079 694 que
2109 639 2214 677 non
2247 624 2426 678 timuit
2455 618 2715 694 Gregorio
2737 641 3010 682 accusare.
3038 624 3136 681 Cui
3162 625 3276 695 ipse
3297 626 3567 700 rescribit,

1972 714 2159 770 dicens
2185 734 2197 768 :
2231 736 2247 767 ι
2271 714 2494 769 Multum
2526 733 2626 772 nos
2652 733 2715 770 ea
2740 733 2901 785 quam
2931 716 3202 772 direxistis
3228 716 3337 787 jam
3367 719 3569 774 contri-

1972 817 2142 863 statos
2173 809 2374 864 invenit
2415 809 2671 880 epistola,
2705 811 2849 880 quod
2878 810 3017 864 inter
3046 826 3141 866 vos
3181 818 3237 865 et
3279 808 3566 880 Joannem,

1971 900 2192 955 fratrem
2224 909 2278 955 et
2307 902 2687 972 coepiscopum
2722 909 2984 967 nostrum,
3016 901 3084 957 de
3112 917 3341 971 quorum
3362 902 3570 958 deside-

1971 994 2222 1049 rabamus
2246 993 2479 1063 gaudere
2520 994 2832 1059 concordia,
2860 994 3170 1050 scandalum
3193 996 3452 1066 prodiisse
3473 1012 3567 1052 co-

1972 1087 2271 1157 gnovimus.
2305 1088 2517 1152 Qumvis
2546 1088 2689 1143 enim
2718 1104 2880 1143 causa
2908 1087 3117 1154 fuisset,
3162 1105 3267 1143 non
3298 1105 3467 1159 usque
3496 1089 3566 1145 ad

1971 1181 2075 1236 hoc
2119 1181 2302 1235 debuit
2348 1181 2495 1236 furor
2524 1196 2806 1251 erumpere
2826 1223 2840 1249 ,
2884 1189 2943 1235 ut
2973 1182 3165 1236 armati
3197 1182 3439 1238 homines
3470 1198 3564 1238 ve-

1971 1273 2087 1339 stri,
2121 1275 2259 1328 sicut
2304 1274 2621 1337 audivimus,
2670 1286 2691 1311 ι
2733 1276 2784 1328 in
2816 1275 3146 1345 episcopium
3176 1276 3468 1342 irruerent,
3510 1287 3565 1333 et

1971 1365 2183 1421 diversa
2213 1367 2393 1421 hostili
2439 1383 2589 1422 more
2635 1367 2773 1421 mala
2825 1367 3249 1434 committerent,
3280 1379 3440 1437 atque
3468 1384 3564 1423 vos
3640 1413 3657 1432 .

1970 1458 2086 1513 hzec
2114 1475 2201 1513 res
2231 1474 2262 1512 a
2292 1468 2515 1528 paterna
2548 1458 2761 1514 interim
2809 1459 3074 1513 eharitate
3103 1459 3386 1514 divideret.
3415 1458 3564 1512 Nun-

1972 1549 2101 1620 quid
2134 1565 2236 1603 non
2276 1557 2518 1619 poterat,
2569 1550 2611 1603 si
2652 1550 2904 1619 quaslibet
2933 1550 3210 1605 contentio
3248 1549 3372 1616 fuit,
3417 1559 3565 1605 tran-

1971 1640 2134 1711 quille
2163 1641 2411 1712 disponi,
2446 1649 2629 1697 utnec
2658 1642 2890 1712 partium
2923 1642 3123 1699 utilitas
3157 1642 3562 1710 detrimentum,

1972 1750 2073 1791 nec
2096 1736 2319 1790 sentiret
2347 1716 2853 1803 gratia'ltesionem?
2878 1734 3029 1805 cujus
3058 1743 3237 1791 autem
3263 1737 3561 1805 gravitatis,

1972 1826 2126 1895 cujus
2155 1826 2486 1895 sanctitatis,
2523 1826 2674 1896 cujus
2711 1826 3137 1883 mansuetudinis
3164 1829 3563 1898 suprascriptus

266 1906 408 1965 Deus
452 1925 606 1965 suam
650 1906 904 1964 defendat
934 1908 1205 1977 injuriam,
1254 1916 1307 1963 et
1333 1908 1473 1963 inter
1505 1924 1602 1964 nos
1632 1909 1861 1964 aliorum
1894 1924 1941 1984 Β
1967 1916 2134 1971 frater
2166 1925 2350 1971 noster
2377 1917 2466 1983 sit,
2502 1933 2608 1972 non
2656 1917 2917 1973 habemus
2962 1916 3314 1986 incognitum.
3349 1916 3427 1973 Ex
3456 1933 3562 1989 qua

266 2002 441 2072 pariat
468 2002 625 2072 culpa
671 2000 1015 2058 discordiam.
1042 2020 1061 2053 ι
1096 1999 1331 2073 (Regist.
1365 2000 1400 2055 ι.
1431 2018 1487 2071 v,
1519 2019 1598 2072 ep.
1628 2000 1756 2070 24.)

336 2091 473 2151 Item
501 2092 793 2158 Venantio,
826 2092 1165 2148 exmonacho
1185 2132 1199 2157 ,
1235 2091 1461 2162 patricio
1489 2110 1501 2145 :
1534 2111 1553 2144 ί
1580 2091 1731 2148 Multi
1762 2095 1863 2150 lio-

266 2184 471 2240 mitium
500 2185 651 2241 stulti
680 2192 1009 2255 putaverunt
1038 2184 1181 2253 quod
1206 2183 1250 2239 si
1278 2183 1343 2237 ad
1374 2183 1620 2239 ordinem
1649 2186 1862 2255 episco-

265 2284 426 2347 patus
451 2276 714 2332 eveherer
735 2317 749 2343 ,
784 2285 837 2330 te
882 2276 1083 2346 alloqui
1113 2289 1177 2331 ac
1204 2290 1301 2345 per
1327 2276 1585 2347 epistolas
1614 2276 1865 2348 frequen-

265 2380 385 2428 tare
412 2388 742 2428 recusarem.
776 2373 882 2428 Sed
917 2389 1021 2427 non
1070 2374 1142 2427 ita
1185 2380 1286 2437 est,
1321 2374 1445 2443 quia
1475 2375 1590 2444 ipsa
1616 2374 1726 2444 jam
1757 2373 1865 2430 loci

264 2464 375 2519 mei
405 2464 728 2520 necessitate
758 2464 1056 2536 compellor
1100 2473 1159 2519 ut
1205 2474 1383 2521 tacere
1414 2481 1520 2520 non
1559 2465 1805 2521 debeam.
1838 2484 1855 2518 ι

264 2555 334 2611 Ει
365 2566 489 2627 post
514 2572 707 2627 pauca.
764 2577 784 2609 r
816 2557 926 2613 Hac
957 2559 1117 2627 igitur
1154 2559 1588 2615 consideratione
1618 2557 1864 2628 compul-

264 2664 377 2716 sus,
397 2652 529 2704 velis
559 2665 628 2704 an
658 2649 816 2713 nolis,
848 2651 1124 2707 locuturus
1153 2667 1291 2717 sum,
1316 2652 1440 2722 quia
1468 2652 1614 2707 omni
1641 2652 1862 2718 virtute,

263 2749 358 2797 aut
396 2750 451 2796 te
494 2743 655 2811 cupio
693 2742 928 2810 salvari,
970 2750 1062 2796 aut
1106 2743 1173 2797 de
1224 2752 1316 2797 tua
1356 2751 1531 2798 morte
1580 2758 1667 2799 me
1706 2742 1858 2813 eripi.

268 2832 329 2887 In
358 2849 464 2903 quo
493 2835 637 2889 enim
668 2835 853 2889 habitu
881 2834 1046 2891 fueris
1084 2835 1299 2901 recolis,
1332 2842 1386 2889 et
1411 2850 1655 2906 supernze
1682 2834 1866 2889 distri—

267 2926 465 2983 ctionis
521 2927 988 2981 animadversione
1032 2927 1351 2997 postposita,
1386 2926 1453 2982 ad
1498 2926 1625 2995 quid
1655 2926 1728 2981 sis
1765 2926 1858 2981 de,

263 3014 448 3087 lapsus
469 3018 735 3086 agnoscis.
767 3018 994 3088 Culpam
1016 3033 1146 3087 ergo
1173 3029 1319 3073 tuam
1342 3034 1508 3089 pensa
1530 3017 1656 3073 dum
1684 3022 1858 3084 vacat,

264 3106 657 3164 districtionem
701 3109 864 3165 futuri
909 3109 1114 3165 Iudicis
1152 3110 1282 3165 dum
1318 3112 1467 3168 vales
1505 3112 1861 3181 exhorresce,

263 3212 335 3252 ne
382 3207 508 3254 tunc
552 3200 699 3254 illam
732 3215 972 3255 amaram
1001 3203 1324 3257 sententiam
1356 3204 1539 3259 audias
1579 3219 1701 3259 cum
1742 3218 1860 3258 eam

1968 2024 2029 2063 re
2058 2008 2378 2079 colligimus,
2409 2010 2536 2075 quia
2565 2010 2667 2064 nisi
2698 2010 2778 2064 vis
2808 2026 2931 2064 eum
2978 2009 3181 2065 doloris
3226 2010 3388 2064 nimia
3429 2025 3561 2066 coe—

1968 2099 2152 2169 gisset,
2186 2097 2253 2152 ad
2294 2098 2433 2154 hanc
2458 2114 2595 2163 rem,
2628 2098 2696 2154 de
2724 2115 2826 2169 qua
2853 2114 2950 2154 vos
2979 2099 3327 2154 contristatos
3367 2099 3563 2155 asseri-

1970 2190 2057 2257 tis,
2090 2190 2207 2260 ejus
2237 2189 2547 2247 fraternitas
2594 2191 2905 2247 nullatenus
2935 2190 3286 2261 pervenisset.
3329 2190 3440 2248 Nos
3466 2206 3562 2247 au-

1968 2293 2099 2349 tem,
2135 2291 2190 2337 ut
2220 2282 2327 2338 hoc
2367 2298 2433 2338 eo
2476 2283 2748 2339 scribente
2776 2283 3157 2353 comperimus,
3190 2282 3333 2339 illico
3360 2283 3409 2339 ei
3436 2284 3562 2339 scri-

1967 2378 2192 2449 psimus,
2233 2374 2587 2431 admonentes
2635 2385 2693 2430 ut
2738 2384 2793 2431 et
2818 2374 3123 2431 oblationes
3152 2384 3380 2444 vestras,
3425 2376 3563 2433 sicut

1969 2478 2093 2525 ante
2118 2468 2444 2541 susciperet,
2473 2477 2528 2523 et
2554 2469 2743 2525 missas
2772 2468 2824 2523 in
2855 2468 3016 2524 domo
3042 2478 3220 2524 vestra
3250 2484 3358 2523 non
3386 2468 3562 2525 solum

1968 2560 2231 2615 celebrari
2261 2559 2624 2628 permitteret,
2654 2558 2747 2613 sed
2777 2558 2821 2616 si
2854 2559 3046 2627 velitis,
3072 2560 3231 2615 etiam
3264 2560 3375 2630 ipse
3403 2574 3561 2630 pera-

1968 2658 2139 2719 geret,
2163 2670 2180 2703 s
2241 2657 2294 2705 et
2322 2658 2516 2704 caetera
2549 2650 2784 2723 (jRegist.
2819 2651 2909 2706 lib.
2955 2668 3028 2715 v1,
3078 2669 3160 2721 ep.
3206 2650 3331 2721 43.)
3361 2650 3561 2707 Verum

1967 2740 2262 2797 Venantius
2288 2758 2409 2797 eum
2438 2742 2694 2813 episcopo
2721 2744 2771 2796 in
2797 2743 3143 2798 concordiam
3169 2743 3407 2810 rediens,
3438 2758 3561 2800 cum

1968 2851 2065 2906 per
2102 2836 2350 2891 undecim
2392 2853 2563 2899 annos
2592 2852 2621 2889 a
2652 2834 2913 2905 Gregorio
2952 2836 3334 2907 multiplicibus
3370 2835 3560 2891 litteris

1964 2928 2286 2983 exhortatus
2330 2927 2509 2982 redire
2554 2929 2619 2980 ad
2670 2928 3046 2982 monachicum
3100 2927 3439 2997 propositum
3467 2926 3561 2982 de-

1970 3026 2243 3085 trectaret,
2278 3018 2329 3072 in
2362 3019 2732 3087 gravissimam
2759 3012 3130 3087 aegritudinem
3159 3016 3372 3072 cecidit.
3405 3016 3561 3083 Quod

1967 3124 1997 3163 a
2042 3106 2246 3165 Joanne
2292 3110 2631 3181 Syracusano
2682 3112 2940 3181 episcopo
2992 3108 3284 3180 Gregorius
3335 3110 3559 3165 audiens

1967 3203 2259 3274 rescripsit,
2292 3202 2474 3258 dicens
2502 3222 2512 3255 ε
2548 3223 2565 3254 ι
2586 3201 2959 3257 Frateruitatis
2989 3212 3181 3259 vestra:
3211 3203 3413 3272 scripta
3442 3218 3559 3258 sus~

264 3289 373 3363 iani
401 3292 558 3348 nullis
586 3292 799 3348 fletibus
828 3294 1043 3349 evadas.
1072 3314 1090 3348 ι
1136 3294 1203 3350 Et
1232 3296 1369 3351 infra
1400 3314 1411 3349 :
1446 3316 1464 3348 ι
1493 3296 1655 3351 Teste
1683 3294 1858 3350 Evan-
1889 3298 1934 3361 C
1968 3296 2106 3365 cepi,
2134 3311 2253 3365 quae
2281 3294 2411 3348 mihi
2434 3294 2501 3349 de
2530 3293 2823 3349 dulcissimi
2853 3295 2947 3349 filii
2976 3295 3077 3348 mei
3106 3295 3290 3348 domni
3315 3291 3558 3351 Venanlii

263 3385 639 3455 gelio(Matt/t.
672 3386 788 3457 xu),
822 3388 927 3443 scis
953 3390 1076 3458 quia
1099 3389 1276 3444 divina
1298 3391 1559 3445 severitas
1587 3391 1653 3445 de
1682 3390 1856 3445 otioso

262 3491 516 3533 sermone
544 3494 643 3534 nos
668 3481 863 3549 arguit,
893 3488 947 3536 et
977 3482 1043 3536 de
1072 3482 1241 3538 verbo
1271 3483 1446 3537 inutili
1471 3484 1711 3538 rationes
1733 3483 1858 3538 sub-

263 3569 429 3625 tiliter
472 3573 727 3641 exquirit.
761 3571 936 3629 Pensa
966 3587 1093 3641 ergo
1124 3574 1251 3643 quid
1282 3573 1489 3631 factura
1519 3583 1601 3631 est
1632 3574 1698 3629 de
1733 3590 1857 3644 per-

264 3673 425 3716 verso
448 3676 615 3731 opere
640 3702 653 3726 ,
685 3664 732 3717 si
761 3665 1022 3734 quosdam
1054 3666 1107 3718 in
1150 3665 1354 3733 judicio
1382 3682 1481 3721 suo
1512 3666 1766 3736 reprobat
1792 3665 1859 3720 de

261 3768 534 3810 sermone.
568 3756 803 3811 Ananias
829 3756 937 3811 Deo
980 3759 1237 3827 pecunias
1266 3768 1527 3824 voverat,
1562 3774 1692 3828 quas
1738 3768 1861 3828 post

262 3847 530 3903 diabolica
559 3849 734 3901 victus
776 3851 1123 3917 persuasione
1150 3850 1417 3903 subtraxit
1449 3850 1594 3915 (Act.
1627 3848 1733 3919 v);
1765 3849 1860 3903 sed

263 3954 372 4009 qua
388 3945 563 3992 morte
577 3940 866 3993 mulctatus
889 3948 990 4006 est,
1018 3941 1145 3995 seis.
1171 3940 1226 3993 Si
1251 3940 1336 3993 ille
1360 3940 1520 4007 igitur
1546 3940 1736 3993 mortis
1760 3954 1859 4008 pe-

264 4029 441 4084 rieulo
468 4028 661 4095 dignus
690 4028 831 4097 fuit,
887 4029 978 4098 qui
1022 4044 1114 4086 eos
1156 4045 1293 4099 quos
1338 4026 1562 4083 dederat
1608 4045 1857 4083 nummos

266 4121 379 4176 Deo
409 4121 650 4188 abstulit,
681 4120 962 4176 considera
986 4129 1189 4191 quanto
1212 4121 1451 4191 periculo
1483 4122 1532 4175 in
1565 4122 1746 4176 divino
1768 4122 1859 4191 ju-

268 4212 409 4267 dicio
439 4213 630 4281 dignus
658 4214 785 4281 eris,
830 4214 922 4283 qui
958 4230 1065 4269 non
1088 4229 1355 4279 nummos,
1380 4213 1472 4268 sed
1498 4214 1858 4283 temetipsum,

268 4304 625 4373 omnipotenti
674 4304 817 4371 Deo,
869 4306 955 4361 cui
988 4314 1039 4360 te
1069 4306 1166 4360 sub
1197 4304 1517 4359 monachico
1549 4304 1731 4357 habitu
1764 4304 1861 4357 de~

268 4408 523 4462 voveras,
567 4395 899 4451 subtraxisti.
962 4395 1331 4465 Quapropter,
1398 4397 1442 4449 si
1508 4394 1861 4450 correctionis

268 4504 404 4542 mea:
449 4490 608 4544 verba
658 4499 942 4545 secuturus
970 4491 1222 4555 audieris,
1256 4507 1414 4560 quam
1447 4491 1551 4545 sint
1580 4490 1777 4545 blanda
1807 4500 1863 4546 et

268 4580 445 4634 dulcia
495 4581 547 4634 in
596 4581 701 4636 fine
730 4596 1043 4650 cognosces.
1076 4581 1211 4637 Ecce
1237 4625 1251 4648 ,
1286 4584 1479 4650 fateor,
1511 4599 1745 4638 mmrens
1774 4584 1859 4639 lo-

1962 3385 2278 3454 mgt‘itudine
2307 3384 2686 3454 loquebantur,
2716 3393 2770 3438 et
2799 3393 2989 3439 cuneta
3018 3398 3145 3454 erga
3175 3398 3297 3438 eum
3330 3382 3561 3452 qualiter

1964 3485 2082 3532 acta
2111 3484 2235 3531 sunt
2265 3477 2604 3531 enarrabant.
2635 3474 2740 3531 Sed
2768 3491 2877 3532 uno
2910 3484 3153 3545 tempore
3179 3475 3397 3543 auditis,
3424 3480 3477 3529 et
3505 3472 3559 3527 il-

1963 3570 2073 3624 lum
2120 3570 2144 3606 ι)
2189 3568 2476 3639 desperare
2504 3583 2569 3623 ac
2599 3570 2834 3637 graviter
2875 3577 3162 3638 aegrotare,
3210 3576 3266 3623 et
3303 3568 3355 3622 in
3398 3566 3560 3621 rebus

1964 3662 2350 3731 orphanorum,
2385 3660 2612 3715 ﬁliarum
2644 3661 2761 3729 ejus
2790 3662 3018 3727 scilicet,
3050 3662 3300 3717 homines
3346 3660 3560 3729 iniquos

1965 3754 2213 3807 insistere
2241 3794 2255 3817 ,
2284 3753 2374 3805 vix
2403 3767 2461 3806 se
2491 3752 2543 3805 in
2575 3752 2737 3807 corde
2768 3768 2889 3807 meo
2917 3752 3074 3807 dolor
3101 3768 3294 3821 capere
3323 3757 3557 3821 poterat.

1964 3844 2070 3897 Sed
2099 3844 2149 3895 in
2182 3844 2286 3896 hoc
2314 3842 2413 3895 fuit
2441 3843 2712 3909 solatium,
2740 3843 2883 3911 quod
2912 3844 3160 3915 lacrymze
3186 3844 3314 3896 mihi
3346 3857 3444 3911 per
3468 3855 3561 3910 ge«

1965 3933 2125 3989 initus
2155 3935 2528 4007 erumpebant.
2575 3932 2772 3987 Vestra
2820 3934 2981 4003 igitur
3029 3936 3284 3990 sanctitas
3332 3933 3560 4011 primam

1967 4039 2127 4092 quam
2156 4023 2312 4078 decet
2339 4038 2525 4078 curam
2559 4024 2828 4093 negligere
2856 4041 2963 4079 non
2992 4024 3174 4091 debet,
3204 4034 3262 4079 ut
3290 4023 3356 4079 de
3387 4024 3560 4082 anima

1966 4118 2082 4186 ejus
2112 4117 2349 4184 cogitare
2380 4116 2594 4183 debeat,
2627 4117 2986 4182 exhortando,
3019 4116 3280 4185 rogando,
3324 4115 3418 4169 Dei
3450 4124 3559 4169 ter-

1968 4210 2123 4264 ribile
2147 4208 2404 4278 judicium
2438 4208 2817 4278 proponendo,
2853 4206 3174 4262 ineffabilem
3207 4206 3324 4277 ejus
3354 4206 3561 4262 miseri-

1968 4300 2205 4355 cordiam
2251 4298 2643 4370 promittendo;
2690 4308 2750 4353 ut
2789 4300 2853 4353 ad
2890 4298 3130 4353 habitum
3171 4314 3324 4354 suum
3367 4298 3561 4367 redire,

1967 4394 2052 4447 vel
2081 4395 2131 4447 in
2159 4395 2433 4459 extremis,
2466 4392 2693 4448 debeat:
2723 4410 2789 4450 ne
2822 4395 2871 4449 ei
2916 4403 3096 4449 reatus
3123 4403 3285 4453 tanta:
3314 4396 3481 4464 culpae
3510 4395 3562 4450 in

1968 4495 2170 4542 mterno
2195 4486 2395 4557 judicio
2426 4487 2670 4542 obsistat.
2704 4506 2722 4539 ι
2761 4485 2993 4558 (Regist.
3024 4487 3112 4541 lib.
3147 4504 3222 4551 xt,
3252 4504 3334 4555 ep.
3368 4486 3491 4554 56.)

2038 4582 2095 4635 Si
2126 4598 2261 4651 quos
2290 4592 2468 4637 tamen
2500 4581 2738 4652 judicum
2768 4597 2797 4635 a
2828 4582 2939 4636 suis
2989 4581 3344 4651 pravitatibus
3376 4582 3561 4634 incorp

268 4690 428 4742 quor,
460 4683 514 4728 et
553 4675 679 4729 facti
722 4677 799 4730 tui
840 4677 1052 4730 tristitia
1085 4676 1352 4742 addictus,
1384 4678 1543 4731 edere
1576 4681 1739 4732 verba
1770 4680 1857 4733 vix
1887 4684 1941 4746 ι)
1965 4674 2239 4731 vcrtibiles
2270 4675 2561 4744 Gregorius
2590 4676 2937 4739 advertebat,
2970 4690 3065 4729 eos
3095 4675 3306 4743 scriptis
3335 4677 3561 4745 propriis

268 4765 426 4819 valeo
452 4783 464 4817 :
492 4774 548 4819 et
574 4774 753 4822 tamen
785 4768 994 4823 animus
1024 4776 1163 4833 tuus,
1198 4770 1424 4824 actionis
1454 4786 1561 4824 suae
1590 4771 1857 4835 conscius,

268 4858 358 4911 vix
390 4859 585 4913 suliicit
615 4860 753 4915 ferre
782 4864 925 4928 quod
955 4863 1134 4927 audit;
1170 4866 1458 4929 erubescit,
1491 4864 1859 4932 confunditur,

268 4948 604 5005 adversatur.
642 4952 695 5005 Si
735 4966 863 5020 ergo
908 4954 1046 5007 ferre
1077 4971 1183 5008 non
1215 4957 1353 5009 valet
1394 4957 1553 5010 verba
1596 4958 1859 5026 pulveris,

268 5039 397 5106 quid
428 5039 663 5095 facturus
690 5050 773 5095 est
802 5041 866 5095 ad
893 5042 1150 5109 judicium
1182 5045 1524 5099 Conditoris?
1557 5045 1750 5101 Fateor
1780 5057 1862 5102 ta—

268 5144 393 5182 men
423 5132 545 5199 quia
590 5147 835 5201 superate
862 5135 1047 5200 gratia:
1076 5135 1497 5189 misericordiam
1540 5153 1656 5192 esse
1687 5139 1861 5192 maxi-

268 5234 414 5273 mam
444 5222 624 5289 credo,
667 5224 809 5291 quod
843 5233 895 5277 te
921 5223 1155 5292 effugere
1184 5226 1345 5278 vitam
1377 5227 1659 5292 conspirit,
1691 5236 1744 5280 et
1775 5236 1858 5281 ta-

269 5326 396 5365 men
440 5309 613 5367 adhuc
660 5313 729 5367 ad
779 5314 941 5367 vitam
986 5324 1259 5369 reservat:
1286 5315 1425 5383 quod
1458 5316 1858 5384 superbientem

277 5406 435 5475 109
464 5414 518 5461 te
545 5407 691 5461 videt
737 5418 791 5462 et
834 5408 1089 5463 tolerat.)
1146 5407 1374 5479 (Regist.
1424 5408 1457 5461 Ι.
1513 5425 1556 5472 l,
1608 5425 1687 5477 ep.
1736 5408 1857 5478 54.)

269 5493 514 5563 Cumque
545 5496 867 5562 Venantius,
904 5500 956 5552 in
990 5498 1179 5553 eadem
1211 5498 1477 5568 apostasia
1512 5514 1854 5568 permanens,

270 5584 479 5641 obortis
517 5588 833 5656 quibusdam
883 5590 1269 5655 simultatibus,
1318 5590 1621 5644 oblationes
1668 5606 1791 5643 suas
1829 5606 1859 5643 a

271 5675 503 5745 Joanne,
533 5679 1153 5753 Syracusanoepiscopo,
1181 5693 1458 5737 execratas
1488 5691 1861 5751 eognosreret,

346 5796 376 5827 ι
401 5789 478 5842 lta
508 5788 632 5844 Mss.
668 5789 863 5860 Bigot.,
898 5792 1042 5849 Utic.
1072 5795 1270 5859 et'alii;
1314 5804 1367 5848 at
1397 5794 1542 5855 editi.
1577 5796 1628 5848 in
1666 5796 1863 5861 episco-

274 5875 433 5937 pum;
467 5862 771 5937 qurelectio
799 5866 1113 5933 reprobatur
1147 5882 1174 5917 ει
1201 5866 1478 5922 codicibus
1503 5866 1861 5937 Epistolarum

276 5934 394 5989 tam
423 5933 651 6003 excusis,
679 5948 839 6003 quam
865 5950 1024 5991 manu
1051 5939 1299 5992 exaratis.

1971 4783 2137 4839 penes
2166 4768 2432 4837 principes
2476 4767 2791 4821 denotabat.
2847 4764 2996 4819 Unde
3047 4764 3412 4819 Constantinm
3456 4765 3561 4821 Au-

1970 4869 2139 4930 gusta:
2183 4860 2460 4928 queritur,
2510 4858 2694 4913 dicens
2728 4876 2740 4912 :
2781 4876 2799 4909 ι
2836 4858 2970 4910 Dum
3021 4856 3074 4910 in
3115 4856 3361 4912 Sardinia
3392 4859 3561 4915 insula

1970 4953 2168 5007 multos
2218 4966 2333 5006 esse
2376 4950 2657 5017 gentilium
2708 4949 3111 5017 cognovissent,
3163 4967 3362 5019 eosque
3391 4952 3562 5009 adhuc

1970 5060 2148 5114 pravae
2174 5042 2487 5110 gentilitatis
2509 5057 2658 5095 more
2690 5040 2955 5095 idolorum
2978 5043 3253 5098 sacrificiis
3273 5045 3562 5111 deservire,

1972 5143 2028 5188 et
2074 5132 2311 5198 ejusdem
2358 5130 2540 5183 insula:
2592 5129 2899 5185 sacerdotes
2934 5131 2997 5185 ad
3036 5132 3426 5202 praedicandum
3456 5134 3561 5188 Rc-

1972 5223 2305 5291 tlemptoretn
2341 5228 2582 5274 nostrum
2617 5229 2889 5290 torpentes
2918 5223 3151 5278 existere
3187 5242 3198 5276 :
3233 5240 3394 5277 unum
3442 5222 3563 5278 illuc

1973 5330 2040 5367 ex
2089 5313 2251 5367 Italia:
2296 5313 2566 5382 episcopis
2614 5313 2767 5381 misi,
2801 5313 2891 5382 qui
2934 5315 3133 5368 multos
3180 5315 3453 5382 gentilium
3497 5312 3560 5365 ad

1973 5407 2163 5469 tidem,
2203 5406 2429 5459 Domino
2464 5411 2825 5472 cooperante,
2877 5406 3145 5474 perduxit.
3193 5404 3297 5460 Sed
3349 5402 3556 5473 quidam

1976 5510 2088 5554 rem
2127 5498 2255 5551 mihi
2302 5499 2613 5568 sacrilegam
2656 5497 2941 5565 nuntiavit,
2993 5498 3115 5567 quia
3166 5496 3217 5549 hi
3264 5496 3353 5565 qui
3397 5494 3448 5546 in
3499 5508 3561 5548 ca

1977 5589 2132 5645 ldillls
2174 5590 2451 5643 innnolant
2493 5590 2658 5657 jutlici
2707 5590 2983 5659 praemium
3013 5583 3344 5656 persolvunt,
3377 5590 3435 5635 ut
3460 5581 3562 5637 hoc

1976 5684 2055 5737 eis
2106 5682 2279 5737 facere
2327 5684 2500 5736 liceat.
2535 5682 2773 5747 Quorum
2801 5684 2924 5735 dum
2953 5679 3166 5747 quidam
3195 5674 3449 5744 baptizati
3478 5688 3563 5728 es-

2051 5794 2074 5831 b
2111 5794 2303 5861 lligpt.,
2329 5794 2593 5864 desperate
2617 5810 2677 5846 ac
2697 5796 2916 5864 graviter
2936 5797 3206 5859 cgrotare,
3230 5787 3372 5859 quod
3397 5786 3561 5849 etiam

1978 5865 2180 5921 habent
2204 5864 2328 5923 Mss.
2367 5863 2743 5935 Epistolarum.
