4118 6498
540 472 640 534 189

1080 476 1137 533 S.
1182 471 1511 530 GREGORll
1548 470 1753 529 PAPxE
1799 470 1978 539 VlTA,
2020 468 2346 528 AUCTORE
2384 472 2645 531 JOANNE
2685 472 3002 533 DIACONO.
3042 476 3172 533 LIB.
3213 476 3301 533 111.

3724 477 3857 540 160

540 603 675 663 sent,
715 602 769 651 et
784 591 897 665 jam
920 591 1198 648 immolare
1219 590 1379 646 idolis
1400 590 1741 655 desivissent,
1765 588 1941 643 adhuc
1972 586 2130 657 110
2158 589 2209 650 A
2236 590 2526 646 sollicitum
2574 592 2827 662 vigilare,
2880 605 3068 649 contra
3122 595 3320 650 ducum
3386 593 3627 651 fallacias
3666 606 3855 670 atque

540 687 603 742 Ib
631 686 823 742 eodem
851 683 1032 739 insula:
1056 682 1258 752 judice,
1287 683 1449 738 etiam
1471 691 1594 753 post
1617 682 1960 752 baptismum,
1987 694 2123 750 pra:-

539 779 701 834 tniutn
730 775 859 832 illud
899 774 1132 845 exigitur
1177 775 1321 844 quod
1350 774 1467 829 dari
1513 775 1660 844 prius
1705 790 1806 844 pro
1857 773 2123 828 idolorum

540 867 902 924 ninnolatione
926 875 1302 923 consueverat.
1336 862 1507 933 Quem
1536 883 1659 921 cum
1689 865 1975 936 praedictus
2007 864 2112 935 epi-

539 974 729 1031 scopus
759 960 1093 1030 increparet,
1140 969 1350 1015 tantum
1379 975 1437 1015 se
1465 958 1773 1029 suffragium
1816 958 2127 1029 promisisse

539 1054 836 1123 respondit,
867 1062 927 1108 ut
953 1054 1056 1111 nisi
1085 1055 1152 1109 de
1175 1054 1351 1110 causis
1372 1054 1534 1108 etiam
1565 1054 1759 1108 talibus
1783 1053 1994 1123 impleri
2020 1067 2128 1108 non

540 1144 726 1215 possit.
767 1140 987 1199 Corsica
1028 1159 1158 1200 vero
1196 1144 1368 1200 insula
1417 1154 1563 1200 tanta
1606 1145 1882 1199 nimietate
1910 1142 2132 1213 exigen—

540 1236 695 1304 tium,
724 1243 780 1290 et
807 1236 1117 1306 gravamine
1144 1238 1411 1306 premitur
1433 1237 1799 1301 exactionum,
1832 1242 1888 1288 ut
1919 1235 2018 1304 ipsi
2042 1234 2133 1303 qui

540 1328 593 1382 in
625 1328 713 1382 illa
743 1336 887 1393 sunt,
912 1328 1099 1384 eadem
1125 1343 1243 1398 qua:
1268 1330 1555 1398 exiguntur
1582 1328 1855 1399 complere
1880 1328 1971 1382 vix
1998 1327 2135 1381 ﬁlios

540 1435 668 1475 suos
717 1419 1002 1476 vendendo
1042 1420 1328 1477 sufﬁciant.
1380 1420 1536 1477 Unde
1566 1421 1627 1476 ﬁt
1670 1430 1729 1475 ut
1758 1421 2015 1476 derelicta
2048 1420 2134 1492 pia

541 1512 836 1581 republica,
867 1528 1211 1582 possessores
1239 1513 1480 1583 ejusdem
1504 1514 1694 1568 insulae
1714 1512 1779 1567 ad
1810 1500 2135 1567 nefan'dissii

542 1621 687 1661 mam
711 1604 1182 1675 Langobardorum
1204 1614 1420 1675 gentem
1442 1615 1703 1676 cogantur
1723 1604 1979 1675 eﬁugere.
2000 1601 2139 1669 Quid

542 1701 686 1754 enim
712 1700 944 1769 gravius,
978 1700 1103 1769 quid
1131 1700 1403 1755 crudelius
1424 1699 1536 1769 pati
1565 1705 1795 1768 possunt
1818 1712 1847 1749 a
1875 1694 2135 1761 barbaris,

542 1807 704 1860 quam
734 1799 792 1846 ut
818 1792 1098 1848 constricti
1125 1801 1288 1861 atque
1316 1791 1612 1861 compressi
1661 1799 1792 1844 suos
1840 1787 1977 1842 ﬁlios
2004 1802 2139 1842 ven-

541 1882 670 1939 dere
696 1885 1119 1956 compellantur?
1138 1885 1405 1941 ln’Sicilia
1434 1892 1612 1939 autem
1639 1884 1810 1937 insula
1835 1881 2142 1951 Stephanus

2225 682 2457 738 malitias
2484 693 2795 755 suspectum
2833 701 3049 757 semper
3094 688 3331 743 existere
3360 706 3375 742 :
3400 689 3555 759 cujus
3600 693 3852 765 laboris,

2228 770 2380 841 cujus
2402 773 2604 830 doloris
2633 776 2721 842 sit,
2757 783 2933 831 vestra
2962 777 3272 832 fraternitas
3303 786 3455 836 tanto
3483 783 3665 839 verius
3692 800 3857 854 pen-

2228 870 2330 927 sat,
2357 874 2560 932 quanto
2583 867 2922 936 me,quih'.ec
2942 868 3140 938 patior,
3155 869 3340 939 purius
3360 880 3527 927 amat.
3558 892 3578 925 ι
3603 873 3851 947 (Regia.

2231 952 2321 1008 lib.
2356 969 2409 1019 ν,
2460 973 2541 1026 ep.
2572 956 2686 1027 42.)

2304 1047 2435 1103 Item
2457 1049 2740 1105 Anastasio
2759 1053 3077 1121 patriarchae
3093 1065 3218 1123 post
3232 1056 3397 1110 multa
3425 1076 3438 1111 :
3471 1076 3489 1108 ι
3518 1057 3650 1125 Quae
3680 1065 3777 1132 ιι
3791 1066 3851 1135 ι

2233 1138 2373 1191 mala
2404 1139 2753 1196 barbarorum
2783 1142 2990 1210 gladiis,
3019 1158 3137 1213 quae
3158 1160 3188 1198 a
3211 1148 3566 1217 perversitate
3590 1149 3854 1218 judicum

2236 1231 2499 1299 patimur,
2523 1233 2837 1289 beatitudini
2868 1245 3061 1291 vestra:
3107 1254 3331 1294 narrare
3360 1238 3589 1311 refugio,
3622 1248 3691 1298 ne
3720 1244 3856 1312 ejus

2236 1323 2493 1391 gemitum
2526 1339 2770 1393 augeam,
2797 1342 2956 1397 quem
2986 1328 3232 1384 minuere
3281 1332 3613 1389 consolando
3635 1334 3852 1391 debue-

2238 1430 2374 1469 ram.
2415 1436 2433 1468 )
2473 1416 2695 1488 (Regist.
2749 1418 2839 1473 lib.
2868 1436 2938 1485 tv,
2964 1438 3044 1491 ep.
3077 1421 3193 1491 59.)

2309 1505 2441 1561 Item
2489 1506 2759 1576 Palladio,
2809 1512 3127 1582 presbytero
3175 1513 3243 1569 de
3283 1525 3471 1571 monte
3508 1515 3674 1587 Sina,
3715 1526 3853 1589 post

2242 1599 2509 1669 plurima:
2550 1621 2567 1652 ι
2597 1600 2730 1657 Peto
2764 1612 2821 1657 ut
2846 1620 2945 1673 pro
2974 1620 3061 1659 me
3111 1620 3270 1661 orare
3297 1606 3529 1675 debeas,
3571 1620 3853 1678 quatenus

2242 1693 2584 1763 omnipotens
2611 1694 2773 1763 Deus,
2801 1703 2853 1749 et
2882 1712 2913 1749 a
2939 1697 3094 1751 malis
3120 1713 3206 1752 me
3240 1698 3535 1768 spiritibus,
3569 1709 3622 1755 et
3644 1716 3675 1754 a
3715 1717 3851 1772 per-

2245 1785 2414 1841 versis
2461 1787 2765 1843 hominibus
2814 1789 3087 1843 custodire
3133 1789 3383 1858 dignetur
3416 1809 3429 1845 :
3462 1794 3587 1862 quia
3638 1793 3690 1845 in
3739 1793 3853 1849 hac

2243 1879 2370 1933 vitae
2399 1894 2531 1933 mea:
2570 1880 3003 1949 peregrinatione
3051 1882 3194 1935 mala
3237 1899 3323 1937 me
3369 1884 3527 1938 simul
3572 1894 3627 1939 et
3672 1886 3851 1941 multa

542 1975 759 2045 quidam
788 1978 1112 2033 marinarum
1144 1978 1376 2048 partium
1404 1976 1765 2031 chartularius
1822 1983 1967 2028 tanta
1996 1988 2133 2042 prmv
2166 1976 2216 2036 B
2241 1973 2593 2037 circumdant,
2624 1973 2695 2027 ita
2718 1983 2777 2029 ut
2805 1990 2926 2029 cum
2956 1974 3238 2031 Psalmista
3257 1976 3379 2046 jure
3408 1978 3585 2032 dicam
3614 1997 3626 2031 :
3664 1978 3727 2032 In
3760 1996 3850 2033 me

541 2067 736 2138 judicia
766 2078 1049 2139 tantasque
1076 2070 1457 2140 oppressiones
1483 2068 1697 2138 operari
1724 2067 1950 2134 dicitur,
1980 2066 2135 2119 inva-

541 2158 718 2216 dendo
738 2159 859 2216 loca
888 2160 1237 2230 singulorum,
1267 2169 1429 2231 atque
1456 2160 1575 2214 sine
1596 2158 1831 2213 dictione
1852 2170 2136 2212 causarum

540 2266 633 2323 per
683 2254 1051 2323 possessiones
1089 2268 1152 2308 ac
1198 2254 1386 2309 domos
1421 2253 1609 2307 titulos
1657 2250 1939 2322 ponendo,
1986 2258 2046 2303 ut
2090 2248 2138 2303 si

541 2343 704 2398 velim
724 2353 844 2400 acta
867 2345 983 2413 ejus
1000 2345 1206 2413 singula
1227 2360 1345 2414 quas
1367 2346 1436 2399 ad
1450 2359 1538 2399 me
1555 2349 1915 2413 pervenerunt
1935 2339 2136 2405 dicere,

542 2448 737 2502 magno
761 2434 1037 2491 volumine
1062 2437 1178 2489 hzec
1205 2435 1424 2505 explere
1452 2450 1561 2490 non
1591 2448 1826 2504 possem.
1858 2430 1989 2497 Quae
2018 2445 2139 2485 om-

543 2526 630 2582 nia
660 2529 1000 2584 serenissima
1026 2529 1244 2585 domina
1274 2529 1503 2585 solerter
1532 2528 1783 2598 aspiciat,
1816 2534 1871 2582 et
1915 2541 2142 2597 oppres-

542 2633 726 2673 sorum
750 2622 980 2689 gemitus
1004 2630 1331 2692 compescat.
1371 2642 1390 2674 ›
1420 2620 1489 2676 Et
1535 2630 1660 2692 post
1706 2636 1912 2690 pauca:
1957 2638 1976 2672 ι
2011 2618 2142 2685 Quae

543 2712 687 2765 enim
731 2722 970 2779 mentes,
998 2715 1177 2784 qualia
1202 2715 1404 2771 viscera
1435 2724 1718 2785 parentum
1747 2729 1866 2769 esse
1894 2721 2139 2785 possunt,

542 2804 888 2873 perpendite,
920 2807 1132 2875 quando
1164 2804 1301 2860 ﬁlios
1348 2821 1478 2861 suos
1528 2805 1860 2868 distrahunt,
1913 2818 1983 2857 ne
2029 2808 2143 2855 tor-

542 2904 826 2963 queantur.
858 2896 1100 2963 Qualiter
1130 2906 1311 2952 autem
1350 2896 1715 2953 miserendum
1743 2896 1811 2950 sit
1853 2894 1974 2948 ﬁliis
2003 2892 2139 2947 alio-

542 2998 679 3053 rum,
709 2987 815 3043 hoc
833 2989 971 3044 bene
1000 2990 1175 3045 sciunt
1195 2990 1285 3060 qui
1312 2990 1513 3045 habent
1534 2989 1805 3059 proprios.
1835 2984 1988 3041 Unde
2011 2984 2141 3039 mihi

542 3079 776 3135 breviter
801 3081 914 3136 haec
936 3082 1265 3150 suggessisse
1293 3081 1547 3147 sufﬁciat,
1577 3095 1648 3135 ne
1676 3080 1721 3135 si
1750 3094 1812 3133 ea
1839 3092 1956 3147 qua:
1978 3077 2031 3130 in
2057 3075 2143 3131 his

542 3172 782 3240 partibus
807 3181 1058 3240 aguntur,
1091 3173 1265 3243 pietas
1292 3182 1475 3227 vestra
1505 3188 1614 3227 non
1642 3176 2020 3240 cognosceret,
2054 3182 2143 3222 me

542 3263 682 3332 apud
702 3263 1002 3319 districtum
1018 3265 1253 3333 judicem
1274 3265 1473 3319 silentii
1487 3264 1592 3319 mei
1606 3263 1768 3333 culpa
1784 3260 2090 3316 mulctaret.
2114 3276 2134 3310 ι

543 3354 765 3428 (Regist.
788 3357 878 3411 lib.
904 3374 957 3424 v,
1000 3376 1081 3428 ep.
1129 3358 1244 3430 4|.)

610 3468 702 3523 49.
730 3469 867 3525 Hinc
895 3479 978 3525 est
1004 3471 1146 3539 quod
1170 3470 1332 3541 hujus
1359 3469 1605 3539 Gregorii
1654 3477 1903 3537 tempore
1930 3472 2013 3517 tot
2051 3478 2141 3518 sa-

543 3558 791 3615 cerdotes
838 3568 893 3614 et
939 3560 1061 3615 laici
1111 3576 1208 3630 per
1248 3561 1491 3616 diversas
1554 3560 1805 3629 regiones
1865 3554 2139 3610 miraculis

543 3664 886 3719 coruscasse,
928 3652 1149 3722 Dialogo
1208 3662 1375 3720 teste,
1414 3653 1743 3724 probantur,
1804 3656 1936 3718 quot
1998 3662 2138 3701 nun-

542 3758 704 3813 quam
734 3745 834 3801 sub
869 3748 1257 3818 pnsterioribus
1284 3746 1628 3819 pontiﬁcibus
1675 3743 1903 3801 inveniri
1950 3748 2139 3813 postea

541 3844 851 3906 potuerunt.

612 3932 797 3989 Tantis
828 3935 987 4004 igitur
1015 3935 1266 3993 Ecclesiae
1309 3936 1405 3993 Dei
1434 3934 1778 3992 felicitatibus
1822 3929 1991 3986 hostis
2036 3927 2141 3981 hu-

539 4027 683 4081 mani
708 4028 920 4095 generis
947 4029 1210 4096 invidens,
1234 4029 1522 4085 nonnullos
1543 4025 1855 4098 pontiﬁcum
1874 4020 2141 4089 simulque

544 4118 881 4173 smcularium
905 4119 1144 4188 judicum
1167 4162 1184 4188 ,
1234 4123 1303 4176 ad
1332 4119 1735 4191 ejus'invidiant
1766 4111 2136 4182 conflagravit.

542 4206 717 4276 Super
753 4224 981 4276 quorutn
1011 4208 1304 4266 afﬂictione
1323 4209 1516 4266 Joanni
1540 4206 1838 4265 Revennati
1860 4204 2137 4274 episcopo,

546 4297 688 4351 inter
717 4306 911 4353 caetera
937 4301 1201 4370 queritur,
1246 4302 1432 4358 dicens
1464 4322 1476 4357 :
1514 4322 1533 4354 ‹
1565 4300 1812 4357 Peccatis
1859 4297 1992 4351 meis
2038 4296 2142 4349 hoc

541 4396 766 4457 reputo,
797 4390 920 4457 quia
951 4390 1083 4457 iste,
1129 4394 1219 4462 qui
1257 4410 1400 4450 nunc
1447 4395 1673 4449 interest
1702 4394 1720 4463 (
1752 4390 1892 4446 haud
1922 4388 2141 4443 dubium

541 4477 667 4545 quin
702 4477 973 4536 Romanus
998 4484 1305 4555 exarchus).
1333 4494 1388 4540 et
1411 4498 1650 4556 pugnare
1679 4490 1866 4539 contra
1896 4478 2143 4540 inimicos

540 4578 754 4626 nostros
783 4571 1104 4641 dissimulat,
1128 4584 1183 4630 ct
1203 4592 1303 4631 nos
1324 4576 1502 4632 facere
1528 4592 1715 4647 pacem
1742 4582 1891 4630 vetat
1915 4592 1927 4627 :
1954 4585 2142 4643 quam-

539 4660 617 4715 vis
641 4660 753 4731 jam
784 4664 966 4731 modo,
1000 4666 1209 4720 etiamsi
1232 4667 1393 4733 velit,
1424 4666 1601 4723 facere
1631 4666 1851 4723 omnino
1881 4680 1989 4719 non
2014 4676 2142 4733 pose

2168 3344 2215 3405 C

2236 2065 2554 2117 transierunt
2608 2065 2706 2117 ira:
2752 2074 2887 2131 tum,
2936 2074 2984 2118 et
3031 2074 3251 2119 terrores
3294 2068 3367 2119 tui
3409 2069 3850 2123 conturbauerunt

2237 2176 2337 2213 me.
2363 2158 2820 2213 Circumdederunt
2850 2175 2930 2212 me
2953 2160 3083 2212 sicut
3111 2176 3245 2231 aqua
3269 2169 3375 2215 tota
3398 2162 3510 2227 die,
3551 2164 3853 2218 circumde-

2241 2252 2426 2306 derunt
2454 2268 2535 2305 me
2559 2253 2712 2305 simul
2734 2250 2910 2322 (Psal.
2944 2268 3181 2320 Lxxxvn,
3216 2254 3281 2309 17
3324 2264 3375 2308 et
3401 2254 3514 2325 18).
3550 2274 3569 2308 ι
3613 2255 3846 2327 (Regist.

2241 2341 2333 2397 lib.
2358 2359 2441 2410 χι,
2470 2360 2553 2413 ep.
2584 2341 2666 2413 2.)

2317 2451 2403 2507 50.
2431 2452 2601 2507 Porro
2630 2452 2880 2511 Mauritio
2932 2463 3058 2511 tunc
3108 2457 3426 2513 avarissimo
3454 2459 3725 2529 simulque
3752 2477 3847 2516 ra-

2242 2544 2533 2614 pacissimo
2554 2540 2803 2615 principi,
2822 2546 3252 2615 suggestionibus
3265 2547 3605 2604 inimicorum
3620 2566 3848 2607 suorum

2244 2631 2665 2689 funestissimam
2711 2635 2885 2704 legem
2928 2634 3152 2703 ferenti,
3200 2645 3259 2691 ut
3285 2638 3416 2692 nulli
3454 2639 3720 2706 militum,
3750 2641 3848 2710 qui

2244 2726 2494 2782 videlicet
2524 2728 2575 2781 in
2608 2743 2771 2782 manu
2804 2727 3044 2797 signatus
3070 2730 3291 2798 fuisset,
3342 2731 3529 2787 liceret
3576 2735 3847 2800 converti,

2246 2821 2389 2876 inter
2416 2830 2611 2875 caetera
2641 2822 2721 2876 sic
2750 2822 3029 2891 respondit
3062 2841 3075 2876 :
3119 2842 3138 2876 ‹
3175 2824 3256 2880 Ad
3283 2825 3388 2881 hoc
3415 2836 3657 2897 potestas
3681 2843 3847 2898 super

2246 2929 2435 2968 omnes
2457 2914 2703 2969 homines
2741 2916 2928 2984 pietati
2978 2915 3318 2972 dominorum
3349 2934 3592 2976 meorum
3635 2921 3848 2976 caelitus

2248 3005 2372 3061 data
2402 3014 2504 3073 est,
2534 3015 2593 3061 ut
2619 3008 2711 3076 qui
2738 3008 2880 3062 bona
2910 3016 3203 3079 appetunt,
3244 3009 3599 3079 adjuventur,
3650 3020 3710 3065 ut
3735 3028 3849 3067 ores

2246 3100 2423 3155 lorum
2447 3101 2531 3154 via
2562 3101 2762 3170 largius
2790 3109 2995 3170 pateat,
3026 3109 3085 3154 ut
3116 3109 3368 3156 terrestre
3393 3115 3617 3169 regnum
3639 3102 3849 3162 cmlesli

2246 3207 2413 3262 regno
2441 3192 2750 3248 famuletur.
2784 3192 2849 3246 Et
2895 3209 3024 3250 ecce
3053 3203 3239 3265 aperta
3268 3211 3404 3251 voce
3432 3196 3647 3263 dicitur,
3678 3205 3739 3251 ut
3773 3198 3847 3261 ei,

2247 3285 2339 3353 qui
2367 3284 2535 3338 semel
2569 3284 2623 3337 in
2653 3291 2867 3339 terrena
2898 3284 3087 3339 militia
3117 3286 3357 3354 signatus
3384 3284 3577 3357 fuerit,
3627 3287 3731 3340 nisi
3755 3296 3849 3343 aut

2247 3375 2463 3445 expleta
2489 3375 2701 3441 militia,
2734 3384 2826 3430 aut
2852 3392 2950 3446 pro
2979 3376 3259 3431 debilitate
3283 3378 3527 3447 corporis
3574 3379 3846 3448 repulsus,

2242 3468 2473 3524 Domino
2504 3477 2693 3524 nostro
2742 3466 2869 3524 Jesu
2912 3466 3128 3523 Christo
3156 3469 3392 3523 militare
3423 3486 3531 3524 non
3560 3469 3744 3525 liceat.
3777 3470 3849 3527 At

2243 3562 2358 3617 hate
2386 3576 2513 3617 ecce
2542 3576 2639 3631 per
2667 3575 2779 3625 me,
2809 3575 3023 3615 servum
3046 3559 3295 3614 ultimum
3324 3576 3478 3629 suum
3501 3569 3557 3615 et
3575 3570 3840 3627 vestrum,

2241 3652 2594 3723 respondebit
2621 3652 2886 3717 Christus,
2919 3651 3103 3706 dicens
3132 3669 3145 3703 :
3190 3652 3301 3720 Ego
3334 3662 3385 3706 te
3407 3651 3474 3707 de
3503 3652 3719 3706 notario
3743 3668 3841 3706 co-

2242 3746 2425 3800 mitem
2449 3745 2841 3811 excubitorum,
2859 3742 2929 3798 de
2949 3744 3147 3799 comite
3159 3743 3535 3798 excubitorum
3559 3757 3839 3809 aesarem,

2242 3836 2310 3891 de
2338 3851 2539 3890 caesare
2582 3835 2998 3905 imperatorem,
3028 3850 3131 3889 nec
3172 3834 3347 3889 solum
3390 3835 3527 3901 hoc,
3560 3835 3656 3890 sed
3682 3835 3845 3892 etiam

2242 3933 2453 3997 patrem
2484 3927 2872 3996 imperatorum
2902 3926 3028 3981 feci.
3059 3926 3384 3981 Sacerdotes
3412 3941 3564 3982 meos
3592 3937 3699 3982 tua:
3724 3943 3845 3982 ma-

2246 4019 2336 4073 nui
2366 4017 2632 4083 connnisi,
2664 4025 2719 4071 et
2747 4026 2804 4072 tu
2833 4032 2863 4070 a
2903 4031 3027 4071 meo
3058 4018 3281 4072 servitio
3329 4017 3528 4073 milites
3558 4026 3681 4073 tuos
3715 4019 3845 4073 sub-

2244 4111 2452 4165 trahis?
2478 4110 2784 4181 Responde,
2817 4124 2969 4179 rogo,
2995 4111 3234 4179 piissime
3262 4109 3502 4176 domine,
3533 4126 3693 4166 servo
3724 4121 3842 4175 tuo,

2245 4204 2372 4273 quid
2402 4204 2639 4258 venienti
2667 4212 2723 4257 et
2748 4203 2865 4259 hate
2893 4204 3093 4258 dicenti
3137 4217 3496 4275 responsurus
3524 4220 3583 4259 es
3612 4206 3664 4259 in
3702 4204 3843 4273 judi-

2246 4295 2331 4349 cio
2360 4294 2589 4350 Domino
2617 4296 2752 4350 tuo?
2782 4314 2801 4347 ι
2836 4294 2901 4348 Ει
2923 4305 3047 4366 post
3086 4312 3294 4367 pauca:
3335 4315 3353 4347 ί
3377 4296 3663 4367 Requirat,
3688 4311 3841 4365 rogo,

2246 4383 2503 4439 Dominus
2528 4400 2700 4452 meus,
2724 4386 2844 4455 quis
2870 4386 3018 4456 prior
3040 4386 3334 4457 imperator
3361 4388 3522 4442 talem
3545 4388 3719 4457 legem
3745 4388 3844 4443 de-

2246 4476 2404 4543 derit,
2436 4485 2492 4531 ct
2516 4477 2762 4533 subtilius
2789 4478 3039 4549 aestimet,
3068 4479 3111 4534 si
3136 4480 3249 4534 d'ari
3277 4479 3541 4537 debuerit.
3572 4500 3591 4533 ›
3615 4480 3839 4552 (Regist.

2248 4570 2336 4623 lib.
2370 4586 2426 4636 ιι,
2457 4587 2538 4641 ep.
2572 4570 2687 4643 65.)

2318 4662 2452 4717 Item
2497 4663 2784 4720 Theodoro
2812 4665 3051 4732 medico,
3085 4674 3208 4736 post
3256 4665 3435 4735 aliqua
3468 4683 3481 4719 :
3522 4683 3541 4717 ι
3577 4663 3840 4733 Peccatis,

540 4766 723 4806 sumus
756 4773 768 4807 :
800 4756 925 4823 quia
965 4757 1254 4828 Ariulphus
1280 4759 1578 4813 exercitum
1608 4759 1853 4813 Autarith
1893 4766 1949 4812 et
1996 4756 2134 4810 Nor—
2159 4729 2211 4789 D
2242 4756 2452 4825 inquit,
2482 4758 2617 4811 meis
2646 4757 3001 4823 facientibus,
3029 4773 3094 4812 ex
3123 4774 3352 4827 quorum
3392 4759 3733 4828 suggestione
3758 4749 3841 4814 vel

540 4841 668 4895 dulﬁ
707 4845 941 4911 habens,
975 4863 1163 4904 eorum
1188 4850 1288 4905 sibi
1315 4849 1430 4905 dari
1462 4852 1705 4921 precaria
1735 4851 2044 4917 desiderat,
2075 4856 2135 4903 ut

541 4934 815 5003 vobiscum
851 4936 999 5006 loqui
1029 4940 1231 5010 aliquid
1260 4941 1326 4996 de
1366 4957 1500 5013 pace
1542 4942 1808 5012 dignetur.
1846 4962 1864 4994 ι
1904 4940 2129 5013 (Regist.

541 5025 630 5080 lib.
663 5044 722 5094 tt,
753 5046 832 5097 ep.
876 5028 990 5100 46.)

610 5116 743 5171 Item
772 5117 1111 5187 Sebastiano,
1135 5124 1390 5195 episcopo
1418 5120 1698 5183 Sirmiensi
1718 5167 1733 5192 ,
1764 5133 1889 5196 post
1910 5125 2088 5194 aliqua
2115 5142 2126 5178 :

547 5225 566 5259 ι
602 5206 762 5273 Quae,
816 5210 1150 5267 sanctissime
1198 5212 1393 5282 frater,
1438 5216 1505 5271 de
1552 5217 1710 5271 amici
1759 5216 1920 5271 vestri
1950 5215 2133 5271 domni

539 5297 770 5354 Romani
799 5316 1030 5370 persona
1059 5304 1113 5359 in
1142 5304 1247 5360 hac
1270 5316 1412 5362 terra
1440 5310 1702 5379 patimur,
1737 5310 1883 5377 loqui
1916 5308 2136 5363 minime

539 5388 778 5445 valemus
812 5409 824 5444 :
854 5392 1089 5448 breviter
1110 5403 1289 5451 tamen
1319 5397 1442 5454 dico
1470 5400 1593 5468 quia
1624 5399 1741 5467 ejus
1770 5400 1821 5452 in
1856 5414 1956 5454 nos
1980 5397 2136 5451 mali-

539 5482 613 5535 tia
640 5483 847 5551 gladios
876 5483 1351 5554 Langobardorum
1380 5492 1530 5559 vicit,
1580 5491 1654 5545 ita
1679 5501 1739 5544 ut
1791 5491 2136 5558 benigniores

538 5573 823 5631 videantur
849 5578 1061 5642 hostes,
1112 5576 1330 5657 qui'nos
1374 5583 1717 5645 interimunt.
1744 5598 1903 5652 quam
1950 5585 2135 5652 reipu-

538 5659 689 5718 blicae
707 5665 933 5733 judices,
963 5670 1055 5738 qui
1085 5686 1183 5725 nos
1211 5673 1415 5726 malitia
1443 5689 1569 5738 sua,
1613 5674 1817 5743 rapinis
1840 5684 1999 5741 atque
2026 5674 2130 5728 fal-

538 5757 690 5811 laciis
719 5759 771 5814 in
803 5764 1130 5832 cogitatione
1164 5775 1503 5820 consumunt.
1534 5765 1603 5820 Et
1624 5783 1731 5822 uno
1763 5777 2003 5836 tempore
2031 5784 2130 5823 cu-

539 5860 655 5899 ram
683 5850 1076 5921 episcoporum,
1110 5866 1271 5923 atque
1297 5858 1644 5923 clericorum,
1678 5860 2128 5915 monasteriorum

539 5953 787 6011 quoque,
834 5953 891 5998 et
934 5947 1119 6015 populi
1162 5962 1386 6018 gerere,
1419 5960 1607 6008 contra
1647 5953 1881 6011 hostium
1912 5955 2130 6011 insidias

2143 6040 2169 6059 ν

2245 4850 2473 4906 consilio
2504 4850 2688 4905 nescio
2718 4858 2994 4905 transacto
3035 4866 3210 4916 anno,
3260 4851 3418 4905 talem
3467 4852 3521 4904 in
3566 4851 3842 4921 republica

2244 4956 2343 4995 sua
2373 4941 2548 5010 legem
2579 4940 2801 5010 protulit
2830 4940 3144 5010 imperator,
3176 4948 3235 4994 ut
3258 4940 3438 4995 nullus
3454 4941 3545 5010 qui
3569 4941 3842 4995 actionem

2244 5032 2516 5104 publicam
2546 5034 2675 5099 egit,
2728 5032 2903 5088 nullus
2933 5034 3023 5103 qui
3055 5031 3233 5087 ofﬁcio
3273 5033 3359 5089 vel
3389 5048 3551 5087 manu
3580 5033 3841 5102 signatus,

2244 5126 2332 5181 vel
2353 5126 2492 5180 inter
2531 5125 2727 5181 milites
2757 5126 2971 5181 habitus
3010 5135 3117 5191 est,
3148 5126 3198 5180 ei
3238 5126 3291 5181 in
3329 5126 3661 5181 monasterio
3705 5141 3841 5179 cun-

2243 5217 2383 5273 verti
2430 5218 2619 5287 liceat,
2675 5219 2775 5274 nisi
2813 5218 2955 5274 forte
3002 5218 3190 5273 militia
3237 5217 3354 5287 ejus
3404 5218 3565 5273 fuerit
3602 5217 3839 5288 expleta.

2243 5312 2416 5377 Quam
2466 5312 2639 5381 legem
2686 5313 2951 5383 primum,
2996 5313 3137 5367 sicut
3191 5312 3244 5365 hi
3295 5311 3514 5379 dicunt,
3567 5311 3657 5381 qui
3694 5312 3841 5380 leges

2240 5409 2454 5455 veteres
2500 5411 2795 5468 noverunt,
2842 5401 3084 5456 Julianus
3114 5400 3367 5472 protulit,
3398 5401 3465 5455 dc
3503 5416 3612 5470 quo
3641 5401 3841 5457 scimus

2242 5511 2461 5561 omnes,
2513 5505 2775 5567 quantum
2824 5511 2854 5549 a
2900 5496 3011 5551 Deo
3061 5510 3282 5551 aversus
3343 5494 3522 5551 fuerit.
3582 5513 3601 5547 ι
3658 5493 3835 5562 (Ibid.

2244 5602 2326 5656 ep.
2352 5585 2466 5657 66.)

2317 5676 2404 5731 51.
2450 5677 2804 5735 Conicrtabat
2857 5679 3117 5734 insaniam
3154 5680 3422 5748 judicum,
3468 5679 3584 5734 sive
3623 5678 3838 5732 fovebat

2243 5770 2497 5836 Joannes,
2535 5780 2663 5826 tunc
2692 5787 2756 5825 ex
2804 5772 3070 5826 monacho
3101 5772 3261 5839 regim
3291 5772 3440 5825 urbis
3471 5771 3717 5828 antistes,
3747 5768 3837 5837 qui

2244 5879 2311 5918 eo
2336 5872 2606 5933 tempore,
2639 5879 2746 5931 quo
2767 5863 3057 5931 Gregorius
3100 5879 3130 5917 a
3161 5862 3377 5933 Pelagio
3416 5863 3645 5934 praesule
3672 5860 3837 5915 desti-

2245 5966 2402 6013 natus
2436 5956 2811 6026 apocrisiarius
2836 5971 3002 6029 penes
3030 5956 3554 6030 Constantinopolim
3583 5954 3836 6012 nturaban
