  <div class='ocr_page' id='page_1' title='image "/cluster/home/n/w/nwhite01/storage/ocr_20150623/75/hvd.32044015469380/088.png"; bbox 0 0 4118 6486; ppageno 0'>
   <div class='ocr_carea' id='block_1_1' title="bbox 261 370 367 430">
    <p class='ocr_par' dir='ltr' id='par_1_1' title="bbox 261 370 367 430">
     <span class='ocr_line' id='line_1_1' title="bbox 261 370 367 430; baseline -0.038 1"><span class='ocrx_word' id='word_1_1' title='bbox 261 370 367 430; x_wconf 71' lang='grc'><strong>161</strong></span> 
     </span>
    </p>
   </div>
   <div class='ocr_carea' id='block_1_2' title="bbox 764 310 1834 435">
    <p class='ocr_par' dir='ltr' id='par_1_2' title="bbox 764 344 1834 435">
     <span class='ocr_line' id='line_1_2' title="bbox 764 344 1834 435; baseline -0.003 -10"><span class='ocrx_word' id='word_1_2' title='bbox 764 364 1227 425; x_wconf 80' lang='lat' dir='ltr'><strong>-s.-cnsconu</strong></span> <span class='ocrx_word' id='word_1_3' title='bbox 1265 366 1467 423; x_wconf 65' lang='lat' dir='ltr'><strong>eam</strong></span> <span class='ocrx_word' id='word_1_4' title='bbox 1509 344 1711 435; x_wconf 69' lang='grc' dir='ltr'><strong>γιτΑῖ</strong></span> <span class='ocrx_word' id='word_1_5' title='bbox 1735 363 1834 422; x_wconf 76' lang='grc' dir='ltr'><strong>Αυι</strong></span> 
     </span>
    </p>
   </div>
   <div class='ocr_carea' id='block_1_3' title="bbox 1937 310 3016 435">
    <p class='ocr_par' dir='ltr' id='par_1_3' title="bbox 1937 310 3016 425">
     <span class='ocr_line' id='line_1_3' title="bbox 1937 310 3016 425; baseline 0.003 -3"><span class='ocrx_word' id='word_1_6' title='bbox 1937 310 2359 422; x_wconf 46' lang='lat' dir='ltr'><strong>{nummus</strong></span> <span class='ocrx_word' id='word_1_7' title='bbox 2396 344 3016 425; x_wconf 45' lang='lat' dir='ltr'><strong>cacumineris:</strong></span> 
     </span>
    </p>
   </div>
   <div class='ocr_carea' id='block_1_4' title="bbox 3453 369 3556 428">
    <p class='ocr_par' dir='ltr' id='par_1_4' title="bbox 3453 369 3556 428">
     <span class='ocr_line' id='line_1_4' title="bbox 3453 369 3556 428; baseline 0.019 -2"><span class='ocrx_word' id='word_1_8' title='bbox 3453 369 3556 428; x_wconf 67' lang='lat'><strong>163</strong></span> 
     </span>
    </p>
   </div>
   <div class='ocr_carea' id='block_1_5' title="bbox 255 477 3556 558">
    <p class='ocr_par' dir='ltr' id='par_1_5' title="bbox 255 477 3556 558">
     <span class='ocr_line' id='line_1_5' title="bbox 255 477 3556 558; baseline 0.002 -21"><span class='ocrx_word' id='word_1_9' title='bbox 255 493 366 553; x_wconf 77' lang='lat' dir='ltr'><strong>tur,</strong></span> <span class='ocrx_word' id='word_1_10' title='bbox 398 484 583 553; x_wconf 78' lang='lat' dir='ltr'><strong>fugere</strong></span> <span class='ocrx_word' id='word_1_11' title='bbox 614 494 675 537; x_wconf 84' lang='lat' dir='ltr'><strong>se</strong></span> <span class='ocrx_word' id='word_1_12' title='bbox 698 495 964 536; x_wconf 79' lang='lat' dir='ltr'><strong>summum</strong></span> <span class='ocrx_word' id='word_1_13' title='bbox 989 481 1352 536; x_wconf 78' lang='lat' dir='ltr'><strong>sacerdotium</strong></span> <span class='ocrx_word' id='word_1_14' title='bbox 1380 481 1533 551; x_wconf 87' lang='lat' dir='ltr'><strong>quasi</strong></span> <span class='ocrx_word' id='word_1_15' title='bbox 1577 480 1853 536; x_wconf 79' lang='lat' dir='ltr'><strong>humiliter</strong></span> <span class='ocrx_word' id='word_1_16' title='bbox 1880 490 1936 541; x_wconf 72' lang='grc' dir='ltr'><strong>Α</strong></span> <span class='ocrx_word' id='word_1_17' title='bbox 1963 477 2241 535; x_wconf 84' lang='lat' dir='ltr'><strong>Dominum</strong></span> <span class='ocrx_word' id='word_1_18' title='bbox 2274 480 2454 552; x_wconf 84' lang='lat' dir='ltr'><strong>(Prov.</strong></span> <span class='ocrx_word' id='word_1_19' title='bbox 2498 499 2612 550; x_wconf 80' lang='lat' dir='ltr'><strong>xxi,</strong></span> <span class='ocrx_word' id='word_1_20' title='bbox 2641 483 2756 553; x_wconf 70' lang='grc' dir='ltr'><strong>ὅθ).</strong></span> <span class='ocrx_word' id='word_1_21' title='bbox 2786 483 2854 540; x_wconf 91' lang='lat' dir='ltr'><strong>Et</strong></span> <span class='ocrx_word' id='word_1_22' title='bbox 2878 484 3093 556; x_wconf 86' lang='lat' dir='ltr'><strong>quidem</strong></span> <span class='ocrx_word' id='word_1_23' title='bbox 3132 500 3273 558; x_wconf 72' lang='lat' dir='ltr'><strong>saepe</strong></span> <span class='ocrx_word' id='word_1_24' title='bbox 3300 486 3556 557; x_wconf 63' lang='lat' dir='ltr'><strong>praefatus</strong></span> 
     </span>
    </p>
   </div>
   <div class='ocr_carea' id='block_1_6' title="bbox 256 573 1851 645">
    <p class='ocr_par' dir='ltr' id='par_1_6' title="bbox 256 573 1851 645">
     <span class='ocr_line' id='line_1_6' title="bbox 256 573 1851 645; baseline -0.004 -12"><span class='ocrx_word' id='word_1_25' title='bbox 256 577 443 637; x_wconf 81' lang='lat' dir='ltr'><strong>ﬂuxit;</strong></span> <span class='ocrx_word' id='word_1_26' title='bbox 481 574 578 630; x_wconf 90' lang='lat' dir='ltr'><strong>sed</strong></span> <span class='ocrx_word' id='word_1_27' title='bbox 614 589 681 629; x_wconf 93' lang='lat' dir='ltr'><strong>eo</strong></span> <span class='ocrx_word' id='word_1_28' title='bbox 725 583 1007 643; x_wconf 82' lang='lat' dir='ltr'><strong>suscepto,</strong></span> <span class='ocrx_word' id='word_1_29' title='bbox 1059 588 1231 643; x_wconf 85' lang='lat' dir='ltr'><strong>usque</strong></span> <span class='ocrx_word' id='word_1_30' title='bbox 1265 574 1400 629; x_wconf 85' lang='lat' dir='ltr'><strong>adeo</strong></span> <span class='ocrx_word' id='word_1_31' title='bbox 1439 575 1493 628; x_wconf 92' lang='lat' dir='ltr'><strong>in</strong></span> <span class='ocrx_word' id='word_1_32' title='bbox 1543 573 1851 645; x_wconf 86' lang='lat' dir='ltr'><strong>superbiam</strong></span> 
     </span>
    </p>
   </div>
   <div class='ocr_carea' id='block_1_7' title="bbox 253 664 1850 731">
    <p class='ocr_par' dir='ltr' id='par_1_7' title="bbox 253 664 1850 731">
     <span class='ocr_line' id='line_1_7' title="bbox 253 664 1850 731; baseline -0.005 -4"><span class='ocrx_word' id='word_1_33' title='bbox 253 671 456 726; x_wconf 79' lang='lat' dir='ltr'><strong>dolosae</strong></span> <span class='ocrx_word' id='word_1_34' title='bbox 491 665 1003 731; x_wconf 59' lang='lat' dir='ltr'><strong>mentisexorevit,</strong></span> <span class='ocrx_word' id='word_1_35' title='bbox 1053 674 1114 719; x_wconf 90' lang='lat' dir='ltr'><strong>ut</strong></span> <span class='ocrx_word' id='word_1_36' title='bbox 1158 680 1321 720; x_wconf 88' lang='lat' dir='ltr'><strong>causa</strong></span> <span class='ocrx_word' id='word_1_37' title='bbox 1362 664 1466 719; x_wconf 92' lang='lat' dir='ltr'><strong>alia</strong></span> <span class='ocrx_word' id='word_1_38' title='bbox 1509 665 1850 719; x_wconf 85' lang='lat' dir='ltr'><strong>occasionem</strong></span> 
     </span>
    </p>
   </div>
   <div class='ocr_carea' id='block_1_8' title="bbox 253 757 1850 839">
    <p class='ocr_par' dir='ltr' id='par_1_8' title="bbox 253 757 1850 839">
     <span class='ocr_line' id='line_1_8' title="bbox 253 757 1850 839; baseline -0.006 -17"><span class='ocrx_word' id='word_1_39' title='bbox 253 780 501 839; x_wconf 62' lang='lat' dir='ltr'><strong>quaerens</strong></span> <span class='ocrx_word' id='word_1_40' title='bbox 520 805 534 829; x_wconf 96' lang='lat'><strong>,</strong></span> <span class='ocrx_word' id='word_1_41' title='bbox 582 772 607 799; x_wconf 76' lang='grc' dir='ltr'><strong>ιι</strong></span> <span class='ocrx_word' id='word_1_42' title='bbox 638 760 901 833; x_wconf 86' lang='lat' dir='ltr'><strong>synodum</strong></span> <span class='ocrx_word' id='word_1_43' title='bbox 931 760 1165 825; x_wconf 92' lang='lat' dir='ltr'><strong>faceret,</strong></span> <span class='ocrx_word' id='word_1_44' title='bbox 1196 759 1250 813; x_wconf 92' lang='lat' dir='ltr'><strong>in</strong></span> <span class='ocrx_word' id='word_1_45' title='bbox 1270 774 1376 829; x_wconf 87' lang='lat' dir='ltr'><strong>qua</strong></span> <span class='ocrx_word' id='word_1_46' title='bbox 1404 772 1464 813; x_wconf 91' lang='lat' dir='ltr'><strong>se</strong></span> <span class='ocrx_word' id='word_1_47' title='bbox 1492 757 1850 813; x_wconf 91' lang='lat' dir='ltr'><strong>universalem</strong></span> 
     </span>
    </p>
   </div>
   <div class='ocr_carea' id='block_1_9' title="bbox 250 848 1851 930">
    <p class='ocr_par' dir='ltr' id='par_1_9' title="bbox 250 848 1851 930">
     <span class='ocr_line' id='line_1_9' title="bbox 250 848 1851 930; baseline -0.008 -15"><span class='ocrx_word' id='word_1_48' title='bbox 250 858 528 930; x_wconf 88' lang='lat' dir='ltr'><strong>appellare</strong></span> <span class='ocrx_word' id='word_1_49' title='bbox 565 860 790 910; x_wconf 91' lang='lat' dir='ltr'><strong>conatus</strong></span> <span class='ocrx_word' id='word_1_50' title='bbox 814 860 915 908; x_wconf 90' lang='lat' dir='ltr'><strong>est.</strong></span> <span class='ocrx_word' id='word_1_51' title='bbox 941 851 1097 918; x_wconf 86' lang='lat' dir='ltr'><strong>Quod</strong></span> <span class='ocrx_word' id='word_1_52' title='bbox 1140 865 1268 905; x_wconf 85' lang='lat' dir='ltr'><strong>mox</strong></span> <span class='ocrx_word' id='word_1_53' title='bbox 1315 864 1453 920; x_wconf 87' lang='lat' dir='ltr'><strong>papa</strong></span> <span class='ocrx_word' id='word_1_54' title='bbox 1500 848 1746 917; x_wconf 80' lang='lat' dir='ltr'><strong>Pelagius</strong></span> <span class='ocrx_word' id='word_1_55' title='bbox 1789 859 1851 902; x_wconf 92' lang='lat' dir='ltr'><strong>ut</strong></span> 
     </span>
    </p>
   </div>
   <div class='ocr_carea' id='block_1_10' title="bbox 250 940 1849 1020">
    <p class='ocr_par' dir='ltr' id='par_1_10' title="bbox 250 940 1849 1020">
     <span class='ocr_line' id='line_1_10' title="bbox 250 940 1849 1020; baseline -0.006 -15"><span class='ocrx_word' id='word_1_56' title='bbox 250 948 491 1020; x_wconf 86' lang='lat' dir='ltr'><strong>agnovit,</strong></span> <span class='ocrx_word' id='word_1_57' title='bbox 524 944 743 1000; x_wconf 73' lang='lat' dir='ltr'><strong>directis</strong></span> <span class='ocrx_word' id='word_1_58' title='bbox 771 943 1017 1014; x_wconf 80' lang='lat' dir='ltr'><strong>epistolis</strong></span> <span class='ocrx_word' id='word_1_59' title='bbox 1045 957 1113 998; x_wconf 83' lang='lat' dir='ltr'><strong>ex</strong></span> <span class='ocrx_word' id='word_1_60' title='bbox 1146 943 1469 997; x_wconf 83' lang='lat' dir='ltr'><strong>auctoritate</strong></span> <span class='ocrx_word' id='word_1_61' title='bbox 1504 942 1675 996; x_wconf 87' lang='lat' dir='ltr'><strong>sancti</strong></span> <span class='ocrx_word' id='word_1_62' title='bbox 1702 940 1849 996; x_wconf 85' lang='lat' dir='ltr'><strong>Petri</strong></span> 
     </span>
    </p>
   </div>
   <div class='ocr_carea' id='block_1_11' title="bbox 249 1031 1848 1112">
    <p class='ocr_par' dir='ltr' id='par_1_11' title="bbox 249 1031 1848 1112">
     <span class='ocr_line' id='line_1_11' title="bbox 249 1031 1848 1112; baseline -0.006 -16"><span class='ocrx_word' id='word_1_63' title='bbox 249 1039 516 1112; x_wconf 80' lang='lat' dir='ltr'><strong>apostoli,</strong></span> <span class='ocrx_word' id='word_1_64' title='bbox 568 1035 807 1105; x_wconf 86' lang='lat' dir='ltr'><strong>ejusdem</strong></span> <span class='ocrx_word' id='word_1_65' title='bbox 846 1033 1038 1106; x_wconf 89' lang='lat' dir='ltr'><strong>synodi</strong></span> <span class='ocrx_word' id='word_1_66' title='bbox 1085 1041 1205 1088; x_wconf 89' lang='lat' dir='ltr'><strong>acta</strong></span> <span class='ocrx_word' id='word_1_67' title='bbox 1254 1032 1508 1088; x_wconf 90' lang='lat' dir='ltr'><strong>cassavit.</strong></span> <span class='ocrx_word' id='word_1_68' title='bbox 1549 1031 1848 1087; x_wconf 90' lang='lat' dir='ltr'><strong>Diaconum</strong></span> 
     </span>
    </p>
   </div>
   <div class='ocr_carea' id='block_1_12' title="bbox 246 1124 1847 1198">
    <p class='ocr_par' dir='ltr' id='par_1_12' title="bbox 246 1124 1847 1198">
     <span class='ocr_line' id='line_1_12' title="bbox 246 1124 1847 1198; baseline -0.005 -11"><span class='ocrx_word' id='word_1_69' title='bbox 246 1148 411 1197; x_wconf 89' lang='lat' dir='ltr'><strong>vero,</strong></span> <span class='ocrx_word' id='word_1_70' title='bbox 451 1129 543 1198; x_wconf 85' lang='lat' dir='ltr'><strong>qui</strong></span> <span class='ocrx_word' id='word_1_71' title='bbox 585 1128 739 1197; x_wconf 83' lang='lat' dir='ltr'><strong>juxta</strong></span> <span class='ocrx_word' id='word_1_72' title='bbox 785 1140 991 1181; x_wconf 90' lang='lat' dir='ltr'><strong>morem</strong></span> <span class='ocrx_word' id='word_1_73' title='bbox 1039 1139 1139 1195; x_wconf 92' lang='lat' dir='ltr'><strong>pro</strong></span> <span class='ocrx_word' id='word_1_74' title='bbox 1167 1124 1443 1194; x_wconf 86' lang='lat' dir='ltr'><strong>responsis</strong></span> <span class='ocrx_word' id='word_1_75' title='bbox 1464 1124 1847 1181; x_wconf 84' lang='lat' dir='ltr'><strong>ecclesiasticis</strong></span> 
     </span>
    </p>
   </div>
   <div class='ocr_carea' id='block_1_13' title="bbox 247 1214 1845 1287">
    <p class='ocr_par' dir='ltr' id='par_1_13' title="bbox 247 1214 1845 1287">
     <span class='ocr_line' id='line_1_13' title="bbox 247 1214 1845 1287; baseline -0.004 -11"><span class='ocrx_word' id='word_1_76' title='bbox 247 1219 510 1276; x_wconf 81' lang='lat' dir='ltr'><strong>faciendis</strong></span> <span class='ocrx_word' id='word_1_77' title='bbox 533 1215 945 1287; x_wconf 84' lang='lat' dir='ltr'><strong>imperatoribus</strong></span> <span class='ocrx_word' id='word_1_78' title='bbox 971 1214 1299 1280; x_wconf 64' lang='lat' dir='ltr'><strong>adhaerebat,</strong></span> <span class='ocrx_word' id='word_1_79' title='bbox 1327 1228 1450 1268; x_wconf 91' lang='lat' dir='ltr'><strong>cum</strong></span> <span class='ocrx_word' id='word_1_80' title='bbox 1471 1229 1537 1268; x_wconf 94' lang='lat' dir='ltr'><strong>eo</strong></span> <span class='ocrx_word' id='word_1_81' title='bbox 1560 1214 1845 1269; x_wconf 90' lang='lat' dir='ltr'><strong>missarum</strong></span> 
     </span>
    </p>
   </div>
   <div class='ocr_carea' id='block_1_14' title="bbox 244 1303 1845 1376">
    <p class='ocr_par' dir='ltr' id='par_1_14' title="bbox 244 1303 1845 1376">
     <span class='ocr_line' id='line_1_14' title="bbox 244 1303 1845 1376; baseline -0.006 -8"><span class='ocrx_word' id='word_1_82' title='bbox 244 1312 508 1368; x_wconf 88' lang='lat' dir='ltr'><strong>solemnia</strong></span> <span class='ocrx_word' id='word_1_83' title='bbox 530 1309 807 1364; x_wconf 87' lang='lat' dir='ltr'><strong>celebrare</strong></span> <span class='ocrx_word' id='word_1_84' title='bbox 834 1305 1128 1376; x_wconf 85' lang='lat' dir='ltr'><strong>prohibuit.</strong></span> <span class='ocrx_word' id='word_1_85' title='bbox 1159 1303 1325 1373; x_wconf 84' lang='lat' dir='ltr'><strong>Cujus</strong></span> <span class='ocrx_word' id='word_1_86' title='bbox 1350 1305 1673 1359; x_wconf 89' lang='lat' dir='ltr'><strong>sententiam</strong></span> <span class='ocrx_word' id='word_1_87' title='bbox 1714 1306 1845 1359; x_wconf 86' lang='lat' dir='ltr'><strong>bea-</strong></span> 
     </span>
    </p>
   </div>
   <div class='ocr_carea' id='block_1_15' title="bbox 244 1394 1843 1472">
    <p class='ocr_par' dir='ltr' id='par_1_15' title="bbox 244 1394 1843 1472">
     <span class='ocr_line' id='line_1_15' title="bbox 244 1394 1843 1472; baseline -0.004 -14"><span class='ocrx_word' id='word_1_88' title='bbox 244 1412 332 1458; x_wconf 91' lang='lat' dir='ltr'><strong>tus</strong></span> <span class='ocrx_word' id='word_1_89' title='bbox 359 1414 578 1472; x_wconf 87' lang='lat' dir='ltr'><strong>quoque</strong></span> <span class='ocrx_word' id='word_1_90' title='bbox 619 1398 907 1467; x_wconf 83' lang='lat' dir='ltr'><strong>Gregorius</strong></span> <span class='ocrx_word' id='word_1_91' title='bbox 936 1412 1196 1466; x_wconf 81' lang='lat' dir='ltr'><strong>sequens,</strong></span> <span class='ocrx_word' id='word_1_92' title='bbox 1233 1395 1547 1465; x_wconf 68' lang='lat' dir='ltr'><strong>prmdictum</strong></span> <span class='ocrx_word' id='word_1_93' title='bbox 1576 1394 1843 1451; x_wconf 85' lang='lat' dir='ltr'><strong>Joannem</strong></span> 
     </span>
    </p>
   </div>
   <div class='ocr_carea' id='block_1_16' title="bbox 241 1485 1840 1563">
    <p class='ocr_par' dir='ltr' id='par_1_16' title="bbox 241 1485 1840 1563">
     <span class='ocr_line' id='line_1_16' title="bbox 241 1485 1840 1563; baseline -0.007 -13"><span class='ocrx_word' id='word_1_94' title='bbox 241 1508 388 1563; x_wconf 66' lang='lat' dir='ltr'><strong>saepe</strong></span> <span class='ocrx_word' id='word_1_95' title='bbox 434 1489 825 1546; x_wconf 89' lang='lat' dir='ltr'><strong>commonitum</strong></span> <span class='ocrx_word' id='word_1_96' title='bbox 853 1488 1213 1557; x_wconf 81' lang='lat' dir='ltr'><strong>&#39;aequiescere</strong></span> <span class='ocrx_word' id='word_1_97' title='bbox 1260 1485 1629 1555; x_wconf 78' lang='lat' dir='ltr'><strong>diiierentem,</strong></span> <span class='ocrx_word' id='word_1_98' title='bbox 1686 1491 1840 1559; x_wconf 76' lang='lat'><strong>112</strong></span> 
     </span>
    </p>
   </div>
   <div class='ocr_carea' id='block_1_17' title="bbox 241 1579 1849 1652">
    <p class='ocr_par' dir='ltr' id='par_1_17' title="bbox 241 1579 1849 1652">
     <span class='ocr_line' id='line_1_17' title="bbox 241 1579 1849 1652; baseline -0.002 -11"><span class='ocrx_word' id='word_1_99' title='bbox 241 1584 512 1642; x_wconf 87' lang='lat' dir='ltr'><strong>sententia</strong></span> <span class='ocrx_word' id='word_1_100' title='bbox 542 1584 658 1652; x_wconf 87' lang='lat' dir='ltr'><strong>pari</strong></span> <span class='ocrx_word' id='word_1_101' title='bbox 685 1581 1065 1645; x_wconf 87' lang='lat' dir='ltr'><strong>mulctaverat,</strong></span> <span class='ocrx_word' id='word_1_102' title='bbox 1102 1579 1457 1648; x_wconf 75' lang='lat' dir='ltr'><strong>omnibusque</strong></span> <span class='ocrx_word' id='word_1_103' title='bbox 1497 1579 1849 1650; x_wconf 84' lang='lat' dir='ltr'><strong>pontiﬁcibus</strong></span> 
     </span>
    </p>
   </div>
   <div class='ocr_carea' id='block_1_18' title="bbox 242 1672 1840 1743">
    <p class='ocr_par' dir='ltr' id='par_1_18' title="bbox 242 1672 1840 1743">
     <span class='ocr_line' id='line_1_18' title="bbox 242 1672 1840 1743; baseline -0.004 -8"><span class='ocrx_word' id='word_1_104' title='bbox 242 1679 344 1735; x_wconf 89' lang='lat' dir='ltr'><strong>sub</strong></span> <span class='ocrx_word' id='word_1_105' title='bbox 368 1675 804 1732; x_wconf 89' lang='lat' dir='ltr'><strong>interminatione</strong></span> <span class='ocrx_word' id='word_1_106' title='bbox 844 1673 1046 1743; x_wconf 89' lang='lat' dir='ltr'><strong>pr0prii</strong></span> <span class='ocrx_word' id='word_1_107' title='bbox 1092 1672 1314 1727; x_wconf 82' lang='lat' dir='ltr'><strong>honoris</strong></span> <span class='ocrx_word' id='word_1_108' title='bbox 1342 1672 1717 1739; x_wconf 78' lang='lat' dir='ltr'><strong>mandaverat,</strong></span> <span class='ocrx_word' id='word_1_109' title='bbox 1772 1689 1840 1730; x_wconf 91' lang='lat' dir='ltr'><strong>ne</strong></span> 
     </span>
    </p>
   </div>
   <div class='ocr_carea' id='block_1_19' title="bbox 240 1762 1837 1839">
    <p class='ocr_par' dir='ltr' id='par_1_19' title="bbox 240 1762 1837 1839">
     <span class='ocr_line' id='line_1_19' title="bbox 240 1762 1837 1839; baseline -0.006 -13"><span class='ocrx_word' id='word_1_110' title='bbox 240 1784 478 1839; x_wconf 88' lang='lat' dir='ltr'><strong>unquam</strong></span> <span class='ocrx_word' id='word_1_111' title='bbox 517 1765 834 1823; x_wconf 84' lang='lat' dir='ltr'><strong>universalis</strong></span> <span class='ocrx_word' id='word_1_112' title='bbox 878 1763 1161 1835; x_wconf 88' lang='lat' dir='ltr'><strong>profanum</strong></span> <span class='ocrx_word' id='word_1_113' title='bbox 1213 1762 1536 1817; x_wconf 85' lang='lat' dir='ltr'><strong>vocabulum</strong></span> <span class='ocrx_word' id='word_1_114' title='bbox 1586 1772 1680 1816; x_wconf 93' lang='lat' dir='ltr'><strong>aut</strong></span> <span class='ocrx_word' id='word_1_115' title='bbox 1704 1764 1837 1817; x_wconf 88' lang='lat' dir='ltr'><strong>scri-</strong></span> 
     </span>
    </p>
   </div>
   <div class='ocr_carea' id='block_1_20' title="bbox 1954 569 3555 637">
    <p class='ocr_par' dir='ltr' id='par_1_20' title="bbox 1954 569 3555 637">
     <span class='ocr_line' id='line_1_20' title="bbox 1954 569 3555 637; baseline 0.008 -14"><span class='ocrx_word' id='word_1_116' title='bbox 1954 569 2323 625; x_wconf 84' lang='lat' dir='ltr'><strong>sanctissimus</strong></span> <span class='ocrx_word' id='word_1_117' title='bbox 2343 571 2511 626; x_wconf 90' lang='lat' dir='ltr'><strong>frater</strong></span> <span class='ocrx_word' id='word_1_118' title='bbox 2525 575 2871 630; x_wconf 90' lang='lat' dir='ltr'><strong>serenissimo</strong></span> <span class='ocrx_word' id='word_1_119' title='bbox 2892 575 3113 632; x_wconf 88' lang='lat' dir='ltr'><strong>domino</strong></span> <span class='ocrx_word' id='word_1_120' title='bbox 3137 577 3304 632; x_wconf 89' lang='lat' dir='ltr'><strong>multa</strong></span> <span class='ocrx_word' id='word_1_121' title='bbox 3322 578 3555 637; x_wconf 84' lang='lat' dir='ltr'><strong>suadere</strong></span> 
     </span>
    </p>
   </div>
   <div class='ocr_carea' id='block_1_21' title="bbox 1953 660 3554 739">
    <p class='ocr_par' dir='ltr' id='par_1_21' title="bbox 1953 660 3554 739">
     <span class='ocr_line' id='line_1_21' title="bbox 1953 660 3554 739; baseline 0.007 -24"><span class='ocrx_word' id='word_1_122' title='bbox 1953 669 2209 727; x_wconf 89' lang='lat' dir='ltr'><strong>conatur;</strong></span> <span class='ocrx_word' id='word_1_123' title='bbox 2238 660 2334 717; x_wconf 91' lang='lat' dir='ltr'><strong>sed</strong></span> <span class='ocrx_word' id='word_1_124' title='bbox 2358 662 2499 717; x_wconf 89' lang='lat' dir='ltr'><strong>bene</strong></span> <span class='ocrx_word' id='word_1_125' title='bbox 2518 662 2644 718; x_wconf 90' lang='lat' dir='ltr'><strong>novi</strong></span> <span class='ocrx_word' id='word_1_126' title='bbox 2669 665 2795 734; x_wconf 89' lang='lat' dir='ltr'><strong>quia</strong></span> <span class='ocrx_word' id='word_1_127' title='bbox 2822 672 2985 721; x_wconf 68' lang='lat' dir='ltr'><strong>tanta:</strong></span> <span class='ocrx_word' id='word_1_128' title='bbox 3011 666 3118 721; x_wconf 85' lang='lat' dir='ltr'><strong>illae</strong></span> <span class='ocrx_word' id='word_1_129' title='bbox 3139 668 3416 724; x_wconf 88' lang='lat' dir='ltr'><strong>orationes</strong></span> <span class='ocrx_word' id='word_1_130' title='bbox 3436 669 3554 739; x_wconf 87' lang='lat' dir='ltr'><strong>ejus</strong></span> 
     </span>
    </p>
   </div>
   <div class='ocr_carea' id='block_1_22' title="bbox 1952 752 3553 828">
    <p class='ocr_par' dir='ltr' id='par_1_22' title="bbox 1952 752 3553 828">
     <span class='ocr_line' id='line_1_22' title="bbox 1952 752 3553 828; baseline 0.007 -22"><span class='ocrx_word' id='word_1_131' title='bbox 1952 760 2008 807; x_wconf 90' lang='lat' dir='ltr'><strong>et</strong></span> <span class='ocrx_word' id='word_1_132' title='bbox 2037 752 2286 824; x_wconf 74' lang='lat' dir='ltr'><strong>lacrymze</strong></span> <span class='ocrx_word' id='word_1_133' title='bbox 2314 754 2389 809; x_wconf 92' lang='lat' dir='ltr'><strong>nil</strong></span> <span class='ocrx_word' id='word_1_134' title='bbox 2417 755 2525 811; x_wconf 89' lang='lat' dir='ltr'><strong>eia</strong></span> <span class='ocrx_word' id='word_1_135' title='bbox 2570 770 2843 825; x_wconf 88' lang='lat' dir='ltr'><strong>quoquam</strong></span> <span class='ocrx_word' id='word_1_136' title='bbox 2873 767 3063 814; x_wconf 91' lang='lat' dir='ltr'><strong>contra</strong></span> <span class='ocrx_word' id='word_1_137' title='bbox 3112 760 3414 828; x_wconf 87' lang='lat' dir='ltr'><strong>rationem,</strong></span> <span class='ocrx_word' id='word_1_138' title='bbox 3458 770 3553 818; x_wconf 92' lang='lat' dir='ltr'><strong>aut</strong></span> 
     </span>
    </p>
   </div>
   <div class='ocr_carea' id='block_1_23' title="bbox 1952 845 3551 918">
    <p class='ocr_par' dir='ltr' id='par_1_23' title="bbox 1952 845 3551 918">
     <span class='ocr_line' id='line_1_23' title="bbox 1952 845 3551 918; baseline 0.005 -15"><span class='ocrx_word' id='word_1_139' title='bbox 1952 845 2186 903; x_wconf 88' lang='lat' dir='ltr'><strong>animam</strong></span> <span class='ocrx_word' id='word_1_140' title='bbox 2216 861 2367 901; x_wconf 88' lang='lat' dir='ltr'><strong>suam</strong></span> <span class='ocrx_word' id='word_1_141' title='bbox 2396 847 2598 918; x_wconf 89' lang='lat' dir='ltr'><strong>subripi</strong></span> <span class='ocrx_word' id='word_1_142' title='bbox 2621 848 2958 918; x_wconf 87' lang='lat' dir='ltr'><strong>permittunt.</strong></span> <span class='ocrx_word' id='word_1_143' title='bbox 2983 850 3159 909; x_wconf 84' lang='lat' dir='ltr'><strong>Triste</strong></span> <span class='ocrx_word' id='word_1_144' title='bbox 3183 859 3366 909; x_wconf 87' lang='lat' dir='ltr'><strong>tamen</strong></span> <span class='ocrx_word' id='word_1_145' title='bbox 3390 854 3551 912; x_wconf 83' lang='lat' dir='ltr'><strong>valde</strong></span> 
     </span>
    </p>
   </div>
   <div class='ocr_carea' id='block_1_24' title="bbox 1950 937 3548 1017">
    <p class='ocr_par' dir='ltr' id='par_1_24' title="bbox 1950 937 3548 1017">
     <span class='ocr_line' id='line_1_24' title="bbox 1950 937 3548 1017; baseline 0.007 -23"><span class='ocrx_word' id='word_1_146' title='bbox 1950 945 2107 995; x_wconf 89' lang='lat' dir='ltr'><strong>estut</strong></span> <span class='ocrx_word' id='word_1_147' title='bbox 2128 937 2397 1007; x_wconf 88' lang='lat' dir='ltr'><strong>patienter</strong></span> <span class='ocrx_word' id='word_1_148' title='bbox 2424 939 2645 1007; x_wconf 88' lang='lat' dir='ltr'><strong>feratur,</strong></span> <span class='ocrx_word' id='word_1_149' title='bbox 2670 949 2959 1011; x_wconf 90' lang='lat' dir='ltr'><strong>quatenus,</strong></span> <span class='ocrx_word' id='word_1_150' title='bbox 2985 943 3255 1015; x_wconf 87' lang='lat' dir='ltr'><strong>despectis</strong></span> <span class='ocrx_word' id='word_1_151' title='bbox 3274 948 3548 1017; x_wconf 87' lang='lat' dir='ltr'><strong>omnibus,</strong></span> 
     </span>
    </p>
   </div>
   <div class='ocr_carea' id='block_1_25' title="bbox 1948 1029 3549 1104">
    <p class='ocr_par' dir='ltr' id='par_1_25' title="bbox 1948 1029 3549 1104">
     <span class='ocr_line' id='line_1_25' title="bbox 1948 1029 3549 1104; baseline 0.006 -18"><span class='ocrx_word' id='word_1_152' title='bbox 1948 1031 2238 1102; x_wconf 66' lang='lat' dir='ltr'><strong>praedictus</strong></span> <span class='ocrx_word' id='word_1_153' title='bbox 2274 1029 2441 1087; x_wconf 83' lang='lat' dir='ltr'><strong>frater</strong></span> <span class='ocrx_word' id='word_1_154' title='bbox 2476 1041 2532 1088; x_wconf 91' lang='lat' dir='ltr'><strong>et</strong></span> <span class='ocrx_word' id='word_1_155' title='bbox 2578 1033 2937 1104; x_wconf 89' lang='lat' dir='ltr'><strong>coepiscopus</strong></span> <span class='ocrx_word' id='word_1_156' title='bbox 2963 1050 3116 1092; x_wconf 91' lang='lat' dir='ltr'><strong>meus</strong></span> <span class='ocrx_word' id='word_1_157' title='bbox 3142 1038 3291 1095; x_wconf 92' lang='lat' dir='ltr'><strong>solus</strong></span> <span class='ocrx_word' id='word_1_158' title='bbox 3317 1049 3549 1096; x_wconf 87' lang='lat' dir='ltr'><strong>conetur</strong></span> 
     </span>
    </p>
   </div>
   <div class='ocr_carea' id='block_1_26' title="bbox 1949 1121 3547 1201">
    <p class='ocr_par' dir='ltr' id='par_1_26' title="bbox 1949 1121 3547 1201">
     <span class='ocr_line' id='line_1_26' title="bbox 1949 1121 3547 1201; baseline 0.008 -27"><span class='ocrx_word' id='word_1_159' title='bbox 1949 1121 2208 1191; x_wconf 90' lang='lat' dir='ltr'><strong>appellari</strong></span> <span class='ocrx_word' id='word_1_160' title='bbox 2232 1121 2541 1192; x_wconf 90' lang='lat' dir='ltr'><strong>episcopus.</strong></span> <span class='ocrx_word' id='word_1_161' title='bbox 2575 1122 2682 1179; x_wconf 84' lang='lat' dir='ltr'><strong>Sed</strong></span> <span class='ocrx_word' id='word_1_162' title='bbox 2730 1123 2785 1178; x_wconf 92' lang='lat' dir='ltr'><strong>in</strong></span> <span class='ocrx_word' id='word_1_163' title='bbox 2833 1125 2936 1180; x_wconf 87' lang='lat' dir='ltr'><strong>hac</strong></span> <span class='ocrx_word' id='word_1_164' title='bbox 2962 1125 3081 1195; x_wconf 88' lang='lat' dir='ltr'><strong>ejus</strong></span> <span class='ocrx_word' id='word_1_165' title='bbox 3101 1129 3385 1199; x_wconf 82' lang='lat' dir='ltr'><strong>superbia,</strong></span> <span class='ocrx_word' id='word_1_166' title='bbox 3418 1132 3547 1201; x_wconf 88' lang='lat' dir='ltr'><strong>quid</strong></span> 
     </span>
    </p>
   </div>
   <div class='ocr_carea' id='block_1_27' title="bbox 1947 1210 3547 1288">
    <p class='ocr_par' dir='ltr' id='par_1_27' title="bbox 1947 1210 3547 1288">
     <span class='ocr_line' id='line_1_27' title="bbox 1947 1210 3547 1288; baseline 0.008 -23"><span class='ocrx_word' id='word_1_167' title='bbox 1947 1210 2113 1278; x_wconf 88' lang='lat' dir='ltr'><strong>aliud,</strong></span> <span class='ocrx_word' id='word_1_168' title='bbox 2146 1211 2247 1267; x_wconf 91' lang='lat' dir='ltr'><strong>nisi</strong></span> <span class='ocrx_word' id='word_1_169' title='bbox 2277 1213 2578 1283; x_wconf 88' lang='lat' dir='ltr'><strong>propinqua</strong></span> <span class='ocrx_word' id='word_1_170' title='bbox 2615 1213 2727 1283; x_wconf 89' lang='lat' dir='ltr'><strong>jam</strong></span> <span class='ocrx_word' id='word_1_171' title='bbox 2775 1216 3092 1272; x_wconf 83' lang='lat' dir='ltr'><strong>Antichristi</strong></span> <span class='ocrx_word' id='word_1_172' title='bbox 3139 1225 3383 1288; x_wconf 88' lang='lat' dir='ltr'><strong>tempora</strong></span> <span class='ocrx_word' id='word_1_173' title='bbox 3427 1236 3547 1277; x_wconf 89' lang='lat' dir='ltr'><strong>esse</strong></span> 
     </span>
    </p>
   </div>
   <div class='ocr_carea' id='block_1_28' title="bbox 1947 1302 3545 1381">
    <p class='ocr_par' dir='ltr' id='par_1_28' title="bbox 1947 1302 3545 1381">
     <span class='ocr_line' id='line_1_28' title="bbox 1947 1302 3545 1381; baseline 0.007 -24"><span class='ocrx_word' id='word_1_174' title='bbox 1947 1302 2322 1372; x_wconf 80' lang='lat' dir='ltr'><strong>designantur?</strong></span> <span class='ocrx_word' id='word_1_175' title='bbox 2352 1304 2489 1372; x_wconf 84' lang='lat' dir='ltr'><strong>Quia</strong></span> <span class='ocrx_word' id='word_1_176' title='bbox 2516 1306 2667 1361; x_wconf 90' lang='lat' dir='ltr'><strong>illum</strong></span> <span class='ocrx_word' id='word_1_177' title='bbox 2698 1306 2949 1363; x_wconf 89' lang='lat' dir='ltr'><strong>videlicet</strong></span> <span class='ocrx_word' id='word_1_178' title='bbox 2974 1308 3242 1373; x_wconf 89' lang='lat' dir='ltr'><strong>imitatur,</strong></span> <span class='ocrx_word' id='word_1_179' title='bbox 3270 1311 3362 1381; x_wconf 91' lang='lat' dir='ltr'><strong>qui</strong></span> <span class='ocrx_word' id='word_1_180' title='bbox 3389 1327 3545 1381; x_wconf 86' lang='lat' dir='ltr'><strong>spre-</strong></span> 
     </span>
    </p>
   </div>
   <div class='ocr_carea' id='block_1_29' title="bbox 1948 1396 3545 1470">
    <p class='ocr_par' dir='ltr' id='par_1_29' title="bbox 1948 1396 3545 1470">
     <span class='ocr_line' id='line_1_29' title="bbox 1948 1396 3545 1470; baseline 0.006 -20"><span class='ocrx_word' id='word_1_181' title='bbox 1948 1396 2015 1451; x_wconf 90' lang='lat' dir='ltr'><strong>tis</strong></span> <span class='ocrx_word' id='word_1_182' title='bbox 2043 1397 2095 1450; x_wconf 91' lang='lat' dir='ltr'><strong>in</strong></span> <span class='ocrx_word' id='word_1_183' title='bbox 2122 1397 2307 1452; x_wconf 90' lang='lat' dir='ltr'><strong>sociali</strong></span> <span class='ocrx_word' id='word_1_184' title='bbox 2328 1399 2524 1467; x_wconf 90' lang='lat' dir='ltr'><strong>gaudio</strong></span> <span class='ocrx_word' id='word_1_185' title='bbox 2546 1400 2861 1466; x_wconf 81' lang='lat' dir='ltr'><strong>angelorum</strong></span> <span class='ocrx_word' id='word_1_186' title='bbox 2890 1400 3215 1470; x_wconf 75' lang='lat' dir='ltr'><strong>legionibus,</strong></span> <span class='ocrx_word' id='word_1_187' title='bbox 3239 1402 3306 1458; x_wconf 90' lang='lat' dir='ltr'><strong>ad</strong></span> <span class='ocrx_word' id='word_1_188' title='bbox 3328 1404 3545 1460; x_wconf 86' lang='lat' dir='ltr'><strong>culmen</strong></span> 
     </span>
    </p>
   </div>
   <div class='ocr_carea' id='block_1_30' title="bbox 1944 1489 3544 1567">
    <p class='ocr_par' dir='ltr' id='par_1_30' title="bbox 1944 1489 3544 1567">
     <span class='ocr_line' id='line_1_30' title="bbox 1944 1489 3544 1567; baseline 0.004 -23"><span class='ocrx_word' id='word_1_189' title='bbox 1944 1498 2171 1544; x_wconf 89' lang='lat' dir='ltr'><strong>conatus</strong></span> <span class='ocrx_word' id='word_1_190' title='bbox 2209 1498 2293 1543; x_wconf 89' lang='lat' dir='ltr'><strong>est</strong></span> <span class='ocrx_word' id='word_1_191' title='bbox 2320 1489 2709 1559; x_wconf 86' lang='lat' dir='ltr'><strong>singularitatis</strong></span> <span class='ocrx_word' id='word_1_192' title='bbox 2740 1507 3059 1564; x_wconf 89' lang='lat' dir='ltr'><strong>erumpere,</strong></span> <span class='ocrx_word' id='word_1_193' title='bbox 3106 1494 3294 1553; x_wconf 90' lang='lat' dir='ltr'><strong>dicens</strong></span> <span class='ocrx_word' id='word_1_194' title='bbox 3325 1512 3338 1547; x_wconf 92' lang='lat'><strong>:</strong></span> <span class='ocrx_word' id='word_1_195' title='bbox 3373 1496 3544 1567; x_wconf 84' lang='lat' dir='ltr'><strong>Super</strong></span> 
     </span>
    </p>
   </div>
   <div class='ocr_carea' id='block_1_31' title="bbox 1945 1578 3546 1645">
    <p class='ocr_par' dir='ltr' id='par_1_31' title="bbox 1945 1578 3546 1645">
     <span class='ocr_line' id='line_1_31' title="bbox 1945 1578 3546 1645; baseline 0.007 -15"><span class='ocrx_word' id='word_1_196' title='bbox 1945 1584 2087 1631; x_wconf 88' lang='lat' dir='ltr'><strong>astra</strong></span> <span class='ocrx_word' id='word_1_197' title='bbox 2127 1578 2241 1632; x_wconf 73' lang='lat' dir='ltr'><strong>caeli</strong></span> <span class='ocrx_word' id='word_1_198' title='bbox 2287 1580 2530 1634; x_wconf 71' lang='lat' dir='ltr'><strong>exaltabo</strong></span> <span class='ocrx_word' id='word_1_199' title='bbox 2559 1581 2748 1635; x_wconf 79' lang='lat' dir='ltr'><strong>solium</strong></span> <span class='ocrx_word' id='word_1_200' title='bbox 2797 1598 2995 1645; x_wconf 77' lang='lat' dir='ltr'><strong>meum,</strong></span> <span class='ocrx_word' id='word_1_201' title='bbox 3052 1582 3236 1639; x_wconf 80' lang='lat' dir='ltr'><strong>sedebo</strong></span> <span class='ocrx_word' id='word_1_202' title='bbox 3276 1585 3331 1638; x_wconf 86' lang='lat' dir='ltr'><strong>in</strong></span> <span class='ocrx_word' id='word_1_203' title='bbox 3372 1595 3546 1641; x_wconf 84' lang='lat' dir='ltr'><strong>monte</strong></span> 
     </span>
    </p>
   </div>
   <div class='ocr_carea' id='block_1_32' title="bbox 1946 1666 3545 1749">
    <p class='ocr_par' dir='ltr' id='par_1_32' title="bbox 1946 1666 3545 1749">
     <span class='ocr_line' id='line_1_32' title="bbox 1946 1666 3545 1749; baseline 0.007 -27"><span class='ocrx_word' id='word_1_204' title='bbox 1946 1666 2288 1738; x_wconf 84' lang='lat' dir='ltr'><strong>Testamenti,</strong></span> <span class='ocrx_word' id='word_1_205' title='bbox 2333 1672 2388 1725; x_wconf 90' lang='lat' dir='ltr'><strong>in</strong></span> <span class='ocrx_word' id='word_1_206' title='bbox 2433 1671 2682 1726; x_wconf 80' lang='lat' dir='ltr'><strong>lateribus</strong></span> <span class='ocrx_word' id='word_1_207' title='bbox 2726 1674 3017 1745; x_wconf 80' lang='lat' dir='ltr'><strong>Aquilonis.</strong></span> <span class='ocrx_word' id='word_1_208' title='bbox 3060 1676 3350 1731; x_wconf 83' lang='lat' dir='ltr'><strong>Ascendam</strong></span> <span class='ocrx_word' id='word_1_209' title='bbox 3388 1695 3545 1749; x_wconf 83' lang='lat' dir='ltr'><strong>super</strong></span> 
     </span>
    </p>
   </div>
   <div class='ocr_carea' id='block_1_33' title="bbox 1942 1760 3540 1842">
    <p class='ocr_par' dir='ltr' id='par_1_33' title="bbox 1942 1760 3540 1842">
     <span class='ocr_line' id='line_1_33' title="bbox 1942 1760 3540 1842; baseline 0.007 -28"><span class='ocrx_word' id='word_1_210' title='bbox 1942 1760 2271 1817; x_wconf 80' lang='lat' dir='ltr'><strong>altitudinem</strong></span> <span class='ocrx_word' id='word_1_211' title='bbox 2302 1764 2513 1817; x_wconf 84' lang='lat' dir='ltr'><strong>nubium</strong></span> <span class='ocrx_word' id='word_1_212' title='bbox 2557 1781 2575 1819; x_wconf 89' lang='lat'><strong><em>:</em></strong></span> <span class='ocrx_word' id='word_1_213' title='bbox 2613 1766 2800 1819; x_wconf 76' lang='lat' dir='ltr'><strong>similis</strong></span> <span class='ocrx_word' id='word_1_214' title='bbox 2832 1783 2921 1822; x_wconf 87' lang='lat' dir='ltr'><strong>ero</strong></span> <span class='ocrx_word' id='word_1_215' title='bbox 2947 1768 3215 1823; x_wconf 81' lang='lat' dir='ltr'><strong>Altissimo</strong></span> <span class='ocrx_word' id='word_1_216' title='bbox 3249 1768 3387 1842; x_wconf 84' lang='lat' dir='ltr'><strong>(Isai</strong></span> <span class='ocrx_word' id='word_1_217' title='bbox 3431 1787 3540 1838; x_wconf 70' lang='lat' dir='ltr'><strong>xxv,</strong></span> 
     </span>
    </p>
   </div>
   <div class='ocr_carea' id='block_1_34' title="bbox 240 1853 3543 1931">
    <p class='ocr_par' dir='ltr' id='par_1_34' title="bbox 240 1853 3543 1931">
     <span class='ocr_line' id='line_1_34' title="bbox 240 1853 3543 1931; baseline 0 -13"><span class='ocrx_word' id='word_1_218' title='bbox 240 1861 463 1927; x_wconf 86' lang='lat' dir='ltr'><strong>herent,</strong></span> <span class='ocrx_word' id='word_1_219' title='bbox 522 1868 617 1915; x_wconf 90' lang='lat' dir='ltr'><strong>aut</strong></span> <span class='ocrx_word' id='word_1_220' title='bbox 653 1860 912 1930; x_wconf 86' lang='lat' dir='ltr'><strong>scriptum</strong></span> <span class='ocrx_word' id='word_1_221' title='bbox 959 1859 1326 1927; x_wconf 85' lang='lat' dir='ltr'><strong>susciperent,</strong></span> <span class='ocrx_word' id='word_1_222' title='bbox 1378 1865 1471 1911; x_wconf 91' lang='lat' dir='ltr'><strong>aut</strong></span> <span class='ocrx_word' id='word_1_223' title='bbox 1510 1857 1603 1911; x_wconf 89' lang='lat' dir='ltr'><strong>ubi</strong></span> <span class='ocrx_word' id='word_1_224' title='bbox 1646 1857 1839 1913; x_wconf 88' lang='lat' dir='ltr'><strong>fuisset</strong></span> <span class='ocrx_word' id='word_1_225' title='bbox 1868 1853 2053 1924; x_wconf 70' lang='lat'><strong>313).</strong></span> <span class='ocrx_word' id='word_1_226' title='bbox 2112 1854 2264 1912; x_wconf 91' lang='lat' dir='ltr'><strong>Unde</strong></span> <span class='ocrx_word' id='word_1_227' title='bbox 2309 1872 2407 1927; x_wconf 91' lang='lat' dir='ltr'><strong>per</strong></span> <span class='ocrx_word' id='word_1_228' title='bbox 2442 1858 2868 1928; x_wconf 81' lang='lat' dir='ltr'><strong>omnipotentem</strong></span> <span class='ocrx_word' id='word_1_229' title='bbox 2909 1860 3193 1916; x_wconf 89' lang='lat' dir='ltr'><strong>Dominum</strong></span> <span class='ocrx_word' id='word_1_230' title='bbox 3260 1876 3425 1931; x_wconf 85' lang='lat' dir='ltr'><strong>rogo,</strong></span> <span class='ocrx_word' id='word_1_231' title='bbox 3474 1878 3543 1919; x_wconf 90' lang='lat' dir='ltr'><strong>ne</strong></span> 
     </span>
    </p>
   </div>
   <div class='ocr_carea' id='block_1_35' title="bbox 240 1946 1836 2022">
    <p class='ocr_par' dir='ltr' id='par_1_35' title="bbox 240 1946 1836 2022">
     <span class='ocr_line' id='line_1_35' title="bbox 240 1946 1836 2022; baseline -0.002 -14"><span class='ocrx_word' id='word_1_232' title='bbox 240 1952 529 2022; x_wconf 88' lang='lat' dir='ltr'><strong>scriptum,</strong></span> <span class='ocrx_word' id='word_1_233' title='bbox 562 1951 979 2009; x_wconf 87' lang='lat' dir='ltr'><strong>subscriberent.</strong></span> <span class='ocrx_word' id='word_1_234' title='bbox 1028 1949 1370 2019; x_wconf 87' lang='lat' dir='ltr'><strong>Quapropter</strong></span> <span class='ocrx_word' id='word_1_235' title='bbox 1392 1946 1627 2003; x_wconf 83' lang='lat' dir='ltr'><strong>Joannes</strong></span> <span class='ocrx_word' id='word_1_236' title='bbox 1654 1950 1836 2006; x_wconf 88' lang='lat' dir='ltr'><strong>multis</strong></span> 
     </span>
    </p>
   </div>
   <div class='ocr_carea' id='block_1_36' title="bbox 240 2039 1835 2113">
    <p class='ocr_par' dir='ltr' id='par_1_36' title="bbox 240 2039 1835 2113">
     <span class='ocr_line' id='line_1_36' title="bbox 240 2039 1835 2113; baseline -0.003 -16"><span class='ocrx_word' id='word_1_237' title='bbox 240 2042 466 2099; x_wconf 79' lang='lat' dir='ltr'><strong>fallaciis</strong></span> <span class='ocrx_word' id='word_1_238' title='bbox 506 2042 575 2098; x_wconf 91' lang='lat' dir='ltr'><strong>ad</strong></span> <span class='ocrx_word' id='word_1_239' title='bbox 604 2058 759 2097; x_wconf 88' lang='lat' dir='ltr'><strong>suam</strong></span> <span class='ocrx_word' id='word_1_240' title='bbox 809 2041 1136 2113; x_wconf 89' lang='lat' dir='ltr'><strong>hypocrisim</strong></span> <span class='ocrx_word' id='word_1_241' title='bbox 1187 2054 1510 2095; x_wconf 86' lang='lat' dir='ltr'><strong>consensum</strong></span> <span class='ocrx_word' id='word_1_242' title='bbox 1537 2039 1835 2093; x_wconf 88' lang='lat' dir='ltr'><strong>avarissimi</strong></span> 
     </span>
    </p>
   </div>
   <div class='ocr_carea' id='block_1_37' title="bbox 239 2130 1836 2205">
    <p class='ocr_par' dir='ltr' id='par_1_37' title="bbox 239 2130 1836 2205">
     <span class='ocr_line' id='line_1_37' title="bbox 239 2130 1836 2205; baseline -0.001 -16"><span class='ocrx_word' id='word_1_243' title='bbox 239 2135 583 2205; x_wconf 78' lang='lat' dir='ltr'><strong>imperatoris</strong></span> <span class='ocrx_word' id='word_1_244' title='bbox 606 2134 907 2199; x_wconf 89' lang='lat' dir='ltr'><strong>redimens,</strong></span> <span class='ocrx_word' id='word_1_245' title='bbox 937 2132 1172 2188; x_wconf 90' lang='lat' dir='ltr'><strong>obtinuit</strong></span> <span class='ocrx_word' id='word_1_246' title='bbox 1217 2140 1277 2187; x_wconf 93' lang='lat' dir='ltr'><strong>ut</strong></span> <span class='ocrx_word' id='word_1_247' title='bbox 1306 2132 1603 2201; x_wconf 90' lang='lat' dir='ltr'><strong>imperator</strong></span> <span class='ocrx_word' id='word_1_248' title='bbox 1632 2130 1836 2201; x_wconf 88' lang='lat' dir='ltr'><strong>Grego-</strong></span> 
     </span>
    </p>
   </div>
   <div class='ocr_carea' id='block_1_38' title="bbox 238 2219 1836 2292">
    <p class='ocr_par' dir='ltr' id='par_1_38' title="bbox 238 2219 1836 2292">
     <span class='ocr_line' id='line_1_38' title="bbox 238 2219 1836 2292; baseline -0.004 -12"><span class='ocrx_word' id='word_1_249' title='bbox 238 2226 322 2280; x_wconf 89' lang='lat' dir='ltr'><strong>rio</strong></span> <span class='ocrx_word' id='word_1_250' title='bbox 348 2225 635 2289; x_wconf 88' lang='lat' dir='ltr'><strong>scriberet,</strong></span> <span class='ocrx_word' id='word_1_251' title='bbox 668 2223 813 2292; x_wconf 92' lang='lat' dir='ltr'><strong>quod</strong></span> <span class='ocrx_word' id='word_1_252' title='bbox 847 2222 950 2279; x_wconf 90' lang='lat' dir='ltr'><strong>sibi</strong></span> <span class='ocrx_word' id='word_1_253' title='bbox 990 2221 1245 2292; x_wconf 82' lang='lat' dir='ltr'><strong>paciﬁcus</strong></span> <span class='ocrx_word' id='word_1_254' title='bbox 1271 2220 1559 2276; x_wconf 83' lang='lat' dir='ltr'><strong>extitisset.</strong></span> <span class='ocrx_word' id='word_1_255' title='bbox 1590 2219 1836 2291; x_wconf 89' lang='lat' dir='ltr'><strong>Quapro-</strong></span> 
     </span>
    </p>
   </div>
   <div class='ocr_carea' id='block_1_39' title="bbox 236 2313 1830 2391">
    <p class='ocr_par' dir='ltr' id='par_1_39' title="bbox 236 2313 1830 2391">
     <span class='ocr_line' id='line_1_39' title="bbox 236 2313 1830 2391; baseline -0.005 -17"><span class='ocrx_word' id='word_1_256' title='bbox 236 2329 360 2391; x_wconf 91' lang='lat' dir='ltr'><strong>pter</strong></span> <span class='ocrx_word' id='word_1_257' title='bbox 384 2320 498 2389; x_wconf 90' lang='lat' dir='ltr'><strong>ipse</strong></span> <span class='ocrx_word' id='word_1_258' title='bbox 518 2317 848 2387; x_wconf 89' lang='lat' dir='ltr'><strong>imperatrici</strong></span> <span class='ocrx_word' id='word_1_259' title='bbox 868 2314 1235 2371; x_wconf 62' lang='lat' dir='ltr'><strong>Constantina:</strong></span> <span class='ocrx_word' id='word_1_260' title='bbox 1257 2314 1399 2369; x_wconf 90' lang='lat' dir='ltr'><strong>inter</strong></span> <span class='ocrx_word' id='word_1_261' title='bbox 1423 2314 1604 2383; x_wconf 82' lang='lat' dir='ltr'><strong>aliqua</strong></span> <span class='ocrx_word' id='word_1_262' title='bbox 1628 2313 1830 2378; x_wconf 89' lang='lat' dir='ltr'><strong>scribit,</strong></span> 
     </span>
    </p>
   </div>
   <div class='ocr_carea' id='block_1_40' title="bbox 238 2391 1835 2475">
    <p class='ocr_par' dir='ltr' id='par_1_40' title="bbox 238 2391 1835 2475">
     <span class='ocr_line' id='line_1_40' title="bbox 238 2391 1835 2475; baseline -0.005 -10"><span class='ocrx_word' id='word_1_263' title='bbox 238 2411 471 2466; x_wconf 87' lang='lat' dir='ltr'><strong>dicens:</strong></span> <span class='ocrx_word' id='word_1_264' title='bbox 505 2391 830 2475; x_wconf 79' lang='lat' dir='ltr'><strong>Sabiniano,</strong></span> <span class='ocrx_word' id='word_1_265' title='bbox 880 2406 1107 2461; x_wconf 88' lang='lat' dir='ltr'><strong>diacono</strong></span> <span class='ocrx_word' id='word_1_266' title='bbox 1151 2404 1455 2473; x_wconf 88' lang='lat' dir='ltr'><strong>responsali</strong></span> <span class='ocrx_word' id='word_1_267' title='bbox 1503 2419 1658 2469; x_wconf 90' lang='lat' dir='ltr'><strong>meo,</strong></span> <span class='ocrx_word' id='word_1_268' title='bbox 1709 2403 1835 2458; x_wconf 90' lang='lat' dir='ltr'><strong>seri-</strong></span> 
     </span>
    </p>
   </div>
   <div class='ocr_carea' id='block_1_41' title="bbox 235 2494 1831 2570">
    <p class='ocr_par' dir='ltr' id='par_1_41' title="bbox 235 2494 1831 2570">
     <span class='ocr_line' id='line_1_41' title="bbox 235 2494 1831 2570; baseline -0.004 -14"><span class='ocrx_word' id='word_1_269' title='bbox 235 2501 426 2566; x_wconf 80' lang='lat' dir='ltr'><strong>bente,</strong></span> <span class='ocrx_word' id='word_1_270' title='bbox 477 2500 737 2570; x_wconf 81' lang='lat' dir='ltr'><strong>cognovi,</strong></span> <span class='ocrx_word' id='word_1_271' title='bbox 770 2498 824 2552; x_wconf 93' lang='lat' dir='ltr'><strong>in</strong></span> <span class='ocrx_word' id='word_1_272' title='bbox 866 2498 1044 2553; x_wconf 90' lang='lat' dir='ltr'><strong>causis</strong></span> <span class='ocrx_word' id='word_1_273' title='bbox 1084 2497 1227 2550; x_wconf 88' lang='lat' dir='ltr'><strong>beati</strong></span> <span class='ocrx_word' id='word_1_274' title='bbox 1268 2494 1415 2550; x_wconf 89' lang='lat' dir='ltr'><strong>Petri</strong></span> <span class='ocrx_word' id='word_1_275' title='bbox 1465 2495 1831 2564; x_wconf 69' lang='lat' dir='ltr'><strong>apostolorum</strong></span> 
     </span>
    </p>
   </div>
   <div class='ocr_carea' id='block_1_42' title="bbox 234 2587 1834 2662">
    <p class='ocr_par' dir='ltr' id='par_1_42' title="bbox 234 2587 1834 2662">
     <span class='ocr_line' id='line_1_42' title="bbox 234 2587 1834 2662; baseline -0.003 -17"><span class='ocrx_word' id='word_1_276' title='bbox 234 2591 524 2662; x_wconf 89' lang='lat' dir='ltr'><strong>principis,</strong></span> <span class='ocrx_word' id='word_1_277' title='bbox 577 2598 765 2645; x_wconf 90' lang='lat' dir='ltr'><strong>contra</strong></span> <span class='ocrx_word' id='word_1_278' title='bbox 813 2587 1078 2659; x_wconf 88' lang='lat' dir='ltr'><strong>quosdam</strong></span> <span class='ocrx_word' id='word_1_279' title='bbox 1126 2587 1358 2657; x_wconf 90' lang='lat' dir='ltr'><strong>superbe</strong></span> <span class='ocrx_word' id='word_1_280' title='bbox 1406 2587 1668 2653; x_wconf 90' lang='lat' dir='ltr'><strong>humiles,</strong></span> <span class='ocrx_word' id='word_1_281' title='bbox 1709 2587 1834 2641; x_wconf 88' lang='lat' dir='ltr'><strong>licte</strong></span> 
     </span>
    </p>
   </div>
   <div class='ocr_carea' id='block_1_43' title="bbox 235 2677 1829 2751">
    <p class='ocr_par' dir='ltr' id='par_1_43' title="bbox 235 2677 1829 2751">
     <span class='ocr_line' id='line_1_43' title="bbox 235 2677 1829 2751; baseline -0.005 -12"><span class='ocrx_word' id='word_1_282' title='bbox 235 2683 484 2746; x_wconf 88' lang='lat' dir='ltr'><strong>blandos,</strong></span> <span class='ocrx_word' id='word_1_283' title='bbox 514 2690 713 2751; x_wconf 88' lang='lat' dir='ltr'><strong>quanta</strong></span> <span class='ocrx_word' id='word_1_284' title='bbox 733 2696 793 2736; x_wconf 86' lang='lat' dir='ltr'><strong>se</strong></span> <span class='ocrx_word' id='word_1_285' title='bbox 809 2680 1016 2749; x_wconf 91' lang='lat' dir='ltr'><strong>justitia</strong></span> <span class='ocrx_word' id='word_1_286' title='bbox 1041 2687 1217 2733; x_wconf 87' lang='lat' dir='ltr'><strong>vestra</strong></span> <span class='ocrx_word' id='word_1_287' title='bbox 1239 2678 1507 2733; x_wconf 89' lang='lat' dir='ltr'><strong>serenitas</strong></span> <span class='ocrx_word' id='word_1_288' title='bbox 1534 2677 1829 2747; x_wconf 89' lang='lat' dir='ltr'><strong>impendat.</strong></span> 
     </span>
    </p>
   </div>
   <div class='ocr_carea' id='block_1_44' title="bbox 236 2773 1834 2846">
    <p class='ocr_par' dir='ltr' id='par_1_44' title="bbox 236 2773 1834 2846">
     <span class='ocr_line' id='line_1_44' title="bbox 236 2773 1834 2846; baseline -0.005 -12"><span class='ocrx_word' id='word_1_289' title='bbox 236 2775 395 2834; x_wconf 81' lang='lat' dir='ltr'><strong>Unde</strong></span> <span class='ocrx_word' id='word_1_290' title='bbox 422 2777 596 2832; x_wconf 89' lang='lat' dir='ltr'><strong>adhuc</strong></span> <span class='ocrx_word' id='word_1_291' title='bbox 622 2783 750 2846; x_wconf 92' lang='lat' dir='ltr'><strong>peto</strong></span> <span class='ocrx_word' id='word_1_292' title='bbox 776 2783 836 2830; x_wconf 92' lang='lat' dir='ltr'><strong>ut</strong></span> <span class='ocrx_word' id='word_1_293' title='bbox 863 2774 1059 2828; x_wconf 91' lang='lat' dir='ltr'><strong>nullius</strong></span> <span class='ocrx_word' id='word_1_294' title='bbox 1088 2774 1381 2843; x_wconf 68' lang='lat' dir='ltr'><strong>praevalere</strong></span> <span class='ocrx_word' id='word_1_295' title='bbox 1418 2782 1607 2829; x_wconf 88' lang='lat' dir='ltr'><strong>contra</strong></span> <span class='ocrx_word' id='word_1_296' title='bbox 1633 2773 1834 2827; x_wconf 90' lang='lat' dir='ltr'><strong>verita-</strong></span> 
     </span>
    </p>
   </div>
   <div class='ocr_carea' id='block_1_45' title="bbox 236 2865 1832 2940">
    <p class='ocr_par' dir='ltr' id='par_1_45' title="bbox 236 2865 1832 2940">
     <span class='ocr_line' id='line_1_45' title="bbox 236 2865 1832 2940; baseline -0.004 -14"><span class='ocrx_word' id='word_1_297' title='bbox 236 2878 345 2926; x_wconf 89' lang='lat' dir='ltr'><strong>tem</strong></span> <span class='ocrx_word' id='word_1_298' title='bbox 374 2869 701 2940; x_wconf 87' lang='lat' dir='ltr'><strong>hypocrisim</strong></span> <span class='ocrx_word' id='word_1_299' title='bbox 736 2867 1062 2939; x_wconf 90' lang='lat' dir='ltr'><strong>permittatis</strong></span> <span class='ocrx_word' id='word_1_300' title='bbox 1095 2884 1107 2918; x_wconf 92' lang='lat'>:</span> <span class='ocrx_word' id='word_1_301' title='bbox 1142 2867 1265 2934; x_wconf 89' lang='lat' dir='ltr'><strong>quia</strong></span> <span class='ocrx_word' id='word_1_302' title='bbox 1312 2873 1438 2919; x_wconf 92' lang='lat' dir='ltr'><strong>sunt</strong></span> <span class='ocrx_word' id='word_1_303' title='bbox 1472 2865 1689 2934; x_wconf 91' lang='lat' dir='ltr'><strong>quidam</strong></span> <span class='ocrx_word' id='word_1_304' title='bbox 1717 2866 1832 2934; x_wconf 87' lang='lat' dir='ltr'><strong>qui,</strong></span> 
     </span>
    </p>
   </div>
   <div class='ocr_carea' id='block_1_46' title="bbox 235 2956 1838 3033">
    <p class='ocr_par' dir='ltr' id='par_1_46' title="bbox 235 2956 1838 3033">
     <span class='ocr_line' id='line_1_46' title="bbox 235 2956 1838 3033; baseline -0.004 -15"><span class='ocrx_word' id='word_1_305' title='bbox 235 2963 385 3033; x_wconf 82' lang='lat' dir='ltr'><strong>juxta</strong></span> <span class='ocrx_word' id='word_1_306' title='bbox 413 2962 610 3030; x_wconf 80' lang='lat' dir='ltr'><strong>egregii</strong></span> <span class='ocrx_word' id='word_1_307' title='bbox 638 2959 1006 3031; x_wconf 65' lang='lat' dir='ltr'><strong>prtedieatoris</strong></span> <span class='ocrx_word' id='word_1_308' title='bbox 1031 2973 1221 3013; x_wconf 88' lang='lat' dir='ltr'><strong>vocem</strong></span> <span class='ocrx_word' id='word_1_309' title='bbox 1238 2995 1255 3024; x_wconf 90' lang='lat'><strong>,</strong></span> <span class='ocrx_word' id='word_1_310' title='bbox 1286 2973 1385 3028; x_wconf 90' lang='lat' dir='ltr'><strong>per</strong></span> <span class='ocrx_word' id='word_1_311' title='bbox 1411 2956 1595 3011; x_wconf 89' lang='lat' dir='ltr'><strong>dulces</strong></span> <span class='ocrx_word' id='word_1_312' title='bbox 1630 2972 1838 3012; x_wconf 80' lang='lat' dir='ltr'><strong>sermo-</strong></span> 
     </span>
    </p>
   </div>
   <div class='ocr_carea' id='block_1_47' title="bbox 234 3048 1835 3109">
    <p class='ocr_par' dir='ltr' id='par_1_47' title="bbox 234 3048 1835 3109">
     <span class='ocr_line' id='line_1_47' title="bbox 234 3048 1835 3109; baseline -0.004 0"><span class='ocrx_word' id='word_1_313' title='bbox 234 3069 334 3109; x_wconf 90' lang='lat' dir='ltr'><strong>nes</strong></span> <span class='ocrx_word' id='word_1_314' title='bbox 388 3060 442 3107; x_wconf 89' lang='lat' dir='ltr'><strong>et</strong></span> <span class='ocrx_word' id='word_1_315' title='bbox 486 3051 892 3107; x_wconf 89' lang='lat' dir='ltr'><strong>benedictiones</strong></span> <span class='ocrx_word' id='word_1_316' title='bbox 947 3049 1211 3105; x_wconf 89' lang='lat' dir='ltr'><strong>seducunt</strong></span> <span class='ocrx_word' id='word_1_317' title='bbox 1254 3048 1416 3103; x_wconf 90' lang='lat' dir='ltr'><strong>corda</strong></span> <span class='ocrx_word' id='word_1_318' title='bbox 1466 3048 1835 3103; x_wconf 75' lang='lat' dir='ltr'><strong>innocentium</strong></span> 
     </span>
    </p>
   </div>
   <div class='ocr_carea' id='block_1_48' title="bbox 236 3140 1835 3218">
    <p class='ocr_par' dir='ltr' id='par_1_48' title="bbox 236 3140 1835 3218">
     <span class='ocr_line' id='line_1_48' title="bbox 236 3140 1835 3218; baseline -0.001 -19"><span class='ocrx_word' id='word_1_319' title='bbox 236 3146 435 3218; x_wconf 66' lang='lat' dir='ltr'><strong>(Rom,</strong></span> <span class='ocrx_word' id='word_1_320' title='bbox 456 3145 608 3215; x_wconf 78' lang='lat' dir='ltr'><strong>xvr);</strong></span> <span class='ocrx_word' id='word_1_321' title='bbox 651 3144 743 3213; x_wconf 87' lang='lat' dir='ltr'><strong>qui</strong></span> <span class='ocrx_word' id='word_1_322' title='bbox 790 3150 941 3198; x_wconf 90' lang='lat' dir='ltr'><strong>veste</strong></span> <span class='ocrx_word' id='word_1_323' title='bbox 978 3141 1197 3211; x_wconf 89' lang='lat' dir='ltr'><strong>quidem</strong></span> <span class='ocrx_word' id='word_1_324' title='bbox 1255 3140 1495 3210; x_wconf 90' lang='lat' dir='ltr'><strong>despecti</strong></span> <span class='ocrx_word' id='word_1_325' title='bbox 1542 3150 1695 3208; x_wconf 92' lang='lat' dir='ltr'><strong>sunt,</strong></span> <span class='ocrx_word' id='word_1_326' title='bbox 1739 3144 1835 3199; x_wconf 90' lang='lat' dir='ltr'><strong>sed</strong></span> 
     </span>
    </p>
   </div>
   <div class='ocr_carea' id='block_1_49' title="bbox 1938 1944 3541 2020">
    <p class='ocr_par' dir='ltr' id='par_1_49' title="bbox 1938 1944 3541 2020">
     <span class='ocr_line' id='line_1_49' title="bbox 1938 1944 3541 2020; baseline 0.006 -19"><span class='ocrx_word' id='word_1_327' title='bbox 1938 1948 2153 2018; x_wconf 89' lang='lat' dir='ltr'><strong>pietatis</strong></span> <span class='ocrx_word' id='word_1_328' title='bbox 2200 1956 2389 2003; x_wconf 62' lang='lat' dir='ltr'><strong>vestrae</strong></span> <span class='ocrx_word' id='word_1_329' title='bbox 2433 1957 2679 2019; x_wconf 88' lang='lat' dir='ltr'><strong>tempora</strong></span> <span class='ocrx_word' id='word_1_330' title='bbox 2729 1951 3054 2020; x_wconf 85' lang='lat' dir='ltr'><strong>permittatis</strong></span> <span class='ocrx_word' id='word_1_331' title='bbox 3104 1952 3261 2008; x_wconf 89' lang='lat' dir='ltr'><strong>unius</strong></span> <span class='ocrx_word' id='word_1_332' title='bbox 3306 1944 3541 2010; x_wconf 85' lang='lat' dir='ltr'><strong>hominis</strong></span> 
     </span>
    </p>
   </div>
   <div class='ocr_carea' id='block_1_50' title="bbox 1938 2039 3540 2114">
    <p class='ocr_par' dir='ltr' id='par_1_50' title="bbox 1938 2039 3540 2114">
     <span class='ocr_line' id='line_1_50' title="bbox 1938 2039 3540 2114; baseline 0.003 -19"><span class='ocrx_word' id='word_1_333' title='bbox 1938 2039 2172 2095; x_wconf 90' lang='lat' dir='ltr'><strong>elatione</strong></span> <span class='ocrx_word' id='word_1_334' title='bbox 2200 2040 2463 2095; x_wconf 91' lang='lat' dir='ltr'><strong>maculari</strong></span> <span class='ocrx_word' id='word_1_335' title='bbox 2489 2060 2503 2094; x_wconf 89' lang='lat'><strong>:</strong></span> <span class='ocrx_word' id='word_1_336' title='bbox 2536 2056 2713 2111; x_wconf 88' lang='lat' dir='ltr'><strong>neque</strong></span> <span class='ocrx_word' id='word_1_337' title='bbox 2766 2049 2876 2096; x_wconf 88' lang='lat' dir='ltr'><strong>tam</strong></span> <span class='ocrx_word' id='word_1_338' title='bbox 2911 2044 3063 2114; x_wconf 83' lang='lat'><strong>113</strong></span> <span class='ocrx_word' id='word_1_339' title='bbox 3092 2058 3348 2114; x_wconf 90' lang='lat' dir='ltr'><strong>perverso</strong></span> <span class='ocrx_word' id='word_1_340' title='bbox 3377 2059 3540 2100; x_wconf 88' lang='lat' dir='ltr'><strong>voca-</strong></span> 
     </span>
    </p>
   </div>
   <div class='ocr_carea' id='block_1_51' title="bbox 1937 2130 3538 2204">
    <p class='ocr_par' dir='ltr' id='par_1_51' title="bbox 1937 2130 3538 2204">
     <span class='ocr_line' id='line_1_51' title="bbox 1937 2130 3538 2204; baseline 0.002 -18"><span class='ocrx_word' id='word_1_341' title='bbox 1937 2132 2065 2186; x_wconf 90' lang='lat' dir='ltr'><strong>bulo</strong></span> <span class='ocrx_word' id='word_1_342' title='bbox 2091 2130 2255 2186; x_wconf 91' lang='lat' dir='ltr'><strong>ullum</strong></span> <span class='ocrx_word' id='word_1_343' title='bbox 2286 2147 2506 2202; x_wconf 91' lang='lat' dir='ltr'><strong>quoquo</strong></span> <span class='ocrx_word' id='word_1_344' title='bbox 2534 2133 2696 2188; x_wconf 87' lang='lat' dir='ltr'><strong>tnodo</strong></span> <span class='ocrx_word' id='word_1_345' title='bbox 2724 2133 3008 2203; x_wconf 85' lang='lat' dir='ltr'><strong>praebeatis</strong></span> <span class='ocrx_word' id='word_1_346' title='bbox 3045 2150 3349 2203; x_wconf 87' lang='lat' dir='ltr'><strong>assensum,</strong></span> <span class='ocrx_word' id='word_1_347' title='bbox 3376 2144 3538 2204; x_wconf 88' lang='lat' dir='ltr'><strong>atque</strong></span> 
     </span>
    </p>
   </div>
   <div class='ocr_carea' id='block_1_52' title="bbox 1935 2220 3533 2297">
    <p class='ocr_par' dir='ltr' id='par_1_52' title="bbox 1935 2220 3533 2297">
     <span class='ocr_line' id='line_1_52' title="bbox 1935 2220 3533 2297; baseline 0.004 -22"><span class='ocrx_word' id='word_1_348' title='bbox 1935 2220 1991 2275; x_wconf 90' lang='lat' dir='ltr'><strong>in</strong></span> <span class='ocrx_word' id='word_1_349' title='bbox 2022 2221 2124 2277; x_wconf 90' lang='lat' dir='ltr'><strong>hac</strong></span> <span class='ocrx_word' id='word_1_350' title='bbox 2147 2236 2310 2278; x_wconf 91' lang='lat' dir='ltr'><strong>causa</strong></span> <span class='ocrx_word' id='word_1_351' title='bbox 2335 2237 2671 2292; x_wconf 86' lang='lat' dir='ltr'><strong>nequaquam</strong></span> <span class='ocrx_word' id='word_1_352' title='bbox 2712 2239 2799 2279; x_wconf 91' lang='lat' dir='ltr'><strong>me</strong></span> <span class='ocrx_word' id='word_1_353' title='bbox 2839 2225 3013 2295; x_wconf 89' lang='lat' dir='ltr'><strong>pietas</strong></span> <span class='ocrx_word' id='word_1_354' title='bbox 3036 2233 3217 2282; x_wconf 85' lang='lat' dir='ltr'><strong>vestra</strong></span> <span class='ocrx_word' id='word_1_355' title='bbox 3243 2226 3533 2297; x_wconf 86' lang='lat' dir='ltr'><strong>despiciat;</strong></span> 
     </span>
    </p>
   </div>
   <div class='ocr_carea' id='block_1_53' title="bbox 1937 2313 3537 2389">
    <p class='ocr_par' dir='ltr' id='par_1_53' title="bbox 1937 2313 3537 2389">
     <span class='ocr_line' id='line_1_53' title="bbox 1937 2313 3537 2389; baseline 0.007 -23"><span class='ocrx_word' id='word_1_356' title='bbox 1937 2313 2060 2384; x_wconf 88' lang='lat' dir='ltr'><strong>quia</strong></span> <span class='ocrx_word' id='word_1_357' title='bbox 2106 2321 2162 2368; x_wconf 92' lang='lat' dir='ltr'><strong>et</strong></span> <span class='ocrx_word' id='word_1_358' title='bbox 2206 2314 2252 2367; x_wconf 91' lang='lat' dir='ltr'><strong>si</strong></span> <span class='ocrx_word' id='word_1_359' title='bbox 2300 2322 2523 2383; x_wconf 88' lang='lat' dir='ltr'><strong>peccata</strong></span> <span class='ocrx_word' id='word_1_360' title='bbox 2553 2313 2797 2383; x_wconf 77' lang='lat' dir='ltr'><strong>Gregorii</strong></span> <span class='ocrx_word' id='word_1_361' title='bbox 2829 2325 2976 2371; x_wconf 92' lang='lat' dir='ltr'><strong>tanta</strong></span> <span class='ocrx_word' id='word_1_362' title='bbox 3016 2326 3143 2373; x_wconf 89' lang='lat' dir='ltr'><strong>sunt</strong></span> <span class='ocrx_word' id='word_1_363' title='bbox 3164 2326 3222 2372; x_wconf 92' lang='lat' dir='ltr'><strong>ut</strong></span> <span class='ocrx_word' id='word_1_364' title='bbox 3250 2319 3362 2389; x_wconf 90' lang='lat' dir='ltr'><strong>pati</strong></span> <span class='ocrx_word' id='word_1_365' title='bbox 3406 2318 3537 2377; x_wconf 86' lang='lat' dir='ltr'><strong>talia</strong></span> 
     </span>
    </p>
   </div>
   <div class='ocr_carea' id='block_1_54' title="bbox 1935 2402 3536 2477">
    <p class='ocr_par' dir='ltr' id='par_1_54' title="bbox 1935 2402 3536 2477">
     <span class='ocr_line' id='line_1_54' title="bbox 1935 2402 3536 2477; baseline 0.004 -18"><span class='ocrx_word' id='word_1_366' title='bbox 1935 2403 2161 2469; x_wconf 91' lang='lat' dir='ltr'><strong>debeat,</strong></span> <span class='ocrx_word' id='word_1_367' title='bbox 2194 2402 2338 2458; x_wconf 84' lang='lat' dir='ltr'><strong>Petri</strong></span> <span class='ocrx_word' id='word_1_368' title='bbox 2369 2412 2548 2460; x_wconf 89' lang='lat' dir='ltr'><strong>tamen</strong></span> <span class='ocrx_word' id='word_1_369' title='bbox 2576 2405 2808 2476; x_wconf 89' lang='lat' dir='ltr'><strong>apostoli</strong></span> <span class='ocrx_word' id='word_1_370' title='bbox 2850 2415 3073 2477; x_wconf 85' lang='lat' dir='ltr'><strong>peccata</strong></span> <span class='ocrx_word' id='word_1_371' title='bbox 3102 2408 3249 2464; x_wconf 92' lang='lat' dir='ltr'><strong>nulla</strong></span> <span class='ocrx_word' id='word_1_372' title='bbox 3290 2416 3444 2475; x_wconf 91' lang='lat' dir='ltr'><strong>sunt,</strong></span> <span class='ocrx_word' id='word_1_373' title='bbox 3477 2418 3536 2466; x_wconf 91' lang='lat' dir='ltr'><strong>ut</strong></span> 
     </span>
    </p>
   </div>
   <div class='ocr_carea' id='block_1_55' title="bbox 1934 2496 3534 2568">
    <p class='ocr_par' dir='ltr' id='par_1_55' title="bbox 1934 2496 3534 2568">
     <span class='ocr_line' id='line_1_55' title="bbox 1934 2496 3534 2568; baseline 0.004 -16"><span class='ocrx_word' id='word_1_374' title='bbox 1934 2496 2128 2552; x_wconf 79' lang='lat' dir='ltr'><strong>vestris</strong></span> <span class='ocrx_word' id='word_1_375' title='bbox 2156 2497 2487 2567; x_wconf 88' lang='lat' dir='ltr'><strong>temporibus</strong></span> <span class='ocrx_word' id='word_1_376' title='bbox 2513 2498 2623 2568; x_wconf 88' lang='lat' dir='ltr'><strong>pati</strong></span> <span class='ocrx_word' id='word_1_377' title='bbox 2664 2498 2793 2553; x_wconf 89' lang='lat' dir='ltr'><strong>talia</strong></span> <span class='ocrx_word' id='word_1_378' title='bbox 2832 2507 3123 2555; x_wconf 89' lang='lat' dir='ltr'><strong>mereatur.</strong></span> <span class='ocrx_word' id='word_1_379' title='bbox 3164 2499 3312 2557; x_wconf 89' lang='lat' dir='ltr'><strong>Unde</strong></span> <span class='ocrx_word' id='word_1_380' title='bbox 3340 2503 3534 2558; x_wconf 90' lang='lat' dir='ltr'><strong>iterum</strong></span> 
     </span>
    </p>
   </div>
   <div class='ocr_carea' id='block_1_56' title="bbox 1936 2587 3534 2661">
    <p class='ocr_par' dir='ltr' id='par_1_56' title="bbox 1936 2587 3534 2661">
     <span class='ocr_line' id='line_1_56' title="bbox 1936 2587 3534 2661; baseline 0.004 -20"><span class='ocrx_word' id='word_1_381' title='bbox 1936 2596 2099 2656; x_wconf 89' lang='lat' dir='ltr'><strong>atque</strong></span> <span class='ocrx_word' id='word_1_382' title='bbox 2125 2588 2321 2641; x_wconf 88' lang='lat' dir='ltr'><strong>iterum</strong></span> <span class='ocrx_word' id='word_1_383' title='bbox 2349 2603 2448 2658; x_wconf 92' lang='lat' dir='ltr'><strong>per</strong></span> <span class='ocrx_word' id='word_1_384' title='bbox 2495 2587 2923 2658; x_wconf 90' lang='lat' dir='ltr'><strong>omnipotentem</strong></span> <span class='ocrx_word' id='word_1_385' title='bbox 2970 2588 3255 2645; x_wconf 92' lang='lat' dir='ltr'><strong>Dominum</strong></span> <span class='ocrx_word' id='word_1_386' title='bbox 3285 2606 3445 2661; x_wconf 90' lang='lat' dir='ltr'><strong>rogo,</strong></span> <span class='ocrx_word' id='word_1_387' title='bbox 3476 2600 3534 2648; x_wconf 92' lang='lat' dir='ltr'><strong>ut</strong></span> 
     </span>
    </p>
   </div>
   <div class='ocr_carea' id='block_1_57' title="bbox 1934 2678 3534 2753">
    <p class='ocr_par' dir='ltr' id='par_1_57' title="bbox 1934 2678 3534 2753">
     <span class='ocr_line' id='line_1_57' title="bbox 1934 2678 3534 2753; baseline 0.004 -18"><span class='ocrx_word' id='word_1_388' title='bbox 1934 2678 2075 2735; x_wconf 91' lang='lat' dir='ltr'><strong>sicut</strong></span> <span class='ocrx_word' id='word_1_389' title='bbox 2102 2679 2310 2749; x_wconf 89' lang='lat' dir='ltr'><strong>priores</strong></span> <span class='ocrx_word' id='word_1_390' title='bbox 2353 2679 2623 2750; x_wconf 88' lang='lat' dir='ltr'><strong>principes</strong></span> <span class='ocrx_word' id='word_1_391' title='bbox 2667 2681 2842 2736; x_wconf 90' lang='lat' dir='ltr'><strong>sancti</strong></span> <span class='ocrx_word' id='word_1_392' title='bbox 2873 2681 3015 2737; x_wconf 89' lang='lat' dir='ltr'><strong>Petri</strong></span> <span class='ocrx_word' id='word_1_393' title='bbox 3049 2683 3281 2753; x_wconf 91' lang='lat' dir='ltr'><strong>apostoli</strong></span> <span class='ocrx_word' id='word_1_394' title='bbox 3306 2686 3534 2753; x_wconf 80' lang='lat' dir='ltr'><strong>gratiam</strong></span> 
     </span>
    </p>
   </div>
   <div class='ocr_carea' id='block_1_58' title="bbox 1936 2769 3534 2845">
    <p class='ocr_par' dir='ltr' id='par_1_58' title="bbox 1936 2769 3534 2845">
     <span class='ocr_line' id='line_1_58' title="bbox 1936 2769 3534 2845; baseline 0.006 -22"><span class='ocrx_word' id='word_1_395' title='bbox 1936 2769 2322 2838; x_wconf 67' lang='lat' dir='ltr'><strong>quaesiverunt,</strong></span> <span class='ocrx_word' id='word_1_396' title='bbox 2348 2786 2447 2826; x_wconf 89' lang='lat' dir='ltr'><strong>vos</strong></span> <span class='ocrx_word' id='word_1_397' title='bbox 2475 2786 2691 2842; x_wconf 91' lang='lat' dir='ltr'><strong>quoque</strong></span> <span class='ocrx_word' id='word_1_398' title='bbox 2718 2772 2859 2827; x_wconf 88' lang='lat' dir='ltr'><strong>hanc</strong></span> <span class='ocrx_word' id='word_1_399' title='bbox 2903 2772 3058 2829; x_wconf 88' lang='lat' dir='ltr'><strong>vobis</strong></span> <span class='ocrx_word' id='word_1_400' title='bbox 3103 2781 3160 2829; x_wconf 93' lang='lat' dir='ltr'><strong>et</strong></span> <span class='ocrx_word' id='word_1_401' title='bbox 3204 2790 3449 2845; x_wconf 60' lang='lat' dir='ltr'><strong>quaerere</strong></span> <span class='ocrx_word' id='word_1_402' title='bbox 3478 2786 3534 2832; x_wconf 94' lang='lat' dir='ltr'><strong>et</strong></span> 
     </span>
    </p>
   </div>
   <div class='ocr_carea' id='block_1_59' title="bbox 1937 2864 3533 2937">
    <p class='ocr_par' dir='ltr' id='par_1_59' title="bbox 1937 2864 3533 2937">
     <span class='ocr_line' id='line_1_59' title="bbox 1937 2864 3533 2937; baseline 0.006 -20"><span class='ocrx_word' id='word_1_403' title='bbox 1937 2877 2260 2918; x_wconf 88' lang='lat' dir='ltr'><strong>conservare</strong></span> <span class='ocrx_word' id='word_1_404' title='bbox 2288 2864 2509 2933; x_wconf 89' lang='lat' dir='ltr'><strong>curetis,</strong></span> <span class='ocrx_word' id='word_1_405' title='bbox 2540 2872 2596 2919; x_wconf 90' lang='lat' dir='ltr'><strong>et</strong></span> <span class='ocrx_word' id='word_1_406' title='bbox 2625 2875 2845 2935; x_wconf 89' lang='lat' dir='ltr'><strong>propter</strong></span> <span class='ocrx_word' id='word_1_407' title='bbox 2870 2873 3092 2936; x_wconf 86' lang='lat' dir='ltr'><strong>peccata</strong></span> <span class='ocrx_word' id='word_1_408' title='bbox 3121 2876 3331 2935; x_wconf 90' lang='lat' dir='ltr'><strong>nostra,</strong></span> <span class='ocrx_word' id='word_1_409' title='bbox 3360 2869 3454 2937; x_wconf 91' lang='lat' dir='ltr'><strong>qui</strong></span> <span class='ocrx_word' id='word_1_410' title='bbox 3481 2870 3533 2926; x_wconf 88' lang='lat' dir='ltr'><strong>ei</strong></span> 
     </span>
    </p>
   </div>
   <div class='ocr_carea' id='block_1_60' title="bbox 1936 2955 3534 3029">
    <p class='ocr_par' dir='ltr' id='par_1_60' title="bbox 1936 2955 3534 3029">
     <span class='ocr_line' id='line_1_60' title="bbox 1936 2955 3534 3029; baseline 0.005 -20"><span class='ocrx_word' id='word_1_411' title='bbox 1936 2955 2151 3025; x_wconf 89' lang='lat' dir='ltr'><strong>indigne</strong></span> <span class='ocrx_word' id='word_1_412' title='bbox 2178 2957 2476 3026; x_wconf 89' lang='lat' dir='ltr'><strong>servimus,</strong></span> <span class='ocrx_word' id='word_1_413' title='bbox 2521 2957 2639 3027; x_wconf 90' lang='lat' dir='ltr'><strong>ejus</strong></span> <span class='ocrx_word' id='word_1_414' title='bbox 2690 2958 2833 3029; x_wconf 90' lang='lat' dir='ltr'><strong>apud</strong></span> <span class='ocrx_word' id='word_1_415' title='bbox 2874 2974 2972 3015; x_wconf 88' lang='lat' dir='ltr'><strong>vos</strong></span> <span class='ocrx_word' id='word_1_416' title='bbox 3008 2959 3186 3015; x_wconf 91' lang='lat' dir='ltr'><strong>honor</strong></span> <span class='ocrx_word' id='word_1_417' title='bbox 3228 2960 3534 3017; x_wconf 88' lang='lat' dir='ltr'><strong>nullatenus</strong></span> 
     </span>
    </p>
   </div>
   <div class='ocr_carea' id='block_1_61' title="bbox 1935 3046 3532 3123">
    <p class='ocr_par' dir='ltr' id='par_1_61' title="bbox 1935 3046 3532 3123">
     <span class='ocr_line' id='line_1_61' title="bbox 1935 3046 3532 3123; baseline 0.006 -24"><span class='ocrx_word' id='word_1_418' title='bbox 1935 3046 2229 3109; x_wconf 87' lang='lat' dir='ltr'><strong>minuatur,</strong></span> <span class='ocrx_word' id='word_1_419' title='bbox 2256 3047 2349 3116; x_wconf 91' lang='lat' dir='ltr'><strong>qui</strong></span> <span class='ocrx_word' id='word_1_420' title='bbox 2374 3054 2429 3102; x_wconf 92' lang='lat' dir='ltr'><strong>et</strong></span> <span class='ocrx_word' id='word_1_421' title='bbox 2448 3046 2610 3102; x_wconf 92' lang='lat' dir='ltr'><strong>modo</strong></span> <span class='ocrx_word' id='word_1_422' title='bbox 2632 3048 2788 3104; x_wconf 86' lang='lat' dir='ltr'><strong>vobis</strong></span> <span class='ocrx_word' id='word_1_423' title='bbox 2808 3047 3023 3118; x_wconf 91' lang='lat' dir='ltr'><strong>adjutor</strong></span> <span class='ocrx_word' id='word_1_424' title='bbox 3043 3065 3164 3106; x_wconf 91' lang='lat' dir='ltr'><strong>esse</strong></span> <span class='ocrx_word' id='word_1_425' title='bbox 3185 3050 3241 3105; x_wconf 92' lang='lat' dir='ltr'><strong>in</strong></span> <span class='ocrx_word' id='word_1_426' title='bbox 3260 3052 3532 3123; x_wconf 90' lang='lat' dir='ltr'><strong>omnibus,</strong></span> 
     </span>
    </p>
   </div>
   <div class='ocr_carea' id='block_1_62' title="bbox 1936 3139 3532 3211">
    <p class='ocr_par' dir='ltr' id='par_1_62' title="bbox 1936 3139 3532 3211">
     <span class='ocr_line' id='line_1_62' title="bbox 1936 3139 3532 3211; baseline 0.003 -16"><span class='ocrx_word' id='word_1_427' title='bbox 1936 3149 1992 3195; x_wconf 91' lang='lat' dir='ltr'><strong>et</strong></span> <span class='ocrx_word' id='word_1_428' title='bbox 2019 3139 2363 3210; x_wconf 89' lang='lat' dir='ltr'><strong>postmodum</strong></span> <span class='ocrx_word' id='word_1_429' title='bbox 2399 3150 2579 3196; x_wconf 91' lang='lat' dir='ltr'><strong>vestra</strong></span> <span class='ocrx_word' id='word_1_430' title='bbox 2608 3141 2788 3196; x_wconf 89' lang='lat' dir='ltr'><strong>valeat</strong></span> <span class='ocrx_word' id='word_1_431' title='bbox 2831 3151 3056 3211; x_wconf 88' lang='lat' dir='ltr'><strong>peccata</strong></span> <span class='ocrx_word' id='word_1_432' title='bbox 3099 3144 3391 3201; x_wconf 88' lang='lat' dir='ltr'><strong>dimittere.</strong></span> <span class='ocrx_word' id='word_1_433' title='bbox 3436 3146 3532 3201; x_wconf 81' lang='lat' dir='ltr'><strong>Vi-</strong></span> 
     </span>
    </p>
   </div>
   <div class='ocr_carea' id='block_1_63' title="bbox 234 3233 3532 3307">
    <p class='ocr_par' dir='ltr' id='par_1_63' title="bbox 234 3233 3532 3307">
     <span class='ocr_line' id='line_1_63' title="bbox 234 3233 3532 3307; baseline -0 -13"><span class='ocrx_word' id='word_1_434' title='bbox 234 3240 399 3295; x_wconf 89' lang='lat' dir='ltr'><strong>corde</strong></span> <span class='ocrx_word' id='word_1_435' title='bbox 430 3245 662 3301; x_wconf 91' lang='lat' dir='ltr'><strong>tument,</strong></span> <span class='ocrx_word' id='word_1_436' title='bbox 696 3245 751 3290; x_wconf 90' lang='lat' dir='ltr'><strong>et</strong></span> <span class='ocrx_word' id='word_1_437' title='bbox 779 3235 933 3304; x_wconf 89' lang='lat' dir='ltr'><strong>quasi</strong></span> <span class='ocrx_word' id='word_1_438' title='bbox 975 3234 1027 3288; x_wconf 92' lang='lat' dir='ltr'><strong>in</strong></span> <span class='ocrx_word' id='word_1_439' title='bbox 1068 3233 1174 3289; x_wconf 91' lang='lat' dir='ltr'><strong>hoc</strong></span> <span class='ocrx_word' id='word_1_440' title='bbox 1204 3234 1405 3288; x_wconf 90' lang='lat' dir='ltr'><strong>mundo</strong></span> <span class='ocrx_word' id='word_1_441' title='bbox 1435 3242 1631 3289; x_wconf 85' lang='lat' dir='ltr'><strong>cuneta</strong></span> <span class='ocrx_word' id='word_1_442' title='bbox 1658 3234 1833 3306; x_wconf 84' lang='lat' dir='ltr'><strong>despi-</strong></span> <span class='ocrx_word' id='word_1_443' title='bbox 1864 3242 1911 3306; x_wconf 73' lang='grc' dir='ltr'>ο</span> <span class='ocrx_word' id='word_1_444' title='bbox 1940 3234 2073 3304; x_wconf 87' lang='lat' dir='ltr'><strong>ginti</strong></span> <span class='ocrx_word' id='word_1_445' title='bbox 2103 3243 2283 3288; x_wconf 90' lang='lat' dir='ltr'><strong>autem</strong></span> <span class='ocrx_word' id='word_1_446' title='bbox 2308 3233 2419 3302; x_wconf 87' lang='lat' dir='ltr'><strong>jam</strong></span> <span class='ocrx_word' id='word_1_447' title='bbox 2447 3241 2504 3289; x_wconf 92' lang='lat' dir='ltr'><strong>et</strong></span> <span class='ocrx_word' id='word_1_448' title='bbox 2530 3242 2739 3305; x_wconf 87' lang='lat' dir='ltr'><strong>septem</strong></span> <span class='ocrx_word' id='word_1_449' title='bbox 2767 3249 2939 3291; x_wconf 87' lang='lat' dir='ltr'><strong>annos</strong></span> <span class='ocrx_word' id='word_1_450' title='bbox 2985 3235 3257 3301; x_wconf 91' lang='lat' dir='ltr'><strong>ducimus,</strong></span> <span class='ocrx_word' id='word_1_451' title='bbox 3307 3238 3453 3307; x_wconf 91' lang='lat' dir='ltr'><strong>quod</strong></span> <span class='ocrx_word' id='word_1_452' title='bbox 3478 3238 3532 3295; x_wconf 89' lang='lat' dir='ltr'><strong>in</strong></span> 
     </span>
    </p>
   </div>
   <div class='ocr_carea' id='block_1_64' title="bbox 234 3324 1834 3395">
    <p class='ocr_par' dir='ltr' id='par_1_64' title="bbox 234 3324 1834 3395">
     <span class='ocr_line' id='line_1_64' title="bbox 234 3324 1834 3395; baseline -0.001 -11"><span class='ocrx_word' id='word_1_453' title='bbox 234 3330 419 3394; x_wconf 88' lang='lat' dir='ltr'><strong>ciunt,</strong></span> <span class='ocrx_word' id='word_1_454' title='bbox 450 3328 544 3383; x_wconf 89' lang='lat' dir='ltr'><strong>sed</strong></span> <span class='ocrx_word' id='word_1_455' title='bbox 575 3336 751 3382; x_wconf 92' lang='lat' dir='ltr'><strong>tamen</strong></span> <span class='ocrx_word' id='word_1_456' title='bbox 793 3341 857 3381; x_wconf 92' lang='lat' dir='ltr'><strong>ea</strong></span> <span class='ocrx_word' id='word_1_457' title='bbox 894 3340 1012 3395; x_wconf 62' lang='lat' dir='ltr'><strong>quae</strong></span> <span class='ocrx_word' id='word_1_458' title='bbox 1058 3324 1241 3379; x_wconf 92' lang='lat' dir='ltr'><strong>mundi</strong></span> <span class='ocrx_word' id='word_1_459' title='bbox 1289 3334 1414 3379; x_wconf 88' lang='lat' dir='ltr'><strong>sunt</strong></span> <span class='ocrx_word' id='word_1_460' title='bbox 1441 3332 1634 3380; x_wconf 92' lang='lat' dir='ltr'><strong>cuncta</strong></span> <span class='ocrx_word' id='word_1_461' title='bbox 1672 3326 1834 3383; x_wconf 92' lang='lat' dir='ltr'><strong>simul</strong></span> 
     </span>
    </p>
   </div>
   <div class='ocr_carea' id='block_1_65' title="bbox 233 3418 1833 3492">
    <p class='ocr_par' dir='ltr' id='par_1_65' title="bbox 233 3418 1833 3492">
     <span class='ocr_line' id='line_1_65' title="bbox 233 3418 1833 3492; baseline -0.002 -15"><span class='ocrx_word' id='word_1_462' title='bbox 233 3422 456 3492; x_wconf 87' lang='lat' dir='ltr'><strong>adipisci</strong></span> <span class='ocrx_word' id='word_1_463' title='bbox 486 3430 758 3491; x_wconf 72' lang='lat' dir='ltr'><strong>qumrunt;</strong></span> <span class='ocrx_word' id='word_1_464' title='bbox 805 3419 897 3488; x_wconf 89' lang='lat' dir='ltr'><strong>qui</strong></span> <span class='ocrx_word' id='word_1_465' title='bbox 943 3419 1191 3487; x_wconf 87' lang='lat' dir='ltr'><strong>indignos</strong></span> <span class='ocrx_word' id='word_1_466' title='bbox 1219 3432 1280 3473; x_wconf 93' lang='lat' dir='ltr'><strong>se</strong></span> <span class='ocrx_word' id='word_1_467' title='bbox 1325 3418 1574 3474; x_wconf 91' lang='lat' dir='ltr'><strong>omnibus</strong></span> <span class='ocrx_word' id='word_1_468' title='bbox 1602 3418 1833 3474; x_wconf 87' lang='lat' dir='ltr'><strong>homini-</strong></span> 
     </span>
    </p>
   </div>
   <div class='ocr_carea' id='block_1_66' title="bbox 232 3510 1832 3581">
    <p class='ocr_par' dir='ltr' id='par_1_66' title="bbox 232 3510 1832 3581">
     <span class='ocr_line' id='line_1_66' title="bbox 232 3510 1832 3581; baseline 0 -14"><span class='ocrx_word' id='word_1_469' title='bbox 232 3513 333 3567; x_wconf 85' lang='lat' dir='ltr'><strong>bus</strong></span> <span class='ocrx_word' id='word_1_470' title='bbox 358 3513 619 3581; x_wconf 88' lang='lat' dir='ltr'><strong>fatentur,</strong></span> <span class='ocrx_word' id='word_1_471' title='bbox 645 3512 739 3567; x_wconf 90' lang='lat' dir='ltr'><strong>sed</strong></span> <span class='ocrx_word' id='word_1_472' title='bbox 766 3510 988 3580; x_wconf 89' lang='lat' dir='ltr'><strong>privatis</strong></span> <span class='ocrx_word' id='word_1_473' title='bbox 1012 3510 1289 3565; x_wconf 87' lang='lat' dir='ltr'><strong>vocabulis</strong></span> <span class='ocrx_word' id='word_1_474' title='bbox 1309 3512 1551 3565; x_wconf 90' lang='lat' dir='ltr'><strong>contenti</strong></span> <span class='ocrx_word' id='word_1_475' title='bbox 1574 3527 1693 3567; x_wconf 90' lang='lat' dir='ltr'><strong>esse</strong></span> <span class='ocrx_word' id='word_1_476' title='bbox 1723 3526 1832 3567; x_wconf 92' lang='lat' dir='ltr'><strong>non</strong></span> 
     </span>
    </p>
   </div>
   <div class='ocr_carea' id='block_1_67' title="bbox 232 3604 1829 3677">
    <p class='ocr_par' dir='ltr' id='par_1_67' title="bbox 232 3604 1829 3677">
     <span class='ocr_line' id='line_1_67' title="bbox 232 3604 1829 3677; baseline 0.001 -18"><span class='ocrx_word' id='word_1_477' title='bbox 232 3614 484 3677; x_wconf 91' lang='lat' dir='ltr'><strong>possunt,</strong></span> <span class='ocrx_word' id='word_1_478' title='bbox 517 3605 640 3674; x_wconf 91' lang='lat' dir='ltr'><strong>quia</strong></span> <span class='ocrx_word' id='word_1_479' title='bbox 671 3604 803 3659; x_wconf 93' lang='lat' dir='ltr'><strong>illud</strong></span> <span class='ocrx_word' id='word_1_480' title='bbox 831 3612 1119 3674; x_wconf 88' lang='lat' dir='ltr'><strong>appetunt,</strong></span> <span class='ocrx_word' id='word_1_481' title='bbox 1150 3604 1291 3658; x_wconf 90' lang='lat' dir='ltr'><strong>unde</strong></span> <span class='ocrx_word' id='word_1_482' title='bbox 1340 3605 1589 3659; x_wconf 90' lang='lat' dir='ltr'><strong>omnibus</strong></span> <span class='ocrx_word' id='word_1_483' title='bbox 1618 3606 1829 3675; x_wconf 88' lang='lat' dir='ltr'><strong>dignio-</strong></span> 
     </span>
    </p>
   </div>
   <div class='ocr_carea' id='block_1_68' title="bbox 231 3693 1832 3766">
    <p class='ocr_par' dir='ltr' id='par_1_68' title="bbox 231 3693 1832 3766">
     <span class='ocr_line' id='line_1_68' title="bbox 231 3693 1832 3766; baseline -0.001 -15"><span class='ocrx_word' id='word_1_484' title='bbox 231 3711 323 3751; x_wconf 91' lang='lat' dir='ltr'><strong>res</strong></span> <span class='ocrx_word' id='word_1_485' title='bbox 349 3712 468 3753; x_wconf 89' lang='lat' dir='ltr'><strong>esse</strong></span> <span class='ocrx_word' id='word_1_486' title='bbox 498 3695 798 3750; x_wconf 89' lang='lat' dir='ltr'><strong>videantur.</strong></span> <span class='ocrx_word' id='word_1_487' title='bbox 837 3713 855 3746; x_wconf 74' lang='grc' dir='ltr'><strong><em>ι</em></strong></span> <span class='ocrx_word' id='word_1_488' title='bbox 895 3694 1117 3766; x_wconf 83' lang='lat' dir='ltr'><strong>(Regist.</strong></span> <span class='ocrx_word' id='word_1_489' title='bbox 1142 3693 1229 3749; x_wconf 85' lang='lat' dir='ltr'><strong>lib.</strong></span> <span class='ocrx_word' id='word_1_490' title='bbox 1257 3710 1310 3763; x_wconf 91' lang='lat' dir='ltr'><strong>v,</strong></span> <span class='ocrx_word' id='word_1_491' title='bbox 1353 3711 1436 3765; x_wconf 88' lang='lat' dir='ltr'><strong>ep.</strong></span> <span class='ocrx_word' id='word_1_492' title='bbox 1467 3693 1583 3765; x_wconf 73' lang='grc'><strong>21).</strong></span> <span class='ocrx_word' id='word_1_493' title='bbox 1616 3694 1681 3749; x_wconf 87' lang='grc' dir='ltr'><strong>Ει</strong></span> <span class='ocrx_word' id='word_1_494' title='bbox 1709 3704 1832 3766; x_wconf 90' lang='lat' dir='ltr'><strong>post</strong></span> 
     </span>
    </p>
   </div>
   <div class='ocr_carea' id='block_1_69' title="bbox 230 3802 435 3859">
    <p class='ocr_par' dir='ltr' id='par_1_69' title="bbox 230 3802 435 3859">
     <span class='ocr_line' id='line_1_69' title="bbox 230 3802 435 3859; baseline -0.015 -17"><span class='ocrx_word' id='word_1_495' title='bbox 230 3802 435 3859; x_wconf 83' lang='lat' dir='ltr'><strong>pauca:</strong></span> 
     </span>
    </p>
   </div>
   <div class='ocr_carea' id='block_1_70' title="bbox 303 3895 1829 3965">
    <p class='ocr_par' dir='ltr' id='par_1_70' title="bbox 303 3895 1829 3965">
     <span class='ocr_line' id='line_1_70' title="bbox 303 3895 1829 3965; baseline -0.001 -14"><span class='ocrx_word' id='word_1_496' title='bbox 303 3898 392 3952; x_wconf 79' lang='grc'><strong>52.</strong></span> <span class='ocrx_word' id='word_1_497' title='bbox 434 3917 453 3949; x_wconf 73' lang='lat' dir='ltr'><strong>t</strong></span> <span class='ocrx_word' id='word_1_498' title='bbox 490 3898 752 3951; x_wconf 72' lang='lat' dir='ltr'><strong>Prmterea</strong></span> <span class='ocrx_word' id='word_1_499' title='bbox 784 3896 977 3961; x_wconf 91' lang='lat' dir='ltr'><strong>indico,</strong></span> <span class='ocrx_word' id='word_1_500' title='bbox 1002 3897 1126 3964; x_wconf 89' lang='lat' dir='ltr'><strong>quia</strong></span> <span class='ocrx_word' id='word_1_501' title='bbox 1157 3897 1382 3965; x_wconf 90' lang='lat' dir='ltr'><strong>piissimi</strong></span> <span class='ocrx_word' id='word_1_502' title='bbox 1400 3895 1603 3950; x_wconf 92' lang='lat' dir='ltr'><strong>domini</strong></span> <span class='ocrx_word' id='word_1_503' title='bbox 1631 3896 1829 3965; x_wconf 89' lang='lat' dir='ltr'><strong>scripta</strong></span> 
     </span>
    </p>
   </div>
   <div class='ocr_carea' id='block_1_71' title="bbox 231 3986 1829 4058">
    <p class='ocr_par' dir='ltr' id='par_1_71' title="bbox 231 3986 1829 4058">
     <span class='ocr_line' id='line_1_71' title="bbox 231 3986 1829 4058; baseline -0.001 -12"><span class='ocrx_word' id='word_1_504' title='bbox 231 3989 479 4058; x_wconf 88' lang='lat' dir='ltr'><strong>suscepi,</strong></span> <span class='ocrx_word' id='word_1_505' title='bbox 511 3996 571 4041; x_wconf 91' lang='lat' dir='ltr'><strong>ut</strong></span> <span class='ocrx_word' id='word_1_506' title='bbox 610 4003 731 4042; x_wconf 91' lang='lat' dir='ltr'><strong>cum</strong></span> <span class='ocrx_word' id='word_1_507' title='bbox 758 3987 920 4041; x_wconf 89' lang='lat' dir='ltr'><strong>fratre</strong></span> <span class='ocrx_word' id='word_1_508' title='bbox 949 3994 1004 4041; x_wconf 88' lang='lat' dir='ltr'><strong>et</strong></span> <span class='ocrx_word' id='word_1_509' title='bbox 1033 3987 1422 4042; x_wconf 87' lang='lat' dir='ltr'><strong>consacerdote</strong></span> <span class='ocrx_word' id='word_1_510' title='bbox 1459 4002 1580 4041; x_wconf 90' lang='lat' dir='ltr'><strong>meo</strong></span> <span class='ocrx_word' id='word_1_511' title='bbox 1621 3986 1829 4044; x_wconf 86' lang='lat' dir='ltr'><strong>Joanne</strong></span> 
     </span>
    </p>
   </div>
   <div class='ocr_carea' id='block_1_72' title="bbox 232 4078 1831 4148">
    <p class='ocr_par' dir='ltr' id='par_1_72' title="bbox 232 4078 1831 4148">
     <span class='ocr_line' id='line_1_72' title="bbox 232 4078 1831 4148; baseline -0.003 -10"><span class='ocrx_word' id='word_1_512' title='bbox 232 4083 459 4137; x_wconf 91' lang='lat' dir='ltr'><strong>debeam</strong></span> <span class='ocrx_word' id='word_1_513' title='bbox 491 4095 610 4135; x_wconf 92' lang='lat' dir='ltr'><strong>esse</strong></span> <span class='ocrx_word' id='word_1_514' title='bbox 636 4079 908 4148; x_wconf 76' lang='lat' dir='ltr'><strong>pacificus.</strong></span> <span class='ocrx_word' id='word_1_515' title='bbox 941 4078 1009 4132; x_wconf 87' lang='lat' dir='ltr'><strong>Et</strong></span> <span class='ocrx_word' id='word_1_516' title='bbox 1039 4079 1255 4148; x_wconf 88' lang='lat' dir='ltr'><strong>quidem</strong></span> <span class='ocrx_word' id='word_1_517' title='bbox 1283 4080 1361 4133; x_wconf 88' lang='lat' dir='ltr'><strong>sic</strong></span> <span class='ocrx_word' id='word_1_518' title='bbox 1388 4079 1693 4146; x_wconf 82' lang='lat' dir='ltr'><strong>religiosum</strong></span> <span class='ocrx_word' id='word_1_519' title='bbox 1723 4079 1831 4134; x_wconf 87' lang='lat' dir='ltr'><strong>Do-</strong></span> 
     </span>
    </p>
   </div>
   <div class='ocr_carea' id='block_1_73' title="bbox 231 4171 1829 4242">
    <p class='ocr_par' dir='ltr' id='par_1_73' title="bbox 231 4171 1829 4242">
     <span class='ocr_line' id='line_1_73' title="bbox 231 4171 1829 4242; baseline -0.001 -12"><span class='ocrx_word' id='word_1_520' title='bbox 231 4174 443 4230; x_wconf 87' lang='lat' dir='ltr'><strong>minum</strong></span> <span class='ocrx_word' id='word_1_521' title='bbox 467 4171 671 4235; x_wconf 90' lang='lat' dir='ltr'><strong>decuit,</strong></span> <span class='ocrx_word' id='word_1_522' title='bbox 703 4178 761 4225; x_wconf 89' lang='lat' dir='ltr'><strong>ut</strong></span> <span class='ocrx_word' id='word_1_523' title='bbox 787 4171 1052 4227; x_wconf 88' lang='lat' dir='ltr'><strong>sacerdoti</strong></span> <span class='ocrx_word' id='word_1_524' title='bbox 1077 4172 1177 4227; x_wconf 87' lang='lat' dir='ltr'><strong>ista</strong></span> <span class='ocrx_word' id='word_1_525' title='bbox 1208 4172 1539 4242; x_wconf 74' lang='lat' dir='ltr'><strong>praeciperet.</strong></span> <span class='ocrx_word' id='word_1_526' title='bbox 1570 4172 1676 4228; x_wconf 89' lang='lat' dir='ltr'><strong>Sed</strong></span> <span class='ocrx_word' id='word_1_527' title='bbox 1705 4188 1829 4228; x_wconf 93' lang='lat' dir='ltr'><strong>cum</strong></span> 
     </span>
    </p>
   </div>
   <div class='ocr_carea' id='block_1_74' title="bbox 232 4266 1828 4336">
    <p class='ocr_par' dir='ltr' id='par_1_74' title="bbox 232 4266 1828 4336">
     <span class='ocr_line' id='line_1_74' title="bbox 232 4266 1828 4336; baseline 0.001 -13"><span class='ocrx_word' id='word_1_528' title='bbox 232 4281 293 4323; x_wconf 87' lang='lat' dir='ltr'><strong>se</strong></span> <span class='ocrx_word' id='word_1_529' title='bbox 320 4281 457 4321; x_wconf 91' lang='lat' dir='ltr'><strong>nova</strong></span> <span class='ocrx_word' id='word_1_530' title='bbox 506 4266 926 4334; x_wconf 72' lang='lat' dir='ltr'><strong>przesumptione</strong></span> <span class='ocrx_word' id='word_1_531' title='bbox 963 4274 1125 4334; x_wconf 91' lang='lat' dir='ltr'><strong>atque</strong></span> <span class='ocrx_word' id='word_1_532' title='bbox 1170 4266 1422 4336; x_wconf 87' lang='lat' dir='ltr'><strong>superbia</strong></span> <span class='ocrx_word' id='word_1_533' title='bbox 1468 4266 1610 4321; x_wconf 92' lang='lat' dir='ltr'><strong>idem</strong></span> <span class='ocrx_word' id='word_1_534' title='bbox 1660 4267 1828 4324; x_wconf 87' lang='lat' dir='ltr'><strong>frater</strong></span> 
     </span>
    </p>
   </div>
   <div class='ocr_carea' id='block_1_75' title="bbox 231 4353 1828 4425">
    <p class='ocr_par' dir='ltr' id='par_1_75' title="bbox 231 4353 1828 4425">
     <span class='ocr_line' id='line_1_75' title="bbox 231 4353 1828 4425; baseline 0.001 -14"><span class='ocrx_word' id='word_1_535' title='bbox 231 4370 387 4411; x_wconf 88' lang='lat' dir='ltr'><strong>meus</strong></span> <span class='ocrx_word' id='word_1_536' title='bbox 414 4353 771 4409; x_wconf 85' lang='lat' dir='ltr'><strong>universalem</strong></span> <span class='ocrx_word' id='word_1_537' title='bbox 802 4354 1113 4424; x_wconf 90' lang='lat' dir='ltr'><strong>episcopum</strong></span> <span class='ocrx_word' id='word_1_538' title='bbox 1144 4355 1412 4425; x_wconf 85' lang='lat' dir='ltr'><strong>appellet,</strong></span> <span class='ocrx_word' id='word_1_539' title='bbox 1444 4356 1516 4409; x_wconf 88' lang='lat' dir='ltr'><strong>ita</strong></span> <span class='ocrx_word' id='word_1_540' title='bbox 1543 4364 1604 4410; x_wconf 89' lang='lat' dir='ltr'><strong>ut</strong></span> <span class='ocrx_word' id='word_1_541' title='bbox 1627 4365 1828 4413; x_wconf 85' lang='lat' dir='ltr'><strong>sanctae</strong></span> 
     </span>
    </p>
   </div>
   <div class='ocr_carea' id='block_1_76' title="bbox 232 4445 1829 4521">
    <p class='ocr_par' dir='ltr' id='par_1_76' title="bbox 232 4445 1829 4521">
     <span class='ocr_line' id='line_1_76' title="bbox 232 4445 1829 4521; baseline 0 -16"><span class='ocrx_word' id='word_1_542' title='bbox 232 4447 509 4505; x_wconf 69' lang='lat' dir='ltr'><strong>memoriae</strong></span> <span class='ocrx_word' id='word_1_543' title='bbox 536 4445 838 4502; x_wconf 90' lang='lat' dir='ltr'><strong>decessoris</strong></span> <span class='ocrx_word' id='word_1_544' title='bbox 864 4448 972 4501; x_wconf 92' lang='lat' dir='ltr'><strong>mei</strong></span> <span class='ocrx_word' id='word_1_545' title='bbox 1024 4454 1268 4517; x_wconf 90' lang='lat' dir='ltr'><strong>tempore</strong></span> <span class='ocrx_word' id='word_1_546' title='bbox 1297 4447 1528 4504; x_wconf 88' lang='lat' dir='ltr'><strong>adscribi</strong></span> <span class='ocrx_word' id='word_1_547' title='bbox 1567 4464 1626 4504; x_wconf 88' lang='lat' dir='ltr'><strong>se</strong></span> <span class='ocrx_word' id='word_1_548' title='bbox 1654 4449 1709 4504; x_wconf 92' lang='lat' dir='ltr'><strong>in</strong></span> <span class='ocrx_word' id='word_1_549' title='bbox 1738 4465 1829 4521; x_wconf 88' lang='lat' dir='ltr'><strong>sy-</strong></span> 
     </span>
    </p>
   </div>
   <div class='ocr_carea' id='block_1_77' title="bbox 232 4538 1825 4609">
    <p class='ocr_par' dir='ltr' id='par_1_77' title="bbox 232 4538 1825 4609">
     <span class='ocr_line' id='line_1_77' title="bbox 232 4538 1825 4609; baseline 0.002 -16"><span class='ocrx_word' id='word_1_550' title='bbox 232 4538 378 4593; x_wconf 91' lang='lat' dir='ltr'><strong>nodo</strong></span> <span class='ocrx_word' id='word_1_551' title='bbox 426 4538 518 4591; x_wconf 90' lang='lat' dir='ltr'><strong>tali</strong></span> <span class='ocrx_word' id='word_1_552' title='bbox 567 4538 671 4593; x_wconf 90' lang='lat' dir='ltr'><strong>hoc</strong></span> <span class='ocrx_word' id='word_1_553' title='bbox 715 4538 949 4608; x_wconf 89' lang='lat' dir='ltr'><strong>superbo</strong></span> <span class='ocrx_word' id='word_1_554' title='bbox 998 4538 1258 4593; x_wconf 90' lang='lat' dir='ltr'><strong>vocabulo</strong></span> <span class='ocrx_word' id='word_1_555' title='bbox 1300 4538 1546 4595; x_wconf 83' lang='lat' dir='ltr'><strong>faceret:</strong></span> <span class='ocrx_word' id='word_1_556' title='bbox 1581 4541 1825 4609; x_wconf 86' lang='lat' dir='ltr'><strong>quamvis</strong></span> 
     </span>
    </p>
   </div>
   <div class='ocr_carea' id='block_1_78' title="bbox 1936 3323 3529 3396">
    <p class='ocr_par' dir='ltr' id='par_1_78' title="bbox 1936 3323 3529 3396">
     <span class='ocr_line' id='line_1_78' title="bbox 1936 3323 3529 3396; baseline 0.003 -16"><span class='ocrx_word' id='word_1_557' title='bbox 1936 3326 2039 3380; x_wconf 91' lang='lat' dir='ltr'><strong>hac</strong></span> <span class='ocrx_word' id='word_1_558' title='bbox 2083 3325 2216 3380; x_wconf 92' lang='lat' dir='ltr'><strong>urbe</strong></span> <span class='ocrx_word' id='word_1_559' title='bbox 2262 3325 2405 3379; x_wconf 91' lang='lat' dir='ltr'><strong>inter</strong></span> <span class='ocrx_word' id='word_1_560' title='bbox 2465 3323 2941 3395; x_wconf 89' lang='lat' dir='ltr'><strong>Langobardorum</strong></span> <span class='ocrx_word' id='word_1_561' title='bbox 2990 3327 3198 3396; x_wconf 88' lang='lat' dir='ltr'><strong>gladios</strong></span> <span class='ocrx_word' id='word_1_562' title='bbox 3244 3328 3473 3386; x_wconf 91' lang='lat' dir='ltr'><strong>vivimus</strong></span> <span class='ocrx_word' id='word_1_563' title='bbox 3516 3347 3529 3384; x_wconf 91' lang='lat'>:</span> 
     </span>
    </p>
   </div>
   <div class='ocr_carea' id='block_1_79' title="bbox 1936 3415 3533 3488">
    <p class='ocr_par' dir='ltr' id='par_1_79' title="bbox 1936 3415 3533 3488">
     <span class='ocr_line' id='line_1_79' title="bbox 1936 3415 3533 3488; baseline 0.004 -17"><span class='ocrx_word' id='word_1_564' title='bbox 1936 3417 2131 3488; x_wconf 91' lang='lat' dir='ltr'><strong>quibus</strong></span> <span class='ocrx_word' id='word_1_565' title='bbox 2174 3431 2336 3488; x_wconf 91' lang='lat' dir='ltr'><strong>quam</strong></span> <span class='ocrx_word' id='word_1_566' title='bbox 2365 3416 2535 3472; x_wconf 90' lang='lat' dir='ltr'><strong>multa</strong></span> <span class='ocrx_word' id='word_1_567' title='bbox 2579 3416 2646 3471; x_wconf 91' lang='lat' dir='ltr'><strong>ab</strong></span> <span class='ocrx_word' id='word_1_568' title='bbox 2676 3415 2916 3473; x_wconf 89' lang='lat' dir='ltr'><strong>Ecclesia</strong></span> <span class='ocrx_word' id='word_1_569' title='bbox 2965 3419 3294 3488; x_wconf 90' lang='lat' dir='ltr'><strong>quotidianis</strong></span> <span class='ocrx_word' id='word_1_570' title='bbox 3346 3421 3533 3478; x_wconf 90' lang='lat' dir='ltr'><strong>diebus</strong></span> 
     </span>
    </p>
   </div>
   <div class='ocr_carea' id='block_1_80' title="bbox 1935 3508 3532 3581">
    <p class='ocr_par' dir='ltr' id='par_1_80' title="bbox 1935 3508 3532 3581">
     <span class='ocr_line' id='line_1_80' title="bbox 1935 3508 3532 3581; baseline 0.003 -16"><span class='ocrx_word' id='word_1_571' title='bbox 1935 3517 2244 3579; x_wconf 85' lang='lat' dir='ltr'><strong>erogantur,</strong></span> <span class='ocrx_word' id='word_1_572' title='bbox 2277 3516 2338 3563; x_wconf 91' lang='lat' dir='ltr'><strong>ut</strong></span> <span class='ocrx_word' id='word_1_573' title='bbox 2366 3508 2507 3564; x_wconf 89' lang='lat' dir='ltr'><strong>inter</strong></span> <span class='ocrx_word' id='word_1_574' title='bbox 2544 3522 2640 3563; x_wconf 89' lang='lat' dir='ltr'><strong>eos</strong></span> <span class='ocrx_word' id='word_1_575' title='bbox 2668 3509 2850 3564; x_wconf 89' lang='lat' dir='ltr'><strong>vivere</strong></span> <span class='ocrx_word' id='word_1_576' title='bbox 2878 3509 3168 3580; x_wconf 89' lang='lat' dir='ltr'><strong>possimus,</strong></span> <span class='ocrx_word' id='word_1_577' title='bbox 3198 3514 3532 3581; x_wconf 88' lang='lat' dir='ltr'><strong>suggerenda</strong></span> 
     </span>
    </p>
   </div>
   <div class='ocr_carea' id='block_1_81' title="bbox 1933 3600 3532 3670">
    <p class='ocr_par' dir='ltr' id='par_1_81' title="bbox 1933 3600 3532 3670">
     <span class='ocr_line' id='line_1_81' title="bbox 1933 3600 3532 3670; baseline 0.003 -12"><span class='ocrx_word' id='word_1_578' title='bbox 1933 3617 2043 3658; x_wconf 89' lang='lat' dir='ltr'><strong>non</strong></span> <span class='ocrx_word' id='word_1_579' title='bbox 2070 3611 2213 3657; x_wconf 90' lang='lat' dir='ltr'><strong>sunt.</strong></span> <span class='ocrx_word' id='word_1_580' title='bbox 2246 3600 2352 3656; x_wconf 91' lang='lat' dir='ltr'><strong>Sed</strong></span> <span class='ocrx_word' id='word_1_581' title='bbox 2378 3601 2615 3657; x_wconf 89' lang='lat' dir='ltr'><strong>breviter</strong></span> <span class='ocrx_word' id='word_1_582' title='bbox 2634 3601 2815 3657; x_wconf 91' lang='lat' dir='ltr'><strong>indico</strong></span> <span class='ocrx_word' id='word_1_583' title='bbox 2840 3602 2984 3670; x_wconf 88' lang='lat' dir='ltr'><strong>quia,</strong></span> <span class='ocrx_word' id='word_1_584' title='bbox 3008 3603 3149 3658; x_wconf 90' lang='lat' dir='ltr'><strong>sicut</strong></span> <span class='ocrx_word' id='word_1_585' title='bbox 3176 3604 3231 3658; x_wconf 91' lang='lat' dir='ltr'><strong>in</strong></span> <span class='ocrx_word' id='word_1_586' title='bbox 3258 3603 3532 3661; x_wconf 69' lang='lat' dir='ltr'><strong>Ravenna:</strong></span> 
     </span>
    </p>
   </div>
   <div class='ocr_carea' id='block_1_82' title="bbox 1933 3690 3531 3764">
    <p class='ocr_par' dir='ltr' id='par_1_82' title="bbox 1933 3690 3531 3764">
     <span class='ocr_line' id='line_1_82' title="bbox 1933 3690 3531 3764; baseline 0.003 -17"><span class='ocrx_word' id='word_1_587' title='bbox 1933 3694 2175 3764; x_wconf 90' lang='lat' dir='ltr'><strong>partibus</strong></span> <span class='ocrx_word' id='word_1_588' title='bbox 2206 3692 2552 3747; x_wconf 91' lang='lat' dir='ltr'><strong>Dominorum</strong></span> <span class='ocrx_word' id='word_1_589' title='bbox 2582 3690 2761 3747; x_wconf 89' lang='lat' dir='ltr'><strong>Pietas</strong></span> <span class='ocrx_word' id='word_1_590' title='bbox 2790 3692 2931 3762; x_wconf 88' lang='lat' dir='ltr'><strong>apud</strong></span> <span class='ocrx_word' id='word_1_591' title='bbox 2975 3694 3207 3762; x_wconf 87' lang='lat' dir='ltr'><strong>primum</strong></span> <span class='ocrx_word' id='word_1_592' title='bbox 3236 3697 3531 3752; x_wconf 88' lang='lat' dir='ltr'><strong>exercitum</strong></span> 
     </span>
    </p>
   </div>
   <div class='ocr_carea' id='block_1_83' title="bbox 1933 3782 3530 3853">
    <p class='ocr_par' dir='ltr' id='par_1_83' title="bbox 1933 3782 3530 3853">
     <span class='ocr_line' id='line_1_83' title="bbox 1933 3782 3530 3853; baseline 0.003 -15"><span class='ocrx_word' id='word_1_593' title='bbox 1933 3783 2099 3839; x_wconf 69' lang='lat' dir='ltr'><strong>Italia)</strong></span> <span class='ocrx_word' id='word_1_594' title='bbox 2126 3782 2495 3839; x_wconf 87' lang='lat' dir='ltr'><strong>saccellarium</strong></span> <span class='ocrx_word' id='word_1_595' title='bbox 2522 3782 2709 3850; x_wconf 88' lang='lat' dir='ltr'><strong>habet,</strong></span> <span class='ocrx_word' id='word_1_596' title='bbox 2741 3783 2852 3851; x_wconf 84' lang='lat' dir='ltr'><strong>qui,</strong></span> <span class='ocrx_word' id='word_1_597' title='bbox 2884 3782 3063 3841; x_wconf 90' lang='lat' dir='ltr'><strong>causis</strong></span> <span class='ocrx_word' id='word_1_598' title='bbox 3105 3786 3530 3853; x_wconf 86' lang='lat' dir='ltr'><strong>supervenienti-</strong></span> 
     </span>
    </p>
   </div>
   <div class='ocr_carea' id='block_1_84' title="bbox 1932 3872 3530 3941">
    <p class='ocr_par' dir='ltr' id='par_1_84' title="bbox 1932 3872 3530 3941">
     <span class='ocr_line' id='line_1_84' title="bbox 1932 3872 3530 3941; baseline 0.003 -12"><span class='ocrx_word' id='word_1_599' title='bbox 1932 3874 2065 3940; x_wconf 90' lang='lat' dir='ltr'><strong>bus,</strong></span> <span class='ocrx_word' id='word_1_600' title='bbox 2112 3872 2448 3941; x_wconf 88' lang='lat' dir='ltr'><strong>quotidianas</strong></span> <span class='ocrx_word' id='word_1_601' title='bbox 2478 3887 2746 3941; x_wconf 83' lang='lat' dir='ltr'><strong>expensas</strong></span> <span class='ocrx_word' id='word_1_602' title='bbox 2773 3872 2967 3938; x_wconf 78' lang='lat' dir='ltr'><strong>faclat;</strong></span> <span class='ocrx_word' id='word_1_603' title='bbox 3000 3873 3075 3927; x_wconf 90' lang='lat' dir='ltr'><strong>ita</strong></span> <span class='ocrx_word' id='word_1_604' title='bbox 3108 3880 3164 3927; x_wconf 92' lang='lat' dir='ltr'><strong>et</strong></span> <span class='ocrx_word' id='word_1_605' title='bbox 3186 3874 3241 3927; x_wconf 92' lang='lat' dir='ltr'><strong>in</strong></span> <span class='ocrx_word' id='word_1_606' title='bbox 3271 3874 3374 3931; x_wconf 90' lang='lat' dir='ltr'><strong>hac</strong></span> <span class='ocrx_word' id='word_1_607' title='bbox 3399 3878 3530 3933; x_wconf 88' lang='lat' dir='ltr'><strong>urbe</strong></span> 
     </span>
    </p>
   </div>
   <div class='ocr_carea' id='block_1_85' title="bbox 1933 3964 3529 4035">
    <p class='ocr_par' dir='ltr' id='par_1_85' title="bbox 1933 3964 3529 4035">
     <span class='ocr_line' id='line_1_85' title="bbox 1933 3964 3529 4035; baseline -0.001 -11"><span class='ocrx_word' id='word_1_608' title='bbox 1933 3968 1986 4023; x_wconf 89' lang='lat' dir='ltr'><strong>in</strong></span> <span class='ocrx_word' id='word_1_609' title='bbox 2018 3968 2194 4023; x_wconf 88' lang='lat' dir='ltr'><strong>causis</strong></span> <span class='ocrx_word' id='word_1_610' title='bbox 2224 3966 2418 4021; x_wconf 90' lang='lat' dir='ltr'><strong>talibus</strong></span> <span class='ocrx_word' id='word_1_611' title='bbox 2447 3980 2634 4021; x_wconf 88' lang='lat' dir='ltr'><strong>eorum</strong></span> <span class='ocrx_word' id='word_1_612' title='bbox 2661 3964 3002 4021; x_wconf 85' lang='lat' dir='ltr'><strong>saceellarius</strong></span> <span class='ocrx_word' id='word_1_613' title='bbox 3030 3979 3131 4035; x_wconf 87' lang='lat' dir='ltr'><strong>ego</strong></span> <span class='ocrx_word' id='word_1_614' title='bbox 3159 3981 3299 4021; x_wconf 90' lang='lat' dir='ltr'><strong>sum.</strong></span> <span class='ocrx_word' id='word_1_615' title='bbox 3349 3966 3417 4022; x_wconf 89' lang='lat' dir='ltr'><strong>Et</strong></span> <span class='ocrx_word' id='word_1_616' title='bbox 3446 3976 3529 4024; x_wconf 89' lang='lat' dir='ltr'><strong>ta-</strong></span> 
     </span>
    </p>
   </div>
   <div class='ocr_carea' id='block_1_86' title="bbox 1932 4057 3529 4131">
    <p class='ocr_par' dir='ltr' id='par_1_86' title="bbox 1932 4057 3529 4131">
     <span class='ocr_line' id='line_1_86' title="bbox 1932 4057 3529 4131; baseline 0 -13"><span class='ocrx_word' id='word_1_617' title='bbox 1932 4077 2055 4117; x_wconf 90' lang='lat' dir='ltr'><strong>men</strong></span> <span class='ocrx_word' id='word_1_618' title='bbox 2086 4062 2200 4116; x_wconf 85' lang='lat' dir='ltr'><strong>haec</strong></span> <span class='ocrx_word' id='word_1_619' title='bbox 2226 4059 2476 4131; x_wconf 88' lang='lat' dir='ltr'><strong>ecclesia,</strong></span> <span class='ocrx_word' id='word_1_620' title='bbox 2502 4074 2624 4129; x_wconf 88' lang='lat' dir='ltr'><strong>quae</strong></span> <span class='ocrx_word' id='word_1_621' title='bbox 2647 4074 2754 4114; x_wconf 94' lang='lat' dir='ltr'><strong>uno</strong></span> <span class='ocrx_word' id='word_1_622' title='bbox 2776 4057 3077 4126; x_wconf 89' lang='lat' dir='ltr'><strong>eodemque</strong></span> <span class='ocrx_word' id='word_1_623' title='bbox 3103 4067 3347 4131; x_wconf 90' lang='lat' dir='ltr'><strong>tempore</strong></span> <span class='ocrx_word' id='word_1_624' title='bbox 3370 4061 3529 4118; x_wconf 89' lang='lat' dir='ltr'><strong>cleri-</strong></span> 
     </span>
    </p>
   </div>
   <div class='ocr_carea' id='block_1_87' title="bbox 1933 4145 3529 4221">
    <p class='ocr_par' dir='ltr' id='par_1_87' title="bbox 1933 4145 3529 4221">
     <span class='ocr_line' id='line_1_87' title="bbox 1933 4145 3529 4221; baseline 0.001 -17"><span class='ocrx_word' id='word_1_625' title='bbox 1933 4150 2044 4214; x_wconf 88' lang='lat' dir='ltr'><strong>cis,</strong></span> <span class='ocrx_word' id='word_1_626' title='bbox 2076 4147 2413 4203; x_wconf 88' lang='lat' dir='ltr'><strong>monasteriis</strong></span> <span class='ocrx_word' id='word_1_627' title='bbox 2435 4188 2451 4215; x_wconf 90' lang='lat'><strong>,</strong></span> <span class='ocrx_word' id='word_1_628' title='bbox 2481 4146 2836 4217; x_wconf 88' lang='lat' dir='ltr'><strong>pauperibus,</strong></span> <span class='ocrx_word' id='word_1_629' title='bbox 2874 4145 3073 4216; x_wconf 90' lang='lat' dir='ltr'><strong>populo</strong></span> <span class='ocrx_word' id='word_1_630' title='bbox 3123 4154 3284 4215; x_wconf 88' lang='lat' dir='ltr'><strong>atque</strong></span> <span class='ocrx_word' id='word_1_631' title='bbox 3311 4148 3529 4221; x_wconf 88' lang='lat' dir='ltr'><strong>insuper</strong></span> 
     </span>
    </p>
   </div>
   <div class='ocr_carea' id='block_1_88' title="bbox 1931 4237 3528 4311">
    <p class='ocr_par' dir='ltr' id='par_1_88' title="bbox 1931 4237 3528 4311">
     <span class='ocr_line' id='line_1_88' title="bbox 1931 4237 3528 4311; baseline 0.001 -15"><span class='ocrx_word' id='word_1_632' title='bbox 1931 4240 2300 4311; x_wconf 88' lang='lat' dir='ltr'><strong>Langobardis</strong></span> <span class='ocrx_word' id='word_1_633' title='bbox 2324 4248 2435 4294; x_wconf 90' lang='lat' dir='ltr'><strong>tam</strong></span> <span class='ocrx_word' id='word_1_634' title='bbox 2475 4238 2641 4293; x_wconf 91' lang='lat' dir='ltr'><strong>multa</strong></span> <span class='ocrx_word' id='word_1_635' title='bbox 2671 4238 3040 4293; x_wconf 88' lang='lat' dir='ltr'><strong>indesinenter</strong></span> <span class='ocrx_word' id='word_1_636' title='bbox 3066 4237 3354 4309; x_wconf 70' lang='lat' dir='ltr'><strong>expendit,</strong></span> <span class='ocrx_word' id='word_1_637' title='bbox 3400 4255 3528 4298; x_wconf 88' lang='lat' dir='ltr'><strong>ecce</strong></span> 
     </span>
    </p>
   </div>
   <div class='ocr_carea' id='block_1_89' title="bbox 1930 4330 3526 4403">
    <p class='ocr_par' dir='ltr' id='par_1_89' title="bbox 1930 4330 3526 4403">
     <span class='ocr_line' id='line_1_89' title="bbox 1930 4330 3526 4403; baseline -0.001 -14"><span class='ocrx_word' id='word_1_638' title='bbox 1930 4335 2109 4391; x_wconf 88' lang='lat' dir='ltr'><strong>adhuc</strong></span> <span class='ocrx_word' id='word_1_639' title='bbox 2134 4348 2203 4390; x_wconf 91' lang='lat' dir='ltr'><strong>ex</strong></span> <span class='ocrx_word' id='word_1_640' title='bbox 2243 4333 2482 4389; x_wconf 91' lang='lat' dir='ltr'><strong>omnium</strong></span> <span class='ocrx_word' id='word_1_641' title='bbox 2521 4332 2873 4389; x_wconf 87' lang='lat' dir='ltr'><strong>ecclesiarum</strong></span> <span class='ocrx_word' id='word_1_642' title='bbox 2911 4330 3203 4387; x_wconf 82' lang='lat' dir='ltr'><strong>alllictioue</strong></span> <span class='ocrx_word' id='word_1_643' title='bbox 3242 4333 3526 4403; x_wconf 90' lang='lat' dir='ltr'><strong>premitur,</strong></span> 
     </span>
    </p>
   </div>
   <div class='ocr_carea' id='block_1_90' title="bbox 1931 4421 3525 4496">
    <p class='ocr_par' dir='ltr' id='par_1_90' title="bbox 1931 4421 3525 4496">
     <span class='ocr_line' id='line_1_90' title="bbox 1931 4421 3525 4496; baseline -0.001 -16"><span class='ocrx_word' id='word_1_644' title='bbox 1931 4426 2056 4496; x_wconf 92' lang='lat' dir='ltr'><strong>quia</strong></span> <span class='ocrx_word' id='word_1_645' title='bbox 2085 4425 2153 4479; x_wconf 88' lang='lat' dir='ltr'><strong>de</strong></span> <span class='ocrx_word' id='word_1_646' title='bbox 2179 4424 2336 4479; x_wconf 87' lang='lat' dir='ltr'><strong>unius</strong></span> <span class='ocrx_word' id='word_1_647' title='bbox 2378 4421 2612 4479; x_wconf 88' lang='lat' dir='ltr'><strong>hominis</strong></span> <span class='ocrx_word' id='word_1_648' title='bbox 2653 4422 2906 4492; x_wconf 91' lang='lat' dir='ltr'><strong>superbia</strong></span> <span class='ocrx_word' id='word_1_649' title='bbox 2949 4421 3102 4476; x_wconf 90' lang='lat' dir='ltr'><strong>multi</strong></span> <span class='ocrx_word' id='word_1_650' title='bbox 3130 4431 3392 4491; x_wconf 84' lang='lat' dir='ltr'><strong>gemunt,</strong></span> <span class='ocrx_word' id='word_1_651' title='bbox 3421 4423 3525 4480; x_wconf 88' lang='lat' dir='ltr'><strong>etsi</strong></span> 
     </span>
    </p>
   </div>
   <div class='ocr_carea' id='block_1_91' title="bbox 1929 4512 2872 4587">
    <p class='ocr_par' dir='ltr' id='par_1_91' title="bbox 1929 4512 2872 4587">
     <span class='ocr_line' id='line_1_91' title="bbox 1929 4512 2872 4587; baseline -0.005 -14"><span class='ocrx_word' id='word_1_652' title='bbox 1929 4517 2110 4573; x_wconf 87' lang='lat' dir='ltr'><strong>dicere</strong></span> <span class='ocrx_word' id='word_1_653' title='bbox 2138 4516 2210 4571; x_wconf 88' lang='lat' dir='ltr'><strong>nil</strong></span> <span class='ocrx_word' id='word_1_654' title='bbox 2234 4523 2580 4587; x_wconf 62' lang='lat' dir='ltr'><strong>pratsumunt.</strong></span> <span class='ocrx_word' id='word_1_655' title='bbox 2616 4533 2635 4566; x_wconf 76' lang='grc' dir='ltr'><strong><em>ι</em></strong></span> <span class='ocrx_word' id='word_1_656' title='bbox 2682 4512 2872 4586; x_wconf 82' lang='lat' dir='ltr'><strong>(1bid.)</strong></span> 
     </span>
    </p>
   </div>
   <div class='ocr_carea' id='block_1_92' title="bbox 232 4625 3526 4704">
    <p class='ocr_par' dir='ltr' id='par_1_92' title="bbox 232 4625 3526 4704">
     <span class='ocr_line' id='line_1_92' title="bbox 232 4625 3526 4704; baseline 0 -14"><span class='ocrx_word' id='word_1_657' title='bbox 232 4642 428 4690; x_wconf 88' lang='lat' dir='ltr'><strong>cuneta</strong></span> <span class='ocrx_word' id='word_1_658' title='bbox 477 4633 617 4689; x_wconf 89' lang='lat' dir='ltr'><strong>illius</strong></span> <span class='ocrx_word' id='word_1_659' title='bbox 644 4633 864 4703; x_wconf 85' lang='lat' dir='ltr'><strong>synodi,</strong></span> <span class='ocrx_word' id='word_1_660' title='bbox 915 4633 1040 4689; x_wconf 87' lang='lat' dir='ltr'><strong>sede</strong></span> <span class='ocrx_word' id='word_1_661' title='bbox 1069 4634 1367 4704; x_wconf 88' lang='lat' dir='ltr'><strong>apostolica</strong></span> <span class='ocrx_word' id='word_1_662' title='bbox 1397 4637 1825 4703; x_wconf 79' lang='lat' dir='ltr'><strong>contradicente,</strong></span> <span class='ocrx_word' id='word_1_663' title='bbox 1855 4628 1909 4688; x_wconf 93' lang='lat' dir='ltr'><strong>D</strong></span> <span class='ocrx_word' id='word_1_664' title='bbox 2004 4631 2093 4686; x_wconf 80' lang='grc'><strong>55.</strong></span> <span class='ocrx_word' id='word_1_665' title='bbox 2136 4630 2468 4687; x_wconf 80' lang='lat' dir='ltr'><strong>Avarissimo</strong></span> <span class='ocrx_word' id='word_1_666' title='bbox 2514 4642 2731 4698; x_wconf 85' lang='lat' dir='ltr'><strong>quoque</strong></span> <span class='ocrx_word' id='word_1_667' title='bbox 2774 4628 3005 4699; x_wconf 84' lang='lat' dir='ltr'><strong>principi</strong></span> <span class='ocrx_word' id='word_1_668' title='bbox 3050 4625 3340 4697; x_wconf 74' lang='lat' dir='ltr'><strong>Gregorius</strong></span> <span class='ocrx_word' id='word_1_669' title='bbox 3389 4642 3526 4684; x_wconf 86' lang='lat' dir='ltr'><strong>voce</strong></span> 
     </span>
    </p>
   </div>
   <div class='ocr_carea' id='block_1_93' title="bbox 231 4723 1829 4792">
    <p class='ocr_par' dir='ltr' id='par_1_93' title="bbox 231 4723 1829 4792">
     <span class='ocr_line' id='line_1_93' title="bbox 231 4723 1829 4792; baseline 0.003 -14"><span class='ocrx_word' id='word_1_670' title='bbox 231 4724 407 4779; x_wconf 90' lang='lat' dir='ltr'><strong>soluta</strong></span> <span class='ocrx_word' id='word_1_671' title='bbox 436 4724 568 4789; x_wconf 90' lang='lat' dir='ltr'><strong>sint,</strong></span> <span class='ocrx_word' id='word_1_672' title='bbox 595 4724 748 4779; x_wconf 90' lang='lat' dir='ltr'><strong>triste</strong></span> <span class='ocrx_word' id='word_1_673' title='bbox 787 4724 917 4778; x_wconf 91' lang='lat' dir='ltr'><strong>mihi</strong></span> <span class='ocrx_word' id='word_1_674' title='bbox 947 4723 1147 4792; x_wconf 89' lang='lat' dir='ltr'><strong>aliquid</strong></span> <span class='ocrx_word' id='word_1_675' title='bbox 1173 4726 1549 4782; x_wconf 88' lang='lat' dir='ltr'><strong>serenissimus</strong></span> <span class='ocrx_word' id='word_1_676' title='bbox 1578 4726 1829 4783; x_wconf 91' lang='lat' dir='ltr'><strong>dominus</strong></span> 
     </span>
    </p>
   </div>
   <div class='ocr_carea' id='block_1_94' title="bbox 232 4815 1827 4888">
    <p class='ocr_par' dir='ltr' id='par_1_94' title="bbox 232 4815 1827 4888">
     <span class='ocr_line' id='line_1_94' title="bbox 232 4815 1827 4888; baseline 0.001 -16"><span class='ocrx_word' id='word_1_677' title='bbox 232 4816 426 4882; x_wconf 89' lang='lat' dir='ltr'><strong>innuit,</strong></span> <span class='ocrx_word' id='word_1_678' title='bbox 453 4815 595 4885; x_wconf 90' lang='lat' dir='ltr'><strong>quod</strong></span> <span class='ocrx_word' id='word_1_679' title='bbox 620 4831 729 4871; x_wconf 92' lang='lat' dir='ltr'><strong>non</strong></span> <span class='ocrx_word' id='word_1_680' title='bbox 760 4830 883 4871; x_wconf 91' lang='lat' dir='ltr'><strong>eum</strong></span> <span class='ocrx_word' id='word_1_681' title='bbox 913 4816 1175 4886; x_wconf 86' lang='lat' dir='ltr'><strong>corripuit</strong></span> <span class='ocrx_word' id='word_1_682' title='bbox 1207 4817 1298 4887; x_wconf 88' lang='lat' dir='ltr'><strong>qui</strong></span> <span class='ocrx_word' id='word_1_683' title='bbox 1320 4818 1584 4888; x_wconf 90' lang='lat' dir='ltr'><strong>superbit,</strong></span> <span class='ocrx_word' id='word_1_684' title='bbox 1616 4819 1710 4874; x_wconf 91' lang='lat' dir='ltr'><strong>sed</strong></span> <span class='ocrx_word' id='word_1_685' title='bbox 1739 4835 1827 4874; x_wconf 87' lang='lat' dir='ltr'><strong>me</strong></span> 
     </span>
    </p>
   </div>
   <div class='ocr_carea' id='block_1_95' title="bbox 231 4907 1830 4980">
    <p class='ocr_par' dir='ltr' id='par_1_95' title="bbox 231 4907 1830 4980">
     <span class='ocr_line' id='line_1_95' title="bbox 231 4907 1830 4980; baseline 0.003 -17"><span class='ocrx_word' id='word_1_686' title='bbox 231 4909 413 4978; x_wconf 85' lang='lat' dir='ltr'><strong>potius</strong></span> <span class='ocrx_word' id='word_1_687' title='bbox 437 4907 504 4961; x_wconf 82' lang='lat' dir='ltr'><strong>ab</strong></span> <span class='ocrx_word' id='word_1_688' title='bbox 532 4907 829 4963; x_wconf 91' lang='lat' dir='ltr'><strong>intentione</strong></span> <span class='ocrx_word' id='word_1_689' title='bbox 861 4922 981 4963; x_wconf 86' lang='lat' dir='ltr'><strong>mea</strong></span> <span class='ocrx_word' id='word_1_690' title='bbox 1011 4908 1279 4964; x_wconf 91' lang='lat' dir='ltr'><strong>declinare</strong></span> <span class='ocrx_word' id='word_1_691' title='bbox 1303 4910 1492 4978; x_wconf 87' lang='lat' dir='ltr'><strong>voluit,</strong></span> <span class='ocrx_word' id='word_1_692' title='bbox 1523 4911 1613 4980; x_wconf 90' lang='lat' dir='ltr'><strong>qui</strong></span> <span class='ocrx_word' id='word_1_693' title='bbox 1642 4912 1697 4966; x_wconf 92' lang='lat' dir='ltr'><strong>in</strong></span> <span class='ocrx_word' id='word_1_694' title='bbox 1727 4913 1830 4969; x_wconf 92' lang='lat' dir='ltr'><strong>hac</strong></span> 
     </span>
    </p>
   </div>
   <div class='ocr_carea' id='block_1_96' title="bbox 231 4998 1828 5068">
    <p class='ocr_par' dir='ltr' id='par_1_96' title="bbox 231 4998 1828 5068">
     <span class='ocr_line' id='line_1_96' title="bbox 231 4998 1828 5068; baseline 0.002 -11"><span class='ocrx_word' id='word_1_695' title='bbox 231 5015 395 5057; x_wconf 85' lang='lat' dir='ltr'><strong>causa</strong></span> <span class='ocrx_word' id='word_1_696' title='bbox 423 4998 833 5068; x_wconf 85' lang='lat' dir='ltr'><strong>Evangeliorum</strong></span> <span class='ocrx_word' id='word_1_697' title='bbox 863 5007 918 5054; x_wconf 91' lang='lat' dir='ltr'><strong>et</strong></span> <span class='ocrx_word' id='word_1_698' title='bbox 964 5014 1230 5055; x_wconf 89' lang='lat' dir='ltr'><strong>canonum</strong></span> <span class='ocrx_word' id='word_1_699' title='bbox 1264 5010 1464 5057; x_wconf 90' lang='lat' dir='ltr'><strong>statuta</strong></span> <span class='ocrx_word' id='word_1_700' title='bbox 1506 5003 1828 5062; x_wconf 88' lang='lat' dir='ltr'><strong>humilitatis</strong></span> 
     </span>
    </p>
   </div>
   <div class='ocr_carea' id='block_1_97' title="bbox 230 5090 1822 5160">
    <p class='ocr_par' dir='ltr' id='par_1_97' title="bbox 230 5090 1822 5160">
     <span class='ocr_line' id='line_1_97' title="bbox 230 5090 1822 5160; baseline 0.004 -16"><span class='ocrx_word' id='word_1_701' title='bbox 230 5101 393 5159; x_wconf 83' lang='lat' dir='ltr'><strong>atque</strong></span> <span class='ocrx_word' id='word_1_702' title='bbox 438 5091 772 5147; x_wconf 88' lang='lat' dir='ltr'><strong>rectitudinis</strong></span> <span class='ocrx_word' id='word_1_703' title='bbox 817 5090 1047 5146; x_wconf 86' lang='lat' dir='ltr'><strong>defendo</strong></span> <span class='ocrx_word' id='word_1_704' title='bbox 1089 5092 1392 5147; x_wconf 89' lang='lat' dir='ltr'><strong>veritatem.</strong></span> <span class='ocrx_word' id='word_1_705' title='bbox 1436 5093 1549 5160; x_wconf 90' lang='lat' dir='ltr'><strong>Qua</strong></span> <span class='ocrx_word' id='word_1_706' title='bbox 1597 5095 1653 5149; x_wconf 91' lang='lat' dir='ltr'><strong>in</strong></span> <span class='ocrx_word' id='word_1_707' title='bbox 1687 5112 1748 5150; x_wconf 92' lang='lat' dir='ltr'><strong>re</strong></span> <span class='ocrx_word' id='word_1_708' title='bbox 1792 5112 1822 5151; x_wconf 89' lang='lat' dir='ltr'><strong>a</strong></span> 
     </span>
    </p>
   </div>
   <div class='ocr_carea' id='block_1_98' title="bbox 229 5182 1824 5254">
    <p class='ocr_par' dir='ltr' id='par_1_98' title="bbox 229 5182 1824 5254">
     <span class='ocr_line' id='line_1_98' title="bbox 229 5182 1824 5254; baseline 0.004 -16"><span class='ocrx_word' id='word_1_709' title='bbox 229 5183 488 5254; x_wconf 83' lang='lat' dir='ltr'><strong>praedicto</strong></span> <span class='ocrx_word' id='word_1_710' title='bbox 514 5182 678 5238; x_wconf 77' lang='lat' dir='ltr'><strong>fratre</strong></span> <span class='ocrx_word' id='word_1_711' title='bbox 728 5194 780 5239; x_wconf 86' lang='lat' dir='ltr'><strong>et</strong></span> <span class='ocrx_word' id='word_1_712' title='bbox 820 5184 1207 5241; x_wconf 89' lang='lat' dir='ltr'><strong>consacerdote</strong></span> <span class='ocrx_word' id='word_1_713' title='bbox 1252 5199 1374 5240; x_wconf 90' lang='lat' dir='ltr'><strong>meo</strong></span> <span class='ocrx_word' id='word_1_714' title='bbox 1413 5195 1601 5241; x_wconf 91' lang='lat' dir='ltr'><strong>contra</strong></span> <span class='ocrx_word' id='word_1_715' title='bbox 1646 5188 1824 5244; x_wconf 90' lang='lat' dir='ltr'><strong>Evan-</strong></span> 
     </span>
    </p>
   </div>
   <div class='ocr_carea' id='block_1_99' title="bbox 228 5275 1824 5345">
    <p class='ocr_par' dir='ltr' id='par_1_99' title="bbox 228 5275 1824 5345">
     <span class='ocr_line' id='line_1_99' title="bbox 228 5275 1824 5345; baseline 0.004 -16"><span class='ocrx_word' id='word_1_716' title='bbox 228 5275 459 5343; x_wconf 82' lang='lat' dir='ltr'><strong>gelicain</strong></span> <span class='ocrx_word' id='word_1_717' title='bbox 488 5276 830 5341; x_wconf 85' lang='lat' dir='ltr'><strong>sententiam,</strong></span> <span class='ocrx_word' id='word_1_718' title='bbox 864 5285 1052 5332; x_wconf 89' lang='lat' dir='ltr'><strong>contra</strong></span> <span class='ocrx_word' id='word_1_719' title='bbox 1096 5275 1317 5331; x_wconf 87' lang='lat' dir='ltr'><strong>beatum</strong></span> <span class='ocrx_word' id='word_1_720' title='bbox 1363 5291 1580 5345; x_wconf 88' lang='lat' dir='ltr'><strong>quoque</strong></span> <span class='ocrx_word' id='word_1_721' title='bbox 1608 5278 1824 5336; x_wconf 87' lang='lat' dir='ltr'><strong>Petrum</strong></span> 
     </span>
    </p>
   </div>
   <div class='ocr_carea' id='block_1_100' title="bbox 230 5365 1824 5440">
    <p class='ocr_par' dir='ltr' id='par_1_100' title="bbox 230 5365 1824 5440">
     <span class='ocr_line' id='line_1_100' title="bbox 230 5365 1824 5440; baseline 0.006 -22"><span class='ocrx_word' id='word_1_722' title='bbox 230 5365 558 5434; x_wconf 88' lang='lat' dir='ltr'><strong>apostolum,</strong></span> <span class='ocrx_word' id='word_1_723' title='bbox 588 5376 644 5421; x_wconf 91' lang='lat' dir='ltr'><strong>et</strong></span> <span class='ocrx_word' id='word_1_724' title='bbox 688 5374 878 5423; x_wconf 87' lang='lat' dir='ltr'><strong>contra</strong></span> <span class='ocrx_word' id='word_1_725' title='bbox 924 5382 1113 5423; x_wconf 89' lang='lat' dir='ltr'><strong>omnes</strong></span> <span class='ocrx_word' id='word_1_726' title='bbox 1141 5367 1402 5424; x_wconf 88' lang='lat' dir='ltr'><strong>ecclesias</strong></span> <span class='ocrx_word' id='word_1_727' title='bbox 1447 5382 1824 5440; x_wconf 86' lang='lat' dir='ltr'><strong>canonumque</strong></span> 
     </span>
    </p>
   </div>
   <div class='ocr_carea' id='block_1_101' title="bbox 228 5460 1825 5533">
    <p class='ocr_par' dir='ltr' id='par_1_101' title="bbox 228 5460 1825 5533">
     <span class='ocr_line' id='line_1_101' title="bbox 228 5460 1825 5533; baseline 0.003 -18"><span class='ocrx_word' id='word_1_728' title='bbox 228 5467 432 5516; x_wconf 85' lang='lat' dir='ltr'><strong>statuta</strong></span> <span class='ocrx_word' id='word_1_729' title='bbox 475 5462 671 5531; x_wconf 84' lang='lat' dir='ltr'><strong>agitur.</strong></span> <span class='ocrx_word' id='word_1_730' title='bbox 715 5460 822 5517; x_wconf 83' lang='lat' dir='ltr'><strong>Sed</strong></span> <span class='ocrx_word' id='word_1_731' title='bbox 868 5470 951 5518; x_wconf 91' lang='lat' dir='ltr'><strong>est</strong></span> <span class='ocrx_word' id='word_1_732' title='bbox 996 5462 1337 5533; x_wconf 83' lang='lat' dir='ltr'><strong>omnipotens</strong></span> <span class='ocrx_word' id='word_1_733' title='bbox 1378 5461 1547 5527; x_wconf 91' lang='lat' dir='ltr'><strong>Deus,</strong></span> <span class='ocrx_word' id='word_1_734' title='bbox 1588 5462 1640 5516; x_wconf 89' lang='lat' dir='ltr'><strong>in</strong></span> <span class='ocrx_word' id='word_1_735' title='bbox 1673 5462 1825 5532; x_wconf 89' lang='lat' dir='ltr'><strong>cujus</strong></span> 
     </span>
    </p>
   </div>
   <div class='ocr_carea' id='block_1_102' title="bbox 227 5552 1830 5625">
    <p class='ocr_par' dir='ltr' id='par_1_102' title="bbox 227 5552 1830 5625">
     <span class='ocr_line' id='line_1_102' title="bbox 227 5552 1830 5625; baseline -0.001 -15"><span class='ocrx_word' id='word_1_736' title='bbox 227 5568 396 5610; x_wconf 86' lang='lat' dir='ltr'><strong>manu</strong></span> <span class='ocrx_word' id='word_1_737' title='bbox 421 5563 548 5610; x_wconf 85' lang='lat' dir='ltr'><strong>sunt</strong></span> <span class='ocrx_word' id='word_1_738' title='bbox 600 5555 808 5619; x_wconf 90' lang='lat' dir='ltr'><strong>omnia,</strong></span> <span class='ocrx_word' id='word_1_739' title='bbox 860 5554 927 5610; x_wconf 91' lang='lat' dir='ltr'><strong>de</strong></span> <span class='ocrx_word' id='word_1_740' title='bbox 976 5571 1084 5625; x_wconf 90' lang='lat' dir='ltr'><strong>quo</strong></span> <span class='ocrx_word' id='word_1_741' title='bbox 1130 5555 1389 5625; x_wconf 89' lang='lat' dir='ltr'><strong>scriptum</strong></span> <span class='ocrx_word' id='word_1_742' title='bbox 1434 5562 1560 5609; x_wconf 90' lang='lat' dir='ltr'><strong>est:</strong></span> <span class='ocrx_word' id='word_1_743' title='bbox 1592 5552 1716 5608; x_wconf 85' lang='lat' dir='ltr'><strong>Non</strong></span> <span class='ocrx_word' id='word_1_744' title='bbox 1754 5565 1830 5609; x_wconf 83' lang='lat' dir='ltr'><strong>est</strong></span> 
     </span>
    </p>
   </div>
   <div class='ocr_carea' id='block_1_103' title="bbox 227 5646 1827 5719">
    <p class='ocr_par' dir='ltr' id='par_1_103' title="bbox 227 5646 1827 5719">
     <span class='ocr_line' id='line_1_103' title="bbox 227 5646 1827 5719; baseline -0.002 -15"><span class='ocrx_word' id='word_1_745' title='bbox 227 5648 487 5719; x_wconf 72' lang='lat' dir='ltr'><strong>sapientia</strong></span> <span class='ocrx_word' id='word_1_746' title='bbox 506 5687 522 5714; x_wconf 94' lang='lat'><strong>,</strong></span> <span class='ocrx_word' id='word_1_747' title='bbox 552 5664 656 5703; x_wconf 88' lang='lat' dir='ltr'><strong>non</strong></span> <span class='ocrx_word' id='word_1_748' title='bbox 680 5656 755 5703; x_wconf 80' lang='lat' dir='ltr'><strong>est</strong></span> <span class='ocrx_word' id='word_1_749' title='bbox 783 5647 1213 5719; x_wconf 83' lang='lat' dir='ltr'><strong>prudentia,.non</strong></span> <span class='ocrx_word' id='word_1_750' title='bbox 1244 5654 1320 5702; x_wconf 91' lang='lat' dir='ltr'><strong>est</strong></span> <span class='ocrx_word' id='word_1_751' title='bbox 1348 5646 1618 5703; x_wconf 81' lang='lat' dir='ltr'><strong>consilium</strong></span> <span class='ocrx_word' id='word_1_752' title='bbox 1647 5656 1827 5701; x_wconf 85' lang='lat' dir='ltr'><strong>contra</strong></span> 
     </span>
    </p>
   </div>
   <div class='ocr_carea' id='block_1_104' title="bbox 304 5804 1825 5879">
    <p class='ocr_par' dir='ltr' id='par_1_104' title="bbox 304 5804 1825 5879">
     <span class='ocr_line' id='line_1_104' title="bbox 304 5804 1825 5879; baseline -0.003 -16"><span class='ocrx_word' id='word_1_753' title='bbox 304 5817 334 5845; x_wconf 76' lang='grc' dir='ltr'><strong>ιι</strong></span> <span class='ocrx_word' id='word_1_754' title='bbox 363 5808 614 5879; x_wconf 79' lang='lat' dir='ltr'><strong>Habitam</strong></span> <span class='ocrx_word' id='word_1_755' title='bbox 643 5809 783 5864; x_wconf 85' lang='lat' dir='ltr'><strong>hanc</strong></span> <span class='ocrx_word' id='word_1_756' title='bbox 809 5807 1070 5879; x_wconf 85' lang='lat' dir='ltr'><strong>synodum</strong></span> <span class='ocrx_word' id='word_1_757' title='bbox 1110 5821 1196 5879; x_wconf 87' lang='lat' dir='ltr'><strong>an.</strong></span> <span class='ocrx_word' id='word_1_758' title='bbox 1242 5805 1374 5879; x_wconf 68' lang='lat'><strong>587_</strong></span> <span class='ocrx_word' id='word_1_759' title='bbox 1398 5804 1714 5879; x_wconf 82' lang='lat' dir='ltr'><strong>conjicimus</strong></span> <span class='ocrx_word' id='word_1_760' title='bbox 1756 5819 1825 5879; x_wconf 62' lang='lat' dir='ltr'><strong>ex</strong></span> 
     </span>
    </p>
   </div>
   <div class='ocr_carea' id='block_1_105' title="bbox 230 5874 1825 5944">
    <p class='ocr_par' dir='ltr' id='par_1_105' title="bbox 230 5874 1825 5944">
     <span class='ocr_line' id='line_1_105' title="bbox 230 5874 1825 5944; baseline -0.006 -6"><span class='ocrx_word' id='word_1_761' title='bbox 230 5891 325 5938; x_wconf 81' lang='lat' dir='ltr'><strong>eo.</strong></span> <span class='ocrx_word' id='word_1_762' title='bbox 356 5878 427 5933; x_wconf 72' lang='grc'>43</span> <span class='ocrx_word' id='word_1_763' title='bbox 452 5880 573 5937; x_wconf 81' lang='lat' dir='ltr'><strong>libri</strong></span> <span class='ocrx_word' id='word_1_764' title='bbox 598 5896 651 5944; x_wconf 84' lang='lat' dir='ltr'><strong>v,</strong></span> <span class='ocrx_word' id='word_1_765' title='bbox 710 5874 898 5938; x_wconf 81' lang='lat' dir='ltr'><strong>indict.</strong></span> <span class='ocrx_word' id='word_1_766' title='bbox 934 5880 1019 5940; x_wconf 77' lang='grc'><strong>15,</strong></span> <span class='ocrx_word' id='word_1_767' title='bbox 1066 5878 1156 5933; x_wconf 87' lang='lat' dir='ltr'><strong>ubi</strong></span> <span class='ocrx_word' id='word_1_768' title='bbox 1187 5892 1216 5931; x_wconf 94' lang='lat' dir='ltr'><strong>a</strong></span> <span class='ocrx_word' id='word_1_769' title='bbox 1245 5876 1607 5932; x_wconf 88' lang='lat' dir='ltr'><strong>celebratione</strong></span> <span class='ocrx_word' id='word_1_770' title='bbox 1634 5874 1825 5933; x_wconf 85' lang='lat' dir='ltr'><strong>svnodi</strong></span> 
     </span>
    </p>
   </div>
   <div class='ocr_carea' id='block_1_106' title="bbox 1931 4718 3525 4793">
    <p class='ocr_par' dir='ltr' id='par_1_106' title="bbox 1931 4718 3525 4793">
     <span class='ocr_line' id='line_1_106' title="bbox 1931 4718 3525 4793; baseline -0.003 -14"><span class='ocrx_word' id='word_1_771' title='bbox 1931 4724 2102 4781; x_wconf 89' lang='lat' dir='ltr'><strong>libera</strong></span> <span class='ocrx_word' id='word_1_772' title='bbox 2133 4722 2475 4789; x_wconf 89' lang='lat' dir='ltr'><strong>contradicit,</strong></span> <span class='ocrx_word' id='word_1_773' title='bbox 2504 4730 2627 4793; x_wconf 90' lang='lat' dir='ltr'><strong>post</strong></span> <span class='ocrx_word' id='word_1_774' title='bbox 2654 4722 2833 4792; x_wconf 88' lang='lat' dir='ltr'><strong>aliqua</strong></span> <span class='ocrx_word' id='word_1_775' title='bbox 2862 4721 3106 4778; x_wconf 87' lang='lat' dir='ltr'><strong>scribens</strong></span> <span class='ocrx_word' id='word_1_776' title='bbox 3136 4737 3150 4772; x_wconf 89' lang='lat'><strong>:</strong></span> <span class='ocrx_word' id='word_1_777' title='bbox 3189 4737 3209 4771; x_wconf 84' lang='grc'><strong>‹</strong></span> <span class='ocrx_word' id='word_1_778' title='bbox 3243 4718 3386 4775; x_wconf 88' lang='lat' dir='ltr'><strong>Ecce</strong></span> <span class='ocrx_word' id='word_1_779' title='bbox 3411 4720 3525 4776; x_wconf 89' lang='lat' dir='ltr'><strong>cla-</strong></span> 
     </span>
    </p>
   </div>
   <div class='ocr_carea' id='block_1_107' title="bbox 1931 4809 3526 4886">
    <p class='ocr_par' dir='ltr' id='par_1_107' title="bbox 1931 4809 3526 4886">
     <span class='ocr_line' id='line_1_107' title="bbox 1931 4809 3526 4886; baseline -0.003 -14"><span class='ocrx_word' id='word_1_780' title='bbox 1931 4831 2025 4872; x_wconf 91' lang='lat' dir='ltr'><strong>ves</strong></span> <span class='ocrx_word' id='word_1_781' title='bbox 2053 4817 2202 4886; x_wconf 90' lang='lat' dir='ltr'><strong>regni</strong></span> <span class='ocrx_word' id='word_1_782' title='bbox 2231 4815 2468 4872; x_wconf 84' lang='lat' dir='ltr'><strong>coelestis</strong></span> <span class='ocrx_word' id='word_1_783' title='bbox 2498 4814 2641 4869; x_wconf 85' lang='lat' dir='ltr'><strong>haud</strong></span> <span class='ocrx_word' id='word_1_784' title='bbox 2669 4813 2890 4869; x_wconf 88' lang='lat' dir='ltr'><strong>dubium</strong></span> <span class='ocrx_word' id='word_1_785' title='bbox 2914 4820 2997 4867; x_wconf 87' lang='lat' dir='ltr'><strong>est</strong></span> <span class='ocrx_word' id='word_1_786' title='bbox 3037 4809 3167 4880; x_wconf 90' lang='lat' dir='ltr'><strong>quin</strong></span> <span class='ocrx_word' id='word_1_787' title='bbox 3210 4809 3402 4867; x_wconf 88' lang='lat' dir='ltr'><strong>Petrus</strong></span> <span class='ocrx_word' id='word_1_788' title='bbox 3430 4826 3526 4867; x_wconf 87' lang='lat' dir='ltr'><strong>ao-</strong></span> 
     </span>
    </p>
   </div>
   <div class='ocr_carea' id='block_1_108' title="bbox 1932 4903 3522 4979">
    <p class='ocr_par' dir='ltr' id='par_1_108' title="bbox 1932 4903 3522 4979">
     <span class='ocr_line' id='line_1_108' title="bbox 1932 4903 3522 4979; baseline -0.003 -15"><span class='ocrx_word' id='word_1_789' title='bbox 1932 4910 2109 4979; x_wconf 89' lang='lat' dir='ltr'><strong>cepit,</strong></span> <span class='ocrx_word' id='word_1_790' title='bbox 2158 4916 2399 4979; x_wconf 88' lang='lat' dir='ltr'><strong>potestas</strong></span> <span class='ocrx_word' id='word_1_791' title='bbox 2436 4907 2486 4963; x_wconf 91' lang='lat' dir='ltr'><strong>ei</strong></span> <span class='ocrx_word' id='word_1_792' title='bbox 2532 4905 2730 4975; x_wconf 87' lang='lat' dir='ltr'><strong>ligandi</strong></span> <span class='ocrx_word' id='word_1_793' title='bbox 2758 4912 2922 4973; x_wconf 91' lang='lat' dir='ltr'><strong>atque</strong></span> <span class='ocrx_word' id='word_1_794' title='bbox 2963 4903 3205 4959; x_wconf 90' lang='lat' dir='ltr'><strong>solvendi</strong></span> <span class='ocrx_word' id='word_1_795' title='bbox 3250 4904 3522 4971; x_wconf 89' lang='lat' dir='ltr'><strong>tribuitur,</strong></span> 
     </span>
    </p>
   </div>
   <div class='ocr_carea' id='block_1_109' title="bbox 1929 4992 3524 5064">
    <p class='ocr_par' dir='ltr' id='par_1_109' title="bbox 1929 4992 3524 5064">
     <span class='ocr_line' id='line_1_109' title="bbox 1929 4992 3524 5064; baseline -0.003 -8"><span class='ocrx_word' id='word_1_796' title='bbox 1929 4992 2057 5056; x_wconf 84' lang='lat' dir='ltr'><strong>cura</strong></span> <span class='ocrx_word' id='word_1_797' title='bbox 2084 5001 2133 5055; x_wconf 94' lang='lat' dir='ltr'><strong>ei</strong></span> <span class='ocrx_word' id='word_1_798' title='bbox 2164 5000 2327 5054; x_wconf 88' lang='lat' dir='ltr'><strong>totius</strong></span> <span class='ocrx_word' id='word_1_799' title='bbox 2354 4995 2603 5053; x_wconf 64' lang='lat' dir='ltr'><strong>Ecclesiae</strong></span> <span class='ocrx_word' id='word_1_800' title='bbox 2630 5001 2685 5051; x_wconf 93' lang='lat' dir='ltr'><strong>et</strong></span> <span class='ocrx_word' id='word_1_801' title='bbox 2713 4995 3045 5064; x_wconf 87' lang='lat' dir='ltr'><strong>principatus</strong></span> <span class='ocrx_word' id='word_1_802' title='bbox 3065 4995 3441 5064; x_wconf 81' lang='lat' dir='ltr'><strong>committitur,</strong></span> <span class='ocrx_word' id='word_1_803' title='bbox 3471 5004 3524 5052; x_wconf 84' lang='lat' dir='ltr'><strong>et</strong></span> 
     </span>
    </p>
   </div>
   <div class='ocr_carea' id='block_1_110' title="bbox 1931 5084 3524 5155">
    <p class='ocr_par' dir='ltr' id='par_1_110' title="bbox 1931 5084 3524 5155">
     <span class='ocr_line' id='line_1_110' title="bbox 1931 5084 3524 5155; baseline -0.002 -11"><span class='ocrx_word' id='word_1_804' title='bbox 1931 5097 2112 5144; x_wconf 89' lang='lat' dir='ltr'><strong>tamen</strong></span> <span class='ocrx_word' id='word_1_805' title='bbox 2142 5085 2458 5143; x_wconf 88' lang='lat' dir='ltr'><strong>universalis</strong></span> <span class='ocrx_word' id='word_1_806' title='bbox 2485 5084 2759 5154; x_wconf 90' lang='lat' dir='ltr'><strong>apostolus</strong></span> <span class='ocrx_word' id='word_1_807' title='bbox 2786 5100 2896 5140; x_wconf 93' lang='lat' dir='ltr'><strong>non</strong></span> <span class='ocrx_word' id='word_1_808' title='bbox 2922 5093 3185 5155; x_wconf 90' lang='lat' dir='ltr'><strong>vocatur;</strong></span> <span class='ocrx_word' id='word_1_809' title='bbox 3211 5094 3269 5143; x_wconf 91' lang='lat' dir='ltr'><strong>et</strong></span> <span class='ocrx_word' id='word_1_810' title='bbox 3294 5085 3378 5142; x_wconf 89' lang='lat' dir='ltr'><strong>vir</strong></span> <span class='ocrx_word' id='word_1_811' title='bbox 3401 5101 3524 5141; x_wconf 90' lang='lat' dir='ltr'><strong>san-</strong></span> 
     </span>
    </p>
   </div>
   <div class='ocr_carea' id='block_1_111' title="bbox 1931 5175 3523 5236">
    <p class='ocr_par' dir='ltr' id='par_1_111' title="bbox 1931 5175 3523 5236">
     <span class='ocr_line' id='line_1_111' title="bbox 1931 5175 3523 5236; baseline -0.001 -1"><span class='ocrx_word' id='word_1_812' title='bbox 1931 5180 2200 5235; x_wconf 89' lang='lat' dir='ltr'><strong>ctissimus</strong></span> <span class='ocrx_word' id='word_1_813' title='bbox 2223 5176 2582 5233; x_wconf 90' lang='lat' dir='ltr'><strong>consacerdos</strong></span> <span class='ocrx_word' id='word_1_814' title='bbox 2610 5191 2761 5233; x_wconf 91' lang='lat' dir='ltr'><strong>meus</strong></span> <span class='ocrx_word' id='word_1_815' title='bbox 2805 5175 3041 5233; x_wconf 84' lang='lat' dir='ltr'><strong>Joannes</strong></span> <span class='ocrx_word' id='word_1_816' title='bbox 3086 5179 3271 5236; x_wconf 89' lang='lat' dir='ltr'><strong>vocari</strong></span> <span class='ocrx_word' id='word_1_817' title='bbox 3308 5178 3523 5235; x_wconf 81' lang='lat' dir='ltr'><strong>univer-</strong></span> 
     </span>
    </p>
   </div>
   <div class='ocr_carea' id='block_1_112' title="bbox 1932 5267 3522 5342">
    <p class='ocr_par' dir='ltr' id='par_1_112' title="bbox 1932 5267 3522 5342">
     <span class='ocr_line' id='line_1_112' title="bbox 1932 5267 3522 5342; baseline -0.001 -17"><span class='ocrx_word' id='word_1_818' title='bbox 1932 5271 2060 5327; x_wconf 90' lang='lat' dir='ltr'><strong>salis</strong></span> <span class='ocrx_word' id='word_1_819' title='bbox 2107 5270 2394 5338; x_wconf 85' lang='lat' dir='ltr'><strong>episcopus</strong></span> <span class='ocrx_word' id='word_1_820' title='bbox 2438 5276 2684 5323; x_wconf 88' lang='lat' dir='ltr'><strong>conatur.</strong></span> <span class='ocrx_word' id='word_1_821' title='bbox 2738 5267 3056 5324; x_wconf 83' lang='lat' dir='ltr'><strong>Exclamare</strong></span> <span class='ocrx_word' id='word_1_822' title='bbox 3102 5269 3430 5342; x_wconf 90' lang='lat' dir='ltr'><strong>compellor,</strong></span> <span class='ocrx_word' id='word_1_823' title='bbox 3459 5283 3522 5323; x_wconf 86' lang='lat' dir='ltr'><strong>ac</strong></span> 
     </span>
    </p>
   </div>
   <div class='ocr_carea' id='block_1_113' title="bbox 1932 5358 3522 5431">
    <p class='ocr_par' dir='ltr' id='par_1_113' title="bbox 1932 5358 3522 5431">
     <span class='ocr_line' id='line_1_113' title="bbox 1932 5358 3522 5431; baseline -0.001 -13"><span class='ocrx_word' id='word_1_824' title='bbox 1932 5363 2111 5418; x_wconf 89' lang='lat' dir='ltr'><strong>dicere</strong></span> <span class='ocrx_word' id='word_1_825' title='bbox 2143 5379 2156 5414; x_wconf 89' lang='lat'><strong>:</strong></span> <span class='ocrx_word' id='word_1_826' title='bbox 2185 5360 2228 5415; x_wconf 94' lang='grc' dir='ltr'><strong>Ο</strong></span> <span class='ocrx_word' id='word_1_827' title='bbox 2256 5369 2522 5431; x_wconf 89' lang='lat' dir='ltr'><strong>tempora,</strong></span> <span class='ocrx_word' id='word_1_828' title='bbox 2553 5376 2587 5416; x_wconf 91' lang='grc' dir='ltr'><strong>ο</strong></span> <span class='ocrx_word' id='word_1_829' title='bbox 2614 5375 2812 5416; x_wconf 90' lang='lat' dir='ltr'><strong>mores.</strong></span> <span class='ocrx_word' id='word_1_830' title='bbox 2841 5358 2978 5417; x_wconf 88' lang='lat' dir='ltr'><strong>Ecce</strong></span> <span class='ocrx_word' id='word_1_831' title='bbox 3001 5368 3192 5417; x_wconf 89' lang='lat' dir='ltr'><strong>cuncta</strong></span> <span class='ocrx_word' id='word_1_832' title='bbox 3220 5362 3274 5415; x_wconf 92' lang='lat' dir='ltr'><strong>in</strong></span> <span class='ocrx_word' id='word_1_833' title='bbox 3294 5360 3522 5431; x_wconf 67' lang='lat' dir='ltr'><strong>Europa</strong></span> 
     </span>
    </p>
   </div>
   <div class='ocr_carea' id='block_1_114' title="bbox 1933 5450 3522 5526">
    <p class='ocr_par' dir='ltr' id='par_1_114' title="bbox 1933 5450 3522 5526">
     <span class='ocr_line' id='line_1_114' title="bbox 1933 5450 3522 5526; baseline -0.003 -17"><span class='ocrx_word' id='word_1_834' title='bbox 1933 5454 2175 5526; x_wconf 87' lang='lat' dir='ltr'><strong>partibus</strong></span> <span class='ocrx_word' id='word_1_835' title='bbox 2217 5453 2569 5510; x_wconf 90' lang='lat' dir='ltr'><strong>barbarorum</strong></span> <span class='ocrx_word' id='word_1_836' title='bbox 2610 5451 2717 5520; x_wconf 89' lang='lat' dir='ltr'><strong>juri</strong></span> <span class='ocrx_word' id='word_1_837' title='bbox 2754 5459 2882 5508; x_wconf 88' lang='lat' dir='ltr'><strong>sunt</strong></span> <span class='ocrx_word' id='word_1_838' title='bbox 2927 5451 3121 5507; x_wconf 88' lang='lat' dir='ltr'><strong>tradita</strong></span> <span class='ocrx_word' id='word_1_839' title='bbox 3173 5468 3187 5505; x_wconf 91' lang='lat'><strong>:</strong></span> <span class='ocrx_word' id='word_1_840' title='bbox 3238 5450 3522 5506; x_wconf 76' lang='lat' dir='ltr'><strong>destructa:</strong></span> 
     </span>
    </p>
   </div>
   <div class='ocr_carea' id='block_1_115' title="bbox 1933 5540 3520 5613">
    <p class='ocr_par' dir='ltr' id='par_1_115' title="bbox 1933 5540 3520 5613">
     <span class='ocr_line' id='line_1_115' title="bbox 1933 5540 3520 5613; baseline -0.005 -10"><span class='ocrx_word' id='word_1_841' title='bbox 1933 5547 2124 5611; x_wconf 90' lang='lat' dir='ltr'><strong>urbes,</strong></span> <span class='ocrx_word' id='word_1_842' title='bbox 2158 5560 2345 5601; x_wconf 89' lang='lat' dir='ltr'><strong>eversa</strong></span> <span class='ocrx_word' id='word_1_843' title='bbox 2376 5554 2582 5609; x_wconf 90' lang='lat' dir='ltr'><strong>castra,</strong></span> <span class='ocrx_word' id='word_1_844' title='bbox 2633 5542 2970 5613; x_wconf 84' lang='lat' dir='ltr'><strong>depopulatae</strong></span> <span class='ocrx_word' id='word_1_845' title='bbox 2999 5540 3321 5612; x_wconf 86' lang='lat' dir='ltr'><strong>provinciae,</strong></span> <span class='ocrx_word' id='word_1_846' title='bbox 3348 5540 3520 5595; x_wconf 87' lang='lat' dir='ltr'><strong>nullus</strong></span> 
     </span>
    </p>
   </div>
   <div class='ocr_carea' id='block_1_116' title="bbox 1932 5632 3518 5704">
    <p class='ocr_par' dir='ltr' id='par_1_116' title="bbox 1932 5632 3518 5704">
     <span class='ocr_line' id='line_1_116' title="bbox 1932 5632 3518 5704; baseline -0.008 -7"><span class='ocrx_word' id='word_1_847' title='bbox 1932 5650 2135 5699; x_wconf 88' lang='lat' dir='ltr'><strong>terram</strong></span> <span class='ocrx_word' id='word_1_848' title='bbox 2161 5640 2337 5697; x_wconf 91' lang='lat' dir='ltr'><strong>cultor</strong></span> <span class='ocrx_word' id='word_1_849' title='bbox 2367 5638 2663 5704; x_wconf 88' lang='lat' dir='ltr'><strong>inhabitat;</strong></span> <span class='ocrx_word' id='word_1_850' title='bbox 2690 5637 2917 5693; x_wconf 66' lang='lat' dir='ltr'><strong>saeviunt</strong></span> <span class='ocrx_word' id='word_1_851' title='bbox 2945 5644 3000 5691; x_wconf 91' lang='lat' dir='ltr'><strong>et</strong></span> <span class='ocrx_word' id='word_1_852' title='bbox 3023 5632 3365 5689; x_wconf 82' lang='lat' dir='ltr'><strong>dominantur</strong></span> <span class='ocrx_word' id='word_1_853' title='bbox 3390 5646 3518 5701; x_wconf 89' lang='lat' dir='ltr'><strong>quo-</strong></span> 
     </span>
    </p>
   </div>
   <div class='ocr_carea' id='block_1_117' title="bbox 1931 5785 3517 5925">
    <p class='ocr_par' dir='ltr' id='par_1_117' title="bbox 1931 5785 3517 5925">
     <span class='ocr_line' id='line_1_117' title="bbox 1931 5785 3517 5925; baseline -0.006 -70"><span class='ocrx_word' id='word_1_854' title='bbox 1931 5799 2090 5925; x_wconf 77' lang='lat' dir='ltr'><strong>huljus</strong></span> <span class='ocrx_word' id='word_1_855' title='bbox 2134 5798 2302 5870; x_wconf 91' lang='lat' dir='ltr'><strong>elapsi</strong></span> <span class='ocrx_word' id='word_1_856' title='bbox 2336 5797 2585 5853; x_wconf 88' lang='lat' dir='ltr'><strong>dicuntur</strong></span> <span class='ocrx_word' id='word_1_857' title='bbox 2612 5801 2735 5851; x_wconf 86' lang='lat' dir='ltr'><strong>octo</strong></span> <span class='ocrx_word' id='word_1_858' title='bbox 2765 5792 2910 5848; x_wconf 88' lang='lat' dir='ltr'><strong>anui.</strong></span> <span class='ocrx_word' id='word_1_859' title='bbox 2937 5785 3230 5844; x_wconf 84' lang='lat' dir='ltr'><strong>Laudatatn</strong></span> <span class='ocrx_word' id='word_1_860' title='bbox 3273 5798 3362 5860; x_wconf 91' lang='lat' dir='ltr'><strong>ep.</strong></span> <span class='ocrx_word' id='word_1_861' title='bbox 3392 5788 3517 5845; x_wconf 55' lang='lat' dir='ltr'><strong>conJ</strong></span> 
     </span>
     <span class='ocr_line' id='line_1_118' title="bbox 1931 5886 2067 5925; baseline -0.007 0"><span class='ocrx_word' id='word_1_862' title='bbox 1931 5887 1995 5925; x_wconf 89' lang='lat' dir='ltr'><strong>su</strong></span> <span class='ocrx_word' id='word_1_863' title='bbox 2018 5886 2067 5925; x_wconf 91' lang='lat' dir='ltr'><strong>e.</strong></span> 
     </span>
    </p>
   </div>
   <div class='ocr_carea' id='block_1_118' title="bbox 1930 5886 2067 5929">
    <p class='ocr_par' dir='ltr' id='par_1_118' title="bbox 1930 5886 2067 5929">
     <span class='ocr_line' id='line_1_119' title="bbox 1930 5886 2067 5929; baseline -0.036 0"><span class='ocrx_word' id='word_1_864' title='bbox 1930 5886 2067 5929; x_wconf 78' lang='lat' dir='ltr'><strong>SUIC.</strong></span> 
     </span>
    </p>
   </div>
  </div>
