4118 6484
603 361 712 422 κδ

1175 360 1234 419 S.
1273 356 1603 418 GREGORII
1641 355 1845 414 PAPE
1895 354 2078 426 VlTA,
2117 355 2191 414 Al

2293 356 2320 412 '.
2361 357 2623 414 JOANNE
2662 358 2972 418 DIACONO.
3017 358 3150 420 LIB.
3191 358 3278 418 ΙΙΙ.

3788 367 3894 425 ηε

596 481 729 539 tldie
747 480 803 534 in
833 492 1020 536 necem
1043 475 1278 532 lidelium
1314 476 1552 532 cultores
1581 475 1881 542 idolorum;
1912 482 1967 532 et
2005 483 2188 530 tamen
2215 479 2264 538 Α
2290 475 2436 546 quia,
2469 491 2538 532 ne
2566 478 2633 533 ad
2662 479 3034 551 episcopatum
3082 481 3262 537 venire
3288 483 3578 556 j‘otuisses,
3611 483 3811 558 fugisse
3834 497 3897 549 ιο

595 572 920 632 Sacerdotes
944 569 1034 640 qui
1063 570 1116 623 in
1149 569 1457 639 pavimento
1486 576 1542 623 et
1569 569 1753 623 cinere
1798 566 1990 623 ﬂentes
2010 566 2195 636 jacere

595 667 927 730 debuerunt,
957 661 1209 716 vanitatis
1255 661 1356 716 sibi
1385 661 1600 715 nomina
1645 668 1938 730 expetunt,
1961 668 2017 716 et
2041 660 2194 715 novis

596 776 660 816 ae
708 754 944 830 profanis
997 752 1274 810 vocabulis
1301 755 1636 824 gloriantur.
1678 752 1926 823 Nunquid
1959 768 2060 823 ego
2090 753 2195 809 hac

594 857 648 912 in
675 871 765 920 re,
797 855 1034 926 piissime
1065 853 1290 906 Domine
1310 891 1324 915 ,
1356 851 1625 921 propriam
1675 864 1894 904 causam
1925 848 2195 902 defenlo?

594 943 844 1013 Nunquid
889 943 1177 1015 specialem
1227 942 1476 1010 injuriam
1504 941 1748 1004 vindico,
1798 947 1855 995 et
1887 955 1992 993 non
2023 939 2194 1008 magis

591 1050 809 1090 causam
858 1035 1243 1105 omnipotentis
1310 1033 1438 1099 Dei,
1497 1041 1553 1087 et
1596 1046 1813 1087 causam
1874 1031 2195 1087 universalis

591 1127 884 1184 Ecclesiae?
924 1127 1053 1195 Quis
1089 1135 1170 1182 est
1197 1127 1297 1181 iste
1320 1168 1334 1193 ,
1378 1125 1467 1194 qui
1508 1132 1699 1180 contra
1727 1131 1929 1179 statuta
1953 1121 2196 1192 Evange-

591 1220 723 1284 lica,
752 1229 940 1275 contra
980 1233 1246 1274 canonum
1291 1217 1543 1281 decreta,
1597 1231 1795 1270 novum
1843 1215 1960 1269 sibi'
1996 1228 2194 1268 nomen

592 1326 855 1382 usurpare
901 1310 1213 1382 praesumit?
1246 1307 1461 1364 Utinam
1511 1308 1594 1363 vel
1617 1309 1735 1362 sine
1764 1306 1992 1362 aliorum
2019 1305 2194 1359 immi-

593 1404 816 1459 nutione
863 1417 1000 1457 unus
1042 1403 1144 1467 sit,
1176 1402 1265 1473 qui
1295 1402 1477 1457 vocari
1508 1401 1712 1471 appetit
1764 1397 2097 1454 universalis.
2127 1396 2195 1452 Et

592 1503 740 1550 certe
767 1493 966 1548 multos
1011 1491 1625 1563 Constantinopolitanae
1645 1491 1900 1546 Ecclesiae
1929 1491 1982 1544 in
2013 1490 2193 1544 haere-

591 1600 716 1642 seos
743 1586 1055 1654 voraginem
1081 1586 1340 1640 cecidisse
1363 1586 1612 1640 novimus
1641 1585 1972 1647 sacerdotes,
2004 1592 2057 1637 et
2085 1597 2192 1638 non

591 1681 767 1736 solum
801 1680 1104 1744 haereticos,
1129 1680 1224 1736 sed
1246 1680 1407 1735 etiam
1431 1679 1815 1734 haeresiarchas
1839 1686 2029 1732 tactos.
2065 1676 2193 1732 lnde

2299 573 2440 628 velle
2465 574 2682 630 memini
2703 593 2715 628 :
2734 591 2894 645 quem
2929 584 3106 633 tamen
3132 579 3384 648 adeptum
3413 581 3484 635 ita
3514 596 3773 640 exercere
3799 587 3898 642 de-

2295 664 2519 729 sideras,
2552 681 2616 720 ac
2643 667 2687 721 si
2717 667 2782 721 ad
2811 683 2932 722 eum
2962 670 3249 725 ambitioso
3276 671 3546 728 desiderio
3588 679 3898 734 concurris-

2296 771 2400 812 ses.
2431 756 2533 822 Qui
2556 757 2697 811 enim
2730 757 3002 829 indignum
3031 768 3084 814 te
3120 776 3238 816 esse
3266 762 3551 831 fatebaris,
3595 773 3654 821 ut
3679 768 3896 837 episeo-

2296 863 2396 918 pus
2421 848 2527 904 dici
2555 849 2854 916 debuisses,
2885 851 2951 904 ad
2992 851 3096 908 hoc
3122 854 3444 925 quandoque
3492 857 3783 926 perductus
3811 877 3893 930 es,

2297 946 2350 992 ut
2371 980 2386 1005 ,
2418 938 2688 1009 despectis
2711 938 2998 1010 fratribus,
3032 942 3320 1012 episcopus
3355 954 3582 1016 appetas
3609 949 3755 1010 solus
3795 966 3896 1021 ap-

2295 1028 2502 1099 pellari.
2541 1047 2562 1082 ι
2614 1029 2682 1084 Et
2731 1030 2894 1099 paulo
2942 1039 3066 1101 post
3099 1049 3110 1084 :
3145 1051 3165 1084 ε
3200 1033 3341 1089 Vere
3392 1036 3535 1090 enim
3581 1035 3717 1093 flens
3744 1039 3892 1108 dico,

2295 1130 2460 1192 atque
2503 1137 2570 1178 ex
2613 1123 2801 1177 intimo
2843 1123 3109 1182 viscerum
3157 1125 3344 1181 dolore
3371 1129 3610 1198 peccatis
3639 1131 3774 1186 meis
3805 1148 3894 1186 re-

2293 1221 2456 1282 puto,
2489 1213 2633 1282 quod
2656 1213 2748 1268 ille
2783 1228 2937 1268 meus
2965 1213 3161 1281 frater,
3210 1231 3355 1272 nunc
3384 1232 3553 1287 usque
3594 1219 3781 1275 reduci
3827 1219 3894 1275 ad

2295 1305 2650 1361 humilitatem
2704 1321 2807 1362 non
2856 1307 3059 1374 valuit,
3086 1307 3177 1376 qui
3206 1309 3272 1362 ad
3304 1310 3408 1363 hoc
3459 1311 3512 1364 in
3541 1313 3894 1383 episcopatus

2293 1398 2460 1468 gradu
2489 1399 2814 1453 constitutus
2839 1406 2939 1465 est,
2972 1405 3030 1453 ut
3059 1399 3285 1455 aliorum
3309 1402 3515 1456 animas
3539 1405 3603 1458 ad
3628 1405 3894 1460 humilita-

2296 1500 2403 1544 tem
2447 1491 2709 1545 relueat:
2745 1490 2890 1560 quod
2936 1491 3027 1546 ille
3069 1493 3159 1563 qui
3203 1495 3486 1549 veritatem
3527 1496 3688 1551 docet
3733 1497 3889 1565 alios,

2293 1584 2637 1653 sometipsum
2682 1583 2905 1650 docere,
2959 1600 3092 1653 nec,
3141 1601 3228 1642 me
3277 1603 3495 1657 quoque
3541 1589 3887 1660 deprecante,

2293 1676 2582 1730 censen-it.
2624 1695 2642 1728 ι
2678 1675 2811 1732 Item
2841 1686 2964 1747 post
2987 1678 3164 1747 aliqua
3198 1696 3212 1731 :
3252 1696 3270 1730 ι
3305 1678 3467 1746 Quis.
3499 1694 3664 1748 rogo,
3700 1681 3754 1736 in
3788 1681 3892 1738 hoc

592 1774 791 1844 quippe
815 1772 1092 1828 Nestorius
1112 1813 1127 1838 ,
1159 1772 1250 1842 qui
1276 1772 1628 1827 mediatorem
1656 1771 1748 1825 Dei
1796 1779 1850 1826 et
1890 1770 2192 1832 hominum,
2225 1809 2277 1878 Β
2304 1775 2424 1870 tam.
2441 1782 2692 1836 perverso
2717 1768 3012 1878 vjocabulo,
3039 1769 3140 1823 nisi
3169 1769 3262 1825 ille
3285 1771 3348 1823 ad
3395 1771 3710 1828 imitandum
3759 1789 3892 1844 pro-

591 1865 865 1920 Christum
891 1861 1097 1929 Jesum,
1120 1863 1254 1919 duas
1275 1877 1394 1918 esse
1413 1877 1674 1932 personas
1697 1860 2031 1924 existimans,
2063 1860 2188 1928 quia

591 1957 758 2012 Deum
788 1957 1060 2012 hominem
1086 1955 1200 2011 ﬁeri
1229 1955 1466 2026 potuisse
1506 1971 1612 2010 non
1643 1954 1890 2017 credidit,
1919 1967 2088 2022 usque
2119 1950 2188 2005 ad

590 2050 864 2108 Judaicam
893 2050 1168 2121 perﬁdiam
1198 2049 1392 2119 erupit.
1423 2048 1552 2102 lnde
1593 2049 1792 2117 quippe
1820 2045 2185 2110 Macedonius,

589 2143 680 2213 qui
717 2140 1231 2198 consubstantialem
1263 2139 1407 2193 Patri
1455 2146 1510 2192 et
1556 2138 1690 2193 Filio
1710 2169 1730 2205 γ
1776 2138 2035 2207 Spiritum
2064 2153 2188 2190 san-

589 2243 751 2300 ctum,
784 2232 954 2288 Deum
983 2247 1102 2287 esse
1131 2230 1436 2300 denegavit.
1467 2229 1522 2284 Si
1561 2229 1724 2299 igitur
1753 2228 1881 2282 illud
1906 2242 2102 2281 nomen
2135 2227 2188 2281 in

590 2341 655 2381 ea
685 2325 911 2381 ecclesia
938 2324 1042 2380 sibi
1087 2325 1369 2392 quisquam
1413 2322 1666 2390 arripuit,
1699 2321 1841 2374 unde
1887 2327 1965 2374 tot
2011 2319 2186 2374 haere-

593 2419 818 2476 siarchte
841 2418 1108 2488 prodiisse
1138 2423 1433 2472 noscuntur
1457 2434 1468 2467 :
1500 2415 1749 2470 universa
1770 2427 1900 2483 ergo
1920 2411 2186 2480 Ecclesia,

594 2514 736 2585 quod
764 2514 924 2580 absit,
955 2527 986 2567 a
1015 2520 1156 2567 statu
1189 2527 1288 2567 suo
1320 2509 1544 2575 corruit,
1574 2508 1786 2577 quando
1816 2507 1861 2561 is
1887 2507 1978 2576 qui
2004 2505 2186 2576 appel-

593 2605 733 2664 latur
773 2604 1117 2671 universalis,
1165 2603 1326 2659 cadit.
1368 2600 1476 2656 Sed
1523 2601 1661 2655 absit
1699 2614 1729 2653 a
1759 2598 2185 2654 Christianorum

602 2697 761 2772 114
800 2697 1052 2754 cordibus
1076 2710 1273 2751 nomen
1295 2693 1426 2748 illud
1451 2691 1820 2762 blasphemize,
1851 2690 1900 2744 in
1933 2705 2039 2758 quo
2070 2704 2186 2742 om-

593 2793 738 2848 nium
779 2788 1118 2847 sacerdotum
1145 2786 1322 2843 honor
1351 2784 1633 2846 adimitur,
1682 2782 1809 2837 dum
1854 2782 1920 2835 ab
1952 2795 2058 2834 uno
2085 2779 2186 2834 sibi

591 2885 869 2940 dementer
897 2886 1203 2948 arrogatur.
1234 2877 1396 2933 Certe
1434 2891 1534 2946 pro
1563 2874 1708 2930 beati
1739 2872 1881 2928 Petri
1909 2871 2184 2942 apostolo—

592 2987 710 3031 rum
738 2971 996 3045 principis
1021 2971 1248 3034 honore,
1278 2983 1377 3039 per
1394 2965 1757 3022 venerandam
1778 2963 2186 3018 Chalcedonen-

593 3083 702 3124 sem
752 3065 1017 3140 synodum
1062 3063 1308 3120 Romano
1356 3059 1596 3132 pontifici
1642 3059 1880 3115 oblatum
1928 3066 2038 3121 est;
2089 3055 2184 3111 sed

2301 1858 2544 1927 ponitur,
2597 1859 2689 1928 qui
2734 1859 2999 1929 despectis
3027 1861 3336 1930 angelorum
3379 1863 3888 1932 legionibussseeum

2289 1955 2560 2008 socialiter
2580 1955 2904 2022 constitutis,
2939 1957 3005 2010 ad
3035 1957 3246 2012 culmen
3292 1968 3517 2014 conatus
3569 1969 3652 2016 est
3702 1962 3888 2030 singu-

2289 2044 2515 2099 laritatis
2537 2061 2837 2115 erumpere,
2872 2055 2930 2100 ut
2960 2055 3015 2100 et
3046 2048 3176 2101 nulli
3200 2048 3444 2115 subesse,
3488 2056 3542 2102 et
3571 2051 3720 2105 solus
3759 2068 3887 2121 pne-

2289 2154 2406 2192 esse
2435 2139 2682 2194 omnibus
2719 2141 3028 2194 videretur?
3052 2140 3153 2208 Qui
3183 2143 3348 2196 etiam
3386 2142 3519 2196 dixit
3549 2161 3560 2194 :
3597 2143 3661 2196 In
3706 2147 3886 2199 caelum

2289 2231 2651 2294 conscendam,
2677 2248 2831 2300 super
2851 2242 2993 2286 astra
3035 2234 3148 2286 creti
3186 2233 3430 2286 excitabo
3467 2234 3651 2287 solium
3694 2252 3884 2303 mann,

2287 2322 2470 2377 sedebo
2511 2324 2565 2376 in
2605 2335 2776 2376 monte
2822 2327 3148 2389 testamenti,
3196 2327 3251 2379 in
3295 2325 3537 2380 (turribus
3580 2329 3883 2398 Aquilonis;

2289 2415 2563 2468 ascendam
2587 2433 2740 2486 super
2764 2417 3089 2470 altitudinem
3119 2417 3349 2484 nubium,
3395 2419 3580 2473 similis
3609 2438 3697 2474 ero
3727 2422 3887 2474 Altis-

2290 2509 2420 2562 simo
2463 2507 2616 2576 (Isai.
2663 2524 2748 2561 xw
2775 2550 2788 2574 ,
2828 2507 2934 2573 £5).
2989 2507 3125 2574 Quid
3170 2510 3311 2563 enim
3364 2509 3553 2564 fratres
3583 2511 3656 2564 tui
3697 2527 3886 2568 omnes

2288 2598 2538 2654 Ecclesia:
2591 2601 2908 2655 universalis
2937 2601 3217 2670 episcopi,
3256 2601 3352 2654 nisi
3398 2610 3540 2656 astra
3572 2603 3694 2656 caeli
3725 2611 3883 2670 sunt;

2287 2709 2517 2761 quorum
2551 2693 2656 2747 vita
2686 2693 2841 2749 simul
2867 2703 2921 2748 et
2947 2695 3124 2763 lingua
3152 2695 3293 2749 inter
3315 2705 3531 2765 peccata
3562 2712 3888 2767 erroresque

2287 2782 2564 2837 hominum
2597 2784 2749 2853 quasi
2784 2784 2922 2837 inter
2961 2786 3137 2839 norlis
3165 2787 3413 2840 tenebras
3435 2786 3888 2854 lucent?‘Quibus

2286 2875 2414 2930 dum
2459 2877 2608 2946 cupis
2657 2880 2995 2946 temetipsum
3043 2881 3308 2934 vocabulo
3354 2882 3497 2936 elato
3547 2897 3883 2952 praeponere,

2287 2983 2586 3038 eorumque
2641 2986 2834 3024 nomen
2885 2972 2961 3025 tu'i
3019 2975 3424 3043 comparatione
3471 2975 3713 3042 calcare,
3759 2975 3885 3046 quid

2287 3059 2428 3112 aliul
2461 3060 2624 3127 dicis,
2661 3061 2761 3115 nisi
2798 3081 2810 3114 :
2845 3062 2910 3116 In
2942 3063 3123 3116 caelum
3149 3066 3524 3131 conscendant,
3567 3084 3723 3137 super
3743 3078 3886 3121 astra

594 3163 770 3217 nullus
793 3176 981 3217 eorum
1022 3173 1260 3230 unquam
1286 3158 1392 3212 hoc
1433 3156 1820 3226 singularitatis
1861 3154 2077 3208 nomine
2108 3152 2182 3206 uti
2214 3192 2260 3254 Ο
2290 3153 2401 3204 caeli
2422 3153 2665 3207 exaltabo
2691 3154 2875 3208 solium
2914 3157 3122 3210 meum?
3150 3157 3339 3211 Annon
3371 3158 3603 3212 universi
3647 3160 3885 3230 episcopi

597 3251 886 3320 consensit,
917 3265 986 3306 ne
1013 3251 1141 3306 dum
1173 3249 1425 3319 privatim
1469 3248 1669 3316 aliquid
1695 3247 1916 3302 daretur
1944 3246 2056 3314 uni,
2087 3246 2186 3299 ho-

595 3359 729 3400 nore
773 3343 954 3399 debito
994 3342 1308 3398 sacerdotes
1356 3340 1697 3412 privarentur
1747 3340 1999 3394 universi.
2049 3337 2188 3404 Quid

595 3445 678 3492 est
705 3449 836 3505 ergo
862 3433 1006 3503 quod
1031 3447 1132 3488 nos
1156 3431 1314 3501 hujus
1340 3431 1587 3486 vocabuli
1634 3431 1888 3502 gloriam,
1942 3438 1996 3484 ct
2041 3430 2190 3484 ob'a-

595 3535 728 3594 tam,
758 3540 866 3581 non
893 3524 1204 3595 quaerimus,
1234 3531 1289 3578 et
1312 3521 1446 3576 alter
1471 3521 1571 3576 sibi
1597 3521 1737 3576 hanc
1765 3520 2000 3590 arripere
2027 3520 2189 3575 etiam

595 3634 704 3674 non
735 3617 972 3674 oblatam
1003 3615 1315 3687 praesumit?
1343 3613 1440 3669 llle
1466 3629 1594 3683 ergo
1624 3614 1794 3684 magis
1822 3621 1904 3668 est
1925 3613 2191 3684 piissimo-

596 3723 713 3766 rum
743 3709 1085 3765 dominorum
1117 3707 1482 3779 praeceptione
1507 3704 1822 3772 ﬂeetendus,
1853 3706 1942 3775 qui
1985 3721 2190 3776 praece-

595 3802 702 3873 ptis
727 3799 1004 3857 canonicis
1050 3799 1412 3855 obedientiam
1458 3799 1699 3869 prazbere
1727 3800 2046 3854 contemnit.
2097 3799 2192 3855 llle

595 3892 926 3949 coercendus
952 3898 1053 3960 est,
1086 3891 1178 3962 qui
1208 3898 1410 3947 sanctae
1441 3891 1730 3948 universali
1782 3891 2035 3948 Ecclesia:
2065 3892 2194 3962 inju-

595 3986 732 4041 riam
758 3985 926 4054 iacit,
955 3985 1049 4055 qui
1075 3984 1242 4040 corde
1267 3990 1471 4052 tumet,
1510 3985 1601 4053 qui
1627 3984 1861 4053 gaudere
1885 3983 1950 4038 de
1975 3985 2195 4040 nomine

595 4075 980 4145 singularitatis
1019 4075 1254 4146 appetit,
1283 4075 1376 4145 qui
1423 4075 1618 4130 honori
1647 4089 1861 4145 quoque
1889 4075 2051 4129 vestri
2101 4075 2195 4130 im-

597 4167 729 4238 perii
777 4182 837 4222 se
883 4181 982 4236 per
1023 4166 1291 4235 privatum
1319 4165 1644 4220 vocabulum
1684 4166 2024 4234 superponit.
2057 4167 2195 4223 Ecce

596 4273 786 4316 omnes
810 4259 916 4312 hac
944 4256 1015 4312 de
1041 4271 1100 4312 re
1128 4256 1439 4312 scandalum
1470 4255 1721 4324 patimur.
1753 4255 1831 4309 Ad
1862 4256 2002 4309 viam
2033 4258 2196 4326 igitur

597 4359 803 4408 rectam
849 4355 1153 4405 revertatur
1199 4359 1390 4404 auctor
1427 4345 1689 4414 scandali,
1723 4354 1780 4401 et
1816 4348 1996 4402 omnia
2023 4364 2198 4404 sacer-

597 4446 783 4502 dotum
807 4443 984 4514 jurgia
1013 4443 1324 4499 cessabunt.
1355 4441 1468 4512 Ego
1496 4444 1637 4498 enim
1680 4451 1996 4498 cunctorum
2024 4458 2196 4497 sacer-

595 4540 782 4594 dotum
825 4551 1014 4593 servus
1038 4551 1192 4602 sum,
1243 4535 1558 4604 inquantum
1619 4535 1719 4606 ipsi
1785 4533 2192 4590 sacerdotaliter

2223 4584 2272 4646 ι)

2241 3239 2260 3254 ¹
2296 3243 2464 3297 nubes
2490 3252 2634 3309 sunt,
2667 3246 2753 3311 qui
2785 3247 2937 3317 115
2967 3257 3022 3301 et
3046 3249 3224 3302 verbis
3251 3251 3440 3318 pluunt
3470 3251 3886 3323 prtedicationis,

2292 3343 2346 3389 et
2374 3335 2638 3390 bonorum
2668 3353 2891 3407 operum
2919 3340 3033 3393 luce
3057 3345 3376 3396 coruscant?
3397 3342 3540 3409 Quos
3562 3343 3687 3397 dum
3712 3355 3885 3401 vestra

2293 3426 2598 3481 fraternitas
2629 3428 2927 3499 despiciens
2977 3433 3076 3485 sub
3106 3447 3164 3487 se
3195 3448 3440 3502 premere
3468 3444 3717 3502 conatur,
3759 3436 3897 3506 quid-

2295 3518 2434 3573 aliud
2465 3520 2624 3586 dicit,
2653 3521 2751 3575 nisi
2783 3522 2886 3577 hoc
2915 3524 3058 3593 quod
3084 3525 3150 3580 ab
3177 3527 3398 3596 antiquo
3439 3527 3595 3582 hoste
3639 3529 3843 3585 dicitur
3871 3548 3887 3586 :

2294 3610 2583 3665 Ascendam
2603 3629 2758 3683 super
2777 3616 3101 3669 altitudinem
3135 3617 3389 3673 nubium?
3417 3618 3544 3685 Quae
3569 3630 3763 3676 cuncta
3787 3637 3888 3691 ego

2297 3703 2419 3756 ctnn
2447 3702 2583 3759 ﬂens
2626 3707 2924 3775 conspicio,
2954 3716 3008 3760 et
3037 3709 3242 3761 occulta
3278 3710 3370 3764 Dei
3405 3718 3726 3780 pert'mesco
3748 3713 3891 3781 judi-

2297 3798 2377 3852 cia
2401 3838 2414 3862 ,
2450 3807 2712 3866 augentur
2740 3801 3017 3869 lacrymte,
3049 3811 3103 3857 et
3131 3804 3358 3871 gemitus
3387 3821 3445 3859 se
3488 3806 3539 3860 in
3569 3823 3691 3863 meo
3723 3811 3890 3866 corde

2298 3903 2402 3943 non
2433 3891 2681 3959 capiunt:
2703 3891 2850 3960 quod
2870 3892 2960 3946 ille
2979 3893 3060 3946 vir
3083 3896 3451 3951 sanctissimus
3475 3898 3705 3954 domnus
3732 3899 3887 3955 Joan~

2298 3998 2414 4047 nes,
2439 3991 2600 4037 tanta:
2615 3984 2951 4039 abstinentia:
2973 3995 3135 4055 atque
3165 3986 3512 4055 humilitatis,
3543 3990 3888 4049 familiarium

2298 4075 2610 4130 seductione
2638 4076 2940 4144 linguarum
2988 4079 3055 4132 ad
3105 4087 3308 4135 tantam
3346 4083 3654 4154 superbiam
3687 4087 3887 4157 erupit,

2300 4176 2360 4221 ut
2389 4168 2440 4222 in
2470 4169 2710 4238 appetitu
2734 4173 2972 4240 perversi
3001 4174 3262 4244 nominis,
3295 4176 3368 4230 illi
3396 4192 3516 4234 esse
3556 4189 3788 4235 conetur
3811 4184 3889 4238 si-

2299 4261 2460 4327 milis,
2486 4262 2577 4329 qui
2604 4261 2732 4315 dum
2760 4265 2989 4333 superbe
3011 4281 3130 4320 esse
3161 4266 3273 4320 Deo
3304 4269 3492 4324 similis
3513 4271 3702 4337 voluit,
3727 4275 3890 4331 etiam

2299 4354 2510 4408 donatm
2554 4356 2916 4412 similitudinis
2959 4360 3186 4427 gratiam
3218 4362 3414 4428 amisit,
3456 4372 3511 4418 et
3556 4365 3676 4419 ideo
3703 4381 3888 4422 veram

2299 4445 2685 4500 beatitudinem
2717 4448 2968 4516 perdidit.
2993 4450 3116 4517 quia
3148 4449 3334 4506 falsam
3363 4453 3588 4522 gloriam
3619 4458 3889 4524 quaesivit.

2301 4536 2462 4594 Certe
2502 4536 2710 4603 Petrus,
2741 4541 2988 4608 princeps
3015 4543 3407 4610 apostolorum,
3443 4546 3738 4600 membrum
3768 4564 3890 4602 san-

595 4633 800 4687 vivunt.
850 4630 985 4686 Nam
1033 4630 1126 4701 qui
1173 4639 1362 4686 contra
1408 4629 1832 4700 omnipotentem
1881 4628 2046 4683 Deum
2095 4645 2193 4699 per
2223 4628 2271 4646 "’
2296 4638 2396 4684 ctte
2427 4637 2481 4684 et
2509 4630 2828 4686 universalis
2875 4630 3128 4688 Ecclesiae
3176 4644 3288 4701 est;
3341 4635 3576 4702 Paulus,
3625 4639 3886 4707 Andreas,

598 4724 768 4779 inanis
794 4723 980 4792 gloriae
1009 4731 1295 4787 tumorem,
1323 4729 1487 4791 atque
1510 4730 1701 4776 contra
1721 4729 1922 4776 statuta
1947 4719 2186 4804 Patrum,

596 4829 750 4869 suam
779 4814 1044 4870 cervicem
1072 4813 1249 4882 erigit,
1298 4813 1352 4867 in
1381 4813 1754 4884 omnipotente
1792 4811 2021 4868 Domino
2069 4828 2193 4867 con-

599 4902 710 4959 ﬁdo
732 4943 746 4968 ,
777 4904 903 4973 quia
944 4919 1120 4959 meam
1145 4904 1268 4966 sibi,
1302 4919 1404 4960 nec
1427 4919 1548 4960 cum
1577 4904 1798 4974 gladiis,
1827 4902 2025 4987 ﬂectet.
2052 4901 2191 4969 Quid

600 5003 782 5051 autem
828 5011 1002 5066 nuper
1038 4997 1092 5050 in
1130 4997 1232 5051 hac
1273 4997 1407 5052 urbe
1435 5013 1502 5051 ex
1551 4997 1708 5066 hujus
1728 4996 1976 5052 vocabuli
2007 4996 2194 5050 auditu

597 5098 808 5158 gestum
829 5089 919 5156 sit,
951 5088 1242 5144 Sabiniano
1263 5089 1491 5145 diacono
1512 5104 1574 5145 ac
1595 5089 1896 5160 responsali
1918 5104 2038 5144 meo
2065 5089 2195 5144 sub-

597 5181 742 5234 tllius
771 5178 1020 5234 iudicavi.
1054 5198 1071 5230 ι
1109 5177 1329 5251 (Regist.
1369 5180 1528 5245 lib.v,
1571 5196 1653 5250 ep.
1682 5179 1796 5248 20.)

670 5268 756 5324 54.
804 5269 936 5324 Item
976 5267 1196 5336 Joanni,
1248 5271 1503 5342 episcopo
1540 5268 2139 5341 Constantinopolitano
2172 5289 2185 5325 :

604 5385 620 5417 ι
660 5363 737 5419 Εο
762 5372 1004 5435 tempore
1031 5379 1139 5434 quo
1160 5365 1469 5420 fraternitas
1509 5371 1686 5419 vestra
1712 5364 1765 5420 in
1796 5365 2187 5420 sacerdotalem

598 5457 857 5511 honorem
889 5465 1145 5526 provecta
1174 5467 1287 5522 est,
1319 5464 1574 5526 quantam
1620 5455 1967 5510 ecclesiarum
1995 5471 2188 5527 pacem

597 5557 758 5620 atque
788 5550 1130 5605 concordiam
1174 5551 1468 5616 invenerit,
1499 5547 1690 5603 recolit
1719 5567 1731 5601 :
1765 5549 1857 5605 sed
1893 5565 2000 5618 quo
2030 5555 2184 5617 ausu‘,

597 5655 773 5708 quove
803 5651 1034 5711 tumore,
1064 5644 1264 5708 nescio,
1296 5659 1494 5697 novum
1520 5642 1618 5696 sibi
1660 5652 1850 5697 conata
1881 5652 1960 5698 est
1991 5660 2187 5701 nomen
2215 5667 2219 5672 τ

599 5733 857 5802 arripere,
887 5735 1026 5789 unde
1054 5736 1292 5790 omnium
1322 5735 1544 5789 fratrum
1593 5736 1754 5790 corda
1798 5737 2099 5806 potuissent
2121 5738 2188 5794 ad

597 5824 912 5880 scandalum
942 5825 1239 5894 pervenire.
1265 5827 1380 5893 Qua
1410 5827 1463 5882 in
1484 5842 1543 5882 re
1564 5828 1912 5883 vehementer
1928 5828 2182 5899 admiror,

2295 4720 2560 4787 Joannes,
2592 4722 2719 4790 quid
2745 4722 2910 4789 aliud,
2950 4739 3110 4793 quam
3141 4726 3470 4795 singularum
3499 4737 3622 4782 sunt
3652 4731 3892 4799 plebium

2293 4814 2510 4884 capita?
2554 4813 2620 4866 Et
2668 4824 2843 4867 tamen
2892 4816 2992 4869 sub
3032 4833 3140 4869 uno
3189 4819 3367 4888 capite
3413 4835 3600 4874 omnes
3650 4824 3892 4880 membra

2293 4913 2420 4959 sunt
2469 4904 2743 4958 Ecclesiae.
2776 4906 2975 4976 Atque,
3009 4918 3068 4960 ut
3095 4913 3285 4962 cuncta
3317 4909 3465 4963 brevi
3489 4911 3706 4980 cingulo
3737 4913 3890 4968 locu-

2298 4997 2454 5051 tionis
2484 4996 2834 5066 adstringam,
2859 5000 3027 5054 sancti
3056 5009 3181 5053 ante
3207 5001 3396 5069 legem,
3429 5007 3598 5058 sancti
3623 5006 3721 5059 sub
3755 5007 3890 5076 lege,

2299 5088 2469 5141 sancti
2499 5087 2600 5141 sub
2646 5090 2840 5158 gratia,
2873 5105 3061 5144 omnes
3105 5091 3158 5144 hi
3188 5091 3530 5159 perlicicntes
3555 5111 3754 5163 corpus
3793 5096 3890 5151 Do-

2298 5178 2455 5244 mini,
2483 5179 2537 5233 in
2567 5181 2822 5236 membris
2847 5192 2974 5237 sunt
3001 5183 3256 5238 Ecclesiae
3286 5185 3598 5249 constituti,
3646 5196 3702 5242 et
3731 5203 3894 5244 nemo

2296 5286 2356 5326 se
2393 5287 2629 5341 unquam
2675 5275 3033 5330 universalcm
3077 5276 3261 5331 vocari
3297 5277 3488 5332 voluit.
3533 5277 3722 5333 Vestra
3761 5294 3892 5347 ergo

2295 5363 2550 5417 sanctitas
2580 5375 2864 5432 agnoscat,
2900 5375 3162 5436 quantum
3194 5366 3336 5436 apud
3383 5383 3442 5422 se
3489 5377 3718 5434 tumeat,
3771 5383 3896 5438 qum-

2296 5454 2388 5510 illo
2433 5455 2648 5511 nomine
2699 5455 2878 5512 vocari
2924 5459 3162 5528 appetit,
3203 5475 3312 5528 quo
3343 5461 3524 5515 vocari
3549 5461 3728 5517 nullus
3752 5476 3890 5531 pnn-

2295 5551 2552 5620 sumpsit,
2613 5552 2704 5620 qui
2754 5553 3020 5608 veraciter
3070 5560 3288 5608 sanctus
3333 5553 3454 5608 fuit.
3510 5573 3529 5606 ι
3586 5553 3716 5610 Item
3767 5562 3890 5625 post

2296 5661 2506 5714 pauca:
2549 5664 2566 5697 ι
2601 5644 2762 5702 Certe
2809 5647 2938 5702 olim
2991 5649 3255 5704 clamatur
3282 5665 3380 5720 per
3405 5651 3710 5720 apostolum
3744 5667 3756 5702 :
3791 5649 3903 5705 Εὗρε

2294 5739 2432 5801 lioli,
2485 5740 2762 5793 novissima
2820 5742 2947 5797 liora
2996 5753 3071 5796 est
3102 5741 3153 5814 (1
3192 5742 3350 5798 Joan.
3407 5760 3475 5808 ιι,
3529 5742 3639 5814 18).
3683 5741 3750 5797 Ει
3797 5757 3888 5798 se-

2297 5830 2533 5886 cundum
2563 5833 2706 5900 quod
2733 5833 2939 5888 Veritas
2969 5835 3230 5904 prwdixit,
3263 5835 3570 5907 pestilentia
3597 5844 3652 5895 et
3679 5835 3890 5908 gladius
