  <div class='ocr_page' id='page_1' title='image "/cluster/home/n/w/nwhite01/storage/ocr_20150623/75/hvd.32044015469380/090.png"; bbox 0 0 4118 6452; ppageno 0'>
   <div class='ocr_carea' id='block_1_1' title="bbox 232 355 339 417">
    <p class='ocr_par' dir='ltr' id='par_1_1' title="bbox 232 355 339 417">
     <span class='ocr_line' id='line_1_1' title="bbox 232 355 339 417; baseline 0 -3"><span class='ocrx_word' id='word_1_1' title='bbox 232 355 339 417; x_wconf 72' lang='grc'><strong>165</strong></span> 
     </span>
    </p>
   </div>
   <div class='ocr_carea' id='block_1_2' title="bbox 799 353 2899 424">
    <p class='ocr_par' dir='ltr' id='par_1_2' title="bbox 799 353 2899 424">
     <span class='ocr_line' id='line_1_2' title="bbox 799 353 2899 424; baseline -0 -8"><span class='ocrx_word' id='word_1_2' title='bbox 799 357 858 416; x_wconf 91' lang='lat' dir='ltr'><strong>S.</strong></span> <span class='ocrx_word' id='word_1_3' title='bbox 897 356 1225 416; x_wconf 79' lang='lat' dir='ltr'><strong>GREGORJI</strong></span> <span class='ocrx_word' id='word_1_4' title='bbox 1266 358 1469 419; x_wconf 61' lang='lat' dir='ltr'><strong>PAPE</strong></span> <span class='ocrx_word' id='word_1_5' title='bbox 1507 359 1686 424; x_wconf 72' lang='lat' dir='ltr'><strong>VITA,</strong></span> <span class='ocrx_word' id='word_1_6' title='bbox 1736 356 1941 415; x_wconf 79' lang='lat' dir='ltr'><strong>AUCT.</strong></span> <span class='ocrx_word' id='word_1_7' title='bbox 1980 354 2244 413; x_wconf 72' lang='lat' dir='ltr'><strong>JOANNE</strong></span> <span class='ocrx_word' id='word_1_8' title='bbox 2284 354 2596 410; x_wconf 77' lang='lat' dir='ltr'><strong>DIACONO.</strong></span> <span class='ocrx_word' id='word_1_9' title='bbox 2636 353 2767 411; x_wconf 87' lang='lat' dir='ltr'><strong>LIB.</strong></span> <span class='ocrx_word' id='word_1_10' title='bbox 2807 354 2899 417; x_wconf 82' lang='grc' dir='ltr'><strong>ΠΙ.</strong></span> 
     </span>
    </p>
   </div>
   <div class='ocr_carea' id='block_1_3' title="bbox 3417 360 3522 423">
    <p class='ocr_par' dir='ltr' id='par_1_3' title="bbox 3417 360 3522 423">
     <span class='ocr_line' id='line_1_3' title="bbox 3417 360 3522 423; baseline 0 -5"><span class='ocrx_word' id='word_1_11' title='bbox 3417 360 3522 423; x_wconf 60' lang='grc' dir='ltr'><strong>ξω</strong></span> 
     </span>
    </p>
   </div>
   <div class='ocr_carea' id='block_1_4' title="bbox 227 470 3526 547">
    <p class='ocr_par' dir='ltr' id='par_1_4' title="bbox 227 470 3526 547">
     <span class='ocr_line' id='line_1_4' title="bbox 227 470 3526 547; baseline 0 -16"><span class='ocrx_word' id='word_1_12' title='bbox 227 488 329 547; x_wconf 89' lang='lat' dir='ltr'><strong>per</strong></span> <span class='ocrx_word' id='word_1_13' title='bbox 354 471 613 529; x_wconf 87' lang='lat' dir='ltr'><strong>mundum</strong></span> <span class='ocrx_word' id='word_1_14' title='bbox 640 472 815 537; x_wconf 66' lang='lat' dir='ltr'><strong>servit;</strong></span> <span class='ocrx_word' id='word_1_15' title='bbox 839 480 1027 542; x_wconf 88' lang='lat' dir='ltr'><strong>gentes</strong></span> <span class='ocrx_word' id='word_1_16' title='bbox 1049 472 1330 544; x_wconf 75' lang='lat' dir='ltr'><strong>insurgunt</strong></span> <span class='ocrx_word' id='word_1_17' title='bbox 1358 474 1637 545; x_wconf 73' lang='lat' dir='ltr'><strong>gentibus;</strong></span> <span class='ocrx_word' id='word_1_18' title='bbox 1664 483 1821 527; x_wconf 74' lang='lat' dir='ltr'><strong>terra:</strong></span> <span class='ocrx_word' id='word_1_19' title='bbox 1848 475 1902 535; x_wconf 81' lang='grc' dir='ltr'><strong>Α</strong></span> <span class='ocrx_word' id='word_1_20' title='bbox 1926 479 2113 527; x_wconf 90' lang='lat' dir='ltr'><strong>contra</strong></span> <span class='ocrx_word' id='word_1_21' title='bbox 2145 470 2457 534; x_wconf 88' lang='lat' dir='ltr'><strong>veritatem,</strong></span> <span class='ocrx_word' id='word_1_22' title='bbox 2489 485 2589 540; x_wconf 92' lang='lat' dir='ltr'><strong>pro</strong></span> <span class='ocrx_word' id='word_1_23' title='bbox 2612 472 2841 527; x_wconf 76' lang='lat' dir='ltr'><strong>veritate</strong></span> <span class='ocrx_word' id='word_1_24' title='bbox 2867 471 3323 542; x_wconf 62' lang='lat' dir='ltr'><strong>despiciat;.etin</strong></span> <span class='ocrx_word' id='word_1_25' title='bbox 3353 474 3526 537; x_wconf 87' lang='lat' dir='ltr'><strong>omni-</strong></span> 
     </span>
    </p>
   </div>
   <div class='ocr_carea' id='block_1_5' title="bbox 225 563 1822 629">
    <p class='ocr_par' dir='ltr' id='par_1_5' title="bbox 225 563 1822 629">
     <span class='ocr_line' id='line_1_5' title="bbox 225 563 1822 629; baseline -0.001 -9"><span class='ocrx_word' id='word_1_26' title='bbox 225 564 539 621; x_wconf 86' lang='lat' dir='ltr'><strong>concutitur</strong></span> <span class='ocrx_word' id='word_1_27' title='bbox 573 563 750 629; x_wconf 91' lang='lat' dir='ltr'><strong>orbis,</strong></span> <span class='ocrx_word' id='word_1_28' title='bbox 784 578 906 617; x_wconf 91' lang='lat' dir='ltr'><strong>cum</strong></span> <span class='ocrx_word' id='word_1_29' title='bbox 954 563 1346 621; x_wconf 88' lang='lat' dir='ltr'><strong>habitatoribus</strong></span> <span class='ocrx_word' id='word_1_30' title='bbox 1371 566 1480 619; x_wconf 86' lang='lat' dir='ltr'><strong>suis</strong></span> <span class='ocrx_word' id='word_1_31' title='bbox 1512 573 1651 618; x_wconf 91' lang='lat' dir='ltr'><strong>terra</strong></span> <span class='ocrx_word' id='word_1_32' title='bbox 1678 564 1822 618; x_wconf 89' lang='lat' dir='ltr'><strong>dehi-</strong></span> 
     </span>
    </p>
   </div>
   <div class='ocr_carea' id='block_1_6' title="bbox 228 654 1818 726">
    <p class='ocr_par' dir='ltr' id='par_1_6' title="bbox 228 654 1818 726">
     <span class='ocr_line' id='line_1_6' title="bbox 228 654 1818 726; baseline -0.002 -13"><span class='ocrx_word' id='word_1_33' title='bbox 228 665 415 713; x_wconf 77' lang='lat' dir='ltr'><strong>scente</strong></span> <span class='ocrx_word' id='word_1_34' title='bbox 436 655 713 722; x_wconf 85' lang='lat' dir='ltr'><strong>sorbetur;</strong></span> <span class='ocrx_word' id='word_1_35' title='bbox 738 656 918 709; x_wconf 84' lang='lat' dir='ltr'><strong>omnia</strong></span> <span class='ocrx_word' id='word_1_36' title='bbox 935 672 1055 726; x_wconf 70' lang='lat' dir='ltr'><strong>qua:</strong></span> <span class='ocrx_word' id='word_1_37' title='bbox 1078 657 1327 726; x_wconf 80' lang='lat' dir='ltr'><strong>praedicta</strong></span> <span class='ocrx_word' id='word_1_38' title='bbox 1349 666 1493 723; x_wconf 90' lang='lat' dir='ltr'><strong>sunt,</strong></span> <span class='ocrx_word' id='word_1_39' title='bbox 1509 656 1641 711; x_wconf 82' lang='lat' dir='ltr'><strong>fiunt</strong></span> <span class='ocrx_word' id='word_1_40' title='bbox 1666 654 1818 726; x_wconf 84' lang='lat' dir='ltr'><strong>(Luc.</strong></span> 
     </span>
    </p>
   </div>
   <div class='ocr_carea' id='block_1_7' title="bbox 229 746 1819 820">
    <p class='ocr_par' dir='ltr' id='par_1_7' title="bbox 229 746 1819 820">
     <span class='ocr_line' id='line_1_7' title="bbox 229 746 1819 820; baseline -0.001 -17"><span class='ocrx_word' id='word_1_41' title='bbox 229 748 365 820; x_wconf 70' lang='grc' dir='ltr'>χχι.)</span> <span class='ocrx_word' id='word_1_42' title='bbox 395 748 507 802; x_wconf 66' lang='lat' dir='ltr'><strong>Rex</strong></span> <span class='ocrx_word' id='word_1_43' title='bbox 528 748 793 817; x_wconf 66' lang='lat' dir='ltr'><strong>superbia:</strong></span> <span class='ocrx_word' id='word_1_44' title='bbox 823 764 993 819; x_wconf 86' lang='lat' dir='ltr'><strong>prope</strong></span> <span class='ocrx_word' id='word_1_45' title='bbox 1022 757 1121 813; x_wconf 89' lang='lat' dir='ltr'><strong>est,</strong></span> <span class='ocrx_word' id='word_1_46' title='bbox 1149 757 1202 804; x_wconf 93' lang='lat' dir='ltr'><strong>et</strong></span> <span class='ocrx_word' id='word_1_47' title='bbox 1220 747 1384 819; x_wconf 89' lang='lat' dir='ltr'><strong>(quod</strong></span> <span class='ocrx_word' id='word_1_48' title='bbox 1416 748 1515 804; x_wconf 87' lang='lat' dir='ltr'><strong>dici</strong></span> <span class='ocrx_word' id='word_1_49' title='bbox 1544 747 1693 803; x_wconf 93' lang='lat' dir='ltr'><strong>nefas</strong></span> <span class='ocrx_word' id='word_1_50' title='bbox 1718 746 1819 816; x_wconf 90' lang='lat' dir='ltr'><strong>est)</strong></span> 
     </span>
    </p>
   </div>
   <div class='ocr_carea' id='block_1_8' title="bbox 226 841 1824 912">
    <p class='ocr_par' dir='ltr' id='par_1_8' title="bbox 226 841 1824 912">
     <span class='ocr_line' id='line_1_8' title="bbox 226 841 1824 912; baseline -0.003 -12"><span class='ocrx_word' id='word_1_51' title='bbox 226 841 567 900; x_wconf 83' lang='lat' dir='ltr'><strong>sacerdotum</strong></span> <span class='ocrx_word' id='word_1_52' title='bbox 616 841 663 896; x_wconf 91' lang='lat' dir='ltr'><strong>ei</strong></span> <span class='ocrx_word' id='word_1_53' title='bbox 711 850 1045 912; x_wconf 77' lang='lat' dir='ltr'><strong>pneparatur</strong></span> <span class='ocrx_word' id='word_1_54' title='bbox 1104 843 1373 897; x_wconf 80' lang='lat' dir='ltr'><strong>exercitus</strong></span> <span class='ocrx_word' id='word_1_55' title='bbox 1407 861 1418 895; x_wconf 89' lang='lat'>:</span> <span class='ocrx_word' id='word_1_56' title='bbox 1447 843 1571 912; x_wconf 87' lang='lat' dir='ltr'><strong>quia</strong></span> <span class='ocrx_word' id='word_1_57' title='bbox 1623 841 1824 897; x_wconf 84' lang='lat' dir='ltr'><strong>cervici</strong></span> 
     </span>
    </p>
   </div>
   <div class='ocr_carea' id='block_1_9' title="bbox 226 933 1826 1007">
    <p class='ocr_par' dir='ltr' id='par_1_9' title="bbox 226 933 1826 1007">
     <span class='ocr_line' id='line_1_9' title="bbox 226 933 1826 1007; baseline 0.001 -18"><span class='ocrx_word' id='word_1_58' title='bbox 226 936 463 990; x_wconf 86' lang='lat' dir='ltr'><strong>militant</strong></span> <span class='ocrx_word' id='word_1_59' title='bbox 489 933 758 1004; x_wconf 86' lang='lat' dir='ltr'><strong>elationis,</strong></span> <span class='ocrx_word' id='word_1_60' title='bbox 786 937 878 1004; x_wconf 91' lang='lat' dir='ltr'><strong>qui</strong></span> <span class='ocrx_word' id='word_1_61' title='bbox 905 936 973 989; x_wconf 88' lang='lat' dir='ltr'><strong>ad</strong></span> <span class='ocrx_word' id='word_1_62' title='bbox 1003 937 1105 992; x_wconf 88' lang='lat' dir='ltr'><strong>hoc</strong></span> <span class='ocrx_word' id='word_1_63' title='bbox 1128 936 1288 1007; x_wconf 90' lang='lat' dir='ltr'><strong>positi</strong></span> <span class='ocrx_word' id='word_1_64' title='bbox 1321 936 1549 999; x_wconf 89' lang='lat' dir='ltr'><strong>fuerant,</strong></span> <span class='ocrx_word' id='word_1_65' title='bbox 1583 944 1642 991; x_wconf 90' lang='lat' dir='ltr'><strong>ut</strong></span> <span class='ocrx_word' id='word_1_66' title='bbox 1666 936 1826 991; x_wconf 87' lang='lat' dir='ltr'><strong>duca-</strong></span> 
     </span>
    </p>
   </div>
   <div class='ocr_carea' id='block_1_10' title="bbox 225 1027 1824 1097">
    <p class='ocr_par' dir='ltr' id='par_1_10' title="bbox 225 1027 1824 1097">
     <span class='ocr_line' id='line_1_10' title="bbox 225 1027 1824 1097; baseline 0 -16"><span class='ocrx_word' id='word_1_67' title='bbox 225 1035 345 1083; x_wconf 89' lang='lat' dir='ltr'><strong>tum</strong></span> <span class='ocrx_word' id='word_1_68' title='bbox 395 1027 697 1097; x_wconf 75' lang='lat' dir='ltr'><strong>praeberent</strong></span> <span class='ocrx_word' id='word_1_69' title='bbox 737 1027 1073 1082; x_wconf 91' lang='lat' dir='ltr'><strong>humilitatis.</strong></span> <span class='ocrx_word' id='word_1_70' title='bbox 1124 1027 1229 1082; x_wconf 88' lang='lat' dir='ltr'><strong>Sed</strong></span> <span class='ocrx_word' id='word_1_71' title='bbox 1263 1028 1364 1082; x_wconf 89' lang='lat' dir='ltr'><strong>hac</strong></span> <span class='ocrx_word' id='word_1_72' title='bbox 1394 1027 1446 1081; x_wconf 93' lang='lat' dir='ltr'><strong>iu</strong></span> <span class='ocrx_word' id='word_1_73' title='bbox 1476 1043 1572 1094; x_wconf 88' lang='lat' dir='ltr'><strong>re,</strong></span> <span class='ocrx_word' id='word_1_74' title='bbox 1611 1027 1824 1082; x_wconf 88' lang='lat' dir='ltr'><strong>etiamsi</strong></span> 
     </span>
    </p>
   </div>
   <div class='ocr_carea' id='block_1_11' title="bbox 224 1118 1823 1186">
    <p class='ocr_par' dir='ltr' id='par_1_11' title="bbox 224 1118 1823 1186">
     <span class='ocr_line' id='line_1_11' title="bbox 224 1118 1823 1186; baseline 0.001 -13"><span class='ocrx_word' id='word_1_75' title='bbox 224 1118 616 1186; x_wconf 83' lang='lat' dir='ltr'><strong>nostralingna</strong></span> <span class='ocrx_word' id='word_1_76' title='bbox 647 1118 863 1173; x_wconf 88' lang='lat' dir='ltr'><strong>minime</strong></span> <span class='ocrx_word' id='word_1_77' title='bbox 885 1119 1239 1184; x_wconf 85' lang='lat' dir='ltr'><strong>contradicat,</strong></span> <span class='ocrx_word' id='word_1_78' title='bbox 1272 1119 1414 1175; x_wconf 91' lang='lat' dir='ltr'><strong>illius</strong></span> <span class='ocrx_word' id='word_1_79' title='bbox 1434 1120 1605 1175; x_wconf 89' lang='lat' dir='ltr'><strong>virtus</strong></span> <span class='ocrx_word' id='word_1_80' title='bbox 1634 1128 1823 1175; x_wconf 87' lang='lat' dir='ltr'><strong>contra</strong></span> 
     </span>
    </p>
   </div>
   <div class='ocr_carea' id='block_1_12' title="bbox 223 1207 1823 1280">
    <p class='ocr_par' dir='ltr' id='par_1_12' title="bbox 223 1207 1823 1280">
     <span class='ocr_line' id='line_1_12' title="bbox 223 1207 1823 1280; baseline 0.001 -17"><span class='ocrx_word' id='word_1_81' title='bbox 223 1207 514 1263; x_wconf 86' lang='lat' dir='ltr'><strong>elationem</strong></span> <span class='ocrx_word' id='word_1_82' title='bbox 536 1208 779 1277; x_wconf 85' lang='lat' dir='ltr'><strong>erigitur,</strong></span> <span class='ocrx_word' id='word_1_83' title='bbox 805 1208 896 1279; x_wconf 91' lang='lat' dir='ltr'><strong>qui</strong></span> <span class='ocrx_word' id='word_1_84' title='bbox 922 1209 1187 1279; x_wconf 70' lang='lat' dir='ltr'><strong>superbia:</strong></span> <span class='ocrx_word' id='word_1_85' title='bbox 1207 1209 1337 1263; x_wconf 85' lang='lat' dir='ltr'><strong>vitio</strong></span> <span class='ocrx_word' id='word_1_86' title='bbox 1360 1224 1454 1280; x_wconf 90' lang='lat' dir='ltr'><strong>per</strong></span> <span class='ocrx_word' id='word_1_87' title='bbox 1476 1210 1823 1279; x_wconf 87' lang='lat' dir='ltr'><strong>semetipsum</strong></span> 
     </span>
    </p>
   </div>
   <div class='ocr_carea' id='block_1_13' title="bbox 223 1301 1824 1372">
    <p class='ocr_par' dir='ltr' id='par_1_13' title="bbox 223 1301 1824 1372">
     <span class='ocr_line' id='line_1_13' title="bbox 223 1301 1824 1372; baseline 0.002 -17"><span class='ocrx_word' id='word_1_88' title='bbox 223 1302 532 1372; x_wconf 86' lang='lat' dir='ltr'><strong>specialiter</strong></span> <span class='ocrx_word' id='word_1_89' title='bbox 584 1302 918 1356; x_wconf 84' lang='lat' dir='ltr'><strong>adversatur.</strong></span> <span class='ocrx_word' id='word_1_90' title='bbox 971 1322 986 1355; x_wconf 75' lang='grc' dir='ltr'><strong><em>ι</em></strong></span> <span class='ocrx_word' id='word_1_91' title='bbox 1038 1301 1107 1356; x_wconf 88' lang='lat' dir='ltr'><strong>Et</strong></span> <span class='ocrx_word' id='word_1_92' title='bbox 1158 1303 1294 1357; x_wconf 86' lang='lat' dir='ltr'><strong>infra</strong></span> <span class='ocrx_word' id='word_1_93' title='bbox 1340 1321 1353 1357; x_wconf 88' lang='lat'><strong>:</strong></span> <span class='ocrx_word' id='word_1_94' title='bbox 1408 1322 1426 1355; x_wconf 85' lang='grc'><strong><em>‹</em></strong></span> <span class='ocrx_word' id='word_1_95' title='bbox 1468 1302 1824 1359; x_wconf 86' lang='lat' dir='ltr'><strong>Considerare</strong></span> 
     </span>
    </p>
   </div>
   <div class='ocr_carea' id='block_1_14' title="bbox 222 1392 1825 1464">
    <p class='ocr_par' dir='ltr' id='par_1_14' title="bbox 222 1392 1825 1464">
     <span class='ocr_line' id='line_1_14' title="bbox 222 1392 1825 1464; baseline 0.002 -17"><span class='ocrx_word' id='word_1_96' title='bbox 222 1405 319 1447; x_wconf 72' lang='lat' dir='ltr'><strong>vos</strong></span> <span class='ocrx_word' id='word_1_97' title='bbox 349 1392 624 1457; x_wconf 85' lang='lat' dir='ltr'><strong>convenit,</strong></span> <span class='ocrx_word' id='word_1_98' title='bbox 657 1408 725 1449; x_wconf 91' lang='lat' dir='ltr'><strong>ne</strong></span> <span class='ocrx_word' id='word_1_99' title='bbox 754 1409 859 1463; x_wconf 91' lang='lat' dir='ltr'><strong>qua</strong></span> <span class='ocrx_word' id='word_1_100' title='bbox 888 1394 1038 1449; x_wconf 79' lang='lat' dir='ltr'><strong>radix</strong></span> <span class='ocrx_word' id='word_1_101' title='bbox 1062 1395 1433 1450; x_wconf 85' lang='lat' dir='ltr'><strong>amaritudinis</strong></span> <span class='ocrx_word' id='word_1_102' title='bbox 1463 1411 1674 1450; x_wconf 87' lang='lat' dir='ltr'><strong>sursum</strong></span> <span class='ocrx_word' id='word_1_103' title='bbox 1702 1410 1825 1464; x_wconf 85' lang='lat' dir='ltr'><strong>ger-</strong></span> 
     </span>
    </p>
   </div>
   <div class='ocr_carea' id='block_1_15' title="bbox 222 1483 1819 1556">
    <p class='ocr_par' dir='ltr' id='par_1_15' title="bbox 222 1483 1819 1556">
     <span class='ocr_line' id='line_1_15' title="bbox 222 1483 1819 1556; baseline 0.003 -20"><span class='ocrx_word' id='word_1_104' title='bbox 222 1484 437 1537; x_wconf 85' lang='lat' dir='ltr'><strong>minans</strong></span> <span class='ocrx_word' id='word_1_105' title='bbox 465 1483 741 1551; x_wconf 85' lang='lat' dir='ltr'><strong>impediat,</strong></span> <span class='ocrx_word' id='word_1_106' title='bbox 773 1493 827 1540; x_wconf 91' lang='lat' dir='ltr'><strong>et</strong></span> <span class='ocrx_word' id='word_1_107' title='bbox 876 1500 971 1555; x_wconf 87' lang='lat' dir='ltr'><strong>per</strong></span> <span class='ocrx_word' id='word_1_108' title='bbox 999 1486 1144 1541; x_wconf 91' lang='lat' dir='ltr'><strong>illam</strong></span> <span class='ocrx_word' id='word_1_109' title='bbox 1176 1486 1591 1556; x_wconf 84' lang='lat' dir='ltr'><strong>coinquinentur</strong></span> <span class='ocrx_word' id='word_1_110' title='bbox 1618 1488 1772 1545; x_wconf 89' lang='lat' dir='ltr'><strong>multi</strong></span> <span class='ocrx_word' id='word_1_111' title='bbox 1806 1506 1819 1541; x_wconf 89' lang='lat'>:</span> 
     </span>
    </p>
   </div>
   <div class='ocr_carea' id='block_1_16' title="bbox 222 1573 1821 1645">
    <p class='ocr_par' dir='ltr' id='par_1_16' title="bbox 222 1573 1821 1645">
     <span class='ocr_line' id='line_1_16' title="bbox 222 1573 1821 1645; baseline 0.003 -18"><span class='ocrx_word' id='word_1_112' title='bbox 222 1573 367 1644; x_wconf 89' lang='lat' dir='ltr'><strong>quod</strong></span> <span class='ocrx_word' id='word_1_113' title='bbox 414 1581 592 1627; x_wconf 91' lang='lat' dir='ltr'><strong>tamen</strong></span> <span class='ocrx_word' id='word_1_114' title='bbox 642 1574 685 1628; x_wconf 91' lang='lat' dir='ltr'><strong>si</strong></span> <span class='ocrx_word' id='word_1_115' title='bbox 734 1590 832 1630; x_wconf 90' lang='lat' dir='ltr'><strong>nos</strong></span> <span class='ocrx_word' id='word_1_116' title='bbox 871 1576 1213 1631; x_wconf 89' lang='lat' dir='ltr'><strong>considerare</strong></span> <span class='ocrx_word' id='word_1_117' title='bbox 1255 1577 1600 1645; x_wconf 79' lang='lat' dir='ltr'><strong>negligimus,</strong></span> <span class='ocrx_word' id='word_1_118' title='bbox 1633 1586 1821 1632; x_wconf 89' lang='lat' dir='ltr'><strong>contra</strong></span> 
     </span>
    </p>
   </div>
   <div class='ocr_carea' id='block_1_17' title="bbox 221 1667 1815 1741">
    <p class='ocr_par' dir='ltr' id='par_1_17' title="bbox 221 1667 1815 1741">
     <span class='ocr_line' id='line_1_17' title="bbox 221 1667 1815 1741; baseline 0.005 -22"><span class='ocrx_word' id='word_1_119' title='bbox 221 1674 388 1721; x_wconf 67' lang='lat' dir='ltr'><strong>tantae</strong></span> <span class='ocrx_word' id='word_1_120' title='bbox 411 1667 657 1722; x_wconf 89' lang='lat' dir='ltr'><strong>elationis</strong></span> <span class='ocrx_word' id='word_1_121' title='bbox 682 1676 947 1723; x_wconf 90' lang='lat' dir='ltr'><strong>tumorem</strong></span> <span class='ocrx_word' id='word_1_122' title='bbox 964 1669 1164 1739; x_wconf 87' lang='lat' dir='ltr'><strong>judicia</strong></span> <span class='ocrx_word' id='word_1_123' title='bbox 1186 1685 1420 1741; x_wconf 86' lang='lat' dir='ltr'><strong>superna</strong></span> <span class='ocrx_word' id='word_1_124' title='bbox 1446 1670 1760 1740; x_wconf 88' lang='lat' dir='ltr'><strong>vigilabunt.</strong></span> <span class='ocrx_word' id='word_1_125' title='bbox 1796 1691 1815 1727; x_wconf 76' lang='grc' dir='ltr'><strong><em>ι</em></strong></span> 
     </span>
    </p>
   </div>
   <div class='ocr_carea' id='block_1_18' title="bbox 225 1756 892 1830">
    <p class='ocr_par' dir='ltr' id='par_1_18' title="bbox 225 1756 892 1830">
     <span class='ocr_line' id='line_1_18' title="bbox 225 1756 892 1830; baseline 0.003 -21"><span class='ocrx_word' id='word_1_126' title='bbox 225 1756 449 1829; x_wconf 74' lang='lat' dir='ltr'><strong>(Regist.</strong></span> <span class='ocrx_word' id='word_1_127' title='bbox 475 1758 563 1811; x_wconf 83' lang='lat' dir='ltr'><strong>lib.</strong></span> <span class='ocrx_word' id='word_1_128' title='bbox 590 1774 643 1823; x_wconf 70' lang='grc' dir='ltr'><strong>ν,</strong></span> <span class='ocrx_word' id='word_1_129' title='bbox 668 1775 749 1830; x_wconf 86' lang='lat' dir='ltr'><strong>ep.</strong></span> <span class='ocrx_word' id='word_1_130' title='bbox 783 1758 892 1824; x_wconf 73' lang='lat' dir='ltr'><strong>i9.)</strong></span> 
     </span>
    </p>
   </div>
   <div class='ocr_carea' id='block_1_19' title="bbox 1925 562 3524 634">
    <p class='ocr_par' dir='ltr' id='par_1_19' title="bbox 1925 562 3524 634">
     <span class='ocr_line' id='line_1_19' title="bbox 1925 562 3524 634; baseline 0.006 -17"><span class='ocrx_word' id='word_1_131' title='bbox 1925 563 2161 634; x_wconf 87' lang='lat' dir='ltr'><strong>potentis</strong></span> <span class='ocrx_word' id='word_1_132' title='bbox 2189 562 2282 617; x_wconf 88' lang='lat' dir='ltr'><strong>Dei</strong></span> <span class='ocrx_word' id='word_1_133' title='bbox 2312 562 2485 631; x_wconf 90' lang='lat' dir='ltr'><strong>gratia</strong></span> <span class='ocrx_word' id='word_1_134' title='bbox 2526 570 2689 631; x_wconf 89' lang='lat' dir='ltr'><strong>atque</strong></span> <span class='ocrx_word' id='word_1_135' title='bbox 2734 563 2877 619; x_wconf 86' lang='lat' dir='ltr'><strong>beati</strong></span> <span class='ocrx_word' id='word_1_136' title='bbox 2907 562 3052 620; x_wconf 88' lang='lat' dir='ltr'><strong>Petri</strong></span> <span class='ocrx_word' id='word_1_137' title='bbox 3083 563 3352 633; x_wconf 88' lang='lat' dir='ltr'><strong>adjutorio</strong></span> <span class='ocrx_word' id='word_1_138' title='bbox 3392 581 3524 627; x_wconf 87' lang='lat' dir='ltr'><strong>con-</strong></span> 
     </span>
    </p>
   </div>
   <div class='ocr_carea' id='block_1_20' title="bbox 1924 655 3523 731">
    <p class='ocr_par' dir='ltr' id='par_1_20' title="bbox 1924 655 3523 731">
     <span class='ocr_line' id='line_1_20' title="bbox 1924 655 3523 731; baseline 0.003 -21"><span class='ocrx_word' id='word_1_139' title='bbox 1924 657 2070 711; x_wconf 82' lang='lat' dir='ltr'><strong>ﬁdat.</strong></span> <span class='ocrx_word' id='word_1_140' title='bbox 2100 657 2300 713; x_wconf 84' lang='lat' dir='ltr'><strong>Vocem</strong></span> <span class='ocrx_word' id='word_1_141' title='bbox 2326 655 2587 711; x_wconf 82' lang='lat' dir='ltr'><strong>Veritatis</strong></span> <span class='ocrx_word' id='word_1_142' title='bbox 2630 657 2864 724; x_wconf 87' lang='lat' dir='ltr'><strong>recolat,</strong></span> <span class='ocrx_word' id='word_1_143' title='bbox 2910 657 3139 713; x_wconf 89' lang='lat' dir='ltr'><strong>dicentis</strong></span> <span class='ocrx_word' id='word_1_144' title='bbox 3168 676 3181 712; x_wconf 89' lang='lat'>:</span> <span class='ocrx_word' id='word_1_145' title='bbox 3216 658 3396 731; x_wconf 68' lang='lat' dir='ltr'><strong>Major</strong></span> <span class='ocrx_word' id='word_1_146' title='bbox 3422 669 3523 731; x_wconf 69' lang='lat' dir='ltr'><strong>est,</strong></span> 
     </span>
    </p>
   </div>
   <div class='ocr_carea' id='block_1_21' title="bbox 1924 749 3523 824">
    <p class='ocr_par' dir='ltr' id='par_1_21' title="bbox 1924 749 3523 824">
     <span class='ocr_line' id='line_1_21' title="bbox 1924 749 3523 824; baseline 0.002 -20"><span class='ocrx_word' id='word_1_147' title='bbox 1924 751 2009 822; x_wconf 86' lang='lat' dir='ltr'><strong>qui</strong></span> <span class='ocrx_word' id='word_1_148' title='bbox 2031 751 2085 806; x_wconf 86' lang='lat' dir='ltr'><strong>in</strong></span> <span class='ocrx_word' id='word_1_149' title='bbox 2108 749 2243 805; x_wconf 79' lang='lat' dir='ltr'><strong>vobis</strong></span> <span class='ocrx_word' id='word_1_150' title='bbox 2267 758 2360 814; x_wconf 83' lang='lat' dir='ltr'><strong>est,</strong></span> <span class='ocrx_word' id='word_1_151' title='bbox 2388 766 2540 819; x_wconf 82' lang='lat' dir='ltr'><strong>quam</strong></span> <span class='ocrx_word' id='word_1_152' title='bbox 2561 751 2645 821; x_wconf 82' lang='lat' dir='ltr'><strong>qui</strong></span> <span class='ocrx_word' id='word_1_153' title='bbox 2669 751 2723 803; x_wconf 86' lang='lat' dir='ltr'><strong>in</strong></span> <span class='ocrx_word' id='word_1_154' title='bbox 2745 750 2841 804; x_wconf 82' lang='lat' dir='ltr'><strong>hoc</strong></span> <span class='ocrx_word' id='word_1_155' title='bbox 2861 750 3054 807; x_wconf 75' lang='lat' dir='ltr'><strong>munde</strong></span> <span class='ocrx_word' id='word_1_156' title='bbox 3081 749 3137 823; x_wconf 89' lang='lat' dir='ltr'><strong>(I</strong></span> <span class='ocrx_word' id='word_1_157' title='bbox 3157 751 3316 807; x_wconf 78' lang='lat' dir='ltr'><strong>Joan.</strong></span> <span class='ocrx_word' id='word_1_158' title='bbox 3340 768 3414 818; x_wconf 85' lang='lat' dir='ltr'><strong>Iv,</strong></span> <span class='ocrx_word' id='word_1_159' title='bbox 3444 752 3523 824; x_wconf 69' lang='lat'><strong>4).</strong></span> 
     </span>
    </p>
   </div>
   <div class='ocr_carea' id='block_1_22' title="bbox 1925 838 3527 911">
    <p class='ocr_par' dir='ltr' id='par_1_22' title="bbox 1925 838 3527 911">
     <span class='ocr_line' id='line_1_22' title="bbox 1925 838 3527 911; baseline 0.001 -16"><span class='ocrx_word' id='word_1_160' title='bbox 1925 841 1992 898; x_wconf 90' lang='lat' dir='ltr'><strong>Et</strong></span> <span class='ocrx_word' id='word_1_161' title='bbox 2018 843 2071 897; x_wconf 89' lang='lat' dir='ltr'><strong>in</strong></span> <span class='ocrx_word' id='word_1_162' title='bbox 2098 842 2198 899; x_wconf 86' lang='lat' dir='ltr'><strong>hac</strong></span> <span class='ocrx_word' id='word_1_163' title='bbox 2230 856 2413 908; x_wconf 84' lang='lat' dir='ltr'><strong>causa,</strong></span> <span class='ocrx_word' id='word_1_164' title='bbox 2444 838 2704 911; x_wconf 86' lang='lat' dir='ltr'><strong>quidquid</strong></span> <span class='ocrx_word' id='word_1_165' title='bbox 2734 839 3001 909; x_wconf 89' lang='lat' dir='ltr'><strong>agendum</strong></span> <span class='ocrx_word' id='word_1_166' title='bbox 3030 849 3115 897; x_wconf 89' lang='lat' dir='ltr'><strong>est</strong></span> <span class='ocrx_word' id='word_1_167' title='bbox 3150 857 3275 899; x_wconf 88' lang='lat' dir='ltr'><strong>cum</strong></span> <span class='ocrx_word' id='word_1_168' title='bbox 3314 857 3527 899; x_wconf 82' lang='lat' dir='ltr'><strong>summa</strong></span> 
     </span>
    </p>
   </div>
   <div class='ocr_carea' id='block_1_23' title="bbox 1924 930 3528 1001">
    <p class='ocr_par' dir='ltr' id='par_1_23' title="bbox 1924 930 3528 1001">
     <span class='ocr_line' id='line_1_23' title="bbox 1924 930 3528 1001; baseline 0 -11"><span class='ocrx_word' id='word_1_169' title='bbox 1924 934 2249 991; x_wconf 89' lang='lat' dir='ltr'><strong>auctoritate</strong></span> <span class='ocrx_word' id='word_1_170' title='bbox 2283 940 2425 1001; x_wconf 89' lang='lat' dir='ltr'><strong>agat.</strong></span> <span class='ocrx_word' id='word_1_171' title='bbox 2476 930 2769 1001; x_wconf 87' lang='lat' dir='ltr'><strong>Postquam</strong></span> <span class='ocrx_word' id='word_1_172' title='bbox 2807 931 2951 987; x_wconf 91' lang='lat' dir='ltr'><strong>enim</strong></span> <span class='ocrx_word' id='word_1_173' title='bbox 2998 932 3213 989; x_wconf 85' lang='lat' dir='ltr'><strong>defendi</strong></span> <span class='ocrx_word' id='word_1_174' title='bbox 3254 934 3322 990; x_wconf 78' lang='lat' dir='ltr'><strong>ab</strong></span> <span class='ocrx_word' id='word_1_175' title='bbox 3356 934 3528 995; x_wconf 85' lang='lat' dir='ltr'><strong>inimi-</strong></span> 
     </span>
    </p>
   </div>
   <div class='ocr_carea' id='block_1_24' title="bbox 1925 1021 3526 1096">
    <p class='ocr_par' dir='ltr' id='par_1_24' title="bbox 1925 1021 3526 1096">
     <span class='ocr_line' id='line_1_24' title="bbox 1925 1021 3526 1096; baseline -0.001 -15"><span class='ocrx_word' id='word_1_176' title='bbox 1925 1040 2110 1081; x_wconf 86' lang='lat' dir='ltr'><strong>corum</strong></span> <span class='ocrx_word' id='word_1_177' title='bbox 2162 1024 2352 1095; x_wconf 76' lang='lat' dir='ltr'><strong>gladiis</strong></span> <span class='ocrx_word' id='word_1_178' title='bbox 2394 1022 2541 1078; x_wconf 91' lang='lat' dir='ltr'><strong>nullo</strong></span> <span class='ocrx_word' id='word_1_179' title='bbox 2572 1021 2734 1077; x_wconf 90' lang='lat' dir='ltr'><strong>modo</strong></span> <span class='ocrx_word' id='word_1_180' title='bbox 2761 1035 3079 1093; x_wconf 77' lang='lat' dir='ltr'><strong>possumus,</strong></span> <span class='ocrx_word' id='word_1_181' title='bbox 3108 1031 3395 1093; x_wconf 85' lang='lat' dir='ltr'><strong>postquam</strong></span> <span class='ocrx_word' id='word_1_182' title='bbox 3424 1038 3526 1096; x_wconf 87' lang='lat' dir='ltr'><strong>pro</strong></span> 
     </span>
    </p>
   </div>
   <div class='ocr_carea' id='block_1_25' title="bbox 1926 1114 3525 1186">
    <p class='ocr_par' dir='ltr' id='par_1_25' title="bbox 1926 1114 3525 1186">
     <span class='ocr_line' id='line_1_25' title="bbox 1926 1114 3525 1186; baseline -0.001 -13"><span class='ocrx_word' id='word_1_183' title='bbox 1926 1133 2111 1173; x_wconf 88' lang='lat' dir='ltr'><strong>amore</strong></span> <span class='ocrx_word' id='word_1_184' title='bbox 2142 1116 2448 1186; x_wconf 74' lang='lat' dir='ltr'><strong>reipublicae</strong></span> <span class='ocrx_word' id='word_1_185' title='bbox 2477 1122 2787 1183; x_wconf 88' lang='lat' dir='ltr'><strong>argentum,</strong></span> <span class='ocrx_word' id='word_1_186' title='bbox 2820 1128 3045 1178; x_wconf 90' lang='lat' dir='ltr'><strong>aurum,</strong></span> <span class='ocrx_word' id='word_1_187' title='bbox 3095 1114 3396 1186; x_wconf 87' lang='lat' dir='ltr'><strong>mancipia,</strong></span> <span class='ocrx_word' id='word_1_188' title='bbox 3437 1129 3525 1171; x_wconf 81' lang='lat' dir='ltr'><strong>ve-</strong></span> 
     </span>
    </p>
   </div>
   <div class='ocr_carea' id='block_1_26' title="bbox 1926 1206 3529 1279">
    <p class='ocr_par' dir='ltr' id='par_1_26' title="bbox 1926 1206 3529 1279">
     <span class='ocr_line' id='line_1_26' title="bbox 1926 1206 3529 1279; baseline 0 -16"><span class='ocrx_word' id='word_1_189' title='bbox 1926 1218 2143 1277; x_wconf 87' lang='lat' dir='ltr'><strong>stesque</strong></span> <span class='ocrx_word' id='word_1_190' title='bbox 2192 1208 2551 1279; x_wconf 85' lang='lat' dir='ltr'><strong>perdidimus,</strong></span> <span class='ocrx_word' id='word_1_191' title='bbox 2581 1208 2740 1263; x_wconf 89' lang='lat' dir='ltr'><strong>nimis</strong></span> <span class='ocrx_word' id='word_1_192' title='bbox 2785 1206 3202 1277; x_wconf 89' lang='lat' dir='ltr'><strong>ignominiosum</strong></span> <span class='ocrx_word' id='word_1_193' title='bbox 3233 1215 3317 1265; x_wconf 85' lang='lat' dir='ltr'><strong>est</strong></span> <span class='ocrx_word' id='word_1_194' title='bbox 3343 1216 3404 1263; x_wconf 89' lang='lat' dir='ltr'><strong>ut</strong></span> <span class='ocrx_word' id='word_1_195' title='bbox 3428 1222 3529 1279; x_wconf 87' lang='lat' dir='ltr'><strong>per</strong></span> 
     </span>
    </p>
   </div>
   <div class='ocr_carea' id='block_1_27' title="bbox 1926 1297 3528 1370">
    <p class='ocr_par' dir='ltr' id='par_1_27' title="bbox 1926 1297 3528 1370">
     <span class='ocr_line' id='line_1_27' title="bbox 1926 1297 3528 1370; baseline -0.001 -12"><span class='ocrx_word' id='word_1_196' title='bbox 1926 1317 2022 1359; x_wconf 92' lang='lat' dir='ltr'><strong>eos</strong></span> <span class='ocrx_word' id='word_1_197' title='bbox 2052 1300 2214 1357; x_wconf 90' lang='lat' dir='ltr'><strong>etiam</strong></span> <span class='ocrx_word' id='word_1_198' title='bbox 2256 1299 2415 1354; x_wconf 88' lang='lat' dir='ltr'><strong>fidem</strong></span> <span class='ocrx_word' id='word_1_199' title='bbox 2446 1299 2751 1370; x_wconf 88' lang='lat' dir='ltr'><strong>perdamus.</strong></span> <span class='ocrx_word' id='word_1_200' title='bbox 2781 1297 2839 1353; x_wconf 90' lang='lat' dir='ltr'><strong>In</strong></span> <span class='ocrx_word' id='word_1_201' title='bbox 2869 1298 2974 1354; x_wconf 90' lang='lat' dir='ltr'><strong>isto</strong></span> <span class='ocrx_word' id='word_1_202' title='bbox 3003 1298 3148 1354; x_wconf 90' lang='lat' dir='ltr'><strong>enim</strong></span> <span class='ocrx_word' id='word_1_203' title='bbox 3176 1298 3414 1354; x_wconf 91' lang='lat' dir='ltr'><strong>scelesto</strong></span> <span class='ocrx_word' id='word_1_204' title='bbox 3438 1313 3528 1356; x_wconf 81' lang='lat' dir='ltr'><strong>vo-</strong></span> 
     </span>
    </p>
   </div>
   <div class='ocr_carea' id='block_1_28' title="bbox 1925 1391 3529 1463">
    <p class='ocr_par' dir='ltr' id='par_1_28' title="bbox 1925 1391 3529 1463">
     <span class='ocr_line' id='line_1_28' title="bbox 1925 1391 3529 1463; baseline -0.002 -12"><span class='ocrx_word' id='word_1_205' title='bbox 1925 1396 2118 1452; x_wconf 90' lang='lat' dir='ltr'><strong>cabulo</strong></span> <span class='ocrx_word' id='word_1_206' title='bbox 2145 1394 2480 1459; x_wconf 89' lang='lat' dir='ltr'><strong>consentire,</strong></span> <span class='ocrx_word' id='word_1_207' title='bbox 2530 1393 2662 1448; x_wconf 90' lang='lat' dir='ltr'><strong>nihil</strong></span> <span class='ocrx_word' id='word_1_208' title='bbox 2690 1401 2775 1449; x_wconf 91' lang='lat' dir='ltr'><strong>est</strong></span> <span class='ocrx_word' id='word_1_209' title='bbox 2818 1392 2962 1448; x_wconf 91' lang='lat' dir='ltr'><strong>aliud</strong></span> <span class='ocrx_word' id='word_1_210' title='bbox 3002 1407 3168 1462; x_wconf 88' lang='lat' dir='ltr'><strong>quam</strong></span> <span class='ocrx_word' id='word_1_211' title='bbox 3204 1391 3364 1447; x_wconf 84' lang='lat' dir='ltr'><strong>fidem</strong></span> <span class='ocrx_word' id='word_1_212' title='bbox 3402 1407 3529 1463; x_wconf 88' lang='lat' dir='ltr'><strong>per-</strong></span> 
     </span>
    </p>
   </div>
   <div class='ocr_carea' id='block_1_29' title="bbox 1928 1483 3528 1557">
    <p class='ocr_par' dir='ltr' id='par_1_29' title="bbox 1928 1483 3528 1557">
     <span class='ocr_line' id='line_1_29' title="bbox 1928 1483 3528 1557; baseline 0 -16"><span class='ocrx_word' id='word_1_213' title='bbox 1928 1486 2079 1544; x_wconf 90' lang='lat' dir='ltr'><strong>dere.</strong></span> <span class='ocrx_word' id='word_1_214' title='bbox 2113 1483 2264 1543; x_wconf 88' lang='lat' dir='ltr'><strong>Unde</strong></span> <span class='ocrx_word' id='word_1_215' title='bbox 2290 1487 2431 1543; x_wconf 87' lang='lat' dir='ltr'><strong>sicut</strong></span> <span class='ocrx_word' id='word_1_216' title='bbox 2459 1484 2553 1541; x_wconf 90' lang='lat' dir='ltr'><strong>tibi</strong></span> <span class='ocrx_word' id='word_1_217' title='bbox 2575 1485 2686 1554; x_wconf 88' lang='lat' dir='ltr'><strong>jam</strong></span> <span class='ocrx_word' id='word_1_218' title='bbox 2732 1484 3021 1545; x_wconf 77' lang='lat' dir='ltr'><strong>transactis</strong></span> <span class='ocrx_word' id='word_1_219' title='bbox 3045 1484 3288 1554; x_wconf 86' lang='lat' dir='ltr'><strong>epistolis</strong></span> <span class='ocrx_word' id='word_1_220' title='bbox 3315 1484 3528 1557; x_wconf 83' lang='lat' dir='ltr'><strong>scripsi,</strong></span> 
     </span>
    </p>
   </div>
   <div class='ocr_carea' id='block_1_30' title="bbox 1926 1576 3525 1652">
    <p class='ocr_par' dir='ltr' id='par_1_30' title="bbox 1926 1576 3525 1652">
     <span class='ocr_line' id='line_1_30' title="bbox 1926 1576 3525 1652; baseline -0.004 -13"><span class='ocrx_word' id='word_1_221' title='bbox 1926 1597 2221 1652; x_wconf 88' lang='lat' dir='ltr'><strong>numquam</strong></span> <span class='ocrx_word' id='word_1_222' title='bbox 2265 1596 2391 1637; x_wconf 89' lang='lat' dir='ltr'><strong>cum</strong></span> <span class='ocrx_word' id='word_1_223' title='bbox 2429 1595 2496 1636; x_wconf 92' lang='lat' dir='ltr'><strong>eo</strong></span> <span class='ocrx_word' id='word_1_224' title='bbox 2556 1578 2859 1650; x_wconf 82' lang='lat' dir='ltr'><strong>procedere</strong></span> <span class='ocrx_word' id='word_1_225' title='bbox 2907 1594 3225 1650; x_wconf 81' lang='lat' dir='ltr'><strong>praesumas.</strong></span> <span class='ocrx_word' id='word_1_226' title='bbox 3268 1576 3425 1651; x_wconf 87' lang='lat' dir='ltr'><strong>(Lib.</strong></span> <span class='ocrx_word' id='word_1_227' title='bbox 3470 1593 3525 1643; x_wconf 73' lang='grc' dir='ltr'><strong>ν,</strong></span> 
     </span>
    </p>
   </div>
   <div class='ocr_carea' id='block_1_31' title="bbox 1926 1675 2176 1747">
    <p class='ocr_par' dir='ltr' id='par_1_31' title="bbox 1926 1675 2176 1747">
     <span class='ocr_line' id='line_1_31' title="bbox 1926 1675 2176 1747; baseline 0.004 -18"><span class='ocrx_word' id='word_1_228' title='bbox 1926 1679 2007 1747; x_wconf 74' lang='lat' dir='ltr'><strong>ep.</strong></span> <span class='ocrx_word' id='word_1_229' title='bbox 2065 1675 2176 1746; x_wconf 84' lang='lat' dir='ltr'><strong>l9.)</strong></span> 
     </span>
    </p>
   </div>
   <div class='ocr_carea' id='block_1_32' title="bbox 1999 1762 3525 1835">
    <p class='ocr_par' dir='ltr' id='par_1_32' title="bbox 1999 1762 3525 1835">
     <span class='ocr_line' id='line_1_32' title="bbox 1999 1762 3525 1835; baseline 0 -14"><span class='ocrx_word' id='word_1_230' title='bbox 1999 1766 2086 1823; x_wconf 83' lang='grc'><strong>56.</strong></span> <span class='ocrx_word' id='word_1_231' title='bbox 2114 1766 2182 1822; x_wconf 89' lang='lat' dir='ltr'><strong>At</strong></span> <span class='ocrx_word' id='word_1_232' title='bbox 2197 1782 2327 1822; x_wconf 92' lang='lat' dir='ltr'><strong>vero</strong></span> <span class='ocrx_word' id='word_1_233' title='bbox 2349 1765 2602 1831; x_wconf 87' lang='lat' dir='ltr'><strong>Joannes,</strong></span> <span class='ocrx_word' id='word_1_234' title='bbox 2629 1778 2783 1821; x_wconf 76' lang='lat' dir='ltr'><strong>novte</strong></span> <span class='ocrx_word' id='word_1_235' title='bbox 2803 1762 3235 1835; x_wconf 74' lang='lat' dir='ltr'><strong>pnesumptionis</strong></span> <span class='ocrx_word' id='word_1_236' title='bbox 3256 1762 3525 1831; x_wconf 74' lang='lat' dir='ltr'><strong>iuventur,</strong></span> 
     </span>
    </p>
   </div>
   <div class='ocr_carea' id='block_1_33' title="bbox 296 1849 3530 1923">
    <p class='ocr_par' dir='ltr' id='par_1_33' title="bbox 296 1849 3530 1923">
     <span class='ocr_line' id='line_1_33' title="bbox 296 1849 3530 1923; baseline 0.002 -20"><span class='ocrx_word' id='word_1_237' title='bbox 296 1849 427 1904; x_wconf 91' lang='lat' dir='ltr'><strong>ltem</strong></span> <span class='ocrx_word' id='word_1_238' title='bbox 484 1849 659 1905; x_wconf 90' lang='lat' dir='ltr'><strong>eidem</strong></span> <span class='ocrx_word' id='word_1_239' title='bbox 716 1850 768 1907; x_wconf 92' lang='lat' dir='ltr'><strong>in</strong></span> <span class='ocrx_word' id='word_1_240' title='bbox 824 1850 927 1905; x_wconf 91' lang='lat' dir='ltr'><strong>alia</strong></span> <span class='ocrx_word' id='word_1_241' title='bbox 967 1852 1194 1922; x_wconf 85' lang='lat' dir='ltr'><strong>epistola</strong></span> <span class='ocrx_word' id='word_1_242' title='bbox 1240 1861 1363 1922; x_wconf 87' lang='lat' dir='ltr'><strong>post</strong></span> <span class='ocrx_word' id='word_1_243' title='bbox 1407 1852 1573 1908; x_wconf 89' lang='lat' dir='ltr'><strong>multa</strong></span> <span class='ocrx_word' id='word_1_244' title='bbox 1609 1872 1620 1908; x_wconf 92' lang='lat'><strong>:</strong></span> <span class='ocrx_word' id='word_1_245' title='bbox 1661 1873 1679 1906; x_wconf 83' lang='grc'>‹</span> <span class='ocrx_word' id='word_1_246' title='bbox 1712 1854 1818 1911; x_wconf 89' lang='lat' dir='ltr'><strong>Sed</strong></span> <span class='ocrx_word' id='word_1_247' title='bbox 1849 1861 1898 1923; x_wconf 87' lang='lat' dir='ltr'><strong>B</strong></span> <span class='ocrx_word' id='word_1_248' title='bbox 1924 1858 2014 1915; x_wconf 91' lang='lat' dir='ltr'><strong>ubi</strong></span> <span class='ocrx_word' id='word_1_249' title='bbox 2062 1857 2379 1913; x_wconf 86' lang='lat' dir='ltr'><strong>Mauricium</strong></span> <span class='ocrx_word' id='word_1_250' title='bbox 2418 1856 2532 1910; x_wconf 90' lang='lat' dir='ltr'><strong>Deo</strong></span> <span class='ocrx_word' id='word_1_251' title='bbox 2569 1855 2882 1922; x_wconf 90' lang='lat' dir='ltr'><strong>adversum,</strong></span> <span class='ocrx_word' id='word_1_252' title='bbox 2932 1852 3197 1923; x_wconf 84' lang='lat' dir='ltr'><strong>Gregorio</strong></span> <span class='ocrx_word' id='word_1_253' title='bbox 3240 1869 3367 1911; x_wconf 90' lang='lat' dir='ltr'><strong>cum</strong></span> <span class='ocrx_word' id='word_1_254' title='bbox 3414 1854 3530 1911; x_wconf 86' lang='lat' dir='ltr'><strong>suis</strong></span> 
     </span>
    </p>
   </div>
   <div class='ocr_carea' id='block_1_34' title="bbox 221 1940 1817 2016">
    <p class='ocr_par' dir='ltr' id='par_1_34' title="bbox 221 1940 1817 2016">
     <span class='ocr_line' id='line_1_34' title="bbox 221 1940 1817 2016; baseline 0.005 -20"><span class='ocrx_word' id='word_1_255' title='bbox 221 1941 388 1996; x_wconf 89' lang='lat' dir='ltr'><strong>etiam</strong></span> <span class='ocrx_word' id='word_1_256' title='bbox 426 1956 566 1996; x_wconf 93' lang='lat' dir='ltr'><strong>nunc</strong></span> <span class='ocrx_word' id='word_1_257' title='bbox 614 1940 735 1996; x_wconf 93' lang='lat' dir='ltr'><strong>dico</strong></span> <span class='ocrx_word' id='word_1_258' title='bbox 768 1958 781 1995; x_wconf 90' lang='lat'><strong>:</strong></span> <span class='ocrx_word' id='word_1_259' title='bbox 813 1951 907 1996; x_wconf 91' lang='lat' dir='ltr'><strong>aut</strong></span> <span class='ocrx_word' id='word_1_260' title='bbox 948 1942 1165 1997; x_wconf 88' lang='lat' dir='ltr'><strong>easdem</strong></span> <span class='ocrx_word' id='word_1_261' title='bbox 1220 1960 1477 2016; x_wconf 88' lang='lat' dir='ltr'><strong>personas</strong></span> <span class='ocrx_word' id='word_1_262' title='bbox 1534 1945 1817 2016; x_wconf 88' lang='lat' dir='ltr'><strong>(videlicet</strong></span> 
     </span>
    </p>
   </div>
   <div class='ocr_carea' id='block_1_35' title="bbox 222 2028 1817 2102">
    <p class='ocr_par' dir='ltr' id='par_1_35' title="bbox 222 2028 1817 2102">
     <span class='ocr_line' id='line_1_35' title="bbox 222 2028 1817 2102; baseline 0.006 -18"><span class='ocrx_word' id='word_1_263' title='bbox 222 2028 485 2086; x_wconf 76' lang='lat' dir='ltr'><strong>Joannem</strong></span> <span class='ocrx_word' id='word_1_264' title='bbox 524 2030 1020 2087; x_wconf 89' lang='lat' dir='ltr'><strong>Chalcedonensem</strong></span> <span class='ocrx_word' id='word_1_265' title='bbox 1068 2042 1121 2089; x_wconf 92' lang='lat' dir='ltr'><strong>et</strong></span> <span class='ocrx_word' id='word_1_266' title='bbox 1170 2034 1555 2102; x_wconf 83' lang='lat' dir='ltr'><strong>Athanasium,</strong></span> <span class='ocrx_word' id='word_1_267' title='bbox 1603 2035 1817 2093; x_wconf 70' lang='lat' dir='ltr'><strong>Isaurite</strong></span> 
     </span>
    </p>
   </div>
   <div class='ocr_carea' id='block_1_36' title="bbox 221 2122 1817 2197">
    <p class='ocr_par' dir='ltr' id='par_1_36' title="bbox 221 2122 1817 2197">
     <span class='ocr_line' id='line_1_36' title="bbox 221 2122 1817 2197; baseline 0.005 -20"><span class='ocrx_word' id='word_1_268' title='bbox 221 2122 585 2195; x_wconf 83' lang='lat' dir='ltr'><strong>presbyteros)</strong></span> <span class='ocrx_word' id='word_1_269' title='bbox 612 2124 661 2179; x_wconf 92' lang='lat' dir='ltr'><strong>in</strong></span> <span class='ocrx_word' id='word_1_270' title='bbox 690 2124 799 2178; x_wconf 90' lang='lat' dir='ltr'><strong>suis</strong></span> <span class='ocrx_word' id='word_1_271' title='bbox 821 2124 1097 2179; x_wconf 83' lang='lat' dir='ltr'><strong>ordinibus</strong></span> <span class='ocrx_word' id='word_1_272' title='bbox 1118 2127 1351 2196; x_wconf 89' lang='lat' dir='ltr'><strong>suscipe,</strong></span> <span class='ocrx_word' id='word_1_273' title='bbox 1372 2127 1556 2197; x_wconf 87' lang='lat' dir='ltr'><strong>eisque</strong></span> <span class='ocrx_word' id='word_1_274' title='bbox 1579 2128 1817 2197; x_wconf 90' lang='lat' dir='ltr'><strong>quietem</strong></span> 
     </span>
    </p>
   </div>
   <div class='ocr_carea' id='block_1_37' title="bbox 220 2217 1818 2289">
    <p class='ocr_par' dir='ltr' id='par_1_37' title="bbox 220 2217 1818 2289">
     <span class='ocr_line' id='line_1_37' title="bbox 220 2217 1818 2289; baseline 0.002 -19"><span class='ocrx_word' id='word_1_275' title='bbox 220 2217 435 2289; x_wconf 65' lang='lat' dir='ltr'><strong>praebe;</strong></span> <span class='ocrx_word' id='word_1_276' title='bbox 467 2225 559 2272; x_wconf 89' lang='lat' dir='ltr'><strong>aut</strong></span> <span class='ocrx_word' id='word_1_277' title='bbox 605 2218 647 2271; x_wconf 88' lang='lat' dir='ltr'><strong>si</strong></span> <span class='ocrx_word' id='word_1_278' title='bbox 696 2218 799 2273; x_wconf 89' lang='lat' dir='ltr'><strong>hoc</strong></span> <span class='ocrx_word' id='word_1_279' title='bbox 830 2217 1055 2273; x_wconf 83' lang='lat' dir='ltr'><strong>fortasse</strong></span> <span class='ocrx_word' id='word_1_280' title='bbox 1106 2220 1376 2285; x_wconf 85' lang='lat' dir='ltr'><strong>nolueris,</strong></span> <span class='ocrx_word' id='word_1_281' title='bbox 1410 2220 1556 2274; x_wconf 90' lang='lat' dir='ltr'><strong>omni</strong></span> <span class='ocrx_word' id='word_1_282' title='bbox 1588 2220 1818 2275; x_wconf 89' lang='lat' dir='ltr'><strong>alterca-</strong></span> 
     </span>
    </p>
   </div>
   <div class='ocr_carea' id='block_1_38' title="bbox 220 2307 1817 2381">
    <p class='ocr_par' dir='ltr' id='par_1_38' title="bbox 220 2307 1817 2381">
     <span class='ocr_line' id='line_1_38' title="bbox 220 2307 1817 2381; baseline 0.004 -21"><span class='ocrx_word' id='word_1_283' title='bbox 220 2307 372 2363; x_wconf 87' lang='lat' dir='ltr'><strong>tione</strong></span> <span class='ocrx_word' id='word_1_284' title='bbox 400 2309 728 2379; x_wconf 87' lang='lat' dir='ltr'><strong>postposita,</strong></span> <span class='ocrx_word' id='word_1_285' title='bbox 761 2309 828 2364; x_wconf 88' lang='lat' dir='ltr'><strong>de</strong></span> <span class='ocrx_word' id='word_1_286' title='bbox 860 2326 1046 2363; x_wconf 80' lang='lat' dir='ltr'><strong>eorum</strong></span> <span class='ocrx_word' id='word_1_287' title='bbox 1095 2326 1278 2374; x_wconf 84' lang='lat' dir='ltr'><strong>causa,</strong></span> <span class='ocrx_word' id='word_1_288' title='bbox 1321 2320 1525 2367; x_wconf 89' lang='lat' dir='ltr'><strong>statuta</strong></span> <span class='ocrx_word' id='word_1_289' title='bbox 1551 2311 1817 2381; x_wconf 86' lang='lat' dir='ltr'><strong>majorum</strong></span> 
     </span>
    </p>
   </div>
   <div class='ocr_carea' id='block_1_39' title="bbox 220 2402 1819 2479">
    <p class='ocr_par' dir='ltr' id='par_1_39' title="bbox 220 2402 1819 2479">
     <span class='ocr_line' id='line_1_39' title="bbox 220 2402 1819 2479; baseline 0.004 -25"><span class='ocrx_word' id='word_1_290' title='bbox 220 2408 613 2479; x_wconf 81' lang='lat' dir='ltr'><strong>aut_eanonum</strong></span> <span class='ocrx_word' id='word_1_291' title='bbox 644 2402 899 2456; x_wconf 83' lang='lat' dir='ltr'><strong>terminos</strong></span> <span class='ocrx_word' id='word_1_292' title='bbox 925 2404 1158 2457; x_wconf 86' lang='lat' dir='ltr'><strong>custodi.</strong></span> <span class='ocrx_word' id='word_1_293' title='bbox 1193 2404 1249 2459; x_wconf 91' lang='lat' dir='ltr'><strong>Si</strong></span> <span class='ocrx_word' id='word_1_294' title='bbox 1296 2420 1424 2461; x_wconf 87' lang='lat' dir='ltr'><strong>vero</strong></span> <span class='ocrx_word' id='word_1_295' title='bbox 1456 2414 1707 2461; x_wconf 90' lang='lat' dir='ltr'><strong>neutrum</strong></span> <span class='ocrx_word' id='word_1_296' title='bbox 1741 2406 1819 2461; x_wconf 88' lang='lat' dir='ltr'><strong>fe-</strong></span> 
     </span>
    </p>
   </div>
   <div class='ocr_carea' id='block_1_40' title="bbox 219 2494 1817 2564">
    <p class='ocr_par' dir='ltr' id='par_1_40' title="bbox 219 2494 1817 2564">
     <span class='ocr_line' id='line_1_40' title="bbox 219 2494 1817 2564; baseline 0.003 -15"><span class='ocrx_word' id='word_1_297' title='bbox 219 2494 381 2559; x_wconf 86' lang='lat' dir='ltr'><strong>ceris,</strong></span> <span class='ocrx_word' id='word_1_298' title='bbox 413 2508 511 2549; x_wconf 93' lang='lat' dir='ltr'><strong>nos</strong></span> <span class='ocrx_word' id='word_1_299' title='bbox 543 2494 761 2564; x_wconf 87' lang='lat' dir='ltr'><strong>quidem</strong></span> <span class='ocrx_word' id='word_1_300' title='bbox 790 2494 957 2549; x_wconf 78' lang='lat' dir='ltr'><strong>rixam</strong></span> <span class='ocrx_word' id='word_1_301' title='bbox 990 2496 1186 2551; x_wconf 86' lang='lat' dir='ltr'><strong>inferre</strong></span> <span class='ocrx_word' id='word_1_302' title='bbox 1216 2498 1489 2563; x_wconf 83' lang='lat' dir='ltr'><strong>nolumus,</strong></span> <span class='ocrx_word' id='word_1_303' title='bbox 1513 2499 1606 2554; x_wconf 89' lang='lat' dir='ltr'><strong>sed</strong></span> <span class='ocrx_word' id='word_1_304' title='bbox 1634 2508 1817 2554; x_wconf 90' lang='lat' dir='ltr'><strong>tamen</strong></span> 
     </span>
    </p>
   </div>
   <div class='ocr_carea' id='block_1_41' title="bbox 220 2588 1819 2659">
    <p class='ocr_par' dir='ltr' id='par_1_41' title="bbox 220 2588 1819 2659">
     <span class='ocr_line' id='line_1_41' title="bbox 220 2588 1819 2659; baseline 0.005 -18"><span class='ocrx_word' id='word_1_305' title='bbox 220 2588 524 2643; x_wconf 84' lang='lat' dir='ltr'><strong>venientem</strong></span> <span class='ocrx_word' id='word_1_306' title='bbox 570 2605 599 2642; x_wconf 91' lang='lat' dir='ltr'><strong>a</strong></span> <span class='ocrx_word' id='word_1_307' title='bbox 651 2589 803 2645; x_wconf 89' lang='lat' dir='ltr'><strong>vobis</strong></span> <span class='ocrx_word' id='word_1_308' title='bbox 847 2606 951 2644; x_wconf 92' lang='lat' dir='ltr'><strong>non</strong></span> <span class='ocrx_word' id='word_1_309' title='bbox 994 2590 1320 2647; x_wconf 56' lang='lat' dir='ltr'><strong>devitamus.</strong></span> <span class='ocrx_word' id='word_1_310' title='bbox 1372 2593 1512 2659; x_wconf 85' lang='lat' dir='ltr'><strong>Quid</strong></span> <span class='ocrx_word' id='word_1_311' title='bbox 1540 2602 1720 2649; x_wconf 89' lang='lat' dir='ltr'><strong>autem</strong></span> <span class='ocrx_word' id='word_1_312' title='bbox 1751 2593 1819 2649; x_wconf 90' lang='lat' dir='ltr'><strong>de</strong></span> 
     </span>
    </p>
   </div>
   <div class='ocr_carea' id='block_1_42' title="bbox 220 2681 1818 2754">
    <p class='ocr_par' dir='ltr' id='par_1_42' title="bbox 220 2681 1818 2754">
     <span class='ocr_line' id='line_1_42' title="bbox 220 2681 1818 2754; baseline 0.003 -17"><span class='ocrx_word' id='word_1_313' title='bbox 220 2681 524 2751; x_wconf 88' lang='lat' dir='ltr'><strong>episcopis,</strong></span> <span class='ocrx_word' id='word_1_314' title='bbox 575 2682 670 2751; x_wconf 89' lang='lat' dir='ltr'><strong>qui</strong></span> <span class='ocrx_word' id='word_1_315' title='bbox 719 2683 1036 2739; x_wconf 86' lang='lat' dir='ltr'><strong>verberibus</strong></span> <span class='ocrx_word' id='word_1_316' title='bbox 1080 2684 1256 2739; x_wconf 85' lang='lat' dir='ltr'><strong>timeri</strong></span> <span class='ocrx_word' id='word_1_317' title='bbox 1306 2685 1535 2754; x_wconf 92' lang='lat' dir='ltr'><strong>volunt,</strong></span> <span class='ocrx_word' id='word_1_318' title='bbox 1580 2701 1818 2741; x_wconf 89' lang='lat' dir='ltr'><strong>canones</strong></span> 
     </span>
    </p>
   </div>
   <div class='ocr_carea' id='block_1_43' title="bbox 220 2772 1818 2839">
    <p class='ocr_par' dir='ltr' id='par_1_43' title="bbox 220 2772 1818 2839">
     <span class='ocr_line' id='line_1_43' title="bbox 220 2772 1818 2839; baseline 0.004 -12"><span class='ocrx_word' id='word_1_319' title='bbox 220 2772 438 2839; x_wconf 87' lang='lat' dir='ltr'><strong>dicant,</strong></span> <span class='ocrx_word' id='word_1_320' title='bbox 497 2772 633 2827; x_wconf 85' lang='lat' dir='ltr'><strong>bene</strong></span> <span class='ocrx_word' id='word_1_321' title='bbox 691 2772 999 2829; x_wconf 80' lang='lat' dir='ltr'><strong>fraternitas</strong></span> <span class='ocrx_word' id='word_1_322' title='bbox 1071 2784 1254 2831; x_wconf 89' lang='lat' dir='ltr'><strong>vestra</strong></span> <span class='ocrx_word' id='word_1_323' title='bbox 1330 2778 1500 2833; x_wconf 90' lang='lat' dir='ltr'><strong>novit.</strong></span> <span class='ocrx_word' id='word_1_324' title='bbox 1567 2775 1818 2833; x_wconf 88' lang='lat' dir='ltr'><strong>Pastores</strong></span> 
     </span>
    </p>
   </div>
   <div class='ocr_carea' id='block_1_44' title="bbox 221 2864 1820 2938">
    <p class='ocr_par' dir='ltr' id='par_1_44' title="bbox 221 2864 1820 2938">
     <span class='ocr_line' id='line_1_44' title="bbox 221 2864 1820 2938; baseline 0.004 -20"><span class='ocrx_word' id='word_1_325' title='bbox 221 2864 420 2918; x_wconf 88' lang='lat' dir='ltr'><strong>etenim</strong></span> <span class='ocrx_word' id='word_1_326' title='bbox 477 2864 601 2919; x_wconf 90' lang='lat' dir='ltr'><strong>facti</strong></span> <span class='ocrx_word' id='word_1_327' title='bbox 649 2882 830 2920; x_wconf 89' lang='lat' dir='ltr'><strong>sumus</strong></span> <span class='ocrx_word' id='word_1_328' title='bbox 876 2882 983 2920; x_wconf 94' lang='lat' dir='ltr'><strong>non</strong></span> <span class='ocrx_word' id='word_1_329' title='bbox 1040 2881 1405 2935; x_wconf 73' lang='lat' dir='ltr'><strong>percussores.</strong></span> <span class='ocrx_word' id='word_1_330' title='bbox 1462 2866 1526 2923; x_wconf 85' lang='lat' dir='ltr'><strong>Et</strong></span> <span class='ocrx_word' id='word_1_331' title='bbox 1576 2868 1820 2938; x_wconf 88' lang='lat' dir='ltr'><strong>egregius</strong></span> 
     </span>
    </p>
   </div>
   <div class='ocr_carea' id='block_1_45' title="bbox 220 2956 1820 3031">
    <p class='ocr_par' dir='ltr' id='par_1_45' title="bbox 220 2956 1820 3031">
     <span class='ocr_line' id='line_1_45' title="bbox 220 2956 1820 3031; baseline 0.004 -22"><span class='ocrx_word' id='word_1_332' title='bbox 220 2956 544 3027; x_wconf 68' lang='lat' dir='ltr'><strong>prmdicalor</strong></span> <span class='ocrx_word' id='word_1_333' title='bbox 572 2957 697 3014; x_wconf 87' lang='lat' dir='ltr'><strong>dicit</strong></span> <span class='ocrx_word' id='word_1_334' title='bbox 732 2978 743 3011; x_wconf 90' lang='lat'><strong>:</strong></span> <span class='ocrx_word' id='word_1_335' title='bbox 779 2958 980 3031; x_wconf 81' lang='lat' dir='ltr'><strong>Argue,</strong></span> <span class='ocrx_word' id='word_1_336' title='bbox 1006 2961 1245 3027; x_wconf 84' lang='lat' dir='ltr'><strong>obsecra,</strong></span> <span class='ocrx_word' id='word_1_337' title='bbox 1294 2961 1504 3031; x_wconf 77' lang='lat' dir='ltr'><strong>increpa</strong></span> <span class='ocrx_word' id='word_1_338' title='bbox 1536 2978 1652 3015; x_wconf 86' lang='lat' dir='ltr'><strong>cum</strong></span> <span class='ocrx_word' id='word_1_339' title='bbox 1680 2962 1820 3016; x_wconf 83' lang='lat' dir='ltr'><strong>omni</strong></span> 
     </span>
    </p>
   </div>
   <div class='ocr_carea' id='block_1_46' title="bbox 220 3051 1817 3124">
    <p class='ocr_par' dir='ltr' id='par_1_46' title="bbox 220 3051 1817 3124">
     <span class='ocr_line' id='line_1_46' title="bbox 220 3051 1817 3124; baseline 0.004 -21"><span class='ocrx_word' id='word_1_340' title='bbox 220 3051 472 3120; x_wconf 84' lang='lat' dir='ltr'><strong>patientia</strong></span> <span class='ocrx_word' id='word_1_341' title='bbox 512 3060 558 3104; x_wconf 86' lang='lat' dir='ltr'><strong>ct</strong></span> <span class='ocrx_word' id='word_1_342' title='bbox 611 3052 869 3106; x_wconf 80' lang='lat' dir='ltr'><strong>doctrina.</strong></span> <span class='ocrx_word' id='word_1_343' title='bbox 931 3052 1081 3109; x_wconf 84' lang='lat' dir='ltr'><strong>Nova</strong></span> <span class='ocrx_word' id='word_1_344' title='bbox 1148 3068 1279 3108; x_wconf 91' lang='lat' dir='ltr'><strong>vero</strong></span> <span class='ocrx_word' id='word_1_345' title='bbox 1352 3062 1515 3124; x_wconf 90' lang='lat' dir='ltr'><strong>atque</strong></span> <span class='ocrx_word' id='word_1_346' title='bbox 1574 3053 1817 3110; x_wconf 90' lang='lat' dir='ltr'><strong>inaudita</strong></span> 
     </span>
    </p>
   </div>
   <div class='ocr_carea' id='block_1_47' title="bbox 220 3142 1811 3217">
    <p class='ocr_par' dir='ltr' id='par_1_47' title="bbox 220 3142 1811 3217">
     <span class='ocr_line' id='line_1_47' title="bbox 220 3142 1811 3217; baseline 0.004 -20"><span class='ocrx_word' id='word_1_347' title='bbox 220 3152 302 3198; x_wconf 88' lang='lat' dir='ltr'><strong>est</strong></span> <span class='ocrx_word' id='word_1_348' title='bbox 352 3142 439 3196; x_wconf 89' lang='lat' dir='ltr'><strong>illa</strong></span> <span class='ocrx_word' id='word_1_349' title='bbox 489 3143 827 3213; x_wconf 48' lang='lat' dir='ltr'><strong>prrellicatio,</strong></span> <span class='ocrx_word' id='word_1_350' title='bbox 877 3159 997 3215; x_wconf 80' lang='lat' dir='ltr'><strong>qua:</strong></span> <span class='ocrx_word' id='word_1_351' title='bbox 1037 3144 1354 3201; x_wconf 87' lang='lat' dir='ltr'><strong>verberibus</strong></span> <span class='ocrx_word' id='word_1_352' title='bbox 1381 3146 1547 3217; x_wconf 83' lang='lat' dir='ltr'><strong>exigit</strong></span> <span class='ocrx_word' id='word_1_353' title='bbox 1576 3143 1754 3203; x_wconf 83' lang='lat' dir='ltr'><strong>fidem.</strong></span> <span class='ocrx_word' id='word_1_354' title='bbox 1794 3165 1811 3203; x_wconf 64' lang='grc' dir='ltr'>η</span> 
     </span>
    </p>
   </div>
   <div class='ocr_carea' id='block_1_48' title="bbox 221 3235 739 3309">
    <p class='ocr_par' dir='ltr' id='par_1_48' title="bbox 221 3235 739 3309">
     <span class='ocr_line' id='line_1_48' title="bbox 221 3235 739 3309; baseline 0.004 -19"><span class='ocrx_word' id='word_1_355' title='bbox 221 3235 357 3309; x_wconf 76' lang='lat' dir='ltr'><strong>(Lib.</strong></span> <span class='ocrx_word' id='word_1_356' title='bbox 383 3252 460 3302; x_wconf 84' lang='lat' dir='ltr'><strong>Ill,</strong></span> <span class='ocrx_word' id='word_1_357' title='bbox 493 3255 574 3307; x_wconf 86' lang='lat' dir='ltr'><strong>ep.</strong></span> <span class='ocrx_word' id='word_1_358' title='bbox 626 3236 739 3307; x_wconf 80' lang='grc'>55.)</span> 
     </span>
    </p>
   </div>
   <div class='ocr_carea' id='block_1_49' title="bbox 293 3326 1813 3401">
    <p class='ocr_par' dir='ltr' id='par_1_49' title="bbox 293 3326 1813 3401">
     <span class='ocr_line' id='line_1_49' title="bbox 293 3326 1813 3401; baseline 0.003 -20"><span class='ocrx_word' id='word_1_359' title='bbox 410 3327 541 3382; x_wconf 90' lang='lat' dir='ltr'><strong>Item</strong></span> <span class='ocrx_word' id='word_1_360' title='bbox 572 3329 882 3393; x_wconf 86' lang='lat' dir='ltr'><strong>Sabiniano,</strong></span> <span class='ocrx_word' id='word_1_361' title='bbox 916 3329 1145 3385; x_wconf 85' lang='lat' dir='ltr'><strong>diacono</strong></span> <span class='ocrx_word' id='word_1_362' title='bbox 1173 3329 1770 3401; x_wconf 79' lang='lat' dir='ltr'><strong>Constantinopolitano</strong></span> <span class='ocrx_word' id='word_1_363' title='bbox 1799 3348 1813 3386; x_wconf 71' lang='grc' dir='ltr'><strong>ι</strong></span> 
     </span>
    </p>
   </div>
   <div class='ocr_carea' id='block_1_50' title="bbox 224 3420 1815 3490">
    <p class='ocr_par' dir='ltr' id='par_1_50' title="bbox 224 3420 1815 3490">
     <span class='ocr_line' id='line_1_50' title="bbox 224 3420 1815 3490; baseline 0.004 -17"><span class='ocrx_word' id='word_1_364' title='bbox 224 3440 243 3473; x_wconf 74' lang='grc' dir='ltr'>ι</span> <span class='ocrx_word' id='word_1_365' title='bbox 279 3420 357 3475; x_wconf 91' lang='lat' dir='ltr'><strong>De</strong></span> <span class='ocrx_word' id='word_1_366' title='bbox 386 3436 548 3475; x_wconf 89' lang='lat' dir='ltr'><strong>causa</strong></span> <span class='ocrx_word' id='word_1_367' title='bbox 579 3422 758 3477; x_wconf 85' lang='lat' dir='ltr'><strong>fratris</strong></span> <span class='ocrx_word' id='word_1_368' title='bbox 784 3424 953 3477; x_wconf 90' lang='lat' dir='ltr'><strong>nostri</strong></span> <span class='ocrx_word' id='word_1_369' title='bbox 986 3424 1085 3479; x_wconf 89' lang='lat' dir='ltr'><strong>viri</strong></span> <span class='ocrx_word' id='word_1_370' title='bbox 1116 3424 1549 3480; x_wconf 87' lang='lat' dir='ltr'><strong>reverendissimi</strong></span> <span class='ocrx_word' id='word_1_371' title='bbox 1571 3424 1815 3490; x_wconf 84' lang='lat' dir='ltr'><strong>Joannis,</strong></span> 
     </span>
    </p>
   </div>
   <div class='ocr_carea' id='block_1_51' title="bbox 219 3514 1820 3588">
    <p class='ocr_par' dir='ltr' id='par_1_51' title="bbox 219 3514 1820 3588">
     <span class='ocr_line' id='line_1_51' title="bbox 219 3514 1820 3588; baseline 0.002 -20"><span class='ocrx_word' id='word_1_372' title='bbox 219 3514 461 3587; x_wconf 85' lang='lat' dir='ltr'><strong>episcOpi</strong></span> <span class='ocrx_word' id='word_1_373' title='bbox 509 3514 1122 3586; x_wconf 88' lang='lat' dir='ltr'><strong>Constantinopolitani,</strong></span> <span class='ocrx_word' id='word_1_374' title='bbox 1175 3516 1309 3573; x_wconf 89' lang='lat' dir='ltr'><strong>duas</strong></span> <span class='ocrx_word' id='word_1_375' title='bbox 1345 3517 1601 3588; x_wconf 87' lang='lat' dir='ltr'><strong>epistolas</strong></span> <span class='ocrx_word' id='word_1_376' title='bbox 1640 3516 1820 3572; x_wconf 89' lang='lat' dir='ltr'><strong>facere</strong></span> 
     </span>
    </p>
   </div>
   <div class='ocr_carea' id='block_1_52' title="bbox 218 3606 1819 3681">
    <p class='ocr_par' dir='ltr' id='par_1_52' title="bbox 218 3606 1819 3681">
     <span class='ocr_line' id='line_1_52' title="bbox 218 3606 1819 3681; baseline 0.004 -21"><span class='ocrx_word' id='word_1_377' title='bbox 218 3607 407 3661; x_wconf 89' lang='lat' dir='ltr'><strong>nolui:</strong></span> <span class='ocrx_word' id='word_1_378' title='bbox 452 3606 543 3661; x_wconf 92' lang='lat' dir='ltr'><strong>sed</strong></span> <span class='ocrx_word' id='word_1_379' title='bbox 573 3624 676 3661; x_wconf 90' lang='lat' dir='ltr'><strong>una</strong></span> <span class='ocrx_word' id='word_1_380' title='bbox 720 3608 954 3663; x_wconf 85' lang='lat' dir='ltr'><strong>breviter</strong></span> <span class='ocrx_word' id='word_1_381' title='bbox 1007 3608 1145 3665; x_wconf 87' lang='lat' dir='ltr'><strong>facta</strong></span> <span class='ocrx_word' id='word_1_382' title='bbox 1200 3618 1308 3675; x_wconf 88' lang='lat' dir='ltr'><strong>est,</strong></span> <span class='ocrx_word' id='word_1_383' title='bbox 1362 3626 1483 3681; x_wconf 67' lang='lat' dir='ltr'><strong>qua:</strong></span> <span class='ocrx_word' id='word_1_384' title='bbox 1525 3619 1819 3681; x_wconf 87' lang='lat' dir='ltr'><strong>utrumque</strong></span> 
     </span>
    </p>
   </div>
   <div class='ocr_carea' id='block_1_53' title="bbox 218 3698 1820 3771">
    <p class='ocr_par' dir='ltr' id='par_1_53' title="bbox 218 3698 1820 3771">
     <span class='ocr_line' id='line_1_53' title="bbox 218 3698 1820 3771; baseline 0.004 -18"><span class='ocrx_word' id='word_1_385' title='bbox 218 3698 425 3756; x_wconf 81' lang='lat' dir='ltr'><strong>habere</strong></span> <span class='ocrx_word' id='word_1_386' title='bbox 464 3701 675 3757; x_wconf 88' lang='lat' dir='ltr'><strong>videtur</strong></span> <span class='ocrx_word' id='word_1_387' title='bbox 704 3702 1037 3771; x_wconf 78' lang='lat' dir='ltr'><strong>admixtum,</strong></span> <span class='ocrx_word' id='word_1_388' title='bbox 1082 3704 1134 3758; x_wconf 93' lang='lat' dir='ltr'><strong>id</strong></span> <span class='ocrx_word' id='word_1_389' title='bbox 1165 3712 1248 3761; x_wconf 88' lang='lat' dir='ltr'><strong>est</strong></span> <span class='ocrx_word' id='word_1_390' title='bbox 1268 3712 1322 3760; x_wconf 86' lang='lat' dir='ltr'><strong>et</strong></span> <span class='ocrx_word' id='word_1_391' title='bbox 1352 3705 1732 3760; x_wconf 90' lang='lat' dir='ltr'><strong>rectitudinem</strong></span> <span class='ocrx_word' id='word_1_392' title='bbox 1763 3712 1820 3761; x_wconf 90' lang='lat' dir='ltr'><strong>et</strong></span> 
     </span>
    </p>
   </div>
   <div class='ocr_carea' id='block_1_54' title="bbox 219 3791 1816 3865">
    <p class='ocr_par' dir='ltr' id='par_1_54' title="bbox 219 3791 1816 3865">
     <span class='ocr_line' id='line_1_54' title="bbox 219 3791 1816 3865; baseline 0.003 -18"><span class='ocrx_word' id='word_1_393' title='bbox 219 3791 665 3849; x_wconf 84' lang='lat' dir='ltr'><strong>blandimentum.</strong></span> <span class='ocrx_word' id='word_1_394' title='bbox 716 3793 832 3851; x_wconf 87' lang='lat' dir='ltr'><strong>Tua</strong></span> <span class='ocrx_word' id='word_1_395' title='bbox 878 3795 1060 3865; x_wconf 90' lang='lat' dir='ltr'><strong>itaque</strong></span> <span class='ocrx_word' id='word_1_396' title='bbox 1096 3795 1313 3850; x_wconf 85' lang='lat' dir='ltr'><strong>dilectio</strong></span> <span class='ocrx_word' id='word_1_397' title='bbox 1350 3810 1471 3850; x_wconf 91' lang='lat' dir='ltr'><strong>eam</strong></span> <span class='ocrx_word' id='word_1_398' title='bbox 1510 3797 1816 3865; x_wconf 88' lang='lat' dir='ltr'><strong>epistolam,</strong></span> 
     </span>
    </p>
   </div>
   <div class='ocr_carea' id='block_1_55' title="bbox 222 3884 1821 3956">
    <p class='ocr_par' dir='ltr' id='par_1_55' title="bbox 222 3884 1821 3956">
     <span class='ocr_line' id='line_1_55' title="bbox 222 3884 1821 3956; baseline 0.002 -20"><span class='ocrx_word' id='word_1_399' title='bbox 222 3900 384 3955; x_wconf 89' lang='lat' dir='ltr'><strong>quam</strong></span> <span class='ocrx_word' id='word_1_400' title='bbox 409 3900 552 3938; x_wconf 91' lang='lat' dir='ltr'><strong>nunc</strong></span> <span class='ocrx_word' id='word_1_401' title='bbox 580 3884 769 3948; x_wconf 85' lang='lat' dir='ltr'><strong>direxi,</strong></span> <span class='ocrx_word' id='word_1_402' title='bbox 801 3894 1020 3953; x_wconf 83' lang='lat' dir='ltr'><strong>pmpter</strong></span> <span class='ocrx_word' id='word_1_403' title='bbox 1051 3887 1211 3956; x_wconf 77' lang='grc'><strong>116</strong></span> <span class='ocrx_word' id='word_1_404' title='bbox 1235 3884 1569 3939; x_wconf 85' lang='lat' dir='ltr'><strong>voluntatem</strong></span> <span class='ocrx_word' id='word_1_405' title='bbox 1596 3886 1821 3953; x_wconf 83' lang='lat' dir='ltr'><strong>impera-</strong></span> 
     </span>
    </p>
   </div>
   <div class='ocr_carea' id='block_1_56' title="bbox 224 3972 1819 4043">
    <p class='ocr_par' dir='ltr' id='par_1_56' title="bbox 224 3972 1819 4043">
     <span class='ocr_line' id='line_1_56' title="bbox 224 3972 1819 4043; baseline 0.001 -14"><span class='ocrx_word' id='word_1_406' title='bbox 224 3976 388 4039; x_wconf 90' lang='lat' dir='ltr'><strong>toris,</strong></span> <span class='ocrx_word' id='word_1_407' title='bbox 425 3974 474 4026; x_wconf 91' lang='lat' dir='ltr'><strong>ei</strong></span> <span class='ocrx_word' id='word_1_408' title='bbox 510 3974 640 4027; x_wconf 88' lang='lat' dir='ltr'><strong>dare</strong></span> <span class='ocrx_word' id='word_1_409' title='bbox 667 3972 898 4028; x_wconf 89' lang='lat' dir='ltr'><strong>studeat.</strong></span> <span class='ocrx_word' id='word_1_410' title='bbox 945 3973 1078 4027; x_wconf 87' lang='lat' dir='ltr'><strong>Nam</strong></span> <span class='ocrx_word' id='word_1_411' title='bbox 1126 3975 1192 4029; x_wconf 91' lang='lat' dir='ltr'><strong>de</strong></span> <span class='ocrx_word' id='word_1_412' title='bbox 1230 3976 1535 4043; x_wconf 88' lang='lat' dir='ltr'><strong>insequenti</strong></span> <span class='ocrx_word' id='word_1_413' title='bbox 1568 3975 1687 4029; x_wconf 87' lang='lat' dir='ltr'><strong>talis</strong></span> <span class='ocrx_word' id='word_1_414' title='bbox 1714 3976 1819 4031; x_wconf 87' lang='lat' dir='ltr'><strong>alia</strong></span> 
     </span>
    </p>
   </div>
   <div class='ocr_carea' id='block_1_57' title="bbox 222 4066 1822 4139">
    <p class='ocr_par' dir='ltr' id='par_1_57' title="bbox 222 4066 1822 4139">
     <span class='ocr_line' id='line_1_57' title="bbox 222 4066 1822 4139; baseline -0.001 -14"><span class='ocrx_word' id='word_1_415' title='bbox 222 4068 652 4130; x_wconf 79' lang='lat' dir='ltr'><strong>lransmitlctur,</strong></span> <span class='ocrx_word' id='word_1_416' title='bbox 678 4066 743 4121; x_wconf 92' lang='lat' dir='ltr'><strong>de</strong></span> <span class='ocrx_word' id='word_1_417' title='bbox 772 4082 878 4139; x_wconf 89' lang='lat' dir='ltr'><strong>qua</strong></span> <span class='ocrx_word' id='word_1_418' title='bbox 908 4066 1024 4137; x_wconf 89' lang='lat' dir='ltr'><strong>ejus</strong></span> <span class='ocrx_word' id='word_1_419' title='bbox 1060 4068 1310 4136; x_wconf 84' lang='lat' dir='ltr'><strong>snperbia</strong></span> <span class='ocrx_word' id='word_1_420' title='bbox 1339 4083 1445 4122; x_wconf 93' lang='lat' dir='ltr'><strong>non</strong></span> <span class='ocrx_word' id='word_1_421' title='bbox 1469 4069 1697 4123; x_wconf 75' lang='lat' dir='ltr'><strong>lzetetur.</strong></span> <span class='ocrx_word' id='word_1_422' title='bbox 1738 4070 1822 4124; x_wconf 82' lang='lat' dir='ltr'><strong>Ad</strong></span> 
     </span>
    </p>
   </div>
   <div class='ocr_carea' id='block_1_58' title="bbox 227 4161 1821 4233">
    <p class='ocr_par' dir='ltr' id='par_1_58' title="bbox 227 4161 1821 4233">
     <span class='ocr_line' id='line_1_58' title="bbox 227 4161 1821 4233; baseline -0.001 -16"><span class='ocrx_word' id='word_1_423' title='bbox 227 4162 332 4217; x_wconf 87' lang='lat' dir='ltr'><strong>hoc</strong></span> <span class='ocrx_word' id='word_1_424' title='bbox 361 4162 505 4216; x_wconf 90' lang='lat' dir='ltr'><strong>enim</strong></span> <span class='ocrx_word' id='word_1_425' title='bbox 534 4176 703 4229; x_wconf 90' lang='lat' dir='ltr'><strong>usque</strong></span> <span class='ocrx_word' id='word_1_426' title='bbox 732 4162 1006 4230; x_wconf 88' lang='lat' dir='ltr'><strong>pervenit,</strong></span> <span class='ocrx_word' id='word_1_427' title='bbox 1041 4170 1098 4215; x_wconf 92' lang='lat' dir='ltr'><strong>ut</strong></span> <span class='ocrx_word' id='word_1_428' title='bbox 1146 4164 1245 4215; x_wconf 89' lang='lat' dir='ltr'><strong>sub</strong></span> <span class='ocrx_word' id='word_1_429' title='bbox 1276 4161 1559 4219; x_wconf 84' lang='lat' dir='ltr'><strong>occasione</strong></span> <span class='ocrx_word' id='word_1_430' title='bbox 1596 4162 1821 4233; x_wconf 87' lang='lat' dir='ltr'><strong>presby-</strong></span> 
     </span>
    </p>
   </div>
   <div class='ocr_carea' id='block_1_59' title="bbox 229 4252 1823 4323">
    <p class='ocr_par' dir='ltr' id='par_1_59' title="bbox 229 4252 1823 4323">
     <span class='ocr_line' id='line_1_59' title="bbox 229 4252 1823 4323; baseline 0 -14"><span class='ocrx_word' id='word_1_431' title='bbox 229 4254 330 4310; x_wconf 88' lang='lat' dir='ltr'><strong>teri</strong></span> <span class='ocrx_word' id='word_1_432' title='bbox 377 4252 600 4308; x_wconf 80' lang='lat' dir='ltr'><strong>Joannis</strong></span> <span class='ocrx_word' id='word_1_433' title='bbox 636 4260 787 4320; x_wconf 79' lang='lat' dir='ltr'><strong>gesta</strong></span> <span class='ocrx_word' id='word_1_434' title='bbox 830 4253 936 4308; x_wconf 88' lang='lat' dir='ltr'><strong>huc</strong></span> <span class='ocrx_word' id='word_1_435' title='bbox 980 4252 1386 4318; x_wconf 84' lang='lat' dir='ltr'><strong>transmitteret,</strong></span> <span class='ocrx_word' id='word_1_436' title='bbox 1436 4253 1489 4307; x_wconf 92' lang='lat' dir='ltr'><strong>in</strong></span> <span class='ocrx_word' id='word_1_437' title='bbox 1528 4253 1722 4323; x_wconf 78' lang='lat' dir='ltr'><strong>quibus</strong></span> <span class='ocrx_word' id='word_1_438' title='bbox 1762 4268 1823 4309; x_wconf 90' lang='lat' dir='ltr'><strong>se</strong></span> 
     </span>
    </p>
   </div>
   <div class='ocr_carea' id='block_1_60' title="bbox 230 4348 1818 4422">
    <p class='ocr_par' dir='ltr' id='par_1_60' title="bbox 230 4348 1818 4422">
     <span class='ocr_line' id='line_1_60' title="bbox 230 4348 1818 4422; baseline 0 -19"><span class='ocrx_word' id='word_1_439' title='bbox 230 4364 372 4422; x_wconf 88' lang='lat' dir='ltr'><strong>pene</strong></span> <span class='ocrx_word' id='word_1_440' title='bbox 409 4363 505 4418; x_wconf 91' lang='lat' dir='ltr'><strong>per</strong></span> <span class='ocrx_word' id='word_1_441' title='bbox 550 4362 765 4403; x_wconf 92' lang='lat' dir='ltr'><strong>omnem</strong></span> <span class='ocrx_word' id='word_1_442' title='bbox 798 4363 1010 4407; x_wconf 89' lang='lat' dir='ltr'><strong>versum</strong></span> <span class='ocrx_word' id='word_1_443' title='bbox 1039 4348 1431 4404; x_wconf 88' lang='lat' dir='ltr'><strong>oecumenicum</strong></span> <span class='ocrx_word' id='word_1_444' title='bbox 1460 4349 1818 4417; x_wconf 83' lang='lat' dir='ltr'><strong>patriarcbam</strong></span> 
     </span>
    </p>
   </div>
   <div class='ocr_carea' id='block_1_61' title="bbox 228 4439 1819 4511">
    <p class='ocr_par' dir='ltr' id='par_1_61' title="bbox 228 4439 1819 4511">
     <span class='ocr_line' id='line_1_61' title="bbox 228 4439 1819 4511; baseline -0.001 -14"><span class='ocrx_word' id='word_1_445' title='bbox 228 4442 552 4497; x_wconf 89' lang='lat' dir='ltr'><strong>nominaret.</strong></span> <span class='ocrx_word' id='word_1_446' title='bbox 581 4440 688 4496; x_wconf 89' lang='lat' dir='ltr'><strong>Sed</strong></span> <span class='ocrx_word' id='word_1_447' title='bbox 724 4455 883 4511; x_wconf 89' lang='lat' dir='ltr'><strong>spero</strong></span> <span class='ocrx_word' id='word_1_448' title='bbox 909 4440 963 4501; x_wconf 85' lang='lat' dir='ltr'><strong>in</strong></span> <span class='ocrx_word' id='word_1_449' title='bbox 1013 4441 1435 4511; x_wconf 81' lang='lat' dir='ltr'><strong>omnipatentem</strong></span> <span class='ocrx_word' id='word_1_450' title='bbox 1472 4439 1661 4504; x_wconf 88' lang='lat' dir='ltr'><strong>Deum,</strong></span> <span class='ocrx_word' id='word_1_451' title='bbox 1694 4441 1819 4509; x_wconf 89' lang='lat' dir='ltr'><strong>quia</strong></span> 
     </span>
    </p>
   </div>
   <div class='ocr_carea' id='block_1_62' title="bbox 227 4532 1821 4604">
    <p class='ocr_par' dir='ltr' id='par_1_62' title="bbox 227 4532 1821 4604">
     <span class='ocr_line' id='line_1_62' title="bbox 227 4532 1821 4604; baseline -0.001 -14"><span class='ocrx_word' id='word_1_452' title='bbox 227 4534 554 4604; x_wconf 77' lang='lat' dir='ltr'><strong>bypocrisim</strong></span> <span class='ocrx_word' id='word_1_453' title='bbox 594 4533 735 4587; x_wconf 88' lang='lat' dir='ltr'><strong>illius</strong></span> <span class='ocrx_word' id='word_1_454' title='bbox 769 4548 998 4602; x_wconf 91' lang='lat' dir='ltr'><strong>superna</strong></span> <span class='ocrx_word' id='word_1_455' title='bbox 1041 4533 1293 4602; x_wconf 88' lang='lat' dir='ltr'><strong>majestas</strong></span> <span class='ocrx_word' id='word_1_456' title='bbox 1339 4532 1614 4588; x_wconf 86' lang='lat' dir='ltr'><strong>dissolvet.</strong></span> <span class='ocrx_word' id='word_1_457' title='bbox 1653 4532 1821 4588; x_wconf 87' lang='lat' dir='ltr'><strong>Miror</strong></span> 
     </span>
    </p>
   </div>
   <div class='ocr_carea' id='block_1_63' title="bbox 1920 1946 3528 2018">
    <p class='ocr_par' dir='ltr' id='par_1_63' title="bbox 1920 1946 3528 2018">
     <span class='ocr_line' id='line_1_63' title="bbox 1920 1946 3528 2018; baseline -0.001 -13"><span class='ocrx_word' id='word_1_458' title='bbox 1920 1948 2275 2018; x_wconf 86' lang='lat' dir='ltr'><strong>complicibus</strong></span> <span class='ocrx_word' id='word_1_459' title='bbox 2325 1946 2451 2003; x_wconf 89' lang='lat' dir='ltr'><strong>fecit</strong></span> <span class='ocrx_word' id='word_1_460' title='bbox 2498 1946 2803 2015; x_wconf 87' lang='lat' dir='ltr'><strong>infensum,</strong></span> <span class='ocrx_word' id='word_1_461' title='bbox 2851 1962 3082 2003; x_wconf 86' lang='lat' dir='ltr'><strong>cernens</strong></span> <span class='ocrx_word' id='word_1_462' title='bbox 3116 1947 3528 2005; x_wconf 90' lang='lat' dir='ltr'><strong>Constantinam</strong></span> 
     </span>
    </p>
   </div>
   <div class='ocr_carea' id='block_1_64' title="bbox 1920 2036 3527 2112">
    <p class='ocr_par' dir='ltr' id='par_1_64' title="bbox 1920 2036 3527 2112">
     <span class='ocr_line' id='line_1_64' title="bbox 1920 2036 3527 2112; baseline -0.002 -16"><span class='ocrx_word' id='word_1_463' title='bbox 1920 2040 2318 2112; x_wconf 89' lang='lat' dir='ltr'><strong>imperatricem</strong></span> <span class='ocrx_word' id='word_1_464' title='bbox 2350 2039 2477 2096; x_wconf 92' lang='lat' dir='ltr'><strong>totis</strong></span> <span class='ocrx_word' id='word_1_465' title='bbox 2525 2038 2807 2094; x_wconf 87' lang='lat' dir='ltr'><strong>conatibus</strong></span> <span class='ocrx_word' id='word_1_466' title='bbox 2835 2037 3101 2107; x_wconf 73' lang='lat' dir='ltr'><strong>Romanae</strong></span> <span class='ocrx_word' id='word_1_467' title='bbox 3130 2036 3387 2095; x_wconf 68' lang='lat' dir='ltr'><strong>Ecclesia:</strong></span> <span class='ocrx_word' id='word_1_468' title='bbox 3412 2052 3527 2093; x_wconf 87' lang='lat' dir='ltr'><strong>ser-</strong></span> 
     </span>
    </p>
   </div>
   <div class='ocr_carea' id='block_1_65' title="bbox 1918 2129 3527 2203">
    <p class='ocr_par' dir='ltr' id='par_1_65' title="bbox 1918 2129 3527 2203">
     <span class='ocr_line' id='line_1_65' title="bbox 1918 2129 3527 2203; baseline -0.002 -16"><span class='ocrx_word' id='word_1_469' title='bbox 1918 2131 2092 2187; x_wconf 90' lang='lat' dir='ltr'><strong>vanda</strong></span> <span class='ocrx_word' id='word_1_470' title='bbox 2123 2131 2402 2203; x_wconf 87' lang='lat' dir='ltr'><strong>privilegia</strong></span> <span class='ocrx_word' id='word_1_471' title='bbox 2430 2129 2657 2187; x_wconf 90' lang='lat' dir='ltr'><strong>suadere</strong></span> <span class='ocrx_word' id='word_1_472' title='bbox 2676 2172 2692 2198; x_wconf 96' lang='lat'><strong>,</strong></span> <span class='ocrx_word' id='word_1_473' title='bbox 2735 2130 2955 2199; x_wconf 88' lang='lat' dir='ltr'><strong>quantis</strong></span> <span class='ocrx_word' id='word_1_474' title='bbox 2982 2129 3151 2185; x_wconf 88' lang='lat' dir='ltr'><strong>valuit</strong></span> <span class='ocrx_word' id='word_1_475' title='bbox 3181 2129 3418 2193; x_wconf 87' lang='lat' dir='ltr'><strong>artibus,</strong></span> <span class='ocrx_word' id='word_1_476' title='bbox 3451 2130 3527 2192; x_wconf 76' lang='lat' dir='ltr'><strong>in.</strong></span> 
     </span>
    </p>
   </div>
   <div class='ocr_carea' id='block_1_66' title="bbox 1920 2220 3523 2295">
    <p class='ocr_par' dir='ltr' id='par_1_66' title="bbox 1920 2220 3523 2295">
     <span class='ocr_line' id='line_1_66' title="bbox 1920 2220 3523 2295; baseline -0.006 -11"><span class='ocrx_word' id='word_1_477' title='bbox 1920 2227 2106 2284; x_wconf 87' lang='lat' dir='ltr'><strong>citavit</strong></span> <span class='ocrx_word' id='word_1_478' title='bbox 2131 2234 2189 2280; x_wconf 90' lang='lat' dir='ltr'><strong>ut</strong></span> <span class='ocrx_word' id='word_1_479' title='bbox 2218 2232 2441 2295; x_wconf 87' lang='lat' dir='ltr'><strong>propter</strong></span> <span class='ocrx_word' id='word_1_480' title='bbox 2462 2239 2583 2281; x_wconf 89' lang='lat' dir='ltr'><strong>eam</strong></span> <span class='ocrx_word' id='word_1_481' title='bbox 2610 2238 2775 2293; x_wconf 88' lang='lat' dir='ltr'><strong>quam</strong></span> <span class='ocrx_word' id='word_1_482' title='bbox 2794 2222 2849 2278; x_wconf 92' lang='lat' dir='ltr'><strong>in</strong></span> <span class='ocrx_word' id='word_1_483' title='bbox 2874 2223 3139 2283; x_wconf 83' lang='lat' dir='ltr'><strong>honorem</strong></span> <span class='ocrx_word' id='word_1_484' title='bbox 3166 2222 3338 2279; x_wconf 87' lang='lat' dir='ltr'><strong>sancti</strong></span> <span class='ocrx_word' id='word_1_485' title='bbox 3365 2220 3523 2277; x_wconf 87' lang='lat' dir='ltr'><strong>Pauli</strong></span> 
     </span>
    </p>
   </div>
   <div class='ocr_carea' id='block_1_67' title="bbox 1920 2311 3527 2390">
    <p class='ocr_par' dir='ltr' id='par_1_67' title="bbox 1920 2311 3527 2390">
     <span class='ocr_line' id='line_1_67' title="bbox 1920 2311 3527 2390; baseline -0.001 -17"><span class='ocrx_word' id='word_1_486' title='bbox 1920 2318 2153 2390; x_wconf 86' lang='lat' dir='ltr'><strong>apostoli</strong></span> <span class='ocrx_word' id='word_1_487' title='bbox 2187 2318 2239 2373; x_wconf 92' lang='lat' dir='ltr'><strong>in</strong></span> <span class='ocrx_word' id='word_1_488' title='bbox 2269 2316 2471 2388; x_wconf 91' lang='lat' dir='ltr'><strong>palatio</strong></span> <span class='ocrx_word' id='word_1_489' title='bbox 2507 2315 2811 2371; x_wconf 59' lang='lat' dir='ltr'><strong>aedificabat</strong></span> <span class='ocrx_word' id='word_1_490' title='bbox 2858 2314 3173 2379; x_wconf 87' lang='lat' dir='ltr'><strong>ecclesiam,</strong></span> <span class='ocrx_word' id='word_1_491' title='bbox 3205 2329 3237 2369; x_wconf 88' lang='lat' dir='ltr'><strong>a</strong></span> <span class='ocrx_word' id='word_1_492' title='bbox 3260 2311 3527 2384; x_wconf 85' lang='lat' dir='ltr'><strong>Gregorio</strong></span> 
     </span>
    </p>
   </div>
   <div class='ocr_carea' id='block_1_68' title="bbox 1919 2405 3526 2480">
    <p class='ocr_par' dir='ltr' id='par_1_68' title="bbox 1919 2405 3526 2480">
     <span class='ocr_line' id='line_1_68' title="bbox 1919 2405 3526 2480; baseline -0.004 -13"><span class='ocrx_word' id='word_1_493' title='bbox 1919 2418 2082 2480; x_wconf 86' lang='lat' dir='ltr'><strong>caput</strong></span> <span class='ocrx_word' id='word_1_494' title='bbox 2112 2408 2355 2478; x_wconf 82' lang='lat' dir='ltr'><strong>ejusdem</strong></span> <span class='ocrx_word' id='word_1_495' title='bbox 2385 2406 2618 2478; x_wconf 88' lang='lat' dir='ltr'><strong>apostoli</strong></span> <span class='ocrx_word' id='word_1_496' title='bbox 2645 2414 2738 2461; x_wconf 91' lang='lat' dir='ltr'><strong>aut</strong></span> <span class='ocrx_word' id='word_1_497' title='bbox 2764 2405 2913 2462; x_wconf 84' lang='lat' dir='ltr'><strong>aliud</strong></span> <span class='ocrx_word' id='word_1_498' title='bbox 2937 2406 3069 2476; x_wconf 89' lang='lat' dir='ltr'><strong>quid</strong></span> <span class='ocrx_word' id='word_1_499' title='bbox 3114 2406 3182 2461; x_wconf 90' lang='lat' dir='ltr'><strong>de</strong></span> <span class='ocrx_word' id='word_1_500' title='bbox 3211 2406 3380 2477; x_wconf 85' lang='lat' dir='ltr'><strong>ipsius</strong></span> <span class='ocrx_word' id='word_1_501' title='bbox 3409 2420 3526 2461; x_wconf 89' lang='lat' dir='ltr'><strong>cor-</strong></span> 
     </span>
    </p>
   </div>
   <div class='ocr_carea' id='block_1_69' title="bbox 1918 2498 3528 2574">
    <p class='ocr_par' dir='ltr' id='par_1_69' title="bbox 1918 2498 3528 2574">
     <span class='ocr_line' id='line_1_69' title="bbox 1918 2498 3528 2574; baseline -0.001 -17"><span class='ocrx_word' id='word_1_502' title='bbox 1918 2518 2054 2574; x_wconf 88' lang='lat' dir='ltr'><strong>pore</strong></span> <span class='ocrx_word' id='word_1_503' title='bbox 2080 2502 2181 2557; x_wconf 89' lang='lat' dir='ltr'><strong>sibi</strong></span> <span class='ocrx_word' id='word_1_504' title='bbox 2208 2502 2365 2569; x_wconf 89' lang='lat' dir='ltr'><strong>dirigi</strong></span> <span class='ocrx_word' id='word_1_505' title='bbox 2394 2500 2717 2571; x_wconf 87' lang='lat' dir='ltr'><strong>postularet.</strong></span> <span class='ocrx_word' id='word_1_506' title='bbox 2747 2499 2920 2567; x_wconf 87' lang='lat' dir='ltr'><strong>Quam</strong></span> <span class='ocrx_word' id='word_1_507' title='bbox 2961 2499 3311 2557; x_wconf 87' lang='lat' dir='ltr'><strong>calliditatem</strong></span> <span class='ocrx_word' id='word_1_508' title='bbox 3333 2498 3528 2556; x_wconf 87' lang='lat' dir='ltr'><strong>beatis-</strong></span> 
     </span>
    </p>
   </div>
   <div class='ocr_carea' id='block_1_70' title="bbox 1921 2592 3527 2667">
    <p class='ocr_par' dir='ltr' id='par_1_70' title="bbox 1921 2592 3527 2667">
     <span class='ocr_line' id='line_1_70' title="bbox 1921 2592 3527 2667; baseline -0.001 -16"><span class='ocrx_word' id='word_1_509' title='bbox 1921 2596 2089 2651; x_wconf 89' lang='lat' dir='ltr'><strong>simus</strong></span> <span class='ocrx_word' id='word_1_510' title='bbox 2136 2611 2274 2667; x_wconf 90' lang='lat' dir='ltr'><strong>papa</strong></span> <span class='ocrx_word' id='word_1_511' title='bbox 2320 2610 2681 2663; x_wconf 84' lang='lat' dir='ltr'><strong>cognoscens,</strong></span> <span class='ocrx_word' id='word_1_512' title='bbox 2728 2592 3087 2662; x_wconf 86' lang='lat' dir='ltr'><strong>imperatricis</strong></span> <span class='ocrx_word' id='word_1_513' title='bbox 3127 2592 3308 2649; x_wconf 89' lang='lat' dir='ltr'><strong>animo</strong></span> <span class='ocrx_word' id='word_1_514' title='bbox 3348 2592 3527 2649; x_wconf 78' lang='lat' dir='ltr'><strong>taliter</strong></span> 
     </span>
    </p>
   </div>
   <div class='ocr_carea' id='block_1_71' title="bbox 1921 2683 3528 2754">
    <p class='ocr_par' dir='ltr' id='par_1_71' title="bbox 1921 2683 3528 2754">
     <span class='ocr_line' id='line_1_71' title="bbox 1921 2683 3528 2754; baseline -0.002 -11"><span class='ocrx_word' id='word_1_515' title='bbox 1921 2687 2184 2744; x_wconf 82' lang='lat' dir='ltr'><strong>satisfecit</strong></span> <span class='ocrx_word' id='word_1_516' title='bbox 2215 2705 2227 2741; x_wconf 89' lang='lat'><strong>:</strong></span> <span class='ocrx_word' id='word_1_517' title='bbox 2268 2706 2286 2740; x_wconf 83' lang='lat'><strong>(</strong></span> <span class='ocrx_word' id='word_1_518' title='bbox 2323 2687 2458 2741; x_wconf 90' lang='lat' dir='ltr'><strong>Dum</strong></span> <span class='ocrx_word' id='word_1_519' title='bbox 2490 2686 2584 2741; x_wconf 91' lang='lat' dir='ltr'><strong>illa</strong></span> <span class='ocrx_word' id='word_1_520' title='bbox 2610 2686 2741 2741; x_wconf 91' lang='lat' dir='ltr'><strong>mihi</strong></span> <span class='ocrx_word' id='word_1_521' title='bbox 2764 2684 3129 2740; x_wconf 88' lang='lat' dir='ltr'><strong>desiderarem</strong></span> <span class='ocrx_word' id='word_1_522' title='bbox 3153 2683 3427 2754; x_wconf 82' lang='lat' dir='ltr'><strong>imperari,</strong></span> <span class='ocrx_word' id='word_1_523' title='bbox 3459 2683 3528 2739; x_wconf 90' lang='lat' dir='ltr'><strong>de</strong></span> 
     </span>
    </p>
   </div>
   <div class='ocr_carea' id='block_1_72' title="bbox 1922 2777 3527 2850">
    <p class='ocr_par' dir='ltr' id='par_1_72' title="bbox 1922 2777 3527 2850">
     <span class='ocr_line' id='line_1_72' title="bbox 1922 2777 3527 2850; baseline -0.002 -13"><span class='ocrx_word' id='word_1_524' title='bbox 1922 2782 2121 2850; x_wconf 87' lang='lat' dir='ltr'><strong>quibus</strong></span> <span class='ocrx_word' id='word_1_525' title='bbox 2166 2780 2477 2836; x_wconf 85' lang='lat' dir='ltr'><strong>facillimam</strong></span> <span class='ocrx_word' id='word_1_526' title='bbox 2541 2778 2904 2835; x_wconf 81' lang='lat' dir='ltr'><strong>obedientiam</strong></span> <span class='ocrx_word' id='word_1_527' title='bbox 2951 2777 3242 2845; x_wconf 73' lang='lat' dir='ltr'><strong>exhibens,</strong></span> <span class='ocrx_word' id='word_1_528' title='bbox 3291 2786 3527 2834; x_wconf 89' lang='lat' dir='ltr'><strong>vestram</strong></span> 
     </span>
    </p>
   </div>
   <div class='ocr_carea' id='block_1_73' title="bbox 1924 2869 3524 2942">
    <p class='ocr_par' dir='ltr' id='par_1_73' title="bbox 1924 2869 3524 2942">
     <span class='ocr_line' id='line_1_73' title="bbox 1924 2869 3524 2942; baseline -0.001 -15"><span class='ocrx_word' id='word_1_529' title='bbox 1924 2886 2049 2942; x_wconf 91' lang='lat' dir='ltr'><strong>erga</strong></span> <span class='ocrx_word' id='word_1_530' title='bbox 2071 2887 2158 2927; x_wconf 91' lang='lat' dir='ltr'><strong>me</strong></span> <span class='ocrx_word' id='word_1_531' title='bbox 2182 2872 2411 2940; x_wconf 87' lang='lat' dir='ltr'><strong>gratiam</strong></span> <span class='ocrx_word' id='word_1_532' title='bbox 2432 2871 2733 2941; x_wconf 85' lang='lat' dir='ltr'><strong>potuissem</strong></span> <span class='ocrx_word' id='word_1_533' title='bbox 2755 2870 2987 2941; x_wconf 88' lang='lat' dir='ltr'><strong>amplius</strong></span> <span class='ocrx_word' id='word_1_534' title='bbox 3006 2885 3324 2940; x_wconf 88' lang='lat' dir='ltr'><strong>provocare,</strong></span> <span class='ocrx_word' id='word_1_535' title='bbox 3348 2869 3524 2939; x_wconf 84' lang='lat' dir='ltr'><strong>major</strong></span> 
     </span>
    </p>
   </div>
   <div class='ocr_carea' id='block_1_74' title="bbox 1921 2960 3529 3032">
    <p class='ocr_par' dir='ltr' id='par_1_74' title="bbox 1921 2960 3529 3032">
     <span class='ocr_line' id='line_1_74' title="bbox 1921 2960 3529 3032; baseline -0.001 -13"><span class='ocrx_word' id='word_1_536' title='bbox 1921 2977 2011 3019; x_wconf 89' lang='lat' dir='ltr'><strong>me</strong></span> <span class='ocrx_word' id='word_1_537' title='bbox 2036 2962 2292 3017; x_wconf 76' lang='lat' dir='ltr'><strong>mmstitia</strong></span> <span class='ocrx_word' id='word_1_538' title='bbox 2336 2962 2508 3017; x_wconf 91' lang='lat' dir='ltr'><strong>tenuit</strong></span> <span class='ocrx_word' id='word_1_539' title='bbox 2554 2960 2702 3031; x_wconf 92' lang='lat' dir='ltr'><strong>quod</strong></span> <span class='ocrx_word' id='word_1_540' title='bbox 2745 2960 2837 3015; x_wconf 90' lang='lat' dir='ltr'><strong>illa</strong></span> <span class='ocrx_word' id='word_1_541' title='bbox 2872 2960 3168 3032; x_wconf 77' lang='lat' dir='ltr'><strong>praecipitis</strong></span> <span class='ocrx_word' id='word_1_542' title='bbox 3210 2975 3331 3030; x_wconf 64' lang='lat' dir='ltr'><strong>qua</strong></span> <span class='ocrx_word' id='word_1_543' title='bbox 3349 2961 3529 3018; x_wconf 81' lang='lat' dir='ltr'><strong>facem</strong></span> 
     </span>
    </p>
   </div>
   <div class='ocr_carea' id='block_1_75' title="bbox 1924 3050 3526 3123">
    <p class='ocr_par' dir='ltr' id='par_1_75' title="bbox 1924 3050 3526 3123">
     <span class='ocr_line' id='line_1_75' title="bbox 1924 3050 3526 3123; baseline 0.004 -16"><span class='ocrx_word' id='word_1_544' title='bbox 1924 3068 2025 3109; x_wconf 90' lang='lat' dir='ltr'><strong>nec</strong></span> <span class='ocrx_word' id='word_1_545' title='bbox 2058 3068 2281 3123; x_wconf 90' lang='lat' dir='ltr'><strong>possum</strong></span> <span class='ocrx_word' id='word_1_546' title='bbox 2335 3068 2436 3108; x_wconf 92' lang='lat' dir='ltr'><strong>nec</strong></span> <span class='ocrx_word' id='word_1_547' title='bbox 2484 3052 2679 3109; x_wconf 84' lang='lat' dir='ltr'><strong>audeo.</strong></span> <span class='ocrx_word' id='word_1_548' title='bbox 2738 3050 2872 3109; x_wconf 87' lang='lat' dir='ltr'><strong>Nam</strong></span> <span class='ocrx_word' id='word_1_549' title='bbox 2925 3066 3156 3122; x_wconf 86' lang='lat' dir='ltr'><strong>corpora</strong></span> <span class='ocrx_word' id='word_1_550' title='bbox 3214 3061 3526 3113; x_wconf 82' lang='lat' dir='ltr'><strong>sanctorum</strong></span> 
     </span>
    </p>
   </div>
   <div class='ocr_carea' id='block_1_76' title="bbox 1926 3141 3529 3212">
    <p class='ocr_par' dir='ltr' id='par_1_76' title="bbox 1926 3141 3529 3212">
     <span class='ocr_line' id='line_1_76' title="bbox 1926 3141 3529 3212; baseline 0.003 -16"><span class='ocrx_word' id='word_1_551' title='bbox 1926 3141 2073 3199; x_wconf 91' lang='lat' dir='ltr'><strong>Petri</strong></span> <span class='ocrx_word' id='word_1_552' title='bbox 2120 3152 2176 3197; x_wconf 91' lang='lat' dir='ltr'><strong>et</strong></span> <span class='ocrx_word' id='word_1_553' title='bbox 2220 3142 2372 3198; x_wconf 89' lang='lat' dir='ltr'><strong>Pauli</strong></span> <span class='ocrx_word' id='word_1_554' title='bbox 2408 3142 2781 3212; x_wconf 88' lang='lat' dir='ltr'><strong>apostolorum</strong></span> <span class='ocrx_word' id='word_1_555' title='bbox 2824 3142 2988 3199; x_wconf 90' lang='lat' dir='ltr'><strong>tantis</strong></span> <span class='ocrx_word' id='word_1_556' title='bbox 3029 3143 3081 3197; x_wconf 92' lang='lat' dir='ltr'><strong>in</strong></span> <span class='ocrx_word' id='word_1_557' title='bbox 3121 3142 3366 3201; x_wconf 84' lang='lat' dir='ltr'><strong>ecclesiis</strong></span> <span class='ocrx_word' id='word_1_558' title='bbox 3416 3142 3529 3201; x_wconf 80' lang='lat' dir='ltr'><strong>suis</strong></span> 
     </span>
    </p>
   </div>
   <div class='ocr_carea' id='block_1_77' title="bbox 1849 3234 3528 3309">
    <p class='ocr_par' dir='ltr' id='par_1_77' title="bbox 1849 3234 3528 3309">
     <span class='ocr_line' id='line_1_77' title="bbox 1849 3234 3528 3309; baseline 0.001 -17"><span class='ocrx_word' id='word_1_559' title='bbox 1849 3244 1894 3309; x_wconf 76' lang='grc' dir='ltr'><strong>ί]</strong></span> <span class='ocrx_word' id='word_1_560' title='bbox 1925 3244 2216 3293; x_wconf 87' lang='lat' dir='ltr'><strong>coruscant</strong></span> <span class='ocrx_word' id='word_1_561' title='bbox 2259 3234 2533 3291; x_wconf 87' lang='lat' dir='ltr'><strong>miraculis</strong></span> <span class='ocrx_word' id='word_1_562' title='bbox 2585 3243 2749 3304; x_wconf 88' lang='lat' dir='ltr'><strong>atque</strong></span> <span class='ocrx_word' id='word_1_563' title='bbox 2788 3235 3119 3302; x_wconf 86' lang='lat' dir='ltr'><strong>terroribus,</strong></span> <span class='ocrx_word' id='word_1_564' title='bbox 3162 3242 3223 3291; x_wconf 89' lang='lat' dir='ltr'><strong>ut</strong></span> <span class='ocrx_word' id='word_1_565' title='bbox 3259 3248 3435 3306; x_wconf 90' lang='lat' dir='ltr'><strong>neque</strong></span> <span class='ocrx_word' id='word_1_566' title='bbox 3460 3236 3528 3293; x_wconf 84' lang='lat' dir='ltr'><strong>ad</strong></span> 
     </span>
    </p>
   </div>
   <div class='ocr_carea' id='block_1_78' title="bbox 1922 3327 3529 3398">
    <p class='ocr_par' dir='ltr' id='par_1_78' title="bbox 1922 3327 3529 3398">
     <span class='ocr_line' id='line_1_78' title="bbox 1922 3327 3529 3398; baseline -0.001 -15"><span class='ocrx_word' id='word_1_567' title='bbox 1922 3330 2186 3385; x_wconf 91' lang='lat' dir='ltr'><strong>orandum</strong></span> <span class='ocrx_word' id='word_1_568' title='bbox 2216 3330 2334 3384; x_wconf 90' lang='lat' dir='ltr'><strong>sine</strong></span> <span class='ocrx_word' id='word_1_569' title='bbox 2362 3343 2559 3398; x_wconf 88' lang='lat' dir='ltr'><strong>magno</strong></span> <span class='ocrx_word' id='word_1_570' title='bbox 2581 3328 2709 3384; x_wconf 90' lang='lat' dir='ltr'><strong>illuc</strong></span> <span class='ocrx_word' id='word_1_571' title='bbox 2742 3329 2939 3383; x_wconf 86' lang='lat' dir='ltr'><strong>timore</strong></span> <span class='ocrx_word' id='word_1_572' title='bbox 2985 3327 3158 3397; x_wconf 88' lang='lat' dir='ltr'><strong>possit</strong></span> <span class='ocrx_word' id='word_1_573' title='bbox 3194 3328 3399 3389; x_wconf 82' lang='lat' dir='ltr'><strong>accedi.</strong></span> <span class='ocrx_word' id='word_1_574' title='bbox 3432 3327 3529 3389; x_wconf 81' lang='lat' dir='ltr'><strong>De-</strong></span> 
     </span>
    </p>
   </div>
   <div class='ocr_carea' id='block_1_79' title="bbox 1922 3419 3525 3491">
    <p class='ocr_par' dir='ltr' id='par_1_79' title="bbox 1922 3419 3525 3491">
     <span class='ocr_line' id='line_1_79' title="bbox 1922 3419 3525 3491; baseline 0 -14"><span class='ocrx_word' id='word_1_575' title='bbox 1922 3421 2086 3491; x_wconf 91' lang='lat' dir='ltr'><strong>nique</strong></span> <span class='ocrx_word' id='word_1_576' title='bbox 2108 3421 2234 3475; x_wconf 91' lang='lat' dir='ltr'><strong>dum</strong></span> <span class='ocrx_word' id='word_1_577' title='bbox 2262 3420 2437 3476; x_wconf 75' lang='lat' dir='ltr'><strong>beata:</strong></span> <span class='ocrx_word' id='word_1_578' title='bbox 2466 3420 2858 3476; x_wconf 88' lang='lat' dir='ltr'><strong>recordationis</strong></span> <span class='ocrx_word' id='word_1_579' title='bbox 2897 3419 3152 3475; x_wconf 87' lang='lat' dir='ltr'><strong>decessor</strong></span> <span class='ocrx_word' id='word_1_580' title='bbox 3188 3433 3370 3485; x_wconf 80' lang='lat' dir='ltr'><strong>meus,</strong></span> <span class='ocrx_word' id='word_1_581' title='bbox 3397 3419 3525 3489; x_wconf 78' lang='lat' dir='ltr'><strong>quia</strong></span> 
     </span>
    </p>
   </div>
   <div class='ocr_carea' id='block_1_80' title="bbox 1921 3502 3524 3581">
    <p class='ocr_par' dir='ltr' id='par_1_80' title="bbox 1921 3502 3524 3581">
     <span class='ocr_line' id='line_1_80' title="bbox 1921 3502 3524 3581; baseline 0.001 -14"><span class='ocrx_word' id='word_1_582' title='bbox 1921 3520 2231 3581; x_wconf 84' lang='lat' dir='ltr'><strong>argentum,</strong></span> <span class='ocrx_word' id='word_1_583' title='bbox 2259 3502 2413 3581; x_wconf 88' lang='lat' dir='ltr'><strong>quod</strong></span> <span class='ocrx_word' id='word_1_584' title='bbox 2445 3526 2609 3580; x_wconf 86' lang='lat' dir='ltr'><strong>supra</strong></span> <span class='ocrx_word' id='word_1_585' title='bbox 2656 3511 3085 3567; x_wconf 88' lang='lat' dir='ltr'><strong>sacratissimum</strong></span> <span class='ocrx_word' id='word_1_586' title='bbox 3131 3526 3331 3580; x_wconf 88' lang='lat' dir='ltr'><strong>corpus</strong></span> <span class='ocrx_word' id='word_1_587' title='bbox 3377 3511 3524 3575; x_wconf 79' lang='lat' dir='ltr'><strong>beati</strong></span> 
     </span>
    </p>
   </div>
   <div class='ocr_carea' id='block_1_81' title="bbox 1921 3602 3529 3674">
    <p class='ocr_par' dir='ltr' id='par_1_81' title="bbox 1921 3602 3529 3674">
     <span class='ocr_line' id='line_1_81' title="bbox 1921 3602 3529 3674; baseline 0.001 -16"><span class='ocrx_word' id='word_1_588' title='bbox 1921 3604 2068 3660; x_wconf 89' lang='lat' dir='ltr'><strong>Petri</strong></span> <span class='ocrx_word' id='word_1_589' title='bbox 2105 3603 2337 3674; x_wconf 91' lang='lat' dir='ltr'><strong>apostoli</strong></span> <span class='ocrx_word' id='word_1_590' title='bbox 2375 3610 2526 3668; x_wconf 90' lang='lat' dir='ltr'><strong>erat,</strong></span> <span class='ocrx_word' id='word_1_591' title='bbox 2563 3602 2723 3673; x_wconf 89' lang='lat' dir='ltr'><strong>longe</strong></span> <span class='ocrx_word' id='word_1_592' title='bbox 2757 3610 2939 3657; x_wconf 89' lang='lat' dir='ltr'><strong>tamen</strong></span> <span class='ocrx_word' id='word_1_593' title='bbox 2968 3603 3035 3657; x_wconf 89' lang='lat' dir='ltr'><strong>ab</strong></span> <span class='ocrx_word' id='word_1_594' title='bbox 3064 3602 3258 3658; x_wconf 86' lang='lat' dir='ltr'><strong>eodem</strong></span> <span class='ocrx_word' id='word_1_595' title='bbox 3296 3617 3529 3672; x_wconf 85' lang='lat' dir='ltr'><strong>corpore</strong></span> 
     </span>
    </p>
   </div>
   <div class='ocr_carea' id='block_1_82' title="bbox 1920 3693 3527 3767">
    <p class='ocr_par' dir='ltr' id='par_1_82' title="bbox 1920 3693 3527 3767">
     <span class='ocr_line' id='line_1_82' title="bbox 1920 3693 3527 3767; baseline -0.002 -17"><span class='ocrx_word' id='word_1_596' title='bbox 1920 3696 2035 3752; x_wconf 86' lang='lat' dir='ltr'><strong>fere</strong></span> <span class='ocrx_word' id='word_1_597' title='bbox 2062 3695 2363 3767; x_wconf 88' lang='lat' dir='ltr'><strong>quindecim</strong></span> <span class='ocrx_word' id='word_1_598' title='bbox 2394 3694 2591 3763; x_wconf 90' lang='lat' dir='ltr'><strong>pedum</strong></span> <span class='ocrx_word' id='word_1_599' title='bbox 2617 3693 2817 3762; x_wconf 91' lang='lat' dir='ltr'><strong>spatio,</strong></span> <span class='ocrx_word' id='word_1_600' title='bbox 2847 3702 3059 3749; x_wconf 88' lang='lat' dir='ltr'><strong>mutare</strong></span> <span class='ocrx_word' id='word_1_601' title='bbox 3082 3693 3285 3761; x_wconf 83' lang='lat' dir='ltr'><strong>voluit,</strong></span> <span class='ocrx_word' id='word_1_602' title='bbox 3316 3693 3527 3759; x_wconf 82' lang='lat' dir='ltr'><strong>signum</strong></span> 
     </span>
    </p>
   </div>
   <div class='ocr_carea' id='block_1_83' title="bbox 1922 3784 3527 3857">
    <p class='ocr_par' dir='ltr' id='par_1_83' title="bbox 1922 3784 3527 3857">
     <span class='ocr_line' id='line_1_83' title="bbox 1922 3784 3527 3857; baseline 0 -14"><span class='ocrx_word' id='word_1_603' title='bbox 1922 3789 1972 3843; x_wconf 90' lang='lat' dir='ltr'><strong>ei</strong></span> <span class='ocrx_word' id='word_1_604' title='bbox 2010 3804 2117 3843; x_wconf 90' lang='lat' dir='ltr'><strong>non</strong></span> <span class='ocrx_word' id='word_1_605' title='bbox 2158 3786 2309 3857; x_wconf 89' lang='lat' dir='ltr'><strong>parvi</strong></span> <span class='ocrx_word' id='word_1_606' title='bbox 2348 3785 2571 3839; x_wconf 89' lang='lat' dir='ltr'><strong>terroris</strong></span> <span class='ocrx_word' id='word_1_607' title='bbox 2618 3784 2886 3854; x_wconf 90' lang='lat' dir='ltr'><strong>apparuit.</strong></span> <span class='ocrx_word' id='word_1_608' title='bbox 2933 3784 3040 3839; x_wconf 88' lang='lat' dir='ltr'><strong>Sed</strong></span> <span class='ocrx_word' id='word_1_609' title='bbox 3088 3793 3142 3841; x_wconf 85' lang='lat' dir='ltr'><strong>et</strong></span> <span class='ocrx_word' id='word_1_610' title='bbox 3180 3797 3281 3850; x_wconf 83' lang='lat' dir='ltr'><strong>ego</strong></span> <span class='ocrx_word' id='word_1_611' title='bbox 3324 3784 3527 3854; x_wconf 84' lang='lat' dir='ltr'><strong>aliquid</strong></span> 
     </span>
    </p>
   </div>
   <div class='ocr_carea' id='block_1_84' title="bbox 1921 3874 3521 3944">
    <p class='ocr_par' dir='ltr' id='par_1_84' title="bbox 1921 3874 3521 3944">
     <span class='ocr_line' id='line_1_84' title="bbox 1921 3874 3521 3944; baseline -0.003 -9"><span class='ocrx_word' id='word_1_612' title='bbox 1921 3878 2169 3935; x_wconf 90' lang='lat' dir='ltr'><strong>similiter</strong></span> <span class='ocrx_word' id='word_1_613' title='bbox 2198 3876 2266 3929; x_wconf 89' lang='lat' dir='ltr'><strong>ad</strong></span> <span class='ocrx_word' id='word_1_614' title='bbox 2304 3874 2655 3930; x_wconf 87' lang='lat' dir='ltr'><strong>sacratissimi</strong></span> <span class='ocrx_word' id='word_1_615' title='bbox 2691 3889 2889 3944; x_wconf 88' lang='lat' dir='ltr'><strong>corpus</strong></span> <span class='ocrx_word' id='word_1_616' title='bbox 2914 3874 3085 3931; x_wconf 81' lang='lat' dir='ltr'><strong>sancti</strong></span> <span class='ocrx_word' id='word_1_617' title='bbox 3110 3874 3259 3933; x_wconf 80' lang='lat' dir='ltr'><strong>Pauli</strong></span> <span class='ocrx_word' id='word_1_618' title='bbox 3288 3875 3521 3944; x_wconf 84' lang='lat' dir='ltr'><strong>apostoli</strong></span> 
     </span>
    </p>
   </div>
   <div class='ocr_carea' id='block_1_85' title="bbox 1925 3964 3523 4037">
    <p class='ocr_par' dir='ltr' id='par_1_85' title="bbox 1925 3964 3523 4037">
     <span class='ocr_line' id='line_1_85' title="bbox 1925 3964 3523 4037; baseline -0.004 -11"><span class='ocrx_word' id='word_1_619' title='bbox 1925 3968 2216 4026; x_wconf 90' lang='lat' dir='ltr'><strong>meliorare</strong></span> <span class='ocrx_word' id='word_1_620' title='bbox 2238 3965 2401 4031; x_wconf 89' lang='lat' dir='ltr'><strong>volui,</strong></span> <span class='ocrx_word' id='word_1_621' title='bbox 2440 3975 2494 4020; x_wconf 92' lang='lat' dir='ltr'><strong>et</strong></span> <span class='ocrx_word' id='word_1_622' title='bbox 2517 3965 2642 4034; x_wconf 89' lang='lat' dir='ltr'><strong>quia</strong></span> <span class='ocrx_word' id='word_1_623' title='bbox 2675 3979 2901 4021; x_wconf 84' lang='lat' dir='ltr'><strong>necesse</strong></span> <span class='ocrx_word' id='word_1_624' title='bbox 2928 3973 3045 4020; x_wconf 84' lang='lat' dir='ltr'><strong>erat</strong></span> <span class='ocrx_word' id='word_1_625' title='bbox 3072 3972 3132 4019; x_wconf 91' lang='lat' dir='ltr'><strong>ut</strong></span> <span class='ocrx_word' id='word_1_626' title='bbox 3155 3964 3310 4033; x_wconf 76' lang='lat' dir='ltr'><strong>juxta</strong></span> <span class='ocrx_word' id='word_1_627' title='bbox 3340 3965 3523 4037; x_wconf 82' lang='lat' dir='ltr'><strong>sepul-</strong></span> 
     </span>
    </p>
   </div>
   <div class='ocr_carea' id='block_1_86' title="bbox 1918 4057 3527 4129">
    <p class='ocr_par' dir='ltr' id='par_1_86' title="bbox 1918 4057 3527 4129">
     <span class='ocr_line' id='line_1_86' title="bbox 1918 4057 3527 4129; baseline -0.002 -12"><span class='ocrx_word' id='word_1_628' title='bbox 1918 4078 2072 4120; x_wconf 89' lang='lat' dir='ltr'><strong>crum</strong></span> <span class='ocrx_word' id='word_1_629' title='bbox 2121 4059 2387 4128; x_wconf 89' lang='lat' dir='ltr'><strong>ejusmodi</strong></span> <span class='ocrx_word' id='word_1_630' title='bbox 2434 4058 2599 4114; x_wconf 78' lang='lat' dir='ltr'><strong>ellodi</strong></span> <span class='ocrx_word' id='word_1_631' title='bbox 2638 4058 2801 4113; x_wconf 88' lang='lat' dir='ltr'><strong>altius</strong></span> <span class='ocrx_word' id='word_1_632' title='bbox 2848 4057 3152 4123; x_wconf 87' lang='lat' dir='ltr'><strong>debuisset,</strong></span> <span class='ocrx_word' id='word_1_633' title='bbox 3205 4057 3527 4129; x_wconf 69' lang='lat' dir='ltr'><strong>prmpositus</strong></span> 
     </span>
    </p>
   </div>
   <div class='ocr_carea' id='block_1_87' title="bbox 1922 4148 3527 4220">
    <p class='ocr_par' dir='ltr' id='par_1_87' title="bbox 1922 4148 3527 4220">
     <span class='ocr_line' id='line_1_87' title="bbox 1922 4148 3527 4220; baseline -0.004 -9"><span class='ocrx_word' id='word_1_634' title='bbox 1922 4155 2026 4211; x_wconf 88' lang='lat' dir='ltr'><strong>loci</strong></span> <span class='ocrx_word' id='word_1_635' title='bbox 2070 4153 2212 4207; x_wconf 90' lang='lat' dir='ltr'><strong>illius</strong></span> <span class='ocrx_word' id='word_1_636' title='bbox 2257 4167 2381 4207; x_wconf 84' lang='lat' dir='ltr'><strong>ossa</strong></span> <span class='ocrx_word' id='word_1_637' title='bbox 2409 4150 2589 4220; x_wconf 87' lang='lat' dir='ltr'><strong>aliqua</strong></span> <span class='ocrx_word' id='word_1_638' title='bbox 2633 4150 2778 4218; x_wconf 94' lang='lat' dir='ltr'><strong>(non</strong></span> <span class='ocrx_word' id='word_1_639' title='bbox 2808 4150 3027 4220; x_wconf 89' lang='lat' dir='ltr'><strong>quidem</strong></span> <span class='ocrx_word' id='word_1_640' title='bbox 3063 4149 3238 4213; x_wconf 83' lang='lat' dir='ltr'><strong>eidem</strong></span> <span class='ocrx_word' id='word_1_641' title='bbox 3276 4148 3527 4220; x_wconf 89' lang='lat' dir='ltr'><strong>sepulcro</strong></span> 
     </span>
    </p>
   </div>
   <div class='ocr_carea' id='block_1_88' title="bbox 1923 4246 3520 4319">
    <p class='ocr_par' dir='ltr' id='par_1_88' title="bbox 1923 4246 3520 4319">
     <span class='ocr_line' id='line_1_88' title="bbox 1923 4246 3520 4319; baseline 0 -14"><span class='ocrx_word' id='word_1_642' title='bbox 1923 4248 2234 4319; x_wconf 87' lang='lat' dir='ltr'><strong>conjuncta)</strong></span> <span class='ocrx_word' id='word_1_643' title='bbox 2262 4247 2484 4318; x_wconf 86' lang='lat' dir='ltr'><strong>reperit,</strong></span> <span class='ocrx_word' id='word_1_644' title='bbox 2515 4262 2634 4316; x_wconf 82' lang='lat' dir='ltr'><strong>quae</strong></span> <span class='ocrx_word' id='word_1_645' title='bbox 2662 4248 2919 4316; x_wconf 89' lang='lat' dir='ltr'><strong>quoniam</strong></span> <span class='ocrx_word' id='word_1_646' title='bbox 2948 4246 3131 4305; x_wconf 89' lang='lat' dir='ltr'><strong>levare</strong></span> <span class='ocrx_word' id='word_1_647' title='bbox 3160 4262 3311 4316; x_wconf 81' lang='lat' dir='ltr'><strong>praes</strong></span> <span class='ocrx_word' id='word_1_648' title='bbox 3336 4247 3520 4317; x_wconf 75' lang='lat' dir='ltr'><strong>mnsit,</strong></span> 
     </span>
    </p>
   </div>
   <div class='ocr_carea' id='block_1_89' title="bbox 1924 4338 3527 4410">
    <p class='ocr_par' dir='ltr' id='par_1_89' title="bbox 1924 4338 3527 4410">
     <span class='ocr_line' id='line_1_89' title="bbox 1924 4338 3527 4410; baseline 0.001 -15"><span class='ocrx_word' id='word_1_649' title='bbox 1924 4349 2085 4410; x_wconf 90' lang='lat' dir='ltr'><strong>atque</strong></span> <span class='ocrx_word' id='word_1_650' title='bbox 2113 4341 2166 4394; x_wconf 92' lang='lat' dir='ltr'><strong>in</strong></span> <span class='ocrx_word' id='word_1_651' title='bbox 2205 4340 2368 4394; x_wconf 89' lang='lat' dir='ltr'><strong>alium</strong></span> <span class='ocrx_word' id='word_1_652' title='bbox 2398 4339 2581 4395; x_wconf 89' lang='lat' dir='ltr'><strong>locum</strong></span> <span class='ocrx_word' id='word_1_653' title='bbox 2610 4347 2994 4408; x_wconf 88' lang='lat' dir='ltr'><strong>transponere,</strong></span> <span class='ocrx_word' id='word_1_654' title='bbox 3033 4340 3185 4409; x_wconf 82' lang='grc'><strong>117</strong></span> <span class='ocrx_word' id='word_1_655' title='bbox 3213 4338 3527 4408; x_wconf 82' lang='lat' dir='ltr'><strong>apparenti-</strong></span> 
     </span>
    </p>
   </div>
   <div class='ocr_carea' id='block_1_90' title="bbox 1922 4430 3527 4501">
    <p class='ocr_par' dir='ltr' id='par_1_90' title="bbox 1922 4430 3527 4501">
     <span class='ocr_line' id='line_1_90' title="bbox 1922 4430 3527 4501; baseline 0 -14"><span class='ocrx_word' id='word_1_656' title='bbox 1922 4432 2022 4488; x_wconf 91' lang='lat' dir='ltr'><strong>bus</strong></span> <span class='ocrx_word' id='word_1_657' title='bbox 2063 4432 2383 4501; x_wconf 85' lang='lat' dir='ltr'><strong>quibusdam</strong></span> <span class='ocrx_word' id='word_1_658' title='bbox 2421 4430 2664 4487; x_wconf 88' lang='lat' dir='ltr'><strong>tristibus</strong></span> <span class='ocrx_word' id='word_1_659' title='bbox 2692 4430 2889 4498; x_wconf 88' lang='lat' dir='ltr'><strong>signis,</strong></span> <span class='ocrx_word' id='word_1_660' title='bbox 2917 4430 3097 4491; x_wconf 83' lang='lat' dir='ltr'><strong>subita</strong></span> <span class='ocrx_word' id='word_1_661' title='bbox 3128 4440 3303 4487; x_wconf 90' lang='lat' dir='ltr'><strong>morte</strong></span> <span class='ocrx_word' id='word_1_662' title='bbox 3345 4430 3527 4487; x_wconf 57' lang='lat' dir='ltr'><strong>defunv</strong></span> 
     </span>
    </p>
   </div>
   <div class='ocr_carea' id='block_1_91' title="bbox 1924 4520 3527 4579">
    <p class='ocr_par' dir='ltr' id='par_1_91' title="bbox 1924 4520 3527 4579">
     <span class='ocr_line' id='line_1_91' title="bbox 1924 4520 3527 4579; baseline -0.001 -2"><span class='ocrx_word' id='word_1_663' title='bbox 1924 4530 2040 4577; x_wconf 89' lang='lat' dir='ltr'><strong>ctus</strong></span> <span class='ocrx_word' id='word_1_664' title='bbox 2066 4530 2170 4577; x_wconf 91' lang='lat' dir='ltr'><strong>est.</strong></span> <span class='ocrx_word' id='word_1_665' title='bbox 2192 4520 2395 4577; x_wconf 62' lang='lat' dir='ltr'><strong>Praeter</strong></span> <span class='ocrx_word' id='word_1_666' title='bbox 2411 4522 2527 4577; x_wconf 63' lang='lat' dir='ltr'><strong>haec</strong></span> <span class='ocrx_word' id='word_1_667' title='bbox 2545 4528 2727 4578; x_wconf 89' lang='lat' dir='ltr'><strong>autem</strong></span> <span class='ocrx_word' id='word_1_668' title='bbox 2752 4528 2957 4577; x_wconf 58' lang='lat' dir='ltr'><strong>sanctae</strong></span> <span class='ocrx_word' id='word_1_669' title='bbox 2972 4521 3254 4579; x_wconf 73' lang='lat' dir='ltr'><strong>memorize</strong></span> <span class='ocrx_word' id='word_1_670' title='bbox 3272 4520 3527 4577; x_wconf 83' lang='lat' dir='ltr'><strong>decessor</strong></span> 
     </span>
    </p>
   </div>
   <div class='ocr_carea' id='block_1_92' title="bbox 228 4611 3528 4697">
    <p class='ocr_par' dir='ltr' id='par_1_92' title="bbox 228 4611 3528 4697">
     <span class='ocr_line' id='line_1_92' title="bbox 228 4611 3528 4697; baseline -0.001 -15"><span class='ocrx_word' id='word_1_671' title='bbox 228 4636 410 4683; x_wconf 90' lang='lat' dir='ltr'><strong>autem</strong></span> <span class='ocrx_word' id='word_1_672' title='bbox 439 4626 586 4697; x_wconf 90' lang='lat' dir='ltr'><strong>quod</strong></span> <span class='ocrx_word' id='word_1_673' title='bbox 621 4626 965 4683; x_wconf 86' lang='lat' dir='ltr'><strong>dilectionem</strong></span> <span class='ocrx_word' id='word_1_674' title='bbox 992 4634 1139 4681; x_wconf 89' lang='lat' dir='ltr'><strong>tuam</strong></span> <span class='ocrx_word' id='word_1_675' title='bbox 1171 4627 1355 4683; x_wconf 85' lang='lat' dir='ltr'><strong>fallere</strong></span> <span class='ocrx_word' id='word_1_676' title='bbox 1382 4627 1584 4697; x_wconf 89' lang='lat' dir='ltr'><strong>potuit,</strong></span> <span class='ocrx_word' id='word_1_677' title='bbox 1617 4636 1678 4683; x_wconf 93' lang='lat' dir='ltr'><strong>ut</strong></span> <span class='ocrx_word' id='word_1_678' title='bbox 1706 4643 1823 4696; x_wconf 89' lang='lat' dir='ltr'><strong>per-</strong></span> <span class='ocrx_word' id='word_1_679' title='bbox 1850 4635 1900 4696; x_wconf 78' lang='grc' dir='ltr'><strong>υ</strong></span> <span class='ocrx_word' id='word_1_680' title='bbox 1924 4629 2077 4669; x_wconf 74' lang='lat' dir='ltr'><strong>meus</strong></span> <span class='ocrx_word' id='word_1_681' title='bbox 2107 4613 2271 4679; x_wconf 62' lang='lat' dir='ltr'><strong>idem,</strong></span> <span class='ocrx_word' id='word_1_682' title='bbox 2303 4612 2371 4667; x_wconf 70' lang='lat' dir='ltr'><strong>ad</strong></span> <span class='ocrx_word' id='word_1_683' title='bbox 2399 4626 2597 4681; x_wconf 68' lang='lat' dir='ltr'><strong>corpus</strong></span> <span class='ocrx_word' id='word_1_684' title='bbox 2624 4611 3093 4675; x_wconf 60' lang='grc' dir='ltr'><strong>δδηειίιθυΐθηιὶί</strong></span> <span class='ocrx_word' id='word_1_685' title='bbox 3112 4611 3363 4681; x_wconf 69' lang='grc' dir='ltr'><strong>ιιιθτιγτίε</strong></span> <span class='ocrx_word' id='word_1_686' title='bbox 3381 4626 3528 4679; x_wconf 66' lang='grc' dir='ltr'><strong>(μηθ-</strong></span> 
     </span>
    </p>
   </div>
   <div class='ocr_carea' id='block_1_93' title="bbox 228 4718 1823 4790">
    <p class='ocr_par' dir='ltr' id='par_1_93' title="bbox 228 4718 1823 4790">
     <span class='ocr_line' id='line_1_93' title="bbox 228 4718 1823 4790; baseline -0.001 -15"><span class='ocrx_word' id='word_1_687' title='bbox 228 4720 473 4777; x_wconf 79' lang='lat' dir='ltr'><strong>mitteres</strong></span> <span class='ocrx_word' id='word_1_688' title='bbox 501 4718 701 4773; x_wconf 89' lang='lat' dir='ltr'><strong>domno</strong></span> <span class='ocrx_word' id='word_1_689' title='bbox 732 4719 1042 4790; x_wconf 85' lang='lat' dir='ltr'><strong>imperatori</strong></span> <span class='ocrx_word' id='word_1_690' title='bbox 1070 4719 1411 4789; x_wconf 87' lang='lat' dir='ltr'><strong>persuaderi,</strong></span> <span class='ocrx_word' id='word_1_691' title='bbox 1458 4727 1725 4788; x_wconf 88' lang='lat' dir='ltr'><strong>quatenus</strong></span> <span class='ocrx_word' id='word_1_692' title='bbox 1758 4719 1823 4773; x_wconf 91' lang='lat' dir='ltr'><strong>ad</strong></span> 
     </span>
    </p>
   </div>
   <div class='ocr_carea' id='block_1_94' title="bbox 228 4811 1825 4881">
    <p class='ocr_par' dir='ltr' id='par_1_94' title="bbox 228 4811 1825 4881">
     <span class='ocr_line' id='line_1_94' title="bbox 228 4811 1825 4881; baseline -0.002 -12"><span class='ocrx_word' id='word_1_693' title='bbox 228 4828 317 4869; x_wconf 86' lang='lat' dir='ltr'><strong>me</strong></span> <span class='ocrx_word' id='word_1_694' title='bbox 347 4812 417 4867; x_wconf 85' lang='lat' dir='ltr'><strong>de</strong></span> <span class='ocrx_word' id='word_1_695' title='bbox 443 4813 542 4867; x_wconf 86' lang='lat' dir='ltr'><strong>hac</strong></span> <span class='ocrx_word' id='word_1_696' title='bbox 574 4826 736 4868; x_wconf 88' lang='lat' dir='ltr'><strong>causa</strong></span> <span class='ocrx_word' id='word_1_697' title='bbox 776 4827 870 4867; x_wconf 90' lang='lat' dir='ltr'><strong>sua</strong></span> <span class='ocrx_word' id='word_1_698' title='bbox 898 4813 1091 4881; x_wconf 91' lang='lat' dir='ltr'><strong>scripta</strong></span> <span class='ocrx_word' id='word_1_699' title='bbox 1136 4811 1520 4867; x_wconf 90' lang='lat' dir='ltr'><strong>transmitteret</strong></span> <span class='ocrx_word' id='word_1_700' title='bbox 1548 4813 1600 4866; x_wconf 91' lang='lat' dir='ltr'><strong>in</strong></span> <span class='ocrx_word' id='word_1_701' title='bbox 1630 4812 1825 4881; x_wconf 89' lang='lat' dir='ltr'><strong>quibus</strong></span> 
     </span>
    </p>
   </div>
   <div class='ocr_carea' id='block_1_95' title="bbox 229 4902 1824 4973">
    <p class='ocr_par' dir='ltr' id='par_1_95' title="bbox 229 4902 1824 4973">
     <span class='ocr_line' id='line_1_95' title="bbox 229 4902 1824 4973; baseline -0.001 -14"><span class='ocrx_word' id='word_1_702' title='bbox 229 4903 549 4959; x_wconf 87' lang='lat' dir='ltr'><strong>admoneret</strong></span> <span class='ocrx_word' id='word_1_703' title='bbox 576 4910 638 4958; x_wconf 91' lang='lat' dir='ltr'><strong>ut</strong></span> <span class='ocrx_word' id='word_1_704' title='bbox 664 4917 789 4957; x_wconf 89' lang='lat' dir='ltr'><strong>cum</strong></span> <span class='ocrx_word' id='word_1_705' title='bbox 818 4916 883 4956; x_wconf 93' lang='lat' dir='ltr'><strong>eo</strong></span> <span class='ocrx_word' id='word_1_706' title='bbox 916 4916 1100 4971; x_wconf 89' lang='lat' dir='ltr'><strong>pacem</strong></span> <span class='ocrx_word' id='word_1_707' title='bbox 1129 4902 1329 4957; x_wconf 90' lang='lat' dir='ltr'><strong>habere</strong></span> <span class='ocrx_word' id='word_1_708' title='bbox 1359 4902 1660 4957; x_wconf 81' lang='lat' dir='ltr'><strong>debuissem</strong></span> <span class='ocrx_word' id='word_1_709' title='bbox 1710 4902 1824 4973; x_wconf 93' lang='lat' dir='ltr'><strong>(qui</strong></span> 
     </span>
    </p>
   </div>
   <div class='ocr_carea' id='block_1_96' title="bbox 228 4991 1818 5062">
    <p class='ocr_par' dir='ltr' id='par_1_96' title="bbox 228 4991 1818 5062">
     <span class='ocr_line' id='line_1_96' title="bbox 228 4991 1818 5062; baseline -0.001 -12"><span class='ocrx_word' id='word_1_710' title='bbox 228 4994 275 5051; x_wconf 90' lang='lat' dir='ltr'><strong>si</strong></span> <span class='ocrx_word' id='word_1_711' title='bbox 318 4993 585 5062; x_wconf 89' lang='lat' dir='ltr'><strong>justitiam</strong></span> <span class='ocrx_word' id='word_1_712' title='bbox 637 5002 821 5048; x_wconf 90' lang='lat' dir='ltr'><strong>tenere</strong></span> <span class='ocrx_word' id='word_1_713' title='bbox 875 4991 1018 5057; x_wconf 89' lang='lat' dir='ltr'><strong>vult,</strong></span> <span class='ocrx_word' id='word_1_714' title='bbox 1072 4992 1220 5046; x_wconf 91' lang='lat' dir='ltr'><strong>illum</strong></span> <span class='ocrx_word' id='word_1_715' title='bbox 1268 4993 1453 5047; x_wconf 88' lang='lat' dir='ltr'><strong>debuit</strong></span> <span class='ocrx_word' id='word_1_716' title='bbox 1499 4993 1818 5058; x_wconf 84' lang='lat' dir='ltr'><strong>admonere,</strong></span> 
     </span>
    </p>
   </div>
   <div class='ocr_carea' id='block_1_97' title="bbox 230 5082 1825 5153">
    <p class='ocr_par' dir='ltr' id='par_1_97' title="bbox 230 5082 1825 5153">
     <span class='ocr_line' id='line_1_97' title="bbox 230 5082 1825 5153; baseline -0.001 -12"><span class='ocrx_word' id='word_1_717' title='bbox 230 5094 293 5141; x_wconf 90' lang='lat' dir='ltr'><strong>ut</strong></span> <span class='ocrx_word' id='word_1_718' title='bbox 321 5099 380 5139; x_wconf 91' lang='lat' dir='ltr'><strong>se</strong></span> <span class='ocrx_word' id='word_1_719' title='bbox 408 5099 440 5138; x_wconf 91' lang='lat' dir='ltr'><strong>a</strong></span> <span class='ocrx_word' id='word_1_720' title='bbox 481 5084 714 5152; x_wconf 85' lang='lat' dir='ltr'><strong>superbo</strong></span> <span class='ocrx_word' id='word_1_721' title='bbox 742 5082 1005 5138; x_wconf 91' lang='lat' dir='ltr'><strong>vocabulo</strong></span> <span class='ocrx_word' id='word_1_722' title='bbox 1034 5083 1471 5152; x_wconf 88' lang='lat' dir='ltr'><strong>compesceret),</strong></span> <span class='ocrx_word' id='word_1_723' title='bbox 1497 5092 1551 5137; x_wconf 93' lang='lat' dir='ltr'><strong>et</strong></span> <span class='ocrx_word' id='word_1_724' title='bbox 1581 5085 1825 5153; x_wconf 87' lang='lat' dir='ltr'><strong>protinus</strong></span> 
     </span>
    </p>
   </div>
   <div class='ocr_carea' id='block_1_98' title="bbox 227 5171 1823 5243">
    <p class='ocr_par' dir='ltr' id='par_1_98' title="bbox 227 5171 1823 5243">
     <span class='ocr_line' id='line_1_98' title="bbox 227 5171 1823 5243; baseline -0.001 -14"><span class='ocrx_word' id='word_1_725' title='bbox 227 5173 373 5229; x_wconf 89' lang='lat' dir='ltr'><strong>inter</strong></span> <span class='ocrx_word' id='word_1_726' title='bbox 394 5188 493 5228; x_wconf 92' lang='lat' dir='ltr'><strong>nos</strong></span> <span class='ocrx_word' id='word_1_727' title='bbox 514 5188 618 5243; x_wconf 79' lang='lat' dir='ltr'><strong>pax</strong></span> <span class='ocrx_word' id='word_1_728' title='bbox 650 5172 823 5228; x_wconf 85' lang='lat' dir='ltr'><strong>ﬁeret.</strong></span> <span class='ocrx_word' id='word_1_729' title='bbox 849 5172 1050 5226; x_wconf 90' lang='lat' dir='ltr'><strong>Tamen</strong></span> <span class='ocrx_word' id='word_1_730' title='bbox 1074 5186 1177 5240; x_wconf 89' lang='lat' dir='ltr'><strong>qua</strong></span> <span class='ocrx_word' id='word_1_731' title='bbox 1200 5171 1491 5227; x_wconf 87' lang='lat' dir='ltr'><strong>calliditate</strong></span> <span class='ocrx_word' id='word_1_732' title='bbox 1513 5188 1543 5224; x_wconf 91' lang='lat' dir='ltr'><strong>a</strong></span> <span class='ocrx_word' id='word_1_733' title='bbox 1568 5174 1823 5241; x_wconf 80' lang='lat' dir='ltr'><strong>praedicto</strong></span> 
     </span>
    </p>
   </div>
   <div class='ocr_carea' id='block_1_99' title="bbox 229 5262 1825 5331">
    <p class='ocr_par' dir='ltr' id='par_1_99' title="bbox 229 5262 1825 5331">
     <span class='ocr_line' id='line_1_99' title="bbox 229 5262 1825 5331; baseline -0.002 -10"><span class='ocrx_word' id='word_1_734' title='bbox 229 5265 399 5321; x_wconf 81' lang='lat' dir='ltr'><strong>fratre</strong></span> <span class='ocrx_word' id='word_1_735' title='bbox 426 5273 611 5320; x_wconf 88' lang='lat' dir='ltr'><strong>nostro</strong></span> <span class='ocrx_word' id='word_1_736' title='bbox 641 5263 846 5319; x_wconf 84' lang='lat' dir='ltr'><strong>Joanne</strong></span> <span class='ocrx_word' id='word_1_737' title='bbox 873 5264 1070 5318; x_wconf 88' lang='lat' dir='ltr'><strong>factum</strong></span> <span class='ocrx_word' id='word_1_738' title='bbox 1103 5263 1189 5327; x_wconf 90' lang='lat' dir='ltr'><strong>sit,</strong></span> <span class='ocrx_word' id='word_1_739' title='bbox 1224 5271 1282 5316; x_wconf 91' lang='lat' dir='ltr'><strong>ut</strong></span> <span class='ocrx_word' id='word_1_740' title='bbox 1303 5262 1575 5331; x_wconf 86' lang='lat' dir='ltr'><strong>suspicor,</strong></span> <span class='ocrx_word' id='word_1_741' title='bbox 1607 5263 1825 5318; x_wconf 90' lang='lat' dir='ltr'><strong>minime</strong></span> 
     </span>
    </p>
   </div>
   <div class='ocr_carea' id='block_1_100' title="bbox 230 5353 1827 5431">
    <p class='ocr_par' dir='ltr' id='par_1_100' title="bbox 230 5353 1827 5431">
     <span class='ocr_line' id='line_1_100' title="bbox 230 5353 1827 5431; baseline -0.003 -18"><span class='ocrx_word' id='word_1_742' title='bbox 230 5356 493 5431; x_wconf 84' lang='lat' dir='ltr'><strong>pensasti.</strong></span> <span class='ocrx_word' id='word_1_743' title='bbox 520 5353 723 5411; x_wconf 90' lang='lat' dir='ltr'><strong>Idcirco</strong></span> <span class='ocrx_word' id='word_1_744' title='bbox 760 5355 901 5411; x_wconf 91' lang='lat' dir='ltr'><strong>enim</strong></span> <span class='ocrx_word' id='word_1_745' title='bbox 933 5355 1033 5410; x_wconf 93' lang='lat' dir='ltr'><strong>hoc</strong></span> <span class='ocrx_word' id='word_1_746' title='bbox 1062 5354 1153 5409; x_wconf 90' lang='lat' dir='ltr'><strong>ille</strong></span> <span class='ocrx_word' id='word_1_747' title='bbox 1180 5354 1327 5420; x_wconf 85' lang='lat' dir='ltr'><strong>fecit,</strong></span> <span class='ocrx_word' id='word_1_748' title='bbox 1354 5360 1413 5408; x_wconf 91' lang='lat' dir='ltr'><strong>ut</strong></span> <span class='ocrx_word' id='word_1_749' title='bbox 1434 5362 1527 5406; x_wconf 90' lang='lat' dir='ltr'><strong>aut</strong></span> <span class='ocrx_word' id='word_1_750' title='bbox 1552 5354 1827 5409; x_wconf 77' lang='lat' dir='ltr'><strong>audiretur</strong></span> 
     </span>
    </p>
   </div>
   <div class='ocr_carea' id='block_1_101' title="bbox 230 5444 1827 5518">
    <p class='ocr_par' dir='ltr' id='par_1_101' title="bbox 230 5444 1827 5518">
     <span class='ocr_line' id='line_1_101' title="bbox 230 5444 1827 5518; baseline -0.004 -13"><span class='ocrx_word' id='word_1_751' title='bbox 230 5448 469 5505; x_wconf 86' lang='lat' dir='ltr'><strong>domnus</strong></span> <span class='ocrx_word' id='word_1_752' title='bbox 496 5447 809 5518; x_wconf 86' lang='lat' dir='ltr'><strong>imperator,</strong></span> <span class='ocrx_word' id='word_1_753' title='bbox 834 5456 889 5501; x_wconf 90' lang='lat' dir='ltr'><strong>et</strong></span> <span class='ocrx_word' id='word_1_754' title='bbox 919 5446 1006 5502; x_wconf 92' lang='lat' dir='ltr'><strong>ille</strong></span> <span class='ocrx_word' id='word_1_755' title='bbox 1043 5447 1096 5501; x_wconf 92' lang='lat' dir='ltr'><strong>in</strong></span> <span class='ocrx_word' id='word_1_756' title='bbox 1136 5462 1232 5501; x_wconf 89' lang='lat' dir='ltr'><strong>sua</strong></span> <span class='ocrx_word' id='word_1_757' title='bbox 1262 5446 1500 5499; x_wconf 87' lang='lat' dir='ltr'><strong>vanitate</strong></span> <span class='ocrx_word' id='word_1_758' title='bbox 1538 5444 1794 5501; x_wconf 85' lang='lat' dir='ltr'><strong>confirma</strong></span> <span class='ocrx_word' id='word_1_759' title='bbox 1821 5476 1827 5484; x_wconf 67' lang='grc' dir='ltr'>α</span> 
     </span>
    </p>
   </div>
   <div class='ocr_carea' id='block_1_102' title="bbox 232 5535 1828 5604">
    <p class='ocr_par' dir='ltr' id='par_1_102' title="bbox 232 5535 1828 5604">
     <span class='ocr_line' id='line_1_102' title="bbox 232 5535 1828 5604; baseline -0.002 -8"><span class='ocrx_word' id='word_1_760' title='bbox 232 5548 325 5598; x_wconf 84' lang='lat' dir='ltr'><strong>tus</strong></span> <span class='ocrx_word' id='word_1_761' title='bbox 353 5554 472 5593; x_wconf 87' lang='lat' dir='ltr'><strong>esse</strong></span> <span class='ocrx_word' id='word_1_762' title='bbox 492 5538 794 5603; x_wconf 87' lang='lat' dir='ltr'><strong>videretur;</strong></span> <span class='ocrx_word' id='word_1_763' title='bbox 826 5545 919 5591; x_wconf 89' lang='lat' dir='ltr'><strong>aut</strong></span> <span class='ocrx_word' id='word_1_764' title='bbox 946 5552 1052 5592; x_wconf 92' lang='lat' dir='ltr'><strong>non</strong></span> <span class='ocrx_word' id='word_1_765' title='bbox 1099 5552 1126 5591; x_wconf 90' lang='lat' dir='ltr'><strong>a</strong></span> <span class='ocrx_word' id='word_1_766' title='bbox 1159 5552 1244 5591; x_wconf 92' lang='lat' dir='ltr'><strong>me</strong></span> <span class='ocrx_word' id='word_1_767' title='bbox 1294 5535 1596 5603; x_wconf 90' lang='lat' dir='ltr'><strong>audiretur,</strong></span> <span class='ocrx_word' id='word_1_768' title='bbox 1630 5544 1683 5589; x_wconf 92' lang='lat' dir='ltr'><strong>et</strong></span> <span class='ocrx_word' id='word_1_769' title='bbox 1712 5535 1828 5604; x_wconf 88' lang='lat' dir='ltr'><strong>ejus</strong></span> 
     </span>
    </p>
   </div>
   <div class='ocr_carea' id='block_1_103' title="bbox 232 5631 1829 5689">
    <p class='ocr_par' dir='ltr' id='par_1_103' title="bbox 232 5631 1829 5689">
     <span class='ocr_line' id='line_1_103' title="bbox 232 5631 1829 5689; baseline -0.001 -1"><span class='ocrx_word' id='word_1_770' title='bbox 232 5634 450 5689; x_wconf 89' lang='lat' dir='ltr'><strong>animus</strong></span> <span class='ocrx_word' id='word_1_771' title='bbox 476 5642 664 5689; x_wconf 91' lang='lat' dir='ltr'><strong>contra</strong></span> <span class='ocrx_word' id='word_1_772' title='bbox 689 5647 776 5687; x_wconf 93' lang='lat' dir='ltr'><strong>me</strong></span> <span class='ocrx_word' id='word_1_773' title='bbox 820 5631 1137 5687; x_wconf 88' lang='lat' dir='ltr'><strong>irritaretur.</strong></span> <span class='ocrx_word' id='word_1_774' title='bbox 1176 5632 1283 5687; x_wconf 90' lang='lat' dir='ltr'><strong>Sed</strong></span> <span class='ocrx_word' id='word_1_775' title='bbox 1311 5648 1411 5688; x_wconf 92' lang='lat' dir='ltr'><strong>nos</strong></span> <span class='ocrx_word' id='word_1_776' title='bbox 1450 5641 1651 5687; x_wconf 90' lang='lat' dir='ltr'><strong>rectam</strong></span> <span class='ocrx_word' id='word_1_777' title='bbox 1688 5632 1829 5686; x_wconf 91' lang='lat' dir='ltr'><strong>viam</strong></span> 
     </span>
    </p>
   </div>
   <div class='ocr_carea' id='block_1_104' title="bbox 232 5726 1830 5798">
    <p class='ocr_par' dir='ltr' id='par_1_104' title="bbox 232 5726 1830 5798">
     <span class='ocr_line' id='line_1_104' title="bbox 232 5726 1830 5798; baseline -0.004 -13"><span class='ocrx_word' id='word_1_778' title='bbox 232 5727 564 5794; x_wconf 74' lang='lat' dir='ltr'><strong>tenebimus,</strong></span> <span class='ocrx_word' id='word_1_779' title='bbox 596 5727 670 5782; x_wconf 91' lang='lat' dir='ltr'><strong>nil</strong></span> <span class='ocrx_word' id='word_1_780' title='bbox 699 5726 751 5781; x_wconf 87' lang='lat' dir='ltr'><strong>in</strong></span> <span class='ocrx_word' id='word_1_781' title='bbox 778 5727 881 5781; x_wconf 83' lang='lat' dir='ltr'><strong>hac</strong></span> <span class='ocrx_word' id='word_1_782' title='bbox 906 5743 1067 5782; x_wconf 88' lang='lat' dir='ltr'><strong>causa</strong></span> <span class='ocrx_word' id='word_1_783' title='bbox 1097 5726 1258 5792; x_wconf 89' lang='lat' dir='ltr'><strong>aliud,</strong></span> <span class='ocrx_word' id='word_1_784' title='bbox 1287 5728 1384 5783; x_wconf 89' lang='lat' dir='ltr'><strong>nisi</strong></span> <span class='ocrx_word' id='word_1_785' title='bbox 1408 5728 1830 5798; x_wconf 84' lang='lat' dir='ltr'><strong>omnipotentem</strong></span> 
     </span>
    </p>
   </div>
   <div class='ocr_carea' id='block_1_105' title="bbox 234 5817 1829 5886">
    <p class='ocr_par' dir='ltr' id='par_1_105' title="bbox 234 5817 1829 5886">
     <span class='ocr_line' id='line_1_105' title="bbox 234 5817 1829 5886; baseline -0.001 -10"><span class='ocrx_word' id='word_1_786' title='bbox 234 5817 563 5886; x_wconf 88' lang='lat' dir='ltr'><strong>Dominum,</strong></span> <span class='ocrx_word' id='word_1_787' title='bbox 614 5828 934 5875; x_wconf 88' lang='lat' dir='ltr'><strong>metuentes.</strong></span> <span class='ocrx_word' id='word_1_788' title='bbox 993 5819 1139 5876; x_wconf 87' lang='lat' dir='ltr'><strong>Unde</strong></span> <span class='ocrx_word' id='word_1_789' title='bbox 1188 5829 1277 5875; x_wconf 88' lang='lat' dir='ltr'><strong>ttta</strong></span> <span class='ocrx_word' id='word_1_790' title='bbox 1328 5821 1542 5875; x_wconf 86' lang='lat' dir='ltr'><strong>dilectio</strong></span> <span class='ocrx_word' id='word_1_791' title='bbox 1595 5821 1646 5875; x_wconf 93' lang='lat' dir='ltr'><strong>in</strong></span> <span class='ocrx_word' id='word_1_792' title='bbox 1684 5820 1829 5874; x_wconf 92' lang='lat' dir='ltr'><strong>nullo</strong></span> 
     </span>
    </p>
   </div>
   <div class='ocr_carea' id='block_1_106' title="bbox 235 5912 1828 5986">
    <p class='ocr_par' dir='ltr' id='par_1_106' title="bbox 235 5912 1828 5986">
     <span class='ocr_line' id='line_1_106' title="bbox 235 5912 1828 5986; baseline -0.002 -14"><span class='ocrx_word' id='word_1_793' title='bbox 235 5913 499 5986; x_wconf 80' lang='lat' dir='ltr'><strong>trepidet.</strong></span> <span class='ocrx_word' id='word_1_794' title='bbox 536 5912 725 5969; x_wconf 88' lang='lat' dir='ltr'><strong>Omnia</strong></span> <span class='ocrx_word' id='word_1_795' title='bbox 760 5928 877 5983; x_wconf 74' lang='lat' dir='ltr'><strong>qure</strong></span> <span class='ocrx_word' id='word_1_796' title='bbox 923 5915 976 5969; x_wconf 91' lang='lat' dir='ltr'><strong>in</strong></span> <span class='ocrx_word' id='word_1_797' title='bbox 1008 5914 1108 5970; x_wconf 88' lang='lat' dir='ltr'><strong>hoc</strong></span> <span class='ocrx_word' id='word_1_798' title='bbox 1139 5913 1338 5969; x_wconf 76' lang='lat' dir='ltr'><strong>saeculo</strong></span> <span class='ocrx_word' id='word_1_799' title='bbox 1377 5914 1522 5971; x_wconf 85' lang='lat' dir='ltr'><strong>videt</strong></span> <span class='ocrx_word' id='word_1_800' title='bbox 1553 5914 1661 5969; x_wconf 85' lang='lat' dir='ltr'><strong>alta</strong></span> <span class='ocrx_word' id='word_1_801' title='bbox 1711 5928 1828 5969; x_wconf 88' lang='lat' dir='ltr'><strong>esse</strong></span> 
     </span>
    </p>
   </div>
   <div class='ocr_carea' id='block_1_107' title="bbox 1928 4703 3528 4773">
    <p class='ocr_par' dir='ltr' id='par_1_107' title="bbox 1928 4703 3528 4773">
     <span class='ocr_line' id='line_1_107' title="bbox 1928 4703 3528 4773; baseline 0 -12"><span class='ocrx_word' id='word_1_802' title='bbox 1928 4706 2052 4761; x_wconf 83' lang='lat' dir='ltr'><strong>dam</strong></span> <span class='ocrx_word' id='word_1_803' title='bbox 2080 4706 2374 4763; x_wconf 90' lang='lat' dir='ltr'><strong>meliorare</strong></span> <span class='ocrx_word' id='word_1_804' title='bbox 2398 4704 2739 4773; x_wconf 89' lang='lat' dir='ltr'><strong>desiderans,</strong></span> <span class='ocrx_word' id='word_1_805' title='bbox 2788 4704 2915 4760; x_wconf 83' lang='lat' dir='ltr'><strong>dum</strong></span> <span class='ocrx_word' id='word_1_806' title='bbox 2948 4703 3185 4761; x_wconf 87' lang='lat' dir='ltr'><strong>uescitur</strong></span> <span class='ocrx_word' id='word_1_807' title='bbox 3211 4703 3304 4759; x_wconf 90' lang='lat' dir='ltr'><strong>ubi</strong></span> <span class='ocrx_word' id='word_1_808' title='bbox 3330 4718 3528 4773; x_wconf 78' lang='lat' dir='ltr'><strong>corpus</strong></span> 
     </span>
    </p>
   </div>
   <div class='ocr_carea' id='block_1_108' title="bbox 1926 4795 3528 4866">
    <p class='ocr_par' dir='ltr' id='par_1_108' title="bbox 1926 4795 3528 4866">
     <span class='ocr_line' id='line_1_108' title="bbox 1926 4795 3528 4866; baseline -0.006 -6"><span class='ocrx_word' id='word_1_809' title='bbox 1926 4810 2071 4860; x_wconf 87' lang='lat' dir='ltr'><strong>esset</strong></span> <span class='ocrx_word' id='word_1_810' title='bbox 2099 4800 2407 4857; x_wconf 84' lang='lat' dir='ltr'><strong>venerabile</strong></span> <span class='ocrx_word' id='word_1_811' title='bbox 2435 4799 2783 4865; x_wconf 87' lang='lat' dir='ltr'><strong>collocatum,</strong></span> <span class='ocrx_word' id='word_1_812' title='bbox 2814 4797 3065 4855; x_wconf 71' lang='lat' dir='ltr'><strong>effoditur</strong></span> <span class='ocrx_word' id='word_1_813' title='bbox 3092 4795 3443 4866; x_wconf 78' lang='lat' dir='ltr'><strong>exquirendo.</strong></span> <span class='ocrx_word' id='word_1_814' title='bbox 3477 4804 3528 4852; x_wconf 86' lang='lat' dir='ltr'><strong>et</strong></span> 
     </span>
    </p>
   </div>
   <div class='ocr_carea' id='block_1_109' title="bbox 1928 4892 3529 4964">
    <p class='ocr_par' dir='ltr' id='par_1_109' title="bbox 1928 4892 3529 4964">
     <span class='ocr_line' id='line_1_109' title="bbox 1928 4892 3529 4964; baseline -0.002 -14"><span class='ocrx_word' id='word_1_815' title='bbox 1928 4896 2105 4950; x_wconf 88' lang='lat' dir='ltr'><strong>subito</strong></span> <span class='ocrx_word' id='word_1_816' title='bbox 2149 4894 2458 4964; x_wconf 88' lang='lat' dir='ltr'><strong>sepulcrum</strong></span> <span class='ocrx_word' id='word_1_817' title='bbox 2511 4893 2678 4962; x_wconf 89' lang='lat' dir='ltr'><strong>ipsius</strong></span> <span class='ocrx_word' id='word_1_818' title='bbox 2705 4892 3021 4960; x_wconf 87' lang='lat' dir='ltr'><strong>ignoranter</strong></span> <span class='ocrx_word' id='word_1_819' title='bbox 3044 4898 3291 4959; x_wconf 84' lang='lat' dir='ltr'><strong>apertum</strong></span> <span class='ocrx_word' id='word_1_820' title='bbox 3321 4899 3441 4957; x_wconf 79' lang='lat' dir='ltr'><strong>est;</strong></span> <span class='ocrx_word' id='word_1_821' title='bbox 3475 4901 3529 4947; x_wconf 90' lang='lat' dir='ltr'><strong>et</strong></span> 
     </span>
    </p>
   </div>
   <div class='ocr_carea' id='block_1_110' title="bbox 1927 4982 3530 5058">
    <p class='ocr_par' dir='ltr' id='par_1_110' title="bbox 1927 4982 3530 5058">
     <span class='ocr_line' id='line_1_110' title="bbox 1927 4982 3530 5058; baseline 0.001 -17"><span class='ocrx_word' id='word_1_822' title='bbox 1927 4987 1983 5043; x_wconf 89' lang='lat' dir='ltr'><strong>bi</strong></span> <span class='ocrx_word' id='word_1_823' title='bbox 2013 4988 2104 5058; x_wconf 88' lang='lat' dir='ltr'><strong>qui</strong></span> <span class='ocrx_word' id='word_1_824' title='bbox 2130 4995 2424 5057; x_wconf 63' lang='lat' dir='ltr'><strong>praesentes</strong></span> <span class='ocrx_word' id='word_1_825' title='bbox 2450 4992 2601 5041; x_wconf 87' lang='lat' dir='ltr'><strong>erant</strong></span> <span class='ocrx_word' id='word_1_826' title='bbox 2627 4991 2790 5053; x_wconf 89' lang='lat' dir='ltr'><strong>atque</strong></span> <span class='ocrx_word' id='word_1_827' title='bbox 2808 4982 3127 5041; x_wconf 83' lang='lat' dir='ltr'><strong>laborabant</strong></span> <span class='ocrx_word' id='word_1_828' title='bbox 3155 4985 3449 5053; x_wconf 49' lang='lat' dir='ltr'><strong>monachi,</strong></span> <span class='ocrx_word' id='word_1_829' title='bbox 3474 4994 3530 5042; x_wconf 88' lang='lat' dir='ltr'><strong>et</strong></span> 
     </span>
    </p>
   </div>
   <div class='ocr_carea' id='block_1_111' title="bbox 1930 5072 3527 5148">
    <p class='ocr_par' dir='ltr' id='par_1_111' title="bbox 1930 5072 3527 5148">
     <span class='ocr_line' id='line_1_111' title="bbox 1930 5072 3527 5148; baseline -0.002 -14"><span class='ocrx_word' id='word_1_830' title='bbox 1930 5079 2309 5145; x_wconf 88' lang='lat' dir='ltr'><strong>mansionarii,</strong></span> <span class='ocrx_word' id='word_1_831' title='bbox 2340 5076 2432 5147; x_wconf 90' lang='lat' dir='ltr'><strong>qui</strong></span> <span class='ocrx_word' id='word_1_832' title='bbox 2460 5090 2658 5145; x_wconf 87' lang='lat' dir='ltr'><strong>corpus</strong></span> <span class='ocrx_word' id='word_1_833' title='bbox 2693 5072 2935 5142; x_wconf 80' lang='lat' dir='ltr'><strong>ejusdem</strong></span> <span class='ocrx_word' id='word_1_834' title='bbox 2976 5075 3230 5148; x_wconf 76' lang='lat' dir='ltr'><strong>martyris</strong></span> <span class='ocrx_word' id='word_1_835' title='bbox 3260 5076 3527 5142; x_wconf 88' lang='lat' dir='ltr'><strong>viderunt,</strong></span> 
     </span>
    </p>
   </div>
   <div class='ocr_carea' id='block_1_112' title="bbox 1931 5168 3529 5243">
    <p class='ocr_par' dir='ltr' id='par_1_112' title="bbox 1931 5168 3529 5243">
     <span class='ocr_line' id='line_1_112' title="bbox 1931 5168 3529 5243; baseline 0.001 -19"><span class='ocrx_word' id='word_1_836' title='bbox 1931 5170 2075 5243; x_wconf 89' lang='lat' dir='ltr'><strong>quod</strong></span> <span class='ocrx_word' id='word_1_837' title='bbox 2105 5168 2322 5239; x_wconf 89' lang='lat' dir='ltr'><strong>quidem</strong></span> <span class='ocrx_word' id='word_1_838' title='bbox 2345 5168 2568 5222; x_wconf 88' lang='lat' dir='ltr'><strong>minime</strong></span> <span class='ocrx_word' id='word_1_839' title='bbox 2592 5174 2813 5236; x_wconf 84' lang='lat' dir='ltr'><strong>tangere</strong></span> <span class='ocrx_word' id='word_1_840' title='bbox 2839 5177 3318 5239; x_wconf 67' lang='lat' dir='ltr'><strong>praesumpseruut,</strong></span> <span class='ocrx_word' id='word_1_841' title='bbox 3338 5185 3529 5226; x_wconf 82' lang='lat' dir='ltr'><strong>omnes</strong></span> 
     </span>
    </p>
   </div>
   <div class='ocr_carea' id='block_1_113' title="bbox 1934 5258 3528 5325">
    <p class='ocr_par' dir='ltr' id='par_1_113' title="bbox 1934 5258 3528 5325">
     <span class='ocr_line' id='line_1_113' title="bbox 1934 5258 3528 5325; baseline -0.001 -6"><span class='ocrx_word' id='word_1_842' title='bbox 1934 5264 2075 5319; x_wconf 89' lang='lat' dir='ltr'><strong>intra</strong></span> <span class='ocrx_word' id='word_1_843' title='bbox 2101 5262 2291 5317; x_wconf 89' lang='lat' dir='ltr'><strong>decem</strong></span> <span class='ocrx_word' id='word_1_844' title='bbox 2321 5260 2436 5317; x_wconf 88' lang='lat' dir='ltr'><strong>dies</strong></span> <span class='ocrx_word' id='word_1_845' title='bbox 2463 5258 2699 5316; x_wconf 84' lang='lat' dir='ltr'><strong>defuncti</strong></span> <span class='ocrx_word' id='word_1_846' title='bbox 2727 5267 2873 5325; x_wconf 88' lang='lat' dir='ltr'><strong>sunt,</strong></span> <span class='ocrx_word' id='word_1_847' title='bbox 2900 5259 2975 5319; x_wconf 85' lang='lat' dir='ltr'><strong>ita</strong></span> <span class='ocrx_word' id='word_1_848' title='bbox 3001 5268 3061 5317; x_wconf 92' lang='lat' dir='ltr'><strong>ut</strong></span> <span class='ocrx_word' id='word_1_849' title='bbox 3099 5261 3276 5321; x_wconf 82' lang='lat' dir='ltr'><strong>nullus</strong></span> <span class='ocrx_word' id='word_1_850' title='bbox 3297 5262 3423 5317; x_wconf 68' lang='lat' dir='ltr'><strong>vitae</strong></span> <span class='ocrx_word' id='word_1_851' title='bbox 3447 5278 3528 5317; x_wconf 80' lang='lat' dir='ltr'><strong>su-</strong></span> 
     </span>
    </p>
   </div>
   <div class='ocr_carea' id='block_1_114' title="bbox 1934 5353 3528 5427">
    <p class='ocr_par' dir='ltr' id='par_1_114' title="bbox 1934 5353 3528 5427">
     <span class='ocr_line' id='line_1_114' title="bbox 1934 5353 3528 5427; baseline -0.001 -15"><span class='ocrx_word' id='word_1_852' title='bbox 1934 5370 2153 5427; x_wconf 85' lang='lat' dir='ltr'><strong>peresse</strong></span> <span class='ocrx_word' id='word_1_853' title='bbox 2177 5354 2461 5426; x_wconf 85' lang='lat' dir='ltr'><strong>potuisset,</strong></span> <span class='ocrx_word' id='word_1_854' title='bbox 2488 5354 2580 5425; x_wconf 92' lang='lat' dir='ltr'><strong>qui</strong></span> <span class='ocrx_word' id='word_1_855' title='bbox 2600 5361 2847 5413; x_wconf 87' lang='lat' dir='ltr'><strong>sanetum</strong></span> <span class='ocrx_word' id='word_1_856' title='bbox 2872 5353 3148 5425; x_wconf 69' lang='lat' dir='ltr'><strong>etjustuu</strong></span> <span class='ocrx_word' id='word_1_857' title='bbox 3170 5370 3368 5426; x_wconf 83' lang='lat' dir='ltr'><strong>corpus</strong></span> <span class='ocrx_word' id='word_1_858' title='bbox 3387 5356 3528 5410; x_wconf 81' lang='lat' dir='ltr'><strong>illius</strong></span> 
     </span>
    </p>
   </div>
   <div class='ocr_carea' id='block_1_115' title="bbox 1936 5448 2165 5505">
    <p class='ocr_par' dir='ltr' id='par_1_115' title="bbox 1936 5448 2165 5505">
     <span class='ocr_line' id='line_1_115' title="bbox 1936 5448 2165 5505; baseline -0.017 0"><span class='ocrx_word' id='word_1_859' title='bbox 1936 5448 2165 5505; x_wconf 87' lang='lat' dir='ltr'><strong>viderat.</strong></span> 
     </span>
    </p>
   </div>
   <div class='ocr_carea' id='block_1_116' title="bbox 2018 5536 3537 5613">
    <p class='ocr_par' dir='ltr' id='par_1_116' title="bbox 2018 5536 3537 5613">
     <span class='ocr_line' id='line_1_116' title="bbox 2018 5536 3537 5613; baseline -0.003 -16"><span class='ocrx_word' id='word_1_860' title='bbox 2018 5562 2035 5595; x_wconf 77' lang='grc' dir='ltr'>ι</span> <span class='ocrx_word' id='word_1_861' title='bbox 2073 5543 2381 5611; x_wconf 86' lang='lat' dir='ltr'><strong>Cognoscat</strong></span> <span class='ocrx_word' id='word_1_862' title='bbox 2428 5554 2609 5599; x_wconf 87' lang='lat' dir='ltr'><strong>autem</strong></span> <span class='ocrx_word' id='word_1_863' title='bbox 2651 5542 3090 5613; x_wconf 74' lang='lat' dir='ltr'><strong>tranquillissima</strong></span> <span class='ocrx_word' id='word_1_864' title='bbox 3134 5539 3353 5596; x_wconf 84' lang='lat' dir='ltr'><strong>domina</strong></span> <span class='ocrx_word' id='word_1_865' title='bbox 3395 5536 3537 5607; x_wconf 82' lang='lat' dir='ltr'><strong>quia-</strong></span> 
     </span>
    </p>
   </div>
   <div class='ocr_carea' id='block_1_117' title="bbox 1940 5637 3525 5709">
    <p class='ocr_par' dir='ltr' id='par_1_117' title="bbox 1940 5637 3525 5709">
     <span class='ocr_line' id='line_1_117' title="bbox 1940 5637 3525 5709; baseline -0.002 -16"><span class='ocrx_word' id='word_1_866' title='bbox 1940 5637 2197 5694; x_wconf 84' lang='lat' dir='ltr'><strong>Bomanis</strong></span> <span class='ocrx_word' id='word_1_867' title='bbox 2217 5639 2555 5695; x_wconf 88' lang='lat' dir='ltr'><strong>consuetudo</strong></span> <span class='ocrx_word' id='word_1_868' title='bbox 2585 5656 2693 5696; x_wconf 93' lang='lat' dir='ltr'><strong>non</strong></span> <span class='ocrx_word' id='word_1_869' title='bbox 2725 5647 2828 5706; x_wconf 90' lang='lat' dir='ltr'><strong>est,</strong></span> <span class='ocrx_word' id='word_1_870' title='bbox 2857 5639 3073 5709; x_wconf 84' lang='lat' dir='ltr'><strong>quando</strong></span> <span class='ocrx_word' id='word_1_871' title='bbox 3103 5643 3414 5690; x_wconf 85' lang='lat' dir='ltr'><strong>sanctorum</strong></span> <span class='ocrx_word' id='word_1_872' title='bbox 3440 5649 3525 5690; x_wconf 86' lang='lat' dir='ltr'><strong>re-</strong></span> 
     </span>
    </p>
   </div>
   <div class='ocr_carea' id='block_1_118' title="bbox 1937 5726 3525 5801">
    <p class='ocr_par' dir='ltr' id='par_1_118' title="bbox 1937 5726 3525 5801">
     <span class='ocr_line' id='line_1_118' title="bbox 1937 5726 3525 5801; baseline -0.001 -17"><span class='ocrx_word' id='word_1_873' title='bbox 1937 5731 2127 5800; x_wconf 88' lang='lat' dir='ltr'><strong>liquias</strong></span> <span class='ocrx_word' id='word_1_874' title='bbox 2150 5730 2300 5793; x_wconf 85' lang='lat' dir='ltr'><strong>dant,</strong></span> <span class='ocrx_word' id='word_1_875' title='bbox 2332 5741 2390 5786; x_wconf 88' lang='lat' dir='ltr'><strong>ut</strong></span> <span class='ocrx_word' id='word_1_876' title='bbox 2413 5731 2702 5801; x_wconf 86' lang='lat' dir='ltr'><strong>quidquam</strong></span> <span class='ocrx_word' id='word_1_877' title='bbox 2727 5738 2950 5799; x_wconf 89' lang='lat' dir='ltr'><strong>tangere</strong></span> <span class='ocrx_word' id='word_1_878' title='bbox 2972 5734 3297 5798; x_wconf 65' lang='lat' dir='ltr'><strong>praesumant</strong></span> <span class='ocrx_word' id='word_1_879' title='bbox 3324 5726 3393 5781; x_wconf 86' lang='lat' dir='ltr'><strong>de</strong></span> <span class='ocrx_word' id='word_1_880' title='bbox 3412 5741 3525 5782; x_wconf 76' lang='lat' dir='ltr'><strong>cor-</strong></span> 
     </span>
    </p>
   </div>
   <div class='ocr_carea' id='block_1_119' title="bbox 1937 5818 3524 5895">
    <p class='ocr_par' dir='ltr' id='par_1_119' title="bbox 1937 5818 3524 5895">
     <span class='ocr_line' id='line_1_119' title="bbox 1937 5818 3524 5895; baseline 0.001 -17"><span class='ocrx_word' id='word_1_881' title='bbox 1937 5836 2088 5892; x_wconf 87' lang='lat' dir='ltr'><strong>pore,</strong></span> <span class='ocrx_word' id='word_1_882' title='bbox 2121 5822 2215 5879; x_wconf 89' lang='lat' dir='ltr'><strong>sed</strong></span> <span class='ocrx_word' id='word_1_883' title='bbox 2245 5824 2616 5879; x_wconf 86' lang='lat' dir='ltr'><strong>tantummodo</strong></span> <span class='ocrx_word' id='word_1_884' title='bbox 2660 5824 2714 5878; x_wconf 90' lang='lat' dir='ltr'><strong>in</strong></span> <span class='ocrx_word' id='word_1_885' title='bbox 2736 5822 2934 5895; x_wconf 84' lang='lat' dir='ltr'><strong>pyxide</strong></span> <span class='ocrx_word' id='word_1_886' title='bbox 2954 5818 3247 5876; x_wconf 87' lang='lat' dir='ltr'><strong>brandeum</strong></span> <span class='ocrx_word' id='word_1_887' title='bbox 3272 5820 3524 5890; x_wconf 72' lang='lat' dir='ltr'><strong>mittitur,</strong></span> 
     </span>
    </p>
   </div>
   <div class='ocr_carea' id='block_1_120' title="bbox 1937 5915 3522 5987">
    <p class='ocr_par' dir='ltr' id='par_1_120' title="bbox 1937 5915 3522 5987">
     <span class='ocr_line' id='line_1_120' title="bbox 1937 5915 3522 5987; baseline 0 -17"><span class='ocrx_word' id='word_1_888' title='bbox 1937 5923 2098 5985; x_wconf 89' lang='lat' dir='ltr'><strong>atque</strong></span> <span class='ocrx_word' id='word_1_889' title='bbox 2128 5916 2194 5972; x_wconf 92' lang='lat' dir='ltr'><strong>ad</strong></span> <span class='ocrx_word' id='word_1_890' title='bbox 2225 5916 2588 5975; x_wconf 83' lang='lat' dir='ltr'><strong>sacratissima</strong></span> <span class='ocrx_word' id='word_1_891' title='bbox 2624 5924 2939 5974; x_wconf 85' lang='lat' dir='ltr'><strong>sanctorum</strong></span> <span class='ocrx_word' id='word_1_892' title='bbox 2964 5928 3212 5984; x_wconf 75' lang='lat' dir='ltr'><strong>corpora</strong></span> <span class='ocrx_word' id='word_1_893' title='bbox 3260 5915 3522 5987; x_wconf 81' lang='lat' dir='ltr'><strong>ponitur:</strong></span> 
     </span>
    </p>
   </div>
  </div>
