4118 6448
589 397 692 457 167

588 512 736 587 quod
761 510 997 565 levatum
1037 502 1092 557 in
1119 498 1348 555 ecclesia
1378 508 1498 567 quae
1536 498 1621 547 est
1648 487 1964 553 dedicanda,
1996 484 2178 540 debita
2206 486 2247 542 Α

592 576 713 663 cum
743 597 1090 659 veneratione
1116 589 1459 653 reconditur;
1499 594 1554 641 et
1582 591 1743 639 tanta:
1792 596 1889 652 per
1935 580 2041 635 hoc
2068 576 2173 631 ibi-

590 700 713 756 dem
741 695 970 751 virtutes
1018 687 1153 743 fiunt
1192 699 1255 740 ac
1276 683 1323 739 si
1356 682 1466 737 illic
1494 678 1803 750 specialiter
1830 688 2019 732 eorum
2055 684 2177 726 cor-

1147 386 1205 443 s.
1248 376 1573 439 caucos“
1610 370 1811 431 tum
1849 367 2034 435 vm,
2074 359 2280 423 aucr.
2320 353 2580 414 JOANNE
2618 322 3229 410 mA'couo.ua.'1'll.‘-

2282 476 2520 533 etionem
2544 478 2756 543 petunt,
2787 477 2849 524 ut
2875 481 3065 538 parum
3113 461 3240 536 quid
3283 474 3352 517 ex
3400 457 3651 514 limatura
3696 457 3881 529 perci-

2274 569 2446 642 piant,
2478 564 2680 622 assistit
2708 559 2967 618 sacerdos
2995 572 3118 614 cum
3141 556 3287 621 lima,
3311 560 3368 608 et
3382 550 3652 623 aliquibus
3681 559 3881 621 peten-

2276 665 2422 720 tibus
2451 663 2527 717 ita
2553 660 2767 716 concite
2796 653 2999 725 aliquid
3025 653 3093 708 de
3112 649 3320 708 catenis
3347 648 3467 719 ejus
3496 648 3787 713 excutitur,
3816 653 3887 702 ut

3770 341 3878 399 168

594 738 727 861 pora
750 786 1079 843 deferantur.
1116 777 1269 835 Unde
1297 738 1607 843 contigit.ut
1634 772 1808 827 beatae
1834 764 2176 825 recordatio-
2278 770 2433 861 mora
2461 752 2607 855 nulla
2634 750 2739 861 sit‘
2769 744 3091 861 quibusdam
3122 756 3253 861 vero
3283 738 3888 861 petentibushdiupfr

594 858 680 937 nis
708 878 904 935 Leonis
926 888 1078 947 papae
1098 881 1364 942 tempore,
1388 867 1528 923 sicut
1550 880 1580 919 a
1606 862 1901 933 majoribus
1926 858 2177 925 traditur,

594 972 719 1028 dum
747 967 967 1041 quidam
995 964 1168 1021 Grzeei
1207 962 1275 1017 de
1315 959 1510 1014 talibus
1561 954 1804 1026 reliquiis
1852 951 2180 1041 dubitarent,

595 1040 881 1133 praedictus
907 1055 1152 1129 pontifex
1170 1055 1276 1109 hoc
1306 1053 1480 1123 ipsum
1505 1047 1800 1103 brandeum
1825 1044 2002 1099 allatis
2030 1040 2183 1098 forfi-

2288 852 2511 902 catenas
2533 842 2677 914 ipsas
2697 841 2823 895 lima
2838 837 3074 900 ducitur,
3093 841 3149 889 et
3169 841 3349 888 tamen
3379 839 3441 885 ut
3460 828 3663 899 aliquid
3684 828 3889 886 exinde

2282 946 2445 995 exeat
2474 951 2583 991 non
2611 933 2903 990 obtinetur.
2930 927 3069 1001 (Lib.
3103 942 3176 993 tv,
3197 943 3279 997 ep.
3311 923 3428 995 30.)

2358 1029 2447 1084 57.
2484 1026 2544 1083 In
2567 1026 2761 1098 quibus
2787 1021 3033 1092 Gregorii
3060 1018 3345 1075 veracibus
3372 1016 3558 1088 utique
3582 1015 3764 1073 verbis
3791 1030 3891 1088 ap-

597 1108 749 1212 ;ibus
776 1108 986 1221 incidrit,
1017 1159 1072 1206 et
1098 1165 1167 1206 ex
1195 1148 1310 1219 ipsa
1340 1144 1601 1201 incisione
1629 1140 1846 1209 sanguis
1870 1136 2097 1194 ellluxit.
2125 1134 2185 1190 In
2284 1128 2461 1195 paret,
2503 1119 2629 1189 quia
2656 1130 2828 1186 usque
2852 1112 3030 1221 adi“?!
3056 1118 3304 1221 tempore
3333 1123 3435 1180 pro
3455 1108 3700 1177 reliquiis
3723 1108 3891 1213 bran-

599 1246 859 1302 Remanis
887 1256 1122 1312 namque
1145 1239 1233 1296 vel
1260 1238 1424 1294 totius
1451 1233 1757 1291 Occidentis
1785 1230 2028 1302 partibus
2066 1241 2185 1283 om-

2288 1215 2449 1272 deum
2474 1212 2750 1267 Romanus
2789 1205 3031 1290 pontifex
3062 1205 3398 1271 conferebat,
3445 1217 3570 1259 cum
3599 1201 3894 1272 posteriori

600 1340 729 1395 nino
756 1292 1097 1392 intolerabile
1122 1339 1206 1389 est
1226 1338 1387 1400 atque
1415 1326 1754 1395 sacrilegum,
1789 1292 1845 1378 ἐἰ
1872 1328 2187 1377 sanctorum
2291 1292 2537 1379 tempore
2560 1305 2629 1360 de
2653 1302 2899 1400 vestibus
2919 1314 3043 1369 quae
3069 1298 3169 1353 sub
3207 1295 3367 1351 altari
3394 1294 3568 1400 sancti
3591 1292 3894 1397 Joannisin

603 1442 834 1499 corpora
862 1434 1083 1496 tangere
1109 1385 1393 1494 quisquam
1419 1385 1652 1475 fortasse
1678 1385 1929 1471 voluerit.
1961 1411 2117 1479 Quod
2144 1409 2191 1466 si
2292 1400 2515 1457 basilica
2540 1392 2986 1499 ῧοηεξθηιξξιίθηδ
3005 1398 3309 1499 εθιςξδηῑιξΐν
3329 1386 3610 1492 Panicum
3629 1385 3896 1458 οωρθτὶιιι

604 1480 1022 1592 praesumpserit,
1063 1480 1273 1572 certum
1314 1521 1398 1568 est
1425 1511 1548 1581 quia
1577 1510 1692 1564 haec
1717 1505 1993 1561 temeritas
2014 1503 2192 1572 impu-
2294 1490 2598 1592 pronsacrils
2622 1486 2866 1592 reliquiis
2892 1482 3201 1556 petentibus
3228 1480 3367 1592 dari.

604 1612 719 1667 uita
767 1609 916 1665 nullo
958 1606 1120 1663 modo
1168 1603 1488 1662 remanebit.
1520 1600 1626 1656 Pro
1651 1615 1757 1669 qua
1785 1613 1846 1654 re
1882 1596 1951 1652 de
1980 1594 2197 1652 Graeco-

606 1719 729 1761 rum
749 1700 1158 1766 consuetudine,
1173 1699 1264 1770 qui
1280 1712 1404 1753 ossa
1429 1696 1609 1751 levare
1629 1699 1938 1749 sanctorum
1959 1704 2020 1744 se
2044 1700 2194 1742 asse-

607 1804 754 1863 runt,
795 1796 1146 1851 vehementer
1190 1791 1474 1853 miramur,
1516 1796 1572 1843 et
1613 1786 1705 1841 vix
1744 1784 2031 1841 credimus.
2065 1780 2201 1835 Nam

609 1891 830 1964 quidam
850 1886 1023 1944 Graeci
1045 1882 1295 1939 monachi
1316 1883 1422 1936 huc
1444 1887 1569 1935 ante
1588 1876 1863 1933 biennium
1893 1873 2195 1939 venientes,

610 1990 879 2038 nocturno
898 1978 1110 2036 silentio
1129 1977 1281 2047 juxta
1302 1973 1587 2029 ecclesiam
1608 1968 1780 2025 sancti
1802 1966 1954 2022 Pauli
1968 1979 2200 2037 corpora

612 2080 950 2130 mortuorum
972 2070 1027 2125 in
1057 2083 1249 2139 campo
1273 2065 1507 2137 jacentia
1538 2062 1886 2127 eﬂ'odiebant,
1918 2066 2078 2128 atque
2106 2071 2201 2113 εοε-

611 2182 731 2223 rum
767 2180 891 2221 ossa
918 2161 1307 2226 recondebant,
1340 2166 1618 2215 servantes
1663 2154 1787 2223 sibi,
1826 2152 1955 2208 dum
1982 2149 2205 2206 recede-

612 2266 755 2314 rent.
787 2256 890 2323 Qui
916 2270 1040 2310 cum
1063 2254 1217 2318 tenti,
1247 2259 1303 2307 et
1340 2266 1436 2306 cur
1482 2250 1589 2304 hoc
1630 2247 1873 2301 facerent
1918 2242 2207 2312 diligenter

616 2346 845 2403 fuissent
863 2344 1111 2409 discussi,
1133 2341 1365 2399 confessi
1394 2346 1519 2395 sunt
1548 2335 1693 2408 quod
1714 2335 1803 2390 illa
1827 2348 1949 2390 ossa
1972 2331 2039 2387 ad
2059 2330 2207 2386 Gne-

618 2442 759 2497 ciam
780 2447 962 2495 essent
992 2446 1266 2506 tamquam
1296 2441 1608 2490 sanctorum
1636 2429 1892 2499 reliquias
1923 2425 2206 2498 portaturi.

622 2530 700 2587 Ex
728 2544 958 2602 quorum
987 2528 1261 2599 exemplo,
1290 2526 1430 2582 sicut
1458 2522 1769 2595 praedictum
1790 2526 1892 2586 est,
1922 2517 2095 2586 major
2114 2530 2212 2571 no-

621 2623 707 2680 bis
734 2621 981 2677 dubietas
1026 2628 1155 2675 nata
1196 2625 1279 2674 est
1318 2625 1499 2671 utrum
1544 2629 1732 2669 verum
1777 2612 1849 2667 sit
1876 2609 2020 2679 quod
2048 2607 2216 2664 levari

624 2713 892 2769 veraciter
939 2725 1064 2766 ossa
1111 2715 1423 2764 sanctorum
1472 2705 1741 2760 dicuntur.
1785 2702 1861 2756 De
1900 2699 2216 2771 corporibus

625 2821 759 2862 vero
788 2804 1072 2860 beatorum
1103 2800 1472 2871 apostolorum
1492 2797 1621 2867 quid
1651 2808 1753 2864 ego
1782 2794 2025 2850 dicturus
2052 2792 2212 2847 sum?

636 2897 773 2951 Dum
814 2902 1024 2951 constet
1052 2893 1178 2964 quia
1223 2907 1290 2947 eo
1339 2899 1583 2961 tempore
1624 2903 1734 2958 quo
1778 2885 1923 2957 passi
1963 2892 2106 2949 sunt,
2151 2896 2220 2937 ex

630 2985 852 3044 Oriente
880 2970 1065 3042 fideles
1111 2993 1393 3049 venerunt,
1440 2981 1532 3052 qui
1572 2995 1758 3037 eorum
1797 2991 2050 3048 corpora,
2080 2974 2224 3030 sicut

629 3080 828 3136 civium
841 3093 1065 3135 suorum
1082 3083 1411 3147 repeterent,
1429 3088 1549 3143 qum
1569 3072 1731 3127 ducta
1754 3084 1921 3139 usque
1946 3066 2013 3122 ad
2029 3080 2223 3121 secun-

629 3173 759 3228 dum
778 3170 930 3226 urbis
950 3168 1278 3231 milliarium,
1304 3166 1358 3220 in
1379 3165 1501 3221 loco
1521 3163 1611 3234 qui
1633 3161 1827 3217 dicitur
1846 3157 2222 3219 Catacumbas,

2373 1580 2460 1635 58.
2503 1599 2521 1632 ι
2550 1578 2680 1646 Quae
2701 1531 2925 1646 qhiden:
2934 1580 3117 1629 vestes
3131 1585 3302 1641 usque
3324 1570 3585 1626 hactenus
3613 1531 3898 1623 tantisomi-

2298 1673 2500 1731 raculis
2544 1682 2835 1726 coruscare
2872 1665 3203 1737 probantur,
3255 1668 3319 1716 ut
3359 1658 3625 1717 siccitatis
3649 1666 3899 1729 tempore

2302 1767 2450 1825 foras
2476 1777 2715 1821 excussae
2753 1757 2990 1832 pluviam
3032 1754 3336 1817 conferant,
3368 1751 3739 1808 inuudationis
3764 1762 3900 1805 vero

2230 1884 2277 1944 Β
2305 1859 2659 1916 serenitatem
2686 1852 2969 1909 reducant.
3000 1847 3135 1903 Nam
3149 1843 3323 1915 super
3349 1843 3488 1911 haec,
3516 1857 3636 1914 qua:
3659 1856 3759 1913 per
3786 1839 3902 1895 sin-

2303 1954 2458 2024 gulas
2491 1948 2751 2007 ecclesias
2794 1943 3020 2012 faciunt,
3046 1955 3168 2011 quae
3198 1939 3253 1994 in
3279 1937 3520 1994 oratorio
3546 1936 3741 1992 domus
3767 1948 3903 1990 mea:

2304 2045 2362 2102 in
2400 2043 2639 2100 Suburra
2666 2038 2857 2110 positm
2893 2050 2992 2106 per
3025 2048 3119 2090 eas
3147 2031 3289 2088 Deus
3317 2029 3665 2100 omnipotens
3687 2028 3904 2097 fecerit,

2306 2151 2417 2193 non
2442 2132 2650 2189 celabo.
2674 2129 2856 2199 Nuper
2875 2124 3132 2180 Hadriani
3152 2120 3423 2193 pontificis
3453 2129 3701 2190 tempore
3727 2119 3908 2175 visum

2307 2227 2441 2284 mihi
2464 2233 2565 2288 est,
2592 2232 2651 2277 ut
2680 2221 2849 2275 altare
2876 2224 3079 2273 sanctae
3104 2214 3198 2270 Dei
3211 2212 3502 2270 Genitricis
3530 2211 3733 2278 Mariae,
3760 2210 3910 2281 quod

2310 2330 2467 2376 extra
2497 2315 2797 2373 oratorium
2826 2310 3002 2367 sancti
3031 2307 3257 2365 Joannis
3297 2306 3353 2361 in
3382 2305 3728 2376 apertissimo
3766 2304 3911 2361 atrio

2312 2412 2573 2485 positum,
2604 2403 2856 2475 congruis
2884 2399 3237 2457 luminaribus
3259 2397 3517 2453 honorari
3542 2412 3650 2453 non
3672 2404 3910 2467 poterat,

2313 2507 2457 2562 intra
2509 2499 2807 2557 oratorium
2856 2494 3029 2551 locari
3075 2491 3369 2547 debuisset.
3426 2488 3733 2545 Accersitus
3779 2502 3911 2544 vero

2318 2595 2653 2653 Gaudericus
2682 2586 3021 2653 Velitrensis,
3051 2583 3144 2654 qui
3164 2582 3340 2639 adhuc
3366 2596 3651 2653 superesse
3676 2580 3911 2647 videtur,

2318 2692 2628 2762 episcopus,
2669 2699 2793 2741 cum
2839 2680 3055 2754 hymnis
3082 2686 3139 2734 et
3163 2676 3387 2733 canticis
3437 2675 3505 2731 ab
3552 2675 3712 2730 altari
3740 2674 3912 2737 veteri

2320 2778 2605 2853 pyxidulas
2648 2776 2782 2830 duas
2820 2771 3083 2843 sigillatas
3111 2767 3367 2825 excussit.
3392 2766 3632 2834 Quarum
3662 2764 3913 2830 alteram,

2322 2887 2413 2929 me
2434 2871 2783 2941 deprecante,
2834 2862 3061 2920 nimium
3103 2861 3389 2916 timoratus
3416 2858 3687 2931 aperiens,
3720 2856 3789 2912 de
3815 2856 3917 2912 illis

2324 2964 2542 3030 tunicis,
2572 2968 2832 3031 quantum
2882 2972 2949 3013 ex
2990 2954 3340 3011 similitudine
3367 2952 3595 3010 curiosis
3622 2950 3795 3007 oculis
3822 2965 3918 3021 ρο·

2326 3057 2430 3113 tuit
2465 3052 2814 3125 deprehendi,
2866 3048 3159 3121 particulas
3185 3046 3406 3119 reperit,
3438 3060 3573 3117 quas
3607 3044 3921 3101 solemniter

2328 3150 2429 3207 sub
2471 3162 2615 3203 novo
2642 3142 2801 3199 altari
2848 3140 3122 3212 deposuit.
3152 3137 3253 3194 Ubi
3281 3153 3348 3193 ex
3377 3144 3540 3203 tunc,
3583 3136 3728 3191 sicut
3769 3135 3923 3195 multi

630 3261 897 3318 collocata
925 3266 1071 3314 sunt.
1102 3257 1211 3312 Sed
1238 3226 1364 3310 dum
1394 3269 1458 3309 ea
1483 3226 1677 3308 exinde
1706 3251 1889 3305 levare
1917 3247 2094 3304 omnis
2122 3261 2221 3301 eo-
2250 3264 2296 3329 ρ
2329 3246 2550 3303 norunt,
2574 3236 2667 3306 qui
2693 3233 2871 3289 adhuc
2912 3230 3230 3329 superstites
3277 3243 3396 3285 esse
3436 3226 3759 3299 probantur,
3790 3227 3924 3283 divi<

632 3366 753 3407 rum
777 3348 1068 3411 multitudo
1088 3346 1418 3403 conveniens
1446 3344 1728 3407 niteretur,
1754 3341 1827 3395 ita
1853 3354 1948 3396 eos
1966 3340 2049 3395 vis
2079 3336 2221 3394 toni-

633 3434 742 3498 trui
762 3450 924 3512 atque
944 3439 1167 3512 fulguris
1187 3438 1379 3494 terruit
1406 3452 1471 3493 ac
1508 3435 1781 3506 dispersit,
1806 3440 1866 3488 ut
1892 3432 2020 3487 talia
2042 3432 2223 3488 denuo

634 3534 939 3591 nullatenus
967 3539 1179 3592 tentare
1217 3535 1622 3601 praesumerent.
1655 3525 1807 3580 Tunc
1826 3532 2087 3580 exeuntes
2114 3522 2227 3577 Ro-

635 3626 802 3693 mani,
830 3640 1020 3681 eorum
1041 3637 1293 3693 corpora,
1313 3621 1407 3692 qui
1433 3621 1538 3676 hoc
1557 3634 1625 3674 ex
1650 3616 1864 3673 Domini
1885 3616 2087 3686 pietate
2107 3628 2225 3669 me-

635 3722 888 3781 ruerunt,
942 3714 1287 3779 levaverunt,
1337 3719 1393 3767 et
1438 3710 1493 3765 in
1534 3709 1671 3765 locis
1698 3708 1892 3777 quibus
1932 3718 2075 3761 nunc
2101 3710 2229 3761 sunt

635 3804 851 3862 condita
880 3812 1196 3875 posuerunt.
1248 3802 1381 3870 Quis
1421 3815 1570 3871 ergo,
1613 3799 1954 3856 serenissima
1984 3796 2225 3863 domina,

636 3904 748 3952 tam
770 3896 1090 3952 temerarius
1119 3895 1289 3967 possit
1316 3893 1569 3960 existere,
1591 3900 1650 3947 ut
1676 3893 1791 3947 hmo
1817 3890 2015 3956 sciens,
2040 3901 2231 3944 eorum

637 4001 868 4057 corpora
897 4001 1005 4040 non
1028 3985 1150 4041 dico
1174 3993 1419 4054 tangere,
1440 3983 1535 4038 sed
1556 3983 1640 4038 vel
1668 3982 2008 4052 aliquatenus
2029 3992 2233 4050 praesu-

639 4088 755 4136 mat
783 4078 1087 4148 iuspicere?
1124 4077 1262 4133 Dum
1313 4077 1472 4146 igitur
1518 4076 1648 4129 talia
1693 4075 1825 4129 mihi
1854 4089 1886 4128 a
1910 4073 2066 4128 vobis
2094 4086 2235 4142 pra:-

642 4178 799 4240 cepta
842 4178 969 4223 sunt
1009 4168 1077 4223 de
1104 4168 1296 4237 quibus
1333 4180 1528 4237 parere
1580 4164 1883 4220 nullatenus
1912 4162 2231 4234 potuissem,

644 4271 902 4334 quantum
931 4260 1166 4323 invenio,
1196 4275 1305 4315 non
1332 4268 1571 4314 vestrum
1616 4266 1719 4322 est,
1765 4256 1862 4313 sed
1890 4254 2107 4327 quidam
2133 4254 2235 4308 h0-

646 4356 820 4411 mines
863 4361 1052 4409 contra
1091 4367 1179 4408 me
1216 4352 1471 4423 pietatem
1507 4356 1739 4404 vestram
1763 4349 2003 4403 excitare
2044 4346 2235 4406 volue-

645 4453 792 4513 runt,
821 4452 883 4500 ut
907 4443 1056 4511 mihi,
1081 4443 1227 4513 quod
1254 4443 1412 4508 absit,
1457 4440 1748 4497 voluntatis
1778 4449 1969 4496 vestrm
2005 4443 2235 4511 gratiam

645 4536 1048 4603 subtraherent,
1077 4542 1135 4589 et
1159 4542 1446 4605 propterea
1491 4532 1820 4603 quaesierunt
1848 4534 2138 4604 capitulum
2167 4535 2237 4590 de

645 4645 755 4702 quo
783 4629 938 4685 vobis
962 4627 1119 4697 quasi
1158 4626 1474 4682 inobediens
1505 4625 1797 4681 invenirer.
1828 4624 1937 4682 Sed
1978 4626 2032 4681 in
2055 4627 2230 4682 omni—
2263 4657 2315 4718 ι)

646 4729 870 4790 potente
910 4719 1023 4775 Deo
1073 4717 1283 4774 confido
1308 4717 1431 4787 quia
1462 4716 1613 4772 nullo
1653 4716 1813 4772 modo
1841 4716 2236 4786 benignissimm

654 4815 815 4885 118
840 4804 1033 4867 vestra:
1056 4810 1320 4868 voluntati
1349 4809 1652 4879 surripitur,
1686 4816 1741 4865 et
1766 4816 2076 4865 sanctorum
2105 4824 2237 4880 apo-

650 4905 916 4960 stolorum
943 4903 1216 4972 virtutem,
1247 4917 1384 4973 quos
1415 4910 1531 4958 toto
1572 4901 1735 4958 corde
1782 4910 1837 4956 et
1884 4909 2067 4957 mente
2111 4902 2235 4958 dili-

650 4995 794 5065 gitis,
824 5009 932 5049 non
960 5009 1031 5049 ex
1050 4995 1319 5064 corporali
1340 4994 1645 5063 praesentia,
1670 4994 1766 5050 sed
1780 5008 1850 5050 ex
1872 4994 2233 5064 protectione,

651 5099 865 5155 semper
915 5083 1202 5139 habebitis.
1260 5083 1545 5139 Sudarium
1597 5098 1749 5151 vero,
1791 5084 1936 5154 quod
1994 5085 2238 5141 similiter

656 5175 947 5231 transmitti
971 5174 1223 5244 iussistis,
1246 5191 1369 5231 cum
1398 5191 1628 5246 corpore
1660 5176 1779 5245 ejus
1825 5184 1910 5231 est
1936 5194 1948 5229 :
1981 5177 2122 5247 quod
2167 5176 2242 5232 ita

654 5269 801 5339 tangi
826 5283 934 5324 non
960 5276 1160 5339 potest,
1211 5267 1347 5324 sicut
1379 5283 1481 5324 nec
1529 5268 1599 5323 ad
1637 5283 1835 5339 corpus
1863 5269 2006 5324 illius
2034 5268 2240 5325 accedi.

653 5360 762 5419 Sed
784 5359 909 5430 quia
933 5360 1284 5416 serenissima:
1307 5360 1538 5416 domina:
1564 5368 1673 5415 tam
1699 5360 2010 5429 religiosum
2032 5360 2246 5417 deside-

656 5455 794 5510 rium
824 5468 943 5510 esse
970 5470 1198 5512 vacuum
1228 5470 1338 5511 non
1378 5454 1557 5519 debet,
1609 5453 1679 5509 de
1718 5454 1925 5510 catenis
1966 5469 2099 5524 quas
2128 5456 2244 5526 ipse

655 5557 876 5604 sanctus
903 5547 1098 5605 Paulus
1118 5549 1392 5619 apostolus
1412 5550 1465 5604 in
1486 5548 1732 5603 manibus
1753 5556 1809 5604 et
1828 5548 1967 5603 collo
1987 5550 2236 5617 gestavit,

656 5654 725 5695 ex
752 5640 945 5709 quibus
971 5640 1135 5695 multa
1164 5641 1422 5696 miracula
1453 5640 1506 5693 in
1549 5639 1749 5710 populo
1778 5640 2235 5706 demonstrantur,

656 5739 867 5802 partem
895 5733 1048 5789 vobis
1092 5733 1325 5803 aliquam
1370 5734 1738 5789 transmittere
1766 5735 2053 5802 festinabo,
2083 5736 2129 5790 si
2159 5742 2241 5789 ta-

656 5834 782 5875 men
812 5821 952 5877 hanc
989 5823 1183 5879 tollere
1212 5823 1449 5879 limando
1476 5825 1697 5880 valuere
1742 5844 1755 5879 :
1798 5826 1945 5894 quia,
1972 5825 2098 5880 dum
2127 5825 2237 5881 fre-

658 5921 886 5979 quenter
910 5930 978 5972 ex
1005 5916 1209 5972 catenis
1247 5915 1449 5973 eisdem
1485 5918 1637 5973 multi
1667 5919 1909 5983 veniunt.
1937 5925 1993 5973 et
2016 5917 2237 5975 benedi-

2326 3332 2473 3387 nitus
2501 3342 2746 3385 accensae
2765 3323 3046 3395 lampades
3066 3321 3402 3391 frequentius
3421 3320 3584 3377 solito
3610 3327 3921 3391 patuerunt.

2326 3423 2460 3480 Nam
2490 3423 2593 3479 ista
2621 3428 2813 3476 octava
2842 3417 3135 3473 indictione
3162 3415 3216 3471 in
3243 3414 3580 3471 hebdomada
3600 3423 3728 3470 ante
3753 3413 3925 3470 Domi-

2329 3514 2438 3569 nici
2471 3511 2674 3568 Natalis
2702 3510 2879 3577 diem,
2921 3523 3048 3565 eum
3077 3520 3178 3576 ego
3206 3519 3371 3575 super
3394 3503 3703 3573 bujusmodi
3732 3519 3925 3574 parum

2329 3606 2460 3678 quid
2503 3605 2840 3667 dubitarem,
2898 3598 3184 3671 completis
3231 3594 3637 3651 matutinalibus
3680 3594 3926 3667 hymnis,

2330 3695 2727 3754 mansionarius
2753 3690 3037 3747 candelam
3060 3687 3337 3744 exstinxit.
3372 3685 3545 3753 Quam
3571 3692 3696 3755 post
3739 3699 3928 3756 vespe-

2331 3806 2451 3845 rum
2479 3784 2811 3844 succendere
2838 3784 3083 3854 cupiens,
3116 3794 3398 3837 accensam
3426 3777 3659 3849 reperit;
3698 3792 3929 3849 eamque

2333 3898 2394 3940 se
2411 3883 2742 3952 negligenter
2761 3878 3083 3935 exstinxisse
3101 3874 3463 3948 perpendens,
3485 3874 3572 3930 die
3592 3873 3761 3933 altera
3782 3872 3928 3929 solli-

2337 3975 2495 4031 citius
2519 3987 2741 4044 prorsus
2768 3970 3057 4038 exstinxit;
3098 3977 3155 4026 et
3197 3968 3463 4025 obseratis
3486 3967 3703 4037 ’januis,
3737 3967 3807 4022 ad
3834 3982 3929 4024 τεο

2335 4058 2556 4138 sperum
2586 4077 2947 4119 succensurus
2994 4061 3303 4132 lampadem
3328 4059 3607 4116 remeavit.
3638 4057 3810 4127 Quam
3841 4060 3929 4118 ubi

2336 4156 2689 4214 nihilominus
2718 4168 3003 4210 accensam
3031 4153 3256 4223 reperit,
3287 4165 3356 4206 ex
3382 4150 3713 4207 conscientia
3742 4165 3929 4206 serva-

2335 4258 2403 4305 tae
2425 4265 2455 4304 a
2481 4264 2539 4304 se
2562 4247 2746 4315 clavis,
2768 4254 2825 4302 et
2850 4245 3111 4301 miraculo
3135 4259 3246 4299 non
3265 4242 3514 4298 diminuti
3534 4242 3661 4307 olei,
3687 4242 3931 4313 profecto

2336 4340 2590 4411 cognovit
2616 4339 2743 4409 quia
2793 4336 3094 4408 lampadem
3140 4334 3231 4390 ille
3284 4333 3676 4399 succenderat,
3715 4333 3828 4402 qui,
3862 4347 3932 4390 ne

2338 4434 2517 4489 oleum
2538 4433 2602 4487 'in
2631 4447 2696 4488 ea
2727 4430 2921 4487 diurna
2949 4428 3309 4485 succensione
3336 4425 3508 4482 minui
3530 4425 3817 4495 potuisset,
3848 4424 3930 4481 di-

2338 4523 2539 4578 vinitus
2564 4522 2870 4593 ampliarat.
2897 4538 2919 4573 ι

2411 4615 2501 4671 59.
2532 4614 2736 4669 Harum
2766 4613 2984 4684 quidem
3010 4610 3264 4677 vestium,
3310 4610 3453 4666 sicut
3493 4609 3711 4680 opinor,
3737 4608 3929 4678 altera,

2339 4724 2461 4779 quae
2506 4707 2864 4763 strictioribus
2909 4704 3137 4760 manicis
3170 4710 3419 4773 constat,
3459 4702 3728 4758 veraciter
3761 4702 3933 4758 sancti

2340 4802 2562 4859 Joannis
2583 4810 2666 4858 est
2692 4800 2897 4864 tunica,
2944 4812 3105 4868 quam
3132 4798 3323 4853 beatus
3349 4794 3647 4873 Gregorius,
3665 4811 3767 4851 suo
3797 4804 3933 4851 temo

2340 4910 2506 4967 pore,
2549 4893 2783 4964 quodam
2822 4891 3081 4961 episcopo
3118 4888 3398 4947 deferente
3421 4932 3438 4959 ,
3480 4890 3737 4961 suscepit.
3782 4889 3935 4947 Unde

2341 4985 2535 5043 Joanni
2565 4984 2747 5039 abbati
2789 4983 2932 5037 inter
2957 4991 3154 5037 caetera
3197 4981 3406 5045 scribit,
3430 4980 3614 5036 dicens
3644 4997 3658 5033 :
3698 4998 3718 5032 ι
3748 4980 3824 5036 De
3847 4988 3932 5035 tu—

2341 5081 2462 5135 nica
2486 5077 2659 5134 sancti
2687 5076 2910 5132 Joannis
2946 5075 3167 5130 omnino
3195 5082 3348 5143 grate
3400 5072 3634 5144 suscepi,
3665 5073 3791 5144 quia
3820 5072 3934 5128 sol-

2344 5173 2521 5229 licitus
2549 5170 2695 5227 fuisti
2735 5170 2867 5226 mihi
2894 5169 3153 5225 indicare.
3182 5166 3293 5223 Sed
3332 5158 3549 5223 studeat
3590 5167 3812 5223 dilectio
3842 5174 3935 5221 tua

2344 5264 2475 5321 mihi
2504 5265 2678 5336 ipsam
2706 5262 2969 5329 tunicam,
3020 5268 3130 5329 aut,
3184 5260 3342 5332 119
3393 5259 3538 5330 quod
3582 5267 3668 5315 est
3722 5259 3934 5324 melius,

2344 5359 2594 5416 eumdem
2617 5358 2929 5428 episc0pum
2960 5356 3052 5425 qui
3076 5370 3195 5411 eam
3225 5355 3406 5421 habet,
3440 5353 3561 5409 cum
3590 5353 3801 5408 clericis
3828 5352 3937 5408 suis

2349 5461 2405 5509 et
2443 5469 2564 5509 cum
2596 5452 2732 5522 ipsa,
2762 5450 2830 5505 ad
2858 5465 2946 5505 me
2972 5449 3337 5505 transmittere
3364 5465 3377 5501 :
3404 5454 3670 5516 quatenus
3698 5453 3754 5500 et
3774 5446 3939 5501 bene-

2342 5547 2580 5603 dictione
2605 5545 2799 5600 tunicm
2816 5543 3175 5614 perfruamur,
3200 5550 3254 5596 et
3271 5542 3338 5597 de
3366 5540 3558 5596 eodem
3572 5539 3828 5609 episcopo
3848 5537 3938 5592 vel

2343 5642 2557 5697 clericis
2580 5638 2883 5693 mercedem
2909 5638 3109 5692 habere
3125 5635 3415 5691 valeamus.
3446 5652 3465 5685 ι
3497 5631 3635 5703 (Lib.
3654 5647 3734 5699 ιιι,
3754 5648 3837 5701 ep.
3856 5630 3938 5699 5.)

2344 5737 2525 5791 Altera
2552 5747 2684 5788 vero
2708 5732 2849 5802 (qum
2874 5730 3195 5800 largioribus
3216 5727 3460 5791 manicis,
3481 5742 3588 5781 non
3618 5724 3818 5789 tunica,
3842 5721 3939 5778 sed

2342 5827 2501 5898 plane
2528 5823 2740 5879 videtur
2770 5836 2889 5876 esse
2929 5818 3256 5889 dalmatica),
3289 5818 3390 5873 nisi
3428 5816 3605 5881 fallor,
3636 5814 3808 5871 sancti
3837 5811 3938 5867 Pa-

2341 5916 2538 5975 schasii
2569 5912 2879 5982 apostolicae
2926 5910 3068 5967 sedis
3105 5907 3317 5966 diaconi
3350 5915 3594 5975 constat,
3642 5907 3732 5973 qui
3784 5903 3932 5968 iuxta
