4118 6508
311 462 414 530 178

881 468 940 524 S.
979 466 1305 525 GREGURII
1346 466 1562 524 MAGNI
1603 465 1786 529 VITA,
1827 459 2032 518 AUCT.
2073 418 2334 526 lUANNE
2375 455 2689 523 DIACONO.
2733 458 2858 515 LIB.
2902 457 2988 514 IV.

3477 457 3578 526 174

308 585 528 643 omnino
576 585 804 640 sollicita
859 601 930 640 ne
982 585 1114 651 hoc,
1155 583 1299 654 quod
1346 580 1751 654 praesumptioni
1802 579 1884 634 in-
1911 579 1966 641 Α
1989 577 2186 647 duplici
2215 575 2382 633 corde
2409 575 2614 642 scribit,
2645 582 2699 630 et
2724 573 2830 642 alia
2853 570 3219 636 blanditiienta
3246 571 3302 626 in
3332 571 3582 642 epistolis

309 675 524 731 choanti
555 675 727 730 adhuc
757 676 986 742 ceditur,
1015 677 1068 731 in
1097 674 1408 746 proliciente
1451 673 1688 730 deterius
1714 672 1888 728 vindi-

308 776 480 823 cetur.
511 786 530 820 ι
567 765 630 820 Et
660 775 782 837 post
808 782 976 837 pauca
1008 785 1022 820 :
1053 785 1072 818 ε
1095 766 1228 820 Illud
1248 774 1426 820 autem
1449 764 1591 834 quod
1611 778 1710 834 pro
1735 770 1892 818 uten-

305 856 390 912 dis
435 873 466 911 a
515 858 662 913 clero
681 866 864 913 vestro
893 858 1158 929 mappulis
1194 857 1502 928 scripsistis,
1533 872 1564 910 a
1588 857 1788 911 nostr-is
1809 865 1894 914 est

307 950 516 1006 clericis
534 949 744 1006 fortiter
757 951 1362 1016 obvratnm,dicentibus
1382 950 1513 1008 nulli
1534 951 1638 1006 hoc
1657 964 1892 1020 unquam

308 1039 426 1096 aliae
454 1040 673 1097 cuilibet
699 1055 1014 1097 concessum
1042 1040 1287 1101 ecclesiae
1314 1038 1507 1106 fuisse;
1541 1055 1640 1096 nec
1682 1039 1891 1094 Raven-

308 1140 465 1188 nates
495 1132 742 1202 clericos,
774 1133 858 1188 vel
887 1133 1025 1198 illic,
1064 1133 1150 1189 vel
1176 1134 1228 1189 in
1259 1133 1502 1188 Romana
1539 1134 1756 1190 civitate
1785 1133 1894 1192 tale

309 1220 512 1290 aliquid
538 1237 658 1276 cum
707 1221 802 1277 sua
841 1223 1170 1278 conscientia
1211 1224 1632 1294 praesumpsisse.
1678 1221 1819 1290 Nec,
1849 1223 1894 1278 si

307 1319 576 1367 tentatum
621 1321 790 1382 esset,
821 1329 885 1369 ex
916 1315 1108 1378 furtiva
1137 1317 1490 1386 usurpatione
1516 1315 1617 1370 sibi
1643 1314 1894 1385 praejndi-

308 1404 452 1460 cium
481 1407 748 1474 generari,
777 1407 872 1462 sed
923 1408 1132 1466 etiamsi
1169 1409 1222 1464 in
1266 1408 1506 1477 qualibet
1531 1407 1758 1463 ecclesia
1789 1409 1895 1464 hoc

308 1507 692 1567 praesumptum
713 1498 888 1566 fuerit,
914 1508 1162 1556 asserunt
1184 1499 1574 1562 emendandum
1597 1499 1773 1571 ;quod
1785 1514 1893 1555 non

307 1587 660 1641 concessione
691 1590 842 1659 125
870 1588 1101 1644 Romani
1131 1589 1416 1659 pontiﬁcis,
1452 1589 1546 1646 sed
1574 1589 1688 1647 sola
1711 1604 1894 1646 surre-

308 1679 498 1748 ptione
528 1681 886 1748 praesumitur.
919 1680 1026 1737 Sed
1056 1697 1154 1737 nos
1181 1689 1458 1747 servantes
1486 1682 1752 1739 honorem
1790 1681 1898 1737 fra-

309 1769 552 1834 ternitati
579 1777 710 1838 ture,
735 1771 859 1839 licet
885 1780 1073 1828 contra
1100 1773 1434 1830 voluntatem
1481 1773 1738 1832 antedicti
1767 1773 1897 1829 cleri

309 1859 512 1926 nostri,
552 1867 732 1916 tamen
775 1863 961 1932 primis
999 1863 1242 1922 diaconis
1276 1866 1501 1935 vestris,
1553 1881 1692 1936 quos
1741 1866 1897 1923 nobis

1995 672 2106 727 suis
2134 670 2391 736 exhibet,
2422 670 2526 724 alia
2553 669 2608 724 in
2637 668 2816 736 lingua
2844 682 2940 728 sua
2969 664 3298 740 saeculariter
3322 664 3580 734 ostendit.

1997 763 2202 830 Deinde
2229 776 2391 831 grave
2414 761 2544 820 mihi
2570 768 2674 828 est,
2693 761 2819 830 quia
2837 758 3115 828 irrisiones
3142 757 3292 826 illas,
3321 773 3456 829 quas
3484 757 3581 814 ha-

1997 856 2128 912 bere
2153 857 2351 912 notarii
2387 855 2562 914 adhuc
2588 853 2742 924 pueri
2779 853 2987 922 solent,
3027 867 3200 924 usque
3226 851 3389 910 hodie
3417 851 3583 918 frater

1996 965 2151 1014 meus
2174 947 2411 1025 Joannes
2455 950 2510 1006 in
2548 947 2731 1018 lingua
2760 961 2856 1010 sua
2884 947 3084 1012 retinet
3105 986 3120 1013 ,
3150 945 3478 1002 mordaciter
3504 946 3586 1010 lo-
3683 982 3688 986 ι

1998 1055 2204 1109 quitur,
2228 1049 2284 1097 et
2310 1040 2464 1111 quasi
2492 1040 2560 1096 de
2592 1038 2685 1103 tali
2709 1039 2906 1096 astutia
2934 1037 3162 1105 laetatur.
3198 1036 3399 1104 Amicis
3443 1052 3584 1108 prta.

2001 1133 2242 1191 sentibus
2271 1133 2562 1200 blanditur,
2609 1131 2678 1188 de
2705 1129 3014 1196 absentibus
3044 1128 3372 1202 obloquitur.
3403 1127 3587 1194 Tertio

1999 1239 2164 1293 grave
2187 1226 2321 1284 mihi
2338 1233 2394 1284 et
2415 1224 2636 1287 omnino
2658 1222 2959 1288 execrabile.
2986 1230 3088 1290 est,
3113 1221 3237 1294 quia
3257 1223 3424 1284 servis
3452 1223 3583 1290 suis.
3660 1233 3670 1304 ζ.

1999 1331 2105 1386 qua
2133 1316 2266 1392 hora
2294 1315 2439 1382 (urit,
2458 1316 2634 1387 turpia
2662 1315 2889 1379 crimina
2918 1313 3163 1384 imponit,
3190 1319 3252 1390 ut
3273 1311 3585 1384 effeminati,

1999 1416 2056 1462 et
2071 1405 2258 1466 adhuc
2302 1408 2535 1478 graviter
2577 1407 2683 1472 hoc
2711 1406 2952 1477 apertius
2977 1412 3262 1476 vocentur.
3304 1403 3430 1470 Post
3475 1405 3590 1469 haec

2000 1498 2230 1558 accessit
2258 1498 2400 1568 quod
2430 1498 2711 1570 disciplina
2740 1498 2809 1566 ad
2850 1496 3015 1561 vitam
3055 1497 3376 1567 clericorum
3405 1504 3589 1566 custo-

2001 1590 2250 1650 diendam
2278 1591 2424 1654 nulla
2448 1599 2550 1659 est.
2581 1590 2676 1656 sed
2707 1589 3080 1659 tantummodo,
3126 1603 3186 1660 ss
3229 1587 3442 1658 clericis
3478 1585 3593 1652 suis

2000 1679 2279 1736 dominum
2309 1681 2547 1736 exhibet.
2588 1691 2610 1717 ο
2640 1679 2901 1735 Ultimum
2947 1696 3077 1752 vero,
3103 1689 3208 1754 est,
3234 1679 3380 1756 quod
3410 1687 3594 1762 tamen

2002 1773 2239 1842 pondere
2284 1774 2534 1848 elaiionis
2579 1775 2831 1847 primum,
2860 1773 2988 1848 quia
3017 1773 3087 1834 de
3133 1788 3231 1840 usu
3260 1772 3408 1844 pallii
3437 1779 3595 1846 extra

2000 1863 2305 1936 ecclesiam.
2340 1863 2486 1933 quod
2515 1863 2845 1936 temporibus
2875 1863 3221 1940 decessurum
3246 1876 3490 1932 meorum
3511 1860 3595 1916 fa-

309 1950 526 2018 quidam
565 1953 835 2016 testiﬁcati
861 1963 985 2012 sunt
1011 1956 1176 2014 etiam
1217 1966 1343 2013 ante
1371 1958 1452 2014 eis
1472 1974 1601 2026 usos
1630 1958 1817 2026 fuisse,
1844 1957 1898 2016 in
1930 1971 1973 2030 ῃ
2002 1969 2126 2010 cere
2179 1971 2449 2030 nunquam
2479 1956 2765 2032 quisquam
2809 1956 3195 2036 praesumpsit,
3242 1969 3516 2025 nunquam
3561 1969 3597 2012 ι

309 2040 574 2110 obsequio
617 2043 878 2100 duntaxat
923 2054 1037 2112 tuo,
1079 2049 1346 2119 mappulis
1389 2049 1467 2106 uti
1514 2051 1894 2120 permittimus.

2000 2045 2372 2102 decessoribus
2397 2047 2512 2116 ejus
2537 2055 2921 2118 praesumptum
2946 2054 3048 2110 est,
3083 2047 3224 2102 sicut
3251 2044 3596 2118 reSponsales

311 2130 433 2188 Alio
482 2142 662 2189 autem
701 2143 970 2208 tempore,
1007 2140 1090 2195 vel
1127 2141 1257 2196 alias
1288 2157 1549 2211 personas
1593 2143 1696 2197 hoc
1739 2158 1900 2214 agere
2000 2140 2173 2196 nostri
2204 2147 2492 2207 testantur,
2529 2148 2758 2212 excepto
2789 2140 2892 2200 ι)ἱεί
2921 2141 3160 2214 reliquit:
3188 2140 3593 2214 ροηᾱβτοηιιιεε

310 2226 782 2286 vehementissime
807 2231 1174 2299 prohibemus.
1213 2253 1230 2286 ι
1264 2232 1404 2304 (Lib.
1437 2250 1513 2297 ιιι,
1545 2251 1626 2304 ep.
1664 2232 1775 2304 56.)

387 2317 440 2371 5.
482 2319 654 2384 Quam
678 2323 997 2378 sententiam
1025 2325 1109 2380 vir
1129 2340 1279 2390 vana:
1295 2326 1480 2394 gloriae
1501 2326 1899 2394 cupidissimus,

309 2411 692 2467 molestissime
720 2413 926 2479 ferens,
958 2432 1053 2486 per
1089 2431 1440 2486 quoscunque
1469 2425 1715 2487 poterat.
1749 2432 1902 2477 usum

309 2502 464 2573 pallii
492 2505 596 2560 sibi
621 2506 831 2562 restitui
874 2523 1204 2579 magnopere
1239 2509 1534 2578 ﬂagitabat.
1566 2510 1662 2572 Cui
1694 2510 1903 2580 Grego-

308 2595 428 2650 rius
455 2597 527 2651 ita
555 2599 806 2668 scripsit:
837 2619 856 2652 ‹
883 2600 1298 2657 Fraternitatem
1322 2611 1556 2659 vestram
1581 2603 1735 2658 valde
1758 2605 1907 2659 inve-

308 2688 410 2743 nio
439 2690 833 2758 contristatam,
863 2707 962 2762 pro
989 2708 1055 2748 eo
1078 2695 1221 2763 quod
1245 2695 1297 2749 in
1324 2694 1522 2752 litaniis
1542 2695 1765 2752 induere
1792 2696 1907 2765 pal-

307 2777 449 2833 lium
475 2780 699 2837 rationis
724 2798 946 2838 censura
967 2785 1298 2853 probibetur,
1321 2785 1417 2840 sed
1447 2801 1543 2855 per
1568 2785 1910 2842 excellentis-

306 2873 514 2930 simum
541 2874 840 2933 Romanum
868 2877 1170 2948 patricium,
1204 2888 1260 2934 et
1303 2893 1401 2948 per
1427 2879 1907 2940 eminentissimum

308 2968 660 3038 praefectum,
701 2979 862 3041 atque
891 2988 987 3041 per
1015 2972 1152 3028 alios
1180 2972 1413 3029 civitatis
1441 2987 1551 3028 sua:
1585 2972 1791 3030 nobiles
1830 2972 1911 3030 vi-

313 3073 411 3114 ros
457 3061 761 3131 importune
789 3056 994 3132 expetit
1019 3105 1032 3130 ,
1085 3070 1144 3122 ut
1173 3064 1276 3124 hoc
1303 3063 1498 3130 debeat
1525 3062 1771 3124 concedi.
1800 3061 1912 3122 Nos

315 3161 506 3210 autem
547 3156 778 3212 sollicite
820 3157 1160 3226 requirentes
1185 3157 1253 3213 ab
1283 3156 1586 3220 Adeodato,
1635 3156 1908 3225 quondam

318 3243 552 3302 diacono
579 3247 925 3304 fraternitatis
952 3259 1072 3312 tuae,
1096 3249 1446 3317 cognovimus
1469 3248 1595 3318 quia
1637 3261 1910 3316 nunquam

1999 2233 2146 2301 quod
2190 2238 2373 2296 tamen
2427 2233 2582 2310 126
2630 2231 2697 2288 de
2739 2231 2981 2310 reliquiis
3034 2247 3170 2300 unus
3218 2230 3597 2310 tantummodo

2003 2323 2177 2396 potuit
2206 2321 2435 2398 inveniri
2464 2324 2555 2402 qui
2583 2323 2807 2391 diceret,
2831 2323 2965 2396 meis
2984 2322 3176 2390 diebus
3199 2323 3252 2386 in
3281 2321 3598 2402 despectum

2005 2429 2204 2478 meum,
2232 2429 2353 2470 cum
2383 2399 2591 2490 summa
2620 2414 2846 2476 audacia
2878 2431 2986 2486 non
3016 2415 3191 2490 solum
3219 2399 3471 2482 faciebat,
3502 2413 3600 2480 sed

2006 2505 2167 2560 etiam
2196 2488 2590 2575 frequentabat.
2623 2504 2700 2564 Ex
2729 2506 2924 2585 quibus
2948 2488 3198 2577 omnibus
3227 2507 3444 2578 invenio
3472 2511 3601 2582 quia

2009 2598 2187 2658 honor
2228 2599 2572 2670 episcopatus
2615 2599 2776 2660 vestri
2820 2607 2962 2664 totus
3007 2598 3152 2686 foras
3192 2600 3243 2658 in
3292 2603 3603 2662 ostensione

2011 2698 2111 2755 est,
2141 2706 2247 2772 non
2291 2691 2341 2760 in
2388 2699 2589 2750 mente.
2630 2688 2696 2753 Et
2723 2690 2937 2760 quidem
2966 2705 3069 2762 ago
3101 2695 3460 2771 omnipotenti
3489 2694 3601 2750 Deo

2010 2783 2228 2851 gratius,
2265 2782 2388 2849 quia
2420 2797 2488 2852 eo
2519 2790 2792 2850 tempore,
2824 2798 2933 2849 quo
2971 2783 3037 2860 ad
3077 2798 3164 2852 me
3204 2786 3306 2858 hoc
3334 2787 3600 2864 pervenit,

2011 2872 2154 2952 quod
2184 2870 2250 2948 ad
2277 2862 2434 2927 aures
2461 2873 2809 2928 deccssorum
2833 2889 3077 2934 meorum
3104 2871 3384 2946 nunquam
3407 2862 3601 2952 perve-

2012 2949 2188 3024 nerat,
2216 2962 2550 3038 Langobardi
2580 2964 2718 3018 inter
2740 2980 2825 3030 me
2851 2973 2906 3019 et
2930 2964 3298 3028 Ravennatem
3329 2949 3604 3038 civitatem

2014 3041 2174 3130 positi
2202 3059 2432 3132 fuerant.
2460 3059 2592 3114 Nam
2617 3043 2902 3114 ostendere
2925 3047 3149 3138 forsitan
3180 3062 3487 3132 hominibus
3509 3045 3606 3139 ba-

2012 3149 2124 3214 bui,
2156 3159 2415 3225 quantum
2462 3150 2574 3222 scio
2604 3166 2723 3206 esse
2752 3151 3043 3226 districtus.
3079 3152 3156 3209 Ne
3185 3141 3366 3230 autem
3394 3156 3604 3230 credas,

2013 3239 2138 3310 quia
2167 3223 2268 3310 ego
2297 3239 2582 3320 ecclesiam
2615 3249 2761 3314 tuam
2795 3241 2848 3322 in
2877 3223 3058 3320 aliquo
3087 3223 3299 3322 gravari
3321 3223 3414 3306 aut
3439 3228 3608 3303 minui

319 3335 658 3394 consuetudo
690 3336 850 3392 fuerit
891 3338 1267 3400 decessoribus
1313 3339 1416 3394 tuis
1441 3379 1456 3405 ,
1508 3349 1565 3392 ut
1609 3337 1662 3392 in
1709 3337 1910 3398 litaniis
1937 3350 1982 3414 ς
2013 3331 2167 3406 Volo,
2199 3330 2491 3414 recordare
2534 3323 2596 3411 in,
2629 3332 2914 3410 missarum
2958 3331 3326 3411 Romanarum
3353 3337 3612 3412 solemni-

320 3427 507 3496 pallio,
556 3428 656 3484 nisi
688 3428 752 3483 -in
793 3429 1133 3492 solemnitate
1177 3429 1322 3485 beati
1368 3428 1593 3502 Joannis
1623 3429 1908 3498 Baptistae,

321 3517 472 3574 beati
515 3518 658 3590 Petri
700 3520 928 3587 apostoli
975 3528 1031 3576 et
1071 3521 1213 3586 beati
1266 3523 1513 3594 martyris
1549 3522 1910 3592 Apollinaris,

320 3614 622 3671 uterentur.
677 3608 775 3666 Cui
818 3610 1032 3679 quidem
1081 3626 1417 3680 nequaquam
1470 3612 1693 3668 credere
1729 3612 1916 3668 debui-

319 3711 468 3764 mus,
499 3699 624 3766 quia
654 3700 803 3754 multi
834 3702 974 3770 apud
1015 3702 1290 3768 civitatem,
1331 3703 1683 3774 fraternitatis
1727 3712 1918 3759 vestrae

319 3789 670 3858 responsales
701 3792 894 3862 smpius
922 3791 1158 3858 fuerunt,
1186 3795 1279 3862 qui
1308 3809 1366 3848 se
1394 3794 1629 3848 fatentur
1676 3795 1782 3848 tale
1820 3793 1918 3847 ali-

320 3880 455 3948 quill
498 3896 764 3950 nunquam
811 3883 1038 3948 vidisse;
1085 3893 1140 3937 et
1168 3885 1268 3938 hac
1297 3885 1364 3946 de
1419 3900 1501 3952 re,
1531 3886 1713 3938 multis
1742 3870 1923 3954 potius

320 3970 656 4027 credendum
687 3981 787 4042 est,
838 3987 998 4046 quam
1042 3974 1132 4028 uni
1178 3990 1274 4042 pro
1319 3990 1412 4028 sua
1465 3961 1693 4030 ecclesia
1725 3973 1923 4044 aliquid

321 4060 630 4120 attestanti.
661 4048 772 4115 Sed
794 4063 919 4130 quia
951 4080 1048 4118 nos
1077 4062 1467 4120 fraternitatem
1510 4075 1744 4122 vestram
1792 4081 1918 4122 con-

326 4155 532 4209 tristor;
578 4154 846 4221 nolumus,
894 4163 948 4209 et
996 4156 1309 4229 petitionem
1358 4157 1587 4214 ﬁliorum
1617 4168 1922 4214 nostrorum

325 4244 474 4312 apud
507 4259 603 4297 nos
635 4245 853 4298 minime
883 4243 1150 4311 frustrari,
1185 4265 1338 4304 usum
1369 4249 1547 4320 pallii,
1591 4249 1764 4304 donec
1794 4250 1922 4304 sub-

331 4335 482 4388 tilius
512 4337 792 4408 veriusque
823 4337 1023 4414 aliquid
1053 4329 1460 4408 cegnoscamus,
1509 4342 1563 4396 in
1611 4342 1808 4397 litaniis
1836 4357 1925 4396 so-

331 4427 621 4500 lemnibus,
652 4428 706 4482 id
735 4438 816 4484 est
845 4431 929 4485 die
958 4433 1202 4489 natalitio
1232 4435 1372 4488 beati
1399 4433 1622 4490 Joannis
1651 4434 1923 4505 Baptistae,

329 4528 388 4572 et
418 4519 560 4571 beati
587 4515 729 4572 Petri
759 4522 1011 4591 apostoli,
1045 4531 1100 4577 et
1129 4524 1270 4578 beati
1300 4525 1628 4594 Apollinaris
1652 4526 1922 4596 martyiis,

329 4616 500 4696 atque
544 4610 595 4662 in
649 4612 1002 4698 ordinationis
1050 4623 1242 4674 vestra:
1272 4605 1640 4672 celebratione
1668 4617 1922 4694 concedi-

2016 3422 2148 3490 bus,
2189 3413 2281 3498 ubi
2311 3409 2596 3503 Ravenna:
2625 3409 2885 3492 diaconus
2929 3409 3142 3497 stabat,
3184 3435 3239 3498 et
3277 3409 3612 3502 requireiubi

2020 3513 2182 3569 hodie
2209 3522 2317 3568 stat
2345 3533 2356 3596 ς
2385 3523 2438 3570 et
2460 3531 2754 3586 cognosces
2779 3517 2903 3587 quia
2927 3516 3298 3594 Ravennatem
3328 3523 3612 3580 ecclesiam

2020 3606 2291 3686 honorare
2330 3595 2595 3674 desidero.
2641 3608 2744 3663 Sed
2789 3619 2848 3664 ut
2886 3595 3212 3684 quicumque
3242 3597 3520 3686 quodlibet
3549 3634 3614 3674 ex

2021 3683 2274 3778 superbia
2304 3699 2547 3770 arripiat,
2581 3703 2683 3753 hoc
2712 3715 2814 3772 ego
2844 3702 3079 3758 tolerare
3106 3689 3212 3776 non
3246 3683 3471 3778 possum
3497 3726 3509 3764 :
3537 3717 3615 3768 ta-

2022 3777 2144 3846 men
2180 3775 2283 3844 hac
2311 3791 2377 3843 de
2406 3807 2463 3844 re
2487 3789 2599 3859 jam
2629 3785 3070 3864 diacouo'nostro
3093 3775 3615 3878 Constantinopolim

2024 3882 2236 3950 scripsi,
2284 3889 2344 3960 ut
2389 3897 2482 3951 per
2525 3898 2712 3964 omnes
2751 3885 2840 3964 qui
2885 3885 2984 3939 sub
3014 3901 3072 3940 se
3103 3887 3265 3944 etiam
3298 3890 3535 3956 tricenos
3567 3897 3616 3944 et

2025 3961 2398 4042 quadragenos
2449 3961 2730 4056 episcopos
2769 3961 3009 4040 habent,
3068 3977 3346 4054 requirere
3397 3978 3613 4054 debeat.

2026 4063 2096 4118 Et
2144 4065 2314 4120 sicubi
2345 4067 2444 4119 iste
2473 4082 2600 4148 usus
2625 4075 2725 4134 est,
2758 4077 2816 4121 ut
2844 4067 2894 4148 in
2927 4067 3126 4132 litaniis
3154 4085 3272 4145 cum
3305 4071 3480 4138 palliis
3508 4086 3617 4126 am-

2027 4158 2233 4232 bulent,
2266 4157 2406 4211 absit
2454 4141 2660 4234 utpper
2701 4174 2790 4214 me
2820 4141 2998 4238 honor
3025 4141 3351 4240 Ravennatis
3382 4163 3618 4230 ecclesia:

2027 4250 2080 4303 in
2121 4249 2300 4318 aliquo
2331 4247 2572 4305 imminui
2600 4237 2861 4305 videatur.
2900 4237 3023 4306 Haec
3054 4237 3203 4324 ergo:
3227 4255 3406 4308 omnia
3434 4298 3447 4321 ,
3499 4241 3618 4323 quae

2027 4329 2274 4412 superius
2301 4323 2436 4409 dixi,
2465 4343 2634 4416 frater
2662 4333 2995 4416 charissime,
3017 4331 3298 4415 recogita;
3347 4347 3486 4422 diem
3515 4356 3620 4403 tuae

2027 4436 2328 4491 vocationis
2356 4431 2609 4502 attende;
2642 4452 2776 4510 quas
2803 4437 3042 4492 rationes
3069 4437 3136 4508 de
3162 4439 3371 4512 sarcina
3413 4440 3622 4508 episco-

2028 4535 2182 4598 patus
2211 4515 2517 4583 redditurus
2547 4544 2604 4582 es
2623 4567 2637 4591 ,
2671 4528 2977 4604 considera.
3027 4523 3264 4606 Eruenda
3296 4530 3415 4584 illos
3445 4544 3622 4588 mores

2032 4620 2256 4682 notarii;
2287 4619 2409 4674 vide
2439 4620 2561 4690 quid
2593 4622 2644 4700 in
2671 4619 2875 4702 lingua,
2905 4613 3033 4706 quid
3076 4620 3130 4708 in
3161 4629 3282 4688 actu
3312 4619 3618 4711 episcopum

331 4689 479 4753 mus.
506 4699 562 4752 ln
587 4702 880 4757 secretario
907 4689 1034 4758 vero
1061 4706 1352 4759 secundum
1383 4697 1588 4762 morem
1620 4689 1923 4778 pristinum,
1955 4737 2008 4796 Β
2031 4710 2238 4766 deceat.
2271 4709 2398 4765 Esto
2429 4689 2575 4766 totus
2599 4693 2767 4792 purus
2796 4693 3047 4778 fratribus
3075 4689 3199 4780 tuis.
3231 4689 3359 4784 Non‘
3376 4695 3518 4784 aliud
3543 4713 3620 4766 lo.

333 4793 602 4862 susceptis
651 4808 714 4847 ac
745 4794 976 4850 dimissis
1021 4795 1270 4852 Ecclesia:
1300 4798 1448 4864 liliis,
1494 4800 1716 4854 induere
1748 4809 1924 4854 vestra

332 4883 646 4938 fraternitas
691 4885 909 4954 pallium
940 4887 1151 4958 debeat,
1200 4897 1360 4960 atque
1399 4891 1463 4943 ad
1510 4891 1792 4958 missarum
1834 4908 1925 4946 so-

334 4973 536 5058 lemnia
565 4977 637 5029 ita
666 4965 955 5046 prolicisci,
983 4987 1038 5034 et
1067 4981 1198 5058 nihil
1228 4982 1328 5036 sibi
1347 4985 1573 5054 amplius
1598 5001 1729 5039 ausu
1758 4993 1929 5041 teme-

335 5055 496 5124 raria:
533 5060 968 5142 praesumptionis
999 5055 1254 5141 arrogare
1278 5093 1290 5127 :
1315 5093 1382 5130 ne
1430 5077 1555 5132 dum
1588 5080 1639 5132 in
1671 5082 1926 5136 exteriori

336 5161 524 5217 habitu
575 5147 876 5236 inordinate
914 5164 1112 5235 aliquid
1157 5166 1433 5238 arripitur,
1464 5170 1706 5224 ordinate
1737 5172 1921 5236 etiam,

336 5269 458 5322 quae
489 5241 650 5311 licere
696 5243 963 5326 poterant,
997 5260 1330 5314 amittantur.
1364 5279 1382 5312 ι
1418 5259 1568 5329 (Lib.
1601 5280 1654 5326 v,
1686 5282 1766 5332 ep.
1802 5265 1922 5334 ll.)

411 5345 463 5399 4.
506 5346 613 5402 Sed
640 5347 784 5422 idem
812 5347 1048 5405 Joannes
1085 5349 1152 5404 ab
1197 5351 1370 5404 inanis
1397 5351 1580 5420 gloria:
1610 5355 1922 5422 ambitione,

337 5423 512 5528 freno.
540 5417 848 5528 apostolicae
879 5444 1260 5523 r‘noderationis
1298 5446 1581 5512 coercitus,
1630 5448 1694 5500 ad
1744 5449 1924 5504 detra-

341 5515 578 5590 ctionem
631 5534 898 5608 pontiﬁcis
939 5523 1090 5592 totus?
1131 5517 1478 5592 c‘onvertilur.
1516 5538 1668 5594 Unde
1698 5541 1931 5610 pruden-

340 5611 580 5710 tissimus
628 5619 868 5706 pentifex
921 5632 999 5686 sic
1049 5623 1169 5710 eum
1203 5617 1474 5704 admonet,
1509 5631 1732 5689 dicens:
1766 5653 1783 5685 r
1815 5633 1930 5689 Pri-

343 5733 490 5773 mum
536 5714 780 5804 tmeuh'oc'
814 5721 1099 5779 contristat
1144 5713 1266 5796 quia
1318 5728 1446 5780 mihi
1498 5727 1800 5783 fraternitas
1842 5739 1930 5784 tua

2032 4802 2234 4874 quaris,
2264 4802 2406 4855 aliud
2438 4793 2683 4858 in'corde
2712 4785 2939 4880 habeas;
2988 4819 3086 4884 nec
3115 4795 3340 4884 appetas
3367 4805 3506 4872 ultra
3537 4805 3619 4878 vi-

2032 4896 2165 4958 deri,
2199 4913 2360 4966 quam
2390 4913 2466 4961 es,
2499 4904 2558 4949 ut
2585 4897 2762 4970 possis
2805 4897 2946 4974 ultra
2995 4911 3133 4972 esse,
3159 4883 3569 4978 otiarn'videris.
3595 4918 3614 4952 ι

2034 4977 2535 5058 (ιὶὗ.ν,εῤ.15.)
2724 4979 2726 4982 ’
2936 4979 2944 4986 ⁷
3031 4975 3034 4978 ’
3126 4983 3136 4992 ’
3259 4975 3321 4980 ’⁷
3427 4979 3434 4986 ’

2104 5067 2154 5130 5.
2198 5077 2323 5133 Hmc
2355 5079 2478 5148 quia
2506 5076 2742 5133 Joannes
2769 5081 3057 5150 emendare
3080 5083 3345 5160 superbire
3370 5083 3508 5160 fastu
3533 5084 3624 5140 de-

2033 5175 2226 5244 spexit,
2256 5162 2443 5228 eddcni
2465 5159 2468 5162 ’
2489 5167 2650 5239 anno,
2679 5171 2829 5242 juxta
2857 5177 3002 5244 quod
3029 5157 3326 5262 gregarius
3348 5178 3396 5250 ei

2033 5276 2204 5334 xerat,
2236 5267 2374 5322 diem
2405 5282 2517 5322 suae
2539 5266 2856 5334 vocationis,
2885 5261 3012 5350 dum
3035 5259 3414 5356 non'attendit’,
3433 5259 3624 5354 quem.

2034 5362 2132 5424 rit;
2163 5370 2217 5415 et
2247 5370 2371 5415 ante
2401 5360 2636 5416 tumidus
2664 5359 2891 5434 crepuit,
2924 5351 3084 5440 quam
3115 5351 3396 5446 inertiisset
3425 5351 3624 5417 amictu

2035 5454 2179 5527 pallii
2220 5455 2470 5528 saturari.
2505 5451 2675 5524 Cujus
2707 5431 2786 5522 rei
2836 5431 3005 5536 gratia
3038 5431 3624 5544 Gregoriqsuvisitatio-

2037 5537 2160 5599 'ncm
2197 5546 2520 5600 Ravennatis
2551 5546 2791 5601 ecclesia:
2821 5546 3043 5622 Severo,
3075 5535 3316 5630 Fictilinq
3343 5535 3622 5630 episcopo,

2039 5637 2330 5694 secundum
2379 5637 2821 5693 consuetudinem
2853 5629 3083 5722 priscam
3113 5627 3476 5724 coni‘qiitt‘ens,
3513 5633 3623 5691 Ma-

2041 5717 2306 5783 rinianum
2333 5769 2348 5793 ,
2380 5729 2745 5814 monachum,
2762 5717 3076 5814 familiarem
3109 5717 3262 5780 suum
3302 5717 3624 5822 Ηᾎίἶθξξῃέᾳιὶς

424 5884 443 5907 "
484 5874 854 5978 Leontii-tilium
880 5877 1229 5945 depravatum
1259 5895 1312 5932 In
1341 5893 1572 5941 excusrs.
1616 5883 2020 5939 emendavtmus
2051 5899 2114 5938 ex
2143 5882 2269 5938 Mss.
2306 5893 2416 5937 tum
2464 5882 2621 5936 Joan.
2672 5882 2812 5936 diae.
2843 5920 2858 5945 ,
2885 5887 2996 5960 tum
3020 5877 3392 5978 epistularum,
3424 5896 3479 5948 et
3507 5899 3615 5940 sen-

346 5959 466 6000 sum
503 5945 858 6013 renuntiatus.
