4118 6512
583 446 687 501 175

1174 450 1229 504 s.
1273 449 1599 506 cnsconu
1637 449 1851 507 MAGNI
1892 438 2073 513 VITA,
2114 434 2319 503 AUCT.
2361 446 2623 505 JOANNE
2663 449 2975 506 sucoso.
3017 450 3144 506 Lts.
3187 449 3277 505 tv.

3752 448 3855 507 1'6

577 564 683 621 bus
727 566 1034 635 episcopum
1063 566 1427 632 consecravit;
1479 566 1565 621 cui
1610 574 1662 621 et
1702 563 1928 620 Pallium
1957 562 2159 632 dirigit,
2186 560 2239 621 Δ
2266 561 2441 619 exitus
2483 564 2808 628 manifestat.
2855 565 3226 622 delicientibus
3272 561 3594 618 testimoniis
3621 576 3717 633 per
3746 572 3859 620 tres

576 657 818 712 scribens
847 674 858 710 :
890 675 908 708 ο
936 656 1259 727 Αροεῑοιίςω
1284 657 1429 713 sedis
1444 658 1839 721 benevolentia,
1864 654 2161 723 etantiquae

577 748 980 806 consuetudinis
1000 748 1189 805 ordine
1202 750 1499 819 provocati,
1520 750 1837 805 fraternitati
1855 759 1975 813 tum,
1999 762 2159 817 quam

575 845 631 901 in
654 844 951 899 Ravennati
973 843 1197 899 ecclesia
1208 843 1613 913 gubernationis
1636 840 2161 910 constatsusccpisse

572 934 829 999 ofﬁcium,
864 934 1011 1007 pallii
1039 952 1195 992 usum
1227 935 1569 1007 przevidimus
1590 934 2022 999 concedendum;
2049 947 2158 1001 quo

569 1043 679 1083 non
710 1028 869 1085 aliter
893 1030 971 1085 uti
1004 1038 1055 1085 te
1081 1030 1410 1095 memineris,
1441 1030 1542 1084 nisi
1572 1029 1623 1083 in
1651 1028 1866 1100 propria
1896 1035 2001 1081 tum
2028 1024 2181 1080 civi»

568 1124 696 1180 tatis
716 1125 966 1192 ecclesia,
998 1125 1231 1182 dimissis
1249 1123 1359 1194 jam
1383 1122 1503 1179 liliis
1520 1122 1819 1194 procedens
1848 1136 1879 1175 a
1904 1120 2153 1176 salutato-

564 1215 648 1271 rio
677 1216 747 1270 ad
770 1232 923 1271 sacra
950 1217 1235 1273 missarum
1265 1216 1525 1271 solemnia
1553 1213 1891 1271 celebranda.
1922 1211 2158 1266 Peractis

565 1322 695 1362 vero
710 1308 907 1376 missis,
930 1307 981 1362 id
1002 1308 1055 1363 in
1068 1308 1385 1364 salutatorio
1398 1324 1610 1362 rursum
1625 1306 1842 1364 curabis
1860 1304 2153 1377 deponere.

562 1395 732 1454 Extra
762 1400 1042 1456 ecclesiam
1070 1415 1201 1456 vero
1231 1416 1336 1455 non
1367 1400 1594 1470 amplius
1621 1399 1716 1454 illo
1744 1399 1865 1467 tibi,
1895 1398 1996 1454 nisi
2021 1413 2155 1467 qua-

562 1499 648 1544 ter
672 1490 727 1545 in
765 1506 907 1546 anno
955 1491 1009 1546 in
1057 1491 1276 1555 litaniis,
1333 1507 1469 1562 quas
1514 1490 1583 1546 ad
1622 1490 1965 1547 decessorem
2002 1499 2152 1544 tuum

561 1579 824 1637 Joannem
851 1583 1236 1654 expressimus,
1266 1583 1346 1639 uti
1372 1583 1750 1655 permittimus.
1802 1580 1953 1655 (.Lib.
1983 1600 2036 1652 v,
2068 1600 2148 1654 ep.

560 1670 667 1742 25;
698 1673 787 1729 lib.
816 1692 868 1742 v,
896 1693 977 1747 ep.
1008 1673 1130 1746 56.)

632 1766 685 1820 6.
727 1767 831 1824 Sed
863 1769 1213 1840 Marinianus,
1236 1772 1557 1829 clericorum
1602 1789 1822 1830 suorum
1852 1773 2153 1843 suggestio-

558 1861 717 1917 nibus
742 1862 1015 1929 delinitus,
1067 1872 1178 1919 tam
1224 1881 1322 1936 per
1368 1865 1641 1921 Andream
1689 1868 1863 1923 virum
1903 1865 2149 1935 magniﬁ.

2264 656 2549 712 continuos
2578 673 2749 714 annos
2782 659 3037 715 infectum
3066 663 3419 721 remanserat,
3446 654 3658 709 'iterum
3689 653 3856 709 Mari-

2265 745 2459 802 nianus
2502 764 2723 803 suorum
2764 750 3108 819 suggestione
3137 748 3466 817 compulsus,
3499 761 3652 801 usum
3683 745 3853 815 pallii,

2262 851 2424 903 quem
2470 854 2537 893 ex
2584 826 2971 897 consuetudine
3022 841 3160 899 sicut
3208 845 3539 895 convenerat
3569 836 3855 892 vcndicarc

2263 946 2368 984 non
2398 938 2635 1002 poterat,
2667 933 3075 1003 importunitate
3097 947 3316 1004 precum
3337 946 3395 987 se
3422 945 3580 1001 posse
3608 929 3853 999 recipere

2261 1023 2586 1078 conﬁdebat.
2621 1024 2960 1096 Quapropter
2978 1025 3271 1095 Gregorius
3299 1024 3353 1078 in
3375 1025 3563 1079 eadem
3585 1022 3852 1077 sententia

2260 1128 2603 1183 permanens,
2627 1116 2804 1172 eidem
2827 1117 3155 1173 chartulario
3177 1132 3272 1188 per
3292 1116 3641 1171 indictionem
3658 1130 3853 1171 secun-

2258 1204 2379 1259 dam
2392 1208 2598 1274 scribit,
2614 1208 2797 1265 dicens
2819 1226 2835 1263 :
2859 1229 2876 1261 ι
2897 1210 3032 1265 Dum
3053 1210 3380 1276 Florentius,
3406 1209 3736 1264 Ravennatis
3760 1224 3849 1265 ec-

2256 1296 2431 1354 clesim
2451 1300 2727 1369 diaconus,
2752 1302 2892 1373 apud
2917 1317 3014 1357 nos
3035 1317 3134 1372 pro
3159 1300 3609 1357 reverendissimo
3623 1299 3853 1355 fratrcct

2255 1397 2582 1466 coepiscopo
2615 1406 2799 1452 nostro
2828 1396 3161 1465 Mariniano,
3205 1396 3275 1452 de
3319 1412 3419 1452 usu
3463 1397 3611 1467 pallii
3642 1406 3849 1466 ageret,

2254 1489 2547 1557 requisitus
2577 1504 2606 1543 a
2637 1489 2792 1545 nobis
2819 1505 2939 1560 qua:
2968 1499 3113 1546 esset
3138 1489 3355 1559 antiqua
3383 1489 3738 1553 consuetudo,
3771 1504 3851 1544 re~

2255 1580 2683 1650 sponditzquod
2732 1582 2786 1637 in
2833 1582 3083 1637 omnibus
3129 1582 3330 1637 litaniis
3365 1581 3529 1652 pallio
3561 1580 3850 1636 Ravennas

2254 1672 2541 1743 episcopus
2566 1682 2829 1728 uteretur.
2860 1673 3014 1741 Quod
3056 1674 3130 1729 ita
3169 1689 3277 1729 non
3320 1687 3473 1739 esse,
3515 1682 3570 1728 et
3616 1672 3683 1727 ab
3730 1670 3850 1725 aliis

2253 1762 2554 1831 didicimus,
2584 1774 2639 1820 et
2664 1780 2730 1821 ex
2759 1766 3001 1836 epistolis
3024 1764 3267 1841 Joannis,
3290 1763 3560 1836 quondam
3582 1762 3848 1834 episcOpi,

2257 1872 2389 1926 quas
2418 1858 2469 1913 ei
2498 1859 2709 1914 ostendi
2739 1856 2986 1927 fecimus,
3022 1860 3301 1915 evidenter
3319 1858 3595 1929 apparuit;
3620 1856 3715 1912 sed
3742 1855 3848 1911 hoc

556 1965 701 2019 cum,
733 1969 895 2024 quam
937 1971 1035 2027 ρει-
1062 1973 1431 2028 quoscumque
1477 1969 1745 2029 power“,
1792 1961 2001 2015 restitui
2038 1975 2144 2015 sum
2176 1939 2220 1999 Β
2250 1952 2501 2016 asseruit,
2533 1952 2679 2021 quod
2708 1951 2888 2007 dicere
2914 1953 3209 2021 jussusest.
3240 1951 3373 2006 Nam
3404 1960 3648 2021 tempore
3677 1963 3783 2019 quo
3816 1963 3845 1999 a

551 2046 795 2101 ecclesiae
842 2064 997 2103 usum
1027 2048 1174 2119 pallii
1218 2049 1513 2119 flagitabat.
1545 2052 1887 2123 Quapropter
1942 2052 2150 2121 Grego-

548 2136 663 2194 rius
683 2136 931 2196 Gastorio
951 2141 1282 2198 chartulario
1304 2142 1446 2197 inter
1465 2154 1661 2200 caetera
1683 2145 1891 2213 scribit,
1916 2144 2105 2201 dicens
2130 2162 2142 2197 :

552 2249 577 2285 ι
602 2230 720 2287 Tua
748 2235 1085 2304 experientia
1126 2238 1326 2293 nullius
1372 2254 1681 2309 personam,
1732 2240 1934 2296 nullius
1980 2242 2145 2296 verba

546 2322 855 2379 consideret
881 2342 893 2378 :
918 2324 1094 2381 solum
1123 2326 1218 2381 Dei
1248 2328 1499 2384 timorem
1524 2338 1581 2384 et
1604 2330 1983 2386 rectitudinem
2019 2341 2147 2388 ante

547 2413 738 2470 oculos
783 2414 1010 2483 habeat;
1043 2426 1099 2472 et
1144 2420 1387 2476 seniores
1442 2436 1743 2491 personas,
1797 2432 1852 2480 et
1900 2424 2143 2495 ejusdem

546 2505 790 2562 ecclesia:
835 2508 1293 2579 archidiaconum,
1342 2529 1503 2584 quem
1529 2531 1637 2570 non
1665 2517 1912 2587 suspicor
1935 2532 2033 2589 pro
2059 2519 2143 2573 al-

545 2599 717 2655 terius
746 2598 954 2655 honore
981 2601 1246 2673 pejerare,
1298 2616 1355 2660 et
1400 2607 1536 2662 alios
1564 2609 1918 2678 antiquiores,
1950 2610 2041 2680 qui
2086 2610 2141 2665 in

544 2691 711 2745 sacris
739 2692 1019 2748 ordinibus
1049 2704 1176 2750 ante
1210 2694 1435 2753 Joannis
1464 2701 1706 2772 episcopi
1737 2710 1983 2775 tempora
2023 2704 2139 2760 fue-

545 2791 687 2850 rant,
709 2783 967 2853 requirat,
994 2786 1079 2841 vel
1103 2786 1148 2841 si
1176 2789 1267 2858 qui
1287 2788 1613 2849 maturiores
1632 2803 1757 2849 sunt
1776 2806 1929 2851 extra
1954 2813 2140 2855 sacros

542 2875 794 2943 ordines;
834 2880 987 2950 127
1016 2888 1073 2935 et
1097 2883 1317 2938 veniant
1342 2894 1470 2941 ante
1498 2903 1696 2960 corpus
1724 2891 1897 2947 sancti
1926 2890 2135 2962 Apolli-

538 2970 707 3037 naris,
739 2982 793 3026 et
822 2980 966 3029 tacto
992 2973 1110 3044 ejus
1139 2977 1391 3048 sepulcro
1418 2979 1623 3049 jurent,
1656 3000 1776 3055 quae
1797 2986 2136 3043 consuetudo

539 3071 667 3118 ante
712 3061 938 3123 Joannis
986 3068 1227 3139 episcopi
1274 3080 1519 3143 tempora
1560 3076 1946 3148 fueritzquia,
1995 3080 2137 3136 sicut

534 3155 668 3225 scis,
702 3155 841 3213 idem
866 3159 951 3213 vir
978 3161 1205 3216 multum
1237 3175 1598 3237 pnesumptor
1624 3169 1849 3235 exstitit,
1881 3179 1936 3226 et
1964 3174 2134 3229 multa

538 3246 640 3301 sibi
667 3262 766 3317 per
792 3249 1102 3319 superbiam
1130 3255 1428 3309 conabatur
1458 3272 1745 3329 arrogare;
1792 3270 1847 3316 et
1876 3262 2134 3333 quidquid

2252 2052 2307 2098 te
2329 2043 2502 2098 eidem
2526 2042 2783 2111 Joannes,
2809 2045 3080 2112 quondam
3118 2044 3424 2115 episcopus,
3452 2051 3537 2098 est
3566 2040 3845 2095 inhibitus:

2251 2148 2319 2187 ne
2349 2134 2510 2203 pallio
2538 2135 2843 2190 inordinate
2870 2151 2935 2191 ac
2965 2146 3168 2190 temere
3198 2135 3277 2188 uti
3308 2140 3680 2204 prtesumeret,
3712 2131 3843 2186 scri-

2248 2224 2355 2294 psit
2382 2225 2538 2280 nobis
2563 2226 2703 2279 hanc
2728 2225 2892 2281 fuisse
2921 2225 3152 2295 priscam
3183 2224 3649 2290 consuetudinem,
3682 2229 3743 2276 ut
3766 2221 3844 2275 ci-

2246 2316 2428 2372 vitatis
2457 2317 2624 2388 ipsius
2664 2317 2952 2388 episcopus
2979 2318 3144 2389 pallio
3185 2319 3239 2373 in
3276 2318 3477 2373 litaniis
3511 2316 3842 2373 solemnibus

2246 2417 2489 2464 uteretur
2514 2426 2526 2462 :
2551 2423 2777 2478 quarum
2807 2409 2902 2463 tibi
2934 2410 3234 2465 litterarum
3264 2409 3589 2480 exemplaria
3621 2423 3719 2478 pro
3749 2417 3842 2462 tua

2246 2502 2628 2561 informatione
2642 2503 3056 2559 transmisimus.
3077 2503 3549 2571 Adeodatusvero,
3569 2502 3841 2573 pratdicue

2245 2594 2489 2650 ecclesiae
2516 2595 2792 2662 diaconus,
2833 2596 2960 2650 dum
3003 2596 3144 2667 apud
3192 2612 3289 2651 nos
3338 2605 3585 2666 tempore
3614 2612 3722 2667 quo
3752 2596 3841 2651 hic

2244 2685 2373 2753 fuit,
2416 2687 2662 2742 similiter
2707 2687 2775 2743 de
2820 2688 3061 2757 ejusdem
3102 2705 3202 2744 usu
3241 2690 3387 2758 pallii
3418 2704 3578 2759 agere
3627 2689 3840 2745 enixius

2243 2776 2503 2844 studeret,
2529 2778 2773 2834 volentes
2804 2793 3135 2848 cognoscere
3162 2780 3471 2843 veritatem,
3504 2794 3625 2833 eum
3651 2779 3839 2835 simili-

2244 2881 2353 2941 ter,
2387 2887 2506 2943 qua:
2534 2882 2681 2928 esset
2716 2876 3050 2929 consuetudo
3088 2874 3395 2929 curavimus
3431 2874 3833 2942 requirendum.

2242 2966 2343 3034 Qui
2374 2966 2450 3021 uti
2479 2965 2624 3021 credi
2651 2966 2869 3022 sibimet
2890 2966 3161 3034 suaderet,
3190 2976 3352 3038 atque
3371 2983 3400 3022 a
3428 2966 3583 3023 nobis
3609 2965 3833 3035 valeret,

2240 3061 2385 3133 quod
2414 3061 2654 3131 petebat,
2695 3060 2933 3129 exigere,
2966 3061 3065 3116 sub
3091 3061 3445 3131 jurejurando
3476 3069 3704 3117 testatus
3731 3070 3832 3129 est,

2240 3154 2517 3229 antiquam
2556 3150 3001 3205 consuetudinem
3049 3152 3247 3219 fuisse,
3300 3163 3359 3206 ut
3396 3152 3450 3207 in
3480 3161 3715 3221 quatuor
3742 3159 3833 3206 aut

2240 3248 2476 3317 quinque
2517 3246 2846 3302 solemnibus
2876 3245 3076 3299 litaniis
3120 3244 3284 3315 pallio
3313 3244 3545 3300 civitatis
3573 3260 3683 3299 sua:
3720 3244 3833 3314 epi-

538 3353 571 3390 u
601 3336 930 3393 ﬁdelioribus
956 3340 1083 3395 viris
1112 3351 1167 3396 et
1203 3345 1540 3413 gravioribus
1562 3347 1803 3416 juratum
1834 3350 2017 3422 fuerit,
2048 3370 2137 3409 se-

2244 3356 2442 3411 scopus
2470 3349 2731 3396 uteretur.
2760 3339 3105 3412 Experientia
3141 3344 3298 3414 128
3326 3357 3454 3412 ergo
3486 3354 3573 3396 tua
3602 3342 3832 3411 diligen-

538 3427 775 3482 eundum
807 3423 1096 3486 indiculum
1126 3434 1216 3503 qui
1249 3435 1435 3491 subter
1459 3453 1700 3495 annexus
1731 3450 1832 3507 est,
1861 3443 1967 3499 hoc
1989 3446 2135 3501 volu-

536 3535 659 3577 mus
687 3523 742 3577 in
771 3524 959 3580 eadem
989 3527 1215 3582 ecclesia
1245 3533 1578 3588 conservari.
1612 3534 1718 3589 Sed
1763 3536 1882 3592 vide
1925 3553 1993 3593 ne
2039 3555 2136 3594 ne-

535 3612 799 3685 gligenter
825 3632 987 3687 agas,
1031 3634 1101 3675 ne
1130 3620 1250 3691 quis
1280 3620 1439 3677 ﬁdem
1469 3634 1563 3680 aut
1593 3627 1937 3686 devotionem
1987 3642 2133 3688 tuam

534 3704 590 3760 in
615 3704 718 3763 hac
745 3723 912 3764 causa
932 3724 1262 3783 corrumpat.
1293 3714 1479 3771 Zelum
1509 3719 1653 3773 enim
1684 3729 1833 3777 tuum
1855 3725 1988 3780 scio.
2018 3727 2133 3797 Age

530 3799 785 3866 sollicite,
818 3803 893 3859 ita
923 3812 1104 3861 tamen
1134 3818 1192 3861 ut
1221 3809 1477 3878 prasdicta
1506 3813 1732 3870 ecclesia
1763 3828 1951 3873 contra
1982 3819 2135 3891 justi-

532 3894 662 3951 tiam
690 3913 798 3954 non
830 3909 1116 3970 gravetur;
1165 3903 1264 3958 sed
1290 3920 1436 3972 usus,
1469 3908 1562 3976 qui
1589 3918 1715 3964 ante
1761 3909 1984 3969 Joannis
2012 3916 2129 3985 epi-

528 3989 679 4059 scopi
708 3998 954 4061 tempora
983 3995 1209 4062 exstitit,
1241 3997 1293 4051 ei
1322 4010 1694 4058 conservetur.
1726 4004 1998 4063 Personas
2028 4023 2128 4063 au-

528 4090 641 4136 tem
692 4098 798 4138 non
846 4084 1013 4151 duas,
1045 4087 1132 4141 vel
1163 4095 1274 4144 tres
1302 4089 1367 4143 ad
1397 4092 1836 4151 satisfaciendum
1866 4099 1984 4166 tibi,
2033 4102 2129 4157 sed

526 4183 757 4245 quantas
782 4177 1115 4247 antiquiores
1139 4193 1194 4236 et
1221 4184 1498 4253 graviores
1544 4187 1837 4258 inveneris,
1870 4193 2085 4263 require
2110 4214 2124 4248 :

528 4273 589 4318 ut
613 4281 789 4335 neque
814 4269 959 4338 quod
988 4287 1115 4328 usus
1146 4272 1245 4328 luit
1273 4276 1547 4348 antiquior
1591 4280 1834 4348 ejusdem
1883 4286 2128 4342 ecclesiae

525 4355 888 4427 denegemus,
935 4376 1111 4433 neque
1160 4366 1303 4435 quod
1344 4384 1489 4425 novo
1532 4386 1667 4427 ausu
1697 4375 1992 4443 appetitum
2023 4388 2125 4447 est,

524 4449 905 4507 concedamus.
939 4452 1047 4510 Sed
1073 4459 1253 4513 omnia
1277 4474 1376 4530 age
1405 4463 1601 4519 blande
1631 4472 1688 4521 et
1715 4466 1965 4536 dulciter,
1990 4480 2049 4525 ut
2072 4480 2127 4528 et

524 4542 666 4598 actio
697 4552 788 4598 tua
814 4544 1059 4602 districta
1085 4546 1174 4618 sit,
1205 4559 1261 4605 et
1286 4551 1467 4621 lingua
1489 4555 1657 4610 mitis.
1682 4576 1700 4608 ι

600 4653 619 4687 ‹
640 4633 773 4691 Juro
800 4652 930 4707 ergo
959 4637 1025 4694 N.
1062 4656 1157 4711 per
1185 4640 1423 4710 Patrem,
1455 4656 1509 4702 et
1534 4647 1748 4716 Filium,
1780 4659 1835 4707 et
1859 4651 2116 4724 Spiritum

2240 3441 2324 3489 ter
2351 3435 2613 3504 invigilet,
2643 3445 2698 3490 et
2726 3451 2847 3491 cum
2879 3437 3025 3492 omni
3055 3436 3434 3501 sollicitudine,
3464 3444 3596 3506 quot
3634 3435 3832 3489 litanias

2236 3529 2507 3585 solemnes
2529 3529 2596 3583 ab
2633 3530 2953 3600 antiquitate
3000 3530 3217 3594 fuerint,
3266 3529 3537 3598 requirat;
3588 3543 3691 3583 nec
3739 3541 3833 3583 eas

2237 3622 2507 3677 solemnes
2536 3623 2862 3677 nominando
2892 3622 3170 3692 requirere
3186 3621 3415 3689 studeat,
3437 3622 3528 3676 sed
3549 3621 3781 3691 majores
3811 3637 3827 3672 :

2237 3727 2295 3773 ut
2322 3733 2420 3789 per
2447 3718 2569 3781 hoc,
2618 3717 2763 3787 quod
2793 3717 2947 3772 nobis
2976 3716 3229 3787 praefatus
3257 3714 3593 3781 Adeodatus,
3648 3713 3831 3769 diaco-

2236 3825 2354 3875 nus,
2387 3817 2613 3865 testatus
2644 3819 2747 3875 est,
2774 3818 2829 3864 et
2857 3810 3098 3879 praedicti
3123 3808 3346 3865 Joannis
3369 3809 3606 3879 episcopi
3628 3806 3829 3864 fatetur

2234 3902 2485 3971 epistola,
2533 3902 2659 3957 dum
2686 3902 3021 3969 constiterit,
3070 3912 3285 3973 quanta:
3314 3903 3513 3956 litania:
3555 3902 3828 3957 solemnes

2234 3993 2451 4061 fuerint,
2476 3995 2688 4065 quoties
2710 3993 2855 4049 indui
2875 3994 3082 4049 solebat
3102 3996 3153 4050 in
3177 3996 3374 4053 litaniis
3398 3995 3616 4065 pallium
3634 4011 3826 4066 cogno-

2231 4094 2464 4149 scentes,
2508 4085 2857 4140 libentissime
2885 4087 3278 4154 concedamus;
3326 4087 3424 4143 sed
3468 4089 3573 4145 hoc
3621 4104 3729 4144 non
3759 4088 3827 4145 ab

2233 4179 2337 4233 illis
2366 4178 2660 4248 perquirat,
2708 4179 2797 4249 qui
2829 4178 2896 4233 ab
2926 4179 3306 4237 ecclesiasticis
3333 4181 3679 4248 exhibentur,
3731 4183 3823 4238 sed

2232 4269 2300 4323 ab
2328 4269 2448 4324 aliis
2476 4285 2612 4339 quos
2640 4270 2755 4326 sine
2784 4270 2970 4327 favore
3015 4272 3182 4343 partis
3216 4289 3337 4330 esse
3373 4276 3718 4345 cognoverit;
3770 4284 3824 4334 et

2229 4380 2349 4434 quze
2395 4364 2627 4419 sollicita
2654 4363 3000 4436 indagatione
3030 4367 3311 4436 repererit,
3361 4367 3518 4423 nobis
3556 4368 3822 4425 subtiliter

2230 4455 2429 4512 indicet
2457 4473 2468 4509 :
2497 4464 2556 4511 ut
2580 4456 2829 4525 veritate,
2860 4459 2999 4513 sicut
3027 4457 3276 4525 diximus,
3305 4460 3537 4530 cognita,
3564 4461 3745 4517 fratris
3769 4470 3822 4519 et

2228 4547 2537 4619 coepiscopi
2583 4550 2754 4604 nostri
2799 4549 3231 4606 reverendissimi
3277 4550 3558 4608 Mariniani
3612 4556 3822 4612 animos

2227 4641 2549 4697 relevemus.
2576 4661 2593 4694 ι
2633 4640 2784 4714 (Lib.
2833 4658 2922 4707 vn,
2960 4660 3041 4713 ep.
3072 4642 3156 4709 77,
3187 4660 3323 4698 nunc
3353 4644 3443 4699 lib.
3473 4662 3544 4712 vt,
3576 4664 3657 4717 ep.
3689 4645 3818 4719 54.)

522 4736 791 4795 sanctum,
841 4730 1212 4802 inseparabilis
1253 4737 1445 4793 divina:
1474 4743 1727 4810 potentiae
1758 4718 2073 4806 Trinitatem
2099 4791 2115 4817 ,

2241 4737 2296 4791 At
2323 4737 2445 4807 quia
2473 4737 2646 4807 prisca
2667 4737 3000 4792 consuetudo
3030 4751 3061 4790 a
3088 4738 3419 4794 nostratibus
3442 4741 3709 4797 subtiliter
3739 4744 3817 4797 in-

522 4832 579 4876 et
617 4819 723 4876 hoc
762 4838 960 4893 corpus
998 4826 1142 4882 beati
1186 4828 1513 4898 Apollinaris
1560 4839 1813 4909 martyris
1836 4880 1852 4906 ,
1892 4856 1980 4896 me
2018 4858 2117 4912 pro

522 4911 723 4968 nullius
760 4913 944 4971 favore
971 4932 1216 4988 persona:
1246 4960 1261 4984 ,
1296 4936 1471 4992 neque
1500 4929 1787 4986 commodo
1820 4933 2000 5001 aliquo
2021 4911 2116 4991 in-

522 5006 876 5075 terveniente,
928 5012 1148 5078 testari;
1198 5014 1294 5068 sed
1323 5014 1436 5071 haec
1465 5017 1578 5074 scio
1608 5063 1623 5087 ,
1656 5029 1711 5075 et
1739 5038 1838 5092 per
1885 5036 2116 5082 memet-

520 5096 700 5167 ipsum
722 5101 971 5169 cognovi,
1009 5103 1133 5173 quia
1163 5113 1289 5160 ante
1317 5114 1559 5178 tempora
1588 5108 1813 5169 Joannis
1842 5118 2116 5184 quondam

517 5190 780 5264 episcopi,
827 5193 1114 5252 Ravennas
1159 5197 1443 5270 episcopus
1469 5214 1736 5273 praesente
1763 5209 2116 5278 apocrisiario

519 5286 665 5343 sedis
706 5289 1017 5356 apostolicae
1058 5290 1151 5346 illo
1189 5300 1351 5359 atque
1398 5294 1523 5359 illo,
1574 5297 1677 5353 illis
1703 5307 1757 5352 et
1787 5300 1893 5357 illis
1924 5303 2114 5362 diebus

520 5382 967 5437 consuetudinem
988 5384 1173 5441 utendi
1204 5387 1367 5456 pallio
1396 5388 1581 5443 habuit
1608 5409 1618 5441 :
1649 5401 1703 5445 et
1724 5408 1829 5447 non
1860 5401 2107 5468 cognovi,

519 5473 646 5542 quia
673 5474 779 5529 hoc
806 5474 1040 5530 latenter
1078 5476 1164 5531 vel
1210 5477 1412 5550 absque
1453 5482 1805 5550 apocrisiario
1852 5503 2108 5561 usurpas-

518 5572 622 5619 set.
652 5582 673 5616 ι
711 5563 859 5634 (Lib.
893 5581 964 5631 νι,
994 5584 1075 5637 ep.
1106 5567 1232 5639 δι.)

590 5654 643 5709 7.
684 5654 802 5709 Hoc
839 5654 1131 5726 Gregorius
1177 5674 1274 5729 per
1309 5661 1657 5720 indictionem
1687 5679 1934 5737 quartam
1967 5676 2114 5735 deci-

518 5764 664 5806 mam
703 5752 1079 5822 jusjurandum
1107 5768 1459 5830 praeceperat.
1507 5760 1661 5828 Quod
1689 5767 1835 5835 quia,
1868 5773 2008 5831 sicut
2036 5780 2114 5835 rei

2228 4830 2423 4900 quisita
2443 4872 2456 4897 ,
2507 4844 2537 4883 a
2569 4828 2970 4884 Ravennatibus
2998 4831 3213 4904 probari
3241 4831 3388 4886 nullo
3417 4831 3579 4889 modo
3616 4834 3814 4905 potuit,

2226 4921 2543 4991 Gregorium
2572 4921 2625 4975 in
2653 4936 2749 4975 sua
2771 4923 3033 4976 sententia
3054 4924 3413 4991 permansisse
3434 4925 3622 4996 procul
3652 4926 3816 4983 dubio

2226 5010 2353 5065 illud
2382 5010 2640 5078 ostendit,
2673 5010 2815 5080 quod
2847 5025 3023 5081 neque
3052 5011 3121 5067 ob
3152 5012 3275 5079 hoc,
3305 5024 3563 5083 quantum
3603 5030 3670 5070 ex
3700 5018 3815 5086 api-

2225 5100 2376 5155 cibus
2408 5103 2522 5169 ejus
2550 5099 2910 5169 dignoscitur,
2942 5119 2971 5155 a
3002 5117 3272 5173 quoquam
3302 5106 3621 5165 sollicitatus
3649 5109 3815 5163 exsti-

2226 5194 2327 5258 tit,
2382 5209 2557 5264 neque
2598 5211 2629 5250 a
2671 5197 2962 5267 semetipso
2994 5205 3297 5254 commotus
3325 5199 3551 5258 ulterius
3590 5201 3813 5257 omnino

2220 5287 2515 5356 rescripsit.

2289 5378 2340 5430 8.
2386 5379 2499 5434 Non
2528 5381 2700 5436 solum
2730 5384 2781 5437 in
2813 5385 3021 5453 magnis
3050 5383 3210 5440 rebus
3233 5383 3527 5456 Gregorius
3548 5388 3811 5444 sollicitu-

2214 5469 2351 5525 (linis
2380 5486 2490 5525 sum
2520 5474 2707 5528 oculos
2734 5475 3105 5542 convertebat,
3138 5492 3325 5535 verum
3354 5481 3519 5536 etiam
3544 5496 3613 5538 ne
3639 5482 3811 5554 impu-

2213 5586 2283 5626 ne
2312 5578 2765 5640 pmsumerentur
2794 5571 3117 5643 quandoque
3154 5576 3383 5648 majora,
3430 5578 3534 5637 hoc
3562 5580 3617 5637 in
3648 5582 3810 5638 rebus

2221 5663 2456 5719 minimis
2483 5663 2846 5719 curiosissime
2884 5669 3240 5735 prrecavcbat.
3276 5669 3429 5727 Unde
3455 5672 3675 5742 Joanni,
3708 5672 3803 5747 Sy-

2220 5770 2485 5813 racusano
2506 5758 2782 5828 episcopo,
2808 5757 3011 5827 scribit,
3044 5760 3227 5817 dicens
3252 5780 3264 5816 :
3294 5782 3311 5815 ‹
3338 5762 3699 5822 Ecclesiastici
3730 5765 3804 5820 vi-

593 5911 802 6030 Life;
795 5916 1080 6030 32:21am
1104 5920 1244 5977 hanc
1270 5922 1336 5978 ab
1366 5923 1659 5989 indictione
1685 5948 1920 5994 secunda
1953 5947 2369 6011 removerimus,
2425 5943 2735 6013 aperuimus
2780 5946 2837 6007 in
2862 5946 3243 6010 dissertatione
3270 5954 3338 6012 de
3373 5957 3563 6015 ordine
3606 5958 3795 6030 episto-

471 5964 475 5975 ’
533 5964 698 6038 κτωιῖ
711 5964 985 6065 ἶ·άῖᾕῖίᾶ
