4118 6466
329 493 436 550 177

916 490 976 548 S.
1017 490 1346 549 GREGORII
1384 492 1597 551 MAGNI
1637 490 1823 558 VITA,
1866 486 2070 545 AUCT.
2111 488 2369 546 JOANNE
2409 492 2721 555 DIACONO.
2764 496 2893 554 LIB.
2939 499 3027 555 IV.

3494 502 3596 562 178

322 594 632 678 goris'ordo
658 602 1034 671 confunditur,
1061 606 1107 661 si
1144 613 1237 661 aut
1265 614 1464 662 temere
1492 600 1675 662 illicita
1704 618 1910 675 praesu-
1940 602 1992 665 Α
2016 617 2185 672 usque
2223 606 2415 663 missas
2454 607 2630 664 facere
2665 612 2958 681 praesumit,
3001 620 3162 681 atque
3196 615 3265 671 ad
3292 631 3380 672 me
3414 618 3603 675 venire

324 706 556 762 mantur,
588 704 682 751 aut
710 696 929 766 impune
957 712 1064 752 non
1093 712 1346 753 concessa
1376 702 1669 751 tententur.
1703 693 1903 751 Perve-

322 790 403 844 nit
427 788 608 855 itaque
636 788 703 840 ad
734 802 852 853 nos,
883 787 1142 842 diaconos
1170 784 1409 841 ecclesim
1435 782 1751 839 Catanensis
1790 784 1904 837 cal-

320 892 506 939 ceatos
554 891 578 919 α
609 882 882 952 campagis
931 879 1222 953 procedere
1272 877 1693 948 prmsumpsisse.
1751 874 1905 941 Quod

318 976 450 1030 nulli
479 975 741 1031 hactenus
768 990 866 1045 per
902 981 1069 1028 totam
1096 971 1332 1027 Siciliam
1364 971 1596 1035 licuisse,
1645 970 1747 1024 nisi
1775 969 1906 1024 solis

319 1066 691 1123 tantummodo
717 1066 1032 1121 diaconihus
1052 1064 1292 1120 ecclesizc
1317 1062 1688 1127 Messanensis,
1713 1060 1906 1130 quibus

315 1159 445 1214 olim
487 1174 517 1213 a
558 1158 1041 1228 praedecessoribus
1080 1158 1280 1212 nostris
1325 1172 1432 1212 non
1477 1155 1753 1211 dubitatur
1786 1167 1907 1209 esse

316 1263 655 1315 concessum,
686 1250 824 1305 bene
852 1250 1108 1305 recolitis.
1134 1248 1269 1316 Quia
1295 1263 1423 1317 ergo
1448 1256 1611 1303 tanta:
1638 1248 1909 1302 temerita-

314 1345 385 1399 tis
407 1358 569 1399 ausus
598 1358 705 1398 non
737 1353 818 1397 est
848 1343 1039 1397 leviter
1067 1340 1444 1406 attendendus,
1477 1356 1600 1395 cum
1629 1340 1777 1395 omni
1803 1339 1907 1395 hoc

311 1437 625 1492 fraternitas
652 1446 831 1492 vestra
854 1436 1152 1491 subtilitate
1177 1437 1453 1505 perquirat
1478 1452 1490 1487 :
1516 1441 1572 1488 et
1602 1433 1647 1488 si
1668 1433 1762 1498 ita,
1796 1433 1904 1489 sic-

309 1537 369 1586 ut
398 1530 467 1585 ad
511 1545 609 1585 nos
644 1530 909 1600 pervenit,
938 1527 1223 1590 invenerit,
1257 1534 1434 1581 utrum
1463 1541 1493 1579 a
1518 1540 1599 1591 se,
1626 1524 1711 1579 vel
1737 1524 1905 1579 alicn-

307 1620 393 1690 ius
431 1620 755 1676 auctoritate
785 1620 889 1675 hoc
932 1618 1390 1689 praesumpserint,
1439 1616 1595 1671 nobis
1638 1614 1907 1670 subtiliter

310 1715 637 1777 innotescat,
668 1721 727 1768 ut
752 1711 967 1782 cognita
1000 1709 1249 1778 veritate,
1279 1708 1405 1778 quid
1437 1708 1552 1761 fieri
1581 1706 1796 1769 debeat,
1827 1704 1903 1760 di-

306 1822 623 1876 sponamus.
672 1804 806 1860 Nam
851 1804 896 1859 si
945 1801 1279 1873 negligenter
1306 1816 1371 1856 ea
1416 1816 1535 1870 qua:
1572 1801 1714 1854 male
1754 1814 1903 1853 usur-

306 1908 508 1969 pantur
545 1899 862 1964 omittimus,
902 1910 1158 1954 excessus
1209 1895 1352 1950 viam
1398 1894 1517 1951 aliis
1554 1894 1843 1967 aperimus.
1875 1912 1894 1946 ι

302 1988 452 2059 (Lib.
487 2004 600 2057 vm,
629 2007 709 2061 ep.
741 1990 878 2063 27.)

374 2082 428 2136 9.
472 2082 700 2149 Interea,
730 2084 905 2141 Natali
934 2089 1189 2157 episcopo
1215 2083 1493 2146 defuncto,
1526 2098 1647 2137 cum
1676 2082 1892 2137 Dalma-

302 2175 540 2229 tinorum
560 2176 887 2244 generalitas
903 2174 1240 2233 Honoratum
1261 2157 1717 2245 archidiaconum,
1732 2187 1893 2242 quem

300 2265 420 2335 ipse
463 2281 532 2322 ex
583 2269 903 2340 presbytero
948 2270 1002 2324 in
1050 2269 1336 2324 diaconum
1378 2275 1740 2333 converterat,
1789 2264 1899 2337 sibi

266 2357 707 2426 ’prazﬁciendttm
743 2359 1089 2416 concorditer
1132 2360 1441 2429 elegissent,
1473 2372 1770 2427 eorumque
1793 2356 1891 2411 de-

297 2457 506 2503 cretum
536 2450 781 2520 pontifex
813 2452 1187 2521 approbasset.
1214 2449 1445 2506 factione
1466 2448 1659 2503 Malchi
1686 2449 1890 2519 episco-

296 2540 369 2609 pi,
405 2542 634 2597 rcctoris
663 2542 945 2613 apostolici
984 2541 1309 2611 patrimonii,
1358 2556 1631 2610 manuque
1673 2540 1891 2596 militari

296 2631 561 2688 Maximus
610 2634 791 2689 multis
828 2634 1141 2691 criminibus
1179 2634 1475 2699 involutus,
1520 2634 1888 2704 episcopatum

295 2724 627 2782 Salonitanae
645 2727 880 2784 civitatis
906 2729 1123 2785 invasit.
1146 2728 1300 2796 Quod
1323 2727 1615 2799 Gregorius
1639 2730 1884 2796 audiens,

294 2818 610 2874 Dalmaticis
654 2826 709 2874 et
751 2818 1040 2875 Jadertinis
1068 2820 1335 2891 episcopis
1364 2836 1433 2876 ne
1461 2821 1538 2877 illi
1564 2837 1753 2877 manus
1782 2824 1886 2878 im-

291 2920 579 2980 ponerent,
631 2913 732 2968 sub
780 2927 973 2982 magna
1012 2914 1447 2972 interminatione
1491 2916 1782 2986 prohibuit.
1816 2917 1887 2971 At

292 3016 426 3057 vero
453 3001 736 3071 Maximus,
778 3007 871 3075 qui
900 3007 1244 3079 episcopatus
1269 3006 1457 3064 sedem
1500 3017 1688 3063 contra
1718 3025 1884 3065 cano-

290 3111 387 3150 nes
425 3096 723 3163 invaserat,
767 3100 929 3155 etiam
967 3101 1327 3157 sacerdotium
1356 3109 1543 3158 contra
1573 3101 1743 3155 Deum
1785 3116 1883 3171 per

289 3189 645 3246 simoniacam
672 3192 919 3248 hmresim
951 3195 1019 3249 ab
1052 3194 1319 3266 episcopis
1358 3194 1620 3250 duntaxat
1662 3210 1881 3251 excom-

289 3283 594 3351 municatis,
624 3286 801 3354 pretio
827 3286 1115 3356 corruptis,
1168 3301 1278 3341 non
1320 3286 1497 3342 timuit
1537 3288 1873 3357 promereri:

2006 696 2299 751 secundum
2317 699 2614 768 jussionem
2649 702 2990 759 dominorum
3035 706 3224 761 noluit.
3272 706 3384 776 Ego
3420 717 3600 765 autem

2007 791 2353 861 praeceptioni
2379 794 2596 864 pietatis
2625 809 2810 850 eorum
2842 798 3116 865 obediens,
3141 800 3317 855 eidem
3341 800 3598 870 Maximo,

2006 882 2118 952 qui,
2144 898 2231 938 me
2259 885 2556 951 nesciente,
2588 886 2864 942 ordinatus
2893 900 2993 953 est,
3027 893 3129 947 hoc
3150 894 3295 962 quod
3308 910 3361 948 in
3392 894 3600 951 ordina‘

2010 975 2153 1029 tione
2164 990 2258 1029 sua
2271 991 2380 1043 me,
2409 978 2495 1032 vel
2524 979 2887 1048 responsalem
2906 983 3318 1049 prmtermittere
3344 1000 3599 1055 przesum-

2008 1067 2134 1137 psit,
2160 1069 2233 1122 ita
2263 1084 2329 1123 ex
2345 1069 2507 1124 corde
2537 1070 2730 1137 laxavi,
2755 1086 2819 1127 ac
2844 1071 2888 1125 si
2916 1087 3003 1126 me
3024 1081 3246 1130 auctore
3274 1075 3433 1132 fuerit
3458 1078 3599 1135 ordi-

2008 1170 2182 1215 natus.
2226 1162 2342 1215 Alia
2366 1178 2494 1218 vero
2523 1178 2776 1233 perversa
2807 1163 2948 1218 illius
2966 1205 2981 1229 ,
3014 1165 3218 1221 scilicet
3244 1169 3385 1223 mala
3406 1186 3599 1241 corpo-

2007 1252 2159 1317 ralia,
2184 1268 2303 1322 qua:
2331 1255 2580 1322 cognovi,
2604 1254 2689 1309 vel
2709 1254 2833 1323 quia
2862 1270 2985 1309 cum
3016 1257 3254 1324 pecuniis
3266 1266 3347 1313 est
3373 1260 3597 1330 electus,

2006 1343 2091 1398 vel
2116 1345 2242 1414 quia
2267 1346 2762 1401 excommunicatus
2799 1346 2989 1401 missas
3034 1347 3211 1403 facere
3240 1353 3598 1423 praesumpsit,

2006 1443 2227 1507 propter
2255 1436 2422 1490 Deum
2450 1437 2754 1507 irrequisita
2782 1438 3055 1508 prmterire
3087 1454 3193 1494 non
3224 1420 3438 1510 possum
3458 1420 3485 1509 ς*
3503 1444 3596 1500 sed

2006 1536 2159 1598 opto,
2173 1526 2524 1583 etDominum
2536 1520 2816 1598 deprecor,
2830 1538 3096 1599 quatenus
3109 1531 3237 1586 nihil
3254 1531 3323 1587 de
3336 1547 3423 1598 eo,
3435 1532 3504 1588 de
3514 1534 3596 1590 his

2006 1634 2126 1689 quae
2145 1619 2284 1674 dicta
2300 1627 2426 1675 sunt
2439 1619 2633 1685 valeat,
2650 1620 2897 1686 inveniri,
2915 1628 2969 1675 et
2997 1622 3115 1677 sine
3142 1622 3382 1692 periculo
3403 1624 3597 1680 animae

2006 1725 2140 1765 mem
2164 1725 2324 1766 causa
2346 1711 2513 1781 ipsius
2534 1713 2853 1769 terminetur
2878 1732 2890 1767 :
2919 1714 3067 1783 prius
3098 1722 3277 1769 tamen
3297 1730 3458 1784 quam
3480 1717 3595 1771 hmo

2005 1812 2421 1874 cognoscantur,
2449 1806 2824 1861 serenissimus
2849 1808 3097 1863 dominus
3124 1808 3461 1864 discurrente
3481 1808 3593 1879 jus-

2005 1898 2157 1953 sione
2186 1898 2442 1969 przecepit
2469 1907 2527 1953 ut
2556 1915 2679 1955 eum
2706 1900 3014 1957 venientem
3039 1917 3161 1957 cum
3186 1903 3394 1959 honore
3414 1904 3592 1960 susci-

1922 1992 1969 2053 B
1994 1989 2157 2059 piam.
2188 1987 2259 2043 Et
2277 1988 2434 2046 valde
2459 2004 2623 2058 grave
2648 1999 2731 2045 est
2756 1998 2814 2045 ut
2837 1992 2938 2057 vir,
2971 1991 3039 2047 de
3060 2006 3169 2060 quo
3198 2001 3348 2047 tanta
3376 2002 3432 2049 et
3461 1994 3589 2048 talia

1998 2081 2332 2148 nuntiantur,
2365 2096 2490 2136 cum
2511 2089 2637 2136 ante
2658 2083 2857 2151 requiri
2883 2092 2939 2138 et
2959 2082 3153 2139 discuti
3174 2085 3388 2150 debeat,
3415 2085 3588 2140 hono-

1995 2180 2165 2229 retur.
2206 2172 2275 2227 Et
2301 2174 2346 2228 si
2375 2175 2751 2244 episcoporum
2797 2190 2973 2230 causa:
3002 2176 3131 2229 mihi
3172 2178 3585 2233 commissorum

1995 2264 2134 2335 apud
2157 2266 2397 2335 piisimos
2424 2266 2671 2321 dominos
2698 2266 2923 2322 aliorum
2947 2268 3249 2337 patrocinio
3287 2268 3582 2339 disponun-

1994 2363 2104 2425 tur,
2135 2356 2316 2412 infelix
2361 2371 2463 2427 ego
2511 2358 2565 2412 in
2607 2358 2833 2413 ecclesia
2877 2358 2978 2413 ista
3007 2359 3135 2429 quid
3171 2358 3350 2415 facio?
3387 2359 3493 2415 Sed
3520 2370 3583 2417 ut

1993 2451 2233 2529 episcopi
2268 2451 2378 2506 mei
2414 2465 2502 2506 me
2542 2450 2870 2520 despiciant,
2902 2458 2957 2505 et
2982 2457 3171 2505 contra
3199 2466 3287 2506 me
3313 2450 3581 2520 refugium

1991 2544 2060 2599 ad
2087 2545 2369 2601 sazculares
2383 2544 2592 2614 judices
2604 2544 2859 2613 habeant,
2881 2544 3236 2614 omnipotenti
3256 2546 3367 2600 Deo
3381 2545 3583 2614 gratias

1990 2652 2113 2706 ago,
2133 2636 2369 2707 peccatis
2390 2638 2525 2692 meis
2543 2637 2764 2707 deputo.
2780 2636 2895 2692 Hoc
2916 2645 3096 2692 tamen
3122 2637 3360 2705 breviter
3387 2651 3583 2706 sugge-

1988 2748 2071 2795 ro,
2089 2732 2213 2801 quia
2237 2731 2625 2802 aliquantulum
2651 2739 2913 2801 expecto;
2936 2739 2991 2785 et
3018 2730 3062 2785 si
3090 2729 3156 2785 ad
3180 2745 3265 2785 me
3282 2730 3466 2784 venire
3487 2729 3581 2785 diu

1987 2824 2279 2890 distulerit,
2316 2838 2572 2881 exercere
2620 2823 2675 2878 in
2721 2838 2790 2879 eo
2836 2822 3222 2879 districtionem
3262 2822 3580 2878 canonicam

1986 2918 2135 2973 nullo
2174 2916 2339 2971 modo
2386 2918 2632 2972 cessabo.
2688 2914 2745 2968 In
2801 2915 3173 2985 omnipotente
3226 2921 3407 2969 autem
3465 2914 3578 2969 Deo

1984 3006 2218 3073 confido,
2248 3007 2374 3077 quia
2404 3007 2562 3076 longa
2592 3006 2846 3076 piissimis
2869 3005 3098 3061 dominis
3125 3005 3236 3061 vita
3276 3005 3573 3074 tribuetur,

1983 3110 2039 3158 et
2064 3116 2165 3155 nos
2192 3101 2290 3155 sub
2319 3115 2482 3154 manu
2510 3106 2690 3154 vestra
2737 3113 2846 3153 non
2872 3097 3166 3153 secundum
3209 3106 3429 3168 peccata
3479 3112 3580 3153 no-

1982 3202 2123 3258 stra,
2156 3191 2251 3247 sed
2301 3191 2597 3247 secundum
2650 3190 2835 3259 gratim
2889 3205 2999 3245 suae
3046 3190 3187 3245 dona
3241 3189 3509 3259 disponat.
3547 3209 3567 3245 ι

1986 3284 2125 3357 (Lib.
2156 3301 2208 3349 v,
2238 3302 2319 3351 ep.
2349 3283 2465 3353 2i.)

288 3374 503 3431 favente
531 3376 633 3431 sibi
659 3380 943 3434 occasione
974 3378 1232 3449 temporis
1268 3393 1336 3432 ex
1376 3379 1670 3449 cupiditate
1718 3380 1877 3435 simul
1905 3369 1950 3434 C
2052 3377 2138 3432 Η.
2178 3376 2301 3434 Hzcc
2319 3376 2613 3447 Gregorius
2660 3378 3057 3435 dissimulatrici
3094 3378 3367 3449 Augustae.
3400 3380 3577 3437 Caete-

285 3465 682 3538 insolentiaque
704 3468 946 3538 Augusti,
995 3484 1156 3540 quem
1201 3469 1555 3538 dispergendo
1593 3469 1877 3525 facultates

285 3558 488 3613 invasa:
529 3560 769 3615 ecclesia:
816 3560 952 3616 adeo
990 3559 1330 3615 delensorem
1358 3561 1619 3616 scelerum
1655 3577 1877 3616 suorum

253 3646 489 3715 'eﬂ‘ecit.
522 3661 579 3707 ut
606 3668 638 3708 a
662 3652 924 3722 Gregorio
954 3670 1062 3709 non
1098 3654 1273 3709 solum
1302 3652 1612 3723 frequenter
1638 3654 1877 3724 postula-

283 3751 387 3806 ret,
419 3751 685 3811 quatenus
713 3744 1063 3801 indiscussam
1112 3744 1327 3799 Maximi
1366 3745 1762 3814 promotionem
1790 3761 1879 3802 re-

283 3834 577 3903 linqueret,
626 3849 813 3889 verum
862 3836 1025 3890 etiam
1067 3835 1296 3890 Romam
1330 3834 1725 3890 satisfacturum
1778 3852 1878 3905 pro

281 3926 586 3982 simoniaca
600 3926 952 3998 haeresilzs
968 3928 1197 3996 aliisque
1224 3928 1559 3993 criminibus,
1572 3929 1878 3983 venientem

281 4033 411 4074 cum
444 4017 653 4072 honore
681 4018 998 4089 susciperet.

354 4110 445 4165 10.
479 4109 772 4181 Gregorius
799 4127 930 4168 vero
954 4113 1147 4169 faciem
1168 4113 1364 4169 nullius
1384 4122 1573 4169 contra
1593 4114 1879 4172 veritatem

283 4205 613 4272 custodiens,
633 4206 807 4276 ipsum
827 4205 1116 4261 Maximum
1137 4207 1311 4278 primo
1332 4222 1363 4261 a
1377 4206 1659 4262 missarum
1681 4208 1880 4264 solem-

284 4297 411 4363 niis,
434 4304 557 4366 post
585 4311 615 4350 a
637 4297 1016 4352 communione
1044 4297 1288 4368 corporis
1317 4305 1372 4352 et
1399 4298 1675 4377 sanguinis
1700 4298 1881 4354 Domi-

285 4389 339 4443 ni
396 4389 566 4443 nostri
612 4387 739 4444 Jesu
775 4388 995 4454 Christi,
1026 4404 1311 4459 quousque
1335 4406 1489 4445 suam
1537 4392 1878 4460 praesentiam

284 4481 591 4547 exhiberet,
615 4482 865 4552 privavit.
897 4482 1162 4540 Maximus
1184 4493 1365 4539 autem
1388 4485 1754 4554 imperialibus
1774 4502 1877 4541 m1-

284 4571 413 4626 litiis
439 4571 626 4640 fultus,
640 4581 764 4643 post
782 4577 1421 4640 excommunicationem,
1456 4584 1512 4631 et
1530 4577 1718 4632 missas
1738 4582 1880 4633 ceci-

287 4666 385 4728 nit,
410 4672 466 4718 et
502 4676 839 4733 sacramenta
868 4668 999 4722 satis
1019 4668 1267 4735 indignus
1287 4671 1512 4725 accepit.
1538 4670 1879 4740 Quapropter

285 4755 654 4811 Constantina:
675 4756 926 4827 Augustae
952 4769 1077 4831 post
1102 4760 1268 4816 mulfa
1288 4762 1392 4816 alia
1414 4764 1619 4829 scribit,
1645 4765 1828 4821 diceris
1851 4784 1870 4822 :
1899 4751 1955 4812 Ῑ)

290 4869 308 4901 ι
326 4848 651 4906 Salonitanze
664 4852 894 4908 civitatis
910 4854 1217 4925 episcopus,
1228 4872 1315 4912 me
1332 4872 1396 4912 ac
1419 4860 1732 4928 responsale
1747 4877 1870 4916 meo

286 4945 575 5010 nesciente,
596 4946 872 5001 ordinatus
884 4954 994 5013 est;
1018 4954 1073 5001 et
1099 4946 1237 5003 facta
1250 4964 1337 5004 res
1347 4958 1446 5016 est,
1463 4965 1581 5021 qua:
1591 4952 1689 5006 sub
1714 4953 1872 5009 nullis

285 5038 644 5095 anterioribus
658 5039 986 5109 principibus
1002 5044 1201 5095 evenit.
1232 5040 1387 5107 Quod
1404 5057 1506 5111 ego
1531 5044 1772 5111 audiens,
1800 5046 1871 5100 ad

286 5131 532 5187 eumdem
562 5133 1031 5204 praevaricatorem
1051 5133 1141 5204 qui
1164 5133 1467 5190 inordinate
1495 5136 1774 5194 ordinatus
1790 5149 1873 5195 est

286 5224 531 5294 protinus
543 5224 684 5289 misi,
708 5233 767 5279 ut
786 5224 1007 5281 omnino
1021 5225 1304 5281 missarum
1316 5227 1576 5284 solemnia
1599 5232 1875 5289 celebrare

289 5315 437 5372 nullo
461 5316 621 5373 modo
661 5324 1026 5387 praesumeret,
1052 5317 1153 5372 nisi
1175 5318 1325 5387 prius
1345 5334 1375 5373 a
1398 5322 1753 5379 serenissimis
1777 5326 1875 5381 do-

290 5408 447 5463 minis
475 5423 881 5479 cognoscerem,
911 5410 955 5465 si
978 5409 1084 5466 hoc
1112 5409 1227 5464 fieri
1258 5411 1357 5481 ipsi
1381 5410 1686 5480 jussissent.
1720 5416 1875 5482 Quod

288 5498 339 5553 ei
374 5502 473 5556 sub
516 5502 1088 5558 excommunicationis
1130 5503 1543 5574 interpositione
1584 5508 1871 5563 mandavi:

288 5600 343 5647 et
384 5600 693 5665 contempto
743 5610 830 5650 me
868 5602 1031 5666 atque
1077 5594 1355 5667 despecto,
1406 5598 1459 5654 in
1482 5598 1703 5656 audacia
1732 5616 1866 5671 quo-

290 5684 531 5739 rumdam
587 5686 925 5743 saecularium
972 5688 1285 5758 hominum,
1330 5690 1550 5759 quibus,
1599 5691 1871 5751 denudata

286 5788 383 5829 sua
427 5776 687 5845 ecclesia,
728 5780 946 5848 praemia
995 5780 1159 5835 multa
1191 5781 1432 5851 praebere
1459 5782 1687 5854 dicitur,
1733 5802 1873 5845 nunc

1980 3484 2101 3523 rum
2123 3468 2315 3523 eodem
2343 3468 2578 3523 Maximo
2608 3470 2661 3524 in
2689 3485 2785 3524 sua
2824 3471 3247 3541 praesumptione
3293 3481 3569 3539 manente,

1980 3570 2407 3627 consecratores,
2439 3569 2602 3631 atque
2631 3577 2820 3617 omnes
2845 3562 3179 3617 Dalmatinos
3197 3570 3251 3617 et
3270 3562 3577 3623 Jadertinos

1979 3653 2261 3724 episcopos
2300 3654 2368 3708 ab
2417 3652 2533 3721 ejus
2581 3655 2959 3709 communione
3013 3654 3110 3710 sub
3137 3658 3574 3713 excommunica-

1979 3747 2128 3802 tione
2152 3746 2441 3815 disjunxit:
2462 3745 2599 3800 adeo
2621 3754 2681 3800 ut
2702 3760 2769 3801 ne
2798 3762 2995 3801 nomen
3016 3746 3231 3815 quidem
3255 3745 3471 3802 Maximi
3492 3750 3576 3803 in-

1981 3846 2067 3892 ter
2086 3852 2239 3891 sacra
2269 3837 2555 3891 missarum
2583 3838 2847 3892 solemnia
2872 3846 3256 3893 memorarent.
3285 3837 3402 3903 Quo
3431 3838 3574 3891 facto

1981 3931 2055 3984 ita
2094 3943 2282 3984 omnes
2319 3928 2649 3983 consternati
2677 3937 2802 3983 sunt
2830 3929 3031 3993 animo,
3072 3936 3132 3981 ut
3175 3929 3275 3982 sub
3304 3927 3575 3998 poeniten-

1980 4022 2069 4076 tiae
2089 4020 2475 4084 satisfactione,
2498 4018 2687 4074 relicto
2702 4019 2955 4085 Maximo,
2978 4019 3189 4073 veniam
3212 4019 3569 4088 postularent.

1983 4115 2136 4173 Unde
2163 4112 2691 4170 misericordissimus
2717 4112 2959 4184 pontifex
2986 4112 3302 4177 Sabiniano,
3343 4111 3577 4167 Jaderti-

1982 4224 2052 4263 no
2081 4208 2356 4278 episcopo,
2387 4206 2626 4261 scribens
2657 4223 2670 4259 :
2718 4225 2737 4258 ι
2771 4205 2941 4272 Sicut,
2975 4205 3166 4274 inquit,
3205 4205 3575 4275 perseveranti

1979 4300 2151 4370 culpa:
2178 4298 2405 4353 debetur
2425 4298 2546 4366 jure
2589 4297 2841 4361 vindicta,
2883 4296 2955 4352 ita
3006 4297 3445 4368 resipiscentibus
3487 4306 3576 4353 est

1980 4393 2136 4449 venia
2165 4389 2529 4448 concedenda.
2574 4390 2706 4445 Nam
2735 4398 2797 4445 ut
2822 4404 2911 4444 res
2938 4389 3027 4444 illa
3052 4399 3241 4444 contra
3283 4404 3341 4445 se
3380 4390 3577 4444 merito

1982 4484 2309 4540 iracundiam
2331 4484 2588 4548 excitare,
2622 4483 2699 4537 sic
2727 4482 2845 4537 haec
2864 4482 2928 4535 in
2947 4496 3043 4536 sua
3073 4496 3295 4551 prorsus
3320 4480 3570 4536 dilectio-

1983 4593 2049 4633 ne
2083 4577 2239 4647 130
2265 4574 2403 4631 solet
2437 4574 2783 4629 concordiam
2824 4586 3146 4642 propagare.
3179 4570 3247 4623 Et
3275 4569 3415 4635 ideo,
3446 4569 3574 4639 quia

1981 4669 2370 4726 fraternitatem
2396 4675 2544 4722 tuam
2580 4682 2611 4720 a
2649 4665 2924 4721 consortio
2968 4672 3022 4717 et
3048 4661 3429 4718 communione
3461 4661 3573 4716 Ma-

1980 4764 2125 4827 ximi,
2158 4762 2247 4817 ubi
2277 4770 2329 4816 te
2354 4761 2500 4831 prius
2520 4760 2793 4829 neglectus
2822 4756 3124 4826 impulerat,
3152 4756 3204 4811 in
3236 4762 3443 4811 tantum
3474 4771 3575 4826 po-

1979 4870 2094 4915 stea
2123 4858 2355 4927 gravitas
2401 4854 2696 4910 sacerdotis
2726 4852 2794 4905 ad
2820 4852 3059 4904 animum
3094 4850 3313 4907 reducta
3353 4865 3574 4921 suspen-

1979 4954 2077 5020 dit,
2106 4961 2164 5006 ut
2186 4950 2304 5019 ejus
2332 4950 2446 5003 sola
2469 4946 2775 5001 nullatenus
2794 4944 3060 5013 patereris
3089 4958 3209 4999 esse
3238 4944 3574 5013 segregatio-

1982 5062 2047 5100 nc
2079 5051 2386 5106 contentus,
2418 5040 2521 5093 nisi
2566 5048 2621 5092 et
2651 5038 2704 5091 in
2734 5037 3049 5091 monasterii
3078 5045 3131 5092 te
3159 5037 3394 5092 claustra
3425 5036 3571 5091 reci-

1981 5136 2153 5206 piens,
2184 5132 2381 5187 dudum
2423 5128 2709 5185 commissa
2737 5125 2965 5181 deﬂeres
2999 5145 3011 5179 :
3045 5136 3333 5198 eapropter
3386 5128 3441 5182 in
3469 5142 3573 5181 ηο-

1977 5236 2089 5286 stra
2121 5235 2173 5279 te
2193 5222 2363 5293 gratia
2390 5236 2455 5275 ac
2483 5219 2862 5275 communione
2889 5226 3166 5289 receptum
3192 5234 3313 5275 esse
3337 5235 3444 5274 non
3470 5218 3574 5274 du-

1977 5319 2136 5373 bites.
2166 5314 2299 5370 Nam
2330 5320 2590 5383 quantum
2638 5326 2736 5366 nos
2780 5312 2929 5382 prius
2954 5311 3112 5382 culpa
3156 5320 3260 5366 tute
3288 5309 3571 5366 charitatis

1978 5409 2293 5473 offenderat,
2324 5415 2534 5461 tantum
2563 5405 2876 5476 pmnitentia
2909 5406 3191 5475 mitigavit.
3230 5423 3250 5457 ι
3287 5403 3425 5477 (Lib.
3452 5418 3568 5473 vm,

1974 5524 2056 5577 ep.
2092 5505 2204 5574 10.)

2052 5600 2137 5655 19.
2168 5598 2353 5667 Itaque
2376 5596 2638 5651 Maximus
2665 5607 2889 5649 cernens
2912 5592 3126 5647 tandem
3156 5590 3445 5659 aliquando
3467 5590 3571 5645 dn-

1980 5712 2098 5750 rum
2129 5709 2248 5749 esse
2300 5698 2490 5746 contra
2519 5687 2793 5742 stimulum
2822 5685 3132 5745 calcitrare,
3166 5682 3365 5737 relictis
3395 5682 3567 5755 impe-

1980 5788 2200 5843 rialibus
2228 5782 2585 5850 adminiculis,
2616 5795 2713 5852 per
2740 5778 3057 5835 Callinicum
3102 5778 3391 5831 exatchum
3432 5777 3565 5833 satis

361 5947 388 5975 ι
770 5940 1027 5999 mendose
1073 5958 1375 6015 compages,
1429 5953 1513 6001 est
1538 5946 1887 6006 calceaman

1992 5963 2100 6017 quo
2127 5946 2365 6019 episcopi
2390 5960 2485 6001 seu
2512 5942 2717 6014 praelati
2748 5941 2800 5995 in
2831 5938 2989 5994 Missa
3019 5944 3263 5992 utuntur.
3293 5936 3429 5994 Vide
3461 5956 3556 5995 no-

277 6009 373 6060 tis
396 6007 464 6065 ad
497 6007 765 6078 epistolas.
