4138 6466
530 483 634 542 179

1105 471 1166 542 s.
1207 471 1534 538 caseus"
1571 481 1788 538 nsum
1828 481 2008 546 VITA,
2053 478 2256 537 AUCT.
2296 471 2560 540 JOANNE
2605 473 2918 542 D'IACONO.
2962 485 3094 543 LIB.
3134 483 3226 545 tv.

3709 487 3811 547 180

529 595 802 660 humiliter
828 594 1050 656 cuncedl
1076 589 1177 656 Sibi
1203 599 1570 670 pmnitentiam
1601 589 1863 668 simulque
1901 599 2112 654 veniam
2143 601 2194 659 Δ
2217 592 2578 669 sacramento,
2604 601 2895 657 ﬁrmaverit
2922 607 2980 657 Se
3001 602 3294 658 simOniaca
3317 589 3509 657 haeresi
3527 615 3639 657 non
3659 607 3815 657 tene-

531 709 565 752 a
593 693 854 764 GregOrio
876 690 1188 764 postulavit.
1214 686 1382 759 Quem
1406 690 1519 762 ipse
1550 690 1774 746 Romam
1799 691 2004 760 fatigari
2028 707 2119 746 no-

529 787 663 852 lens,
693 776 909 840 causam
945 784 1059 853 ejus
1089 782 1474 838 discutiendam
1521 779 1791 837 Ravenmc
1830 780 2115 848 commisit,

527 877 867 943 Constantio,
903 873 1284 930 Mcdiolanensi
1314 875 1587 945 episcopo,
1621 871 1860 930 scribens
1895 891 1907 928 :
1949 894 1967 926 ε
2005 872 2118 928 Ma-

496 975 502 1003 '
528 969 726 1031 ximus,
747 959 938 1037 inquit,
957 964 1281 1020 Salonitanae
1298 965 1538 1020 ecclesiae
1558 963 1956 1036 przevaricator,
1974 971 2123 1037 post-

495 1093 498 1100 ν
535 1067 696 1129 quam
724 1073 822 1128 per
847 1063 1142 1128 potestates
1169 1055 1402 1124 majores
1432 1054 1611 1112 sreculi
1642 1055 1888 1112 obtinere
1916 1057 1989 1111 nil
2027 1071 2121 1112 va-

528 1149 645 1215 luit,
681 1149 747 1203 ad
775 1145 1013 1202 minores
1036 1157 1096 1201 se
1125 1146 1354 1201 contulit
1379 1163 1392 1199 :
1417 1145 1677 1216 nobisque
1705 1153 1812 1200 tam
1842 1139 2122 1202 nimietate

529 1240 772 1314 precum,
805 1243 968 1310 'quam
999 1240 1346 1294 attestatione
1371 1235 1635 1295 b'onorum
1665 1237 1890 1311 'operum
1915 1239 2119 1310 praeva-

529 1333 642 1390 lere
673 1327 971 1388 contendit.
1003 1327 1083 1386 Ex
1130 1333 1232 1402 qua
1282 1349 1340 1388 re
1369 1331 1717 1389 inhumanum
1747 1333 1968 1400 credidi,
2003 1334 2046 1389 Si
2076 1333 2120 1391 is

531 1423 622 1495 qui
667 1427 726 1478 Sc
754 1422 910 1492 quasi
939 1421 1166 1476 multum
1197 1421 1389 1478 timere
1429 1423 1515 1479 me
1563 1422 1710 1490 dieit,
1743 1422 1794 1478 i'n
1825 1421 2004 1494 aliquo
2034 1429 2121 1481 hie

529 1513 966 1586 teinperatiorei’n
1014 1511 1234 1568 ‘minime
1281 1513 1522 1569 invenire
1565 1504 1867 1591 potuisset:
1900 1525 1956 1571 et
1999 1513 2121 1572 ideo

531 1604 748 1660 decrevi
777 1612 838 1659 ut
864 1603 1346 1661 reverendi'ssimus
1370 1605 1539 1660 frater
1564 1611 1618 1661 et
1648 1607 2000 1677 cucpiscopus
2024 1621 2108 1662 no-

529 1701 642 1752 διει-
669 1695 997 1751 Marinianus
1017 1694 1133 1765 ejds
1158 1701 1379 1752 causam
1400 1697 1594 1753 debeat
1617 1697 1670 1752 in
1703 1695 2002 1754 Ravennati
2032 1699 2121 1754 ur-

528 1784 597 1843 b'e
617 1778 969 1856 cdgnOsccré.
998 1785 1058 1842 Si
1083 1793 1264 1842 autem
1294 1793 1526 1857 persona
1571 1787 1687 1857 ejus
1727 1795 1976 1857 suspecta
2020 1790 2122 1844 lur-

529 1877 667 1934 Sitan
688 1877 993 1947 habebitur,-
1012 1877 1262 1933 volumus
1283 1879 1343 1932 ut
1364 1883 1538 1932 Vestra
1560 1883 1774 1948 quoque
1796 1878 2115 1944 fraternitas,

2222 686 2287 755 ri,
2321 685 2480 762 atque
2501 683 2567 747 de
2597 685 2714 749 aliis
2741 703 2867 750 ante
2905 695 3104 764 corpus
3135 694 3309 749 sancti
3339 693 3661 765 Apollinaris
3688 699 3812 750 tan-

2226 783 2499 839 tummodo
2531 785 2835 855 requisitus,
2865 785 3144 841 innoxium
3175 801 3233 840 se
3281 800 3400 840 esse
3449 784 3810 855 responderit,

2223 883 2276 929 et
2306 875 2372 931 de
2398 871 2766 932 inobedientia
2796 893 2891 932 sua
2922 877 3315 948 pmnitentiain,
3359 877 3496 945 sicut
3540 876 3814 947 deputavi-

2221 971 2358 1033 mus,
2394 969 2565 1038 egerit
2596 989 2606 1022 τ
2632 971 2879 1026 Volumus
2908 969 2967 1025 ut
2993 970 3059 1025 ad
3097 967 3480 1026 consolandum
3512 969 3660 1024 illum
3698 968 3814 1040 epi-

2221 1059 2413 1114 stolam
2441 1062 2601 1130 quam
2631 1060 2698 1116 ad
2747 1077 2868 1116 eum
2920 1061 3251 1132 scripsimus,
3301 1061 3387 1116 ubi
3431 1061 3480 1115 ei
3509 1069 3563 1115 et
3584 1061 3809 1129 gratiam

2227 1160 2468 1206 nostram
2489 1161 2543 1207 et
2569 1153 3003 1208 communionem
3029 1161 3127 1209 nos
3147 1152 3442 1208 reddidisse
3465 1152 3812 1221 signavimus,

2223 1235 2558 1314 erperientia
2586 1254 2675 1298 tua
2704 1243 2834 1300 dare
2878 1242 3074 1301 d‘ebeat
3097 1262 3111 1299 :
3138 1245 3260 1314 quia
3279 1243 3418 1300 sicut
3445 1245 3502 1299 in
3532 1250 3812 1298 centuma-

2224 1335 2305 1391 cia
2335 1335 2742 1405 per'sistentibus
2771 1345 2991 1393 severos
3020 1347 3139 1394 esse
3176 1343 3273 1394 nos
3301 1338 3573 1402 convenit,
3605 1336 3684 1392 sic
3713 1334 3815 1390 ite-

2227 1445 2347 1487 rum
2377 1431 2670 1486 humiliatis
2713 1437 2770 1487 et
2794 1433 3182 1503 paenitentibus
3208 1443 3406 1502 negare
3443 1429 3619 1488 locum
3643 1431 3816 1487 venite

2229 1531 2334 1580 no'n
2381 1518 2657 1580 debemus.
2695 1539 2714 1579 ι
2750 1525 2886 1598 (Lib.
2920 1543 2994 1592 ιχ,
3023 1544 3105 1596 ep.
3135 1523 3249 1596 80.)

2296 1612 2384 1671 l5.
2426 1615 2668 1686 Cumque
2697 1615 2960 1672 Maximus
3005 1631 3171 1688 penes
3211 1629 3408 1685 corpus
3435 1611 3580 1669 beati
3611 1612 3815 1683 Apolli-

2226 1707 2370 1763 naris
2395 1707 2692 1763 secundum
2716 1705 2922 1778 jussum
2945 1707 3192 1777 Gregorii
3215 1707 3281 1761 de
3309 1705 3516 1761 cunctis
3540 1704 3816 1759 humiliter

2224 1797 2593 1867 satislecisset,
2622 1797 2900 1853 Castorius
2925 1795 3282 1853 chartuiarius
3320 1793 3736 1851 consolatoriam
3764 1793 3816 1848 ei

2224 1889 2504 1961 epistolam
2560 1889 2815 1960 prazbuit,
2875 1891 3053 1947 verbis
3116 1889 3362 1960 Gregorii
3430 1889 3814 1943 adserentem:

529 1967 575 2026 Si
599 1971 650 2026 ei
672 1970 999 2026 laboriosum
1040 1986 1150 2026 non
1186 1979 1290 2036 εει,
1323 1971 1390 2026 ad
1423 1971 1667 2026 eamdem
1691 1963 1964 2027 biVilitém
1996 1973 2118 2027 fati-
2151 1975 2199 2044 Β
2232 2001 2250 2033 ι
2285 1982 2538 2048 Quamvis
2569 1981 2932 2052 culpabilibus-
2969 1982 3320 2038 ordinationis
3372 1992 3476 2036 tua:
3515 1978 3818 2052 primordiis

529 2070 654 2132 gare
681 2077 740 2117 se
770 2061 986 2130 debeat,
1017 2072 1072 2116 et
1095 2075 1216 2117 cum
1248 2062 1502 2132 prtedicm
1531 2063 1698 2117 fratre
1734 2064 1786 2118 in
1817 2066 2009 2120 eodem
2035 2067 2121 2135 ju-

530 2153 667 2209 dicio
691 2153 892 2224 pariter
915 2147 1124 2209 sedere.
1147 2151 1414 2224 Quidquid
1439 2159 1617 2209 autem
1641 2163 1828 2210 vestrm-
1847 2153 2119 2213 utrorum-

532 2251 634 2316 que
663 2246 935 2302 sanctitati
965 2245 1246 2316 placuerit,
1275 2245 1470 2300 scitote
1509 2247 1637 2300 mihi
1667 2248 1843 2302 modis
1872 2250 2121 2306 omnibus

531 2333 873 2408 placiturum,
899 2346 954 2392 et
971 2345 1212 2392 vestrum
1243 2343 1344 2406 ego
1361 2331 1620 2406 judicium
1644 2343 1820 2393 meum
1844 2339 2062 2410 deputo.
2096 2361 2113 2394 ι

532 2429 672 2502 (ιίὖ.
695 2434 781 2500 jx,
812 2447 893 2501 ep.
924 2429 1040 2502 87.)

604 2523 691 2579 l3.
723 2522 868 2579 inter
888 2525 1001 2580 haec
1028 2521 1414 2596 przevaricator
1441 2513 1703 2583 Maximus
1723 2541 1866 2583 anno
1890 2529 2122 2598 Septimo

535 2615 1107 2671 excommunicationis
1134 2623 1245 2671 Sua:
1292 2609 1414 2686 post
1449 2616 1830 2686 castigationes
1857 2625 1910 2673 'et
1939 2618 2122 2689 ﬂagel-

533 2705 580 2762 la
612 2706 878 2776 Gregorii,
911 2707 978 2763 ad
1007 2723 1105 2763 cor
1145 2716 1442 2775 revertens,
1475 2708 1787 2765 Ravennam
1837 2711 2012 2780 petiit,
2069 2720 2124 2767 et

533 2796 755 2868 iactavit
783 2805 841 2854 Se
863 2803 1047 2854 tensus
1067 2799 1207 2854 intra
1235 2799 1506 2856 civitatem
1529 2801 1583 2855 in
1612 2801 1791 2857 medio
1819 2802 1984 2868 silice,
2009 2802 2120 2858 cla-

534 2895 690 2944 mans
729 2893 784 2944 et
834 2888 1060 2944 dicens:
1096 2887 1323 2945 Peccavi
1353 2883 1484 2959 Deo;
1538 2899 1593 2947 et
1637 2887 1950 2948 beatissimo
1972 2907 2124 2964 papa:

541 2980 823 3049 Gregorio.
855 2979 923 3035 Et
951 2987 1146 3050 agente
1183 2981 1252 3037 eo
1306 2983 1677 3053 paenitentiam
1729 2986 1898 3040 trlbus
1952 2985 2120 3054 horis,

512 3071 772 3128 tuearrit
799 3071 1091 3128 Callinicus
1119 3074 1410 3142 exarchus;
1439 3081 1497 3130 et
1515 3075 1814 3143 Castorius,
1848 3077 2122 3133 chartula-

537 3165 646 3219 rius
674 3163 927 3220 Ecclesiae
957 3163 1234 3232 Romanae,
1273 3172 1396 3222 cum
1425 3167 1723 3224 Marllilano
1764 3169 2039 3242 episcopo,
2070 3178 2126 3226 et

540 3256 887 3311 elevaverunt
914 3273 1037 3312 eum
1068 3257 1138 3313 de
1177 3259 1366 3314 silice:
1398 3260 1490 3328 qui
1517 3261 1680 3314 etiam
1706 3262 1869 3330 erepit
1898 3261 2124 3332 amplio-

539 3359 654 3403 rem
684 3349 1055 3419 pmniwntiam
1085 3357 1270 3405 coram
1319 3351 1398 3405 eis
1443 3365 1621 3420 agere.
1654 3352 1808 3418 Quod
1836 3353 2126 3423 Gregorius

539 3445 598 3493 ut
628 3439 856 3506 audivit,
906 3438 975 3494 ad
1023 3441 1454 3496 misericordiam
1482 3443 1728 3512 prutinus
1757 3443 1936 3513 rediit,
1968 3445 2125 3500 Mari-

543 3531 703 3590 niano
744 3532 1000 3602 episcopo
1049 3531 1191 3588 inter
1238 3541 1431 3589 caetera
1462 3535 1702 3590 scribens
1736 3551 1749 3588 :
1789 3536 2018 3602 tQualis
2061 3537 2129 3592 de

543 3637 702 3680 causa
725 3623 941 3679 Maximi
965 3623 1314 3682 fraternitatis
1333 3635 1525 3682 vestrae
1554 3628 1802 3683 voluntas
1820 3630 1908 3694 sit,
1932 3643 1997 3682 ac
2018 3641 2130 3683 ma-

545 3720 624 3790 gis
661 3719 848 3790 petitio
867 3757 884 3784 ,
932 3720 1272 3790 pmsentium
1303 3721 1475 3775 latore
1504 3719 1772 3788 Castorio,
1804 3722 2132 3778 ehartulario

546 3824 752 3880 nostro,
783 3815 1148 3881 renuntiante,
1177 3815 1549 3884 cognovimus.
1595 3814 1848 3885 Ideoque,
1898 3817 1942 3870 si
1990 3816 2131 3872 idem

541 3905 806 3962 Maximus
825 3903 1009 3962 eam
1031 3908 1183 3963 vobis
1214 3916 1268 3962 et
1293 3907 1552 3979 praedicto
1573 3908 1902 3964 ‘chartulario
1924 3917 2132 3977 nostro,

544 3999 610 4053 de
641 3997 936 4054 siinoniaca
964 3999 1157 4054 bmresi
1185 3999 1456 4070 prazstito,
1484 4007 1545 4055 Se
1571 4011 1910 4056 sacramento
1937 4013 2136 4070 purga-

547 4091 702 4156 verit,
733 4095 894 4160 atque
938 4091 1006 4146 de
1053 4091 1172 4146 aliis
1202 4099 1328 4146 ante
1358 4099 1557 4161 corpus
1603 4091 1775 4146 sancti
1813 4090 2137 4161 Apollinaris

549 4183 922 4238 tantummodo
939 4184 1252 4251 'requisitii's,
1277 4183 1504 4239 liberum
1528 4197 1590 4238 se
1609 4192 1731 4239 esSe
1755 4183 2096 4253 responderit
2120 4200 2132 4236 :

547 4279 765 4329 causam
802 4274 970 4344 ipsius
1007 4273 1357 4330 li'aternitatis
1396 4282 1592 4330 ve‘Strae
1620 4273 1690 4330 de
1735 4281 1834 4340 eo,
1867 4275 2010 4345 quod
2045 4291 2140 4330 ex-

545 4366 974 4422 communicates
995 4367 1278 4422 missarum
1310 4367 1574 4423 solemnia
1600 4375 1760 4435 agere
1778 4369 2138 4440 praesumpsit,
2188 4356 2193 4359 ’

544 4455 753 4524 judicio
789 4457 1210 4526 committimus,
1265 4467 1369 4528 qua
1414 4458 1615 4514 debeat
1661 4459 1976 4530 paenitentia
2023 4460 2144 4516 talis

549 4553 706 4623 culpa
752 4548 989 4623 purgari.
1045 4550 1113 4607 Et
1165 4552 1290 4609 ideo
1345 4553 1604 4624 quidquid
1650 4556 1800 4610 vobis
1848 4557 2142 4612 secundum

547 4643 716 4701 Deum
745 4643 947 4716 placet,
977 4648 1154 4702 securi
1201 4641 1488 4716 disponite,
1525 4659 1625 4704 nec
1663 4649 1860 4718 aliquid
1890 4651 1957 4704 de
1987 4649 2142 4705 nobis

2223 2083 2391 2143 grave
2419 2072 2616 2126 malum
2641 2079 2736 2142 per
2757 2071 3138 2129 inobedientiae
3165 2075 3376 2142 culpam
3406 2072 3691 2138 addideris,
3720 2085 3819 2125 nos

2224 2174 2405 2219 tamen
2447 2164 2589 2220 sedis
2639 2165 2948 2235 apostolica:
2993 2165 3373 2220 auctoritatem
3405 2181 3470 2220 eo
3498 2180 3605 2235 quo
3633 2163 3816 2219 decuit

2221 2257 2590 2312 moderamine
2617 2261 2997 2326 temperantes,
3046 2269 3316 2325 nunquam
3359 2266 3543 2312 eontra
3577 2262 3630 2310 te
3653 2265 3820 2323 usque

2223 2348 2400 2402 adhuc
2427 2353 2487 2402 ut
2513 2361 2675 2402 causa
2701 2341 2982 2416 poscebat,
3017 2347 3342 2413 exarsimus;
3373 2347 3467 2402 sed
3510 2354 3570 2400 ut
3614 2345 3820 2412 longius

2223 2443 2282 2495 ee
2304 2429 2628 2508 ingratitud'o
2658 2447 2861 2505 nostra,
2889 2449 3050 2506 quam
3083 2439 3138 2491 tu
3182 2437 3276 2491 tibi
3319 2435 3590 2501 excitasti,
3621 2433 3822 2504 produ-

2225 2539 2393 2593 ceret,
2423 2529 2626 2585 credita
2647 2543 2746 2584 nos
2774 2527 3075 2583 sollicitudo
3100 2529 3446 2582 vehementer
3473 2525 3726 2595 angebat,
3753 2537 3823 2579 ne

2227 2623 2474 2692 quantum
2502 2620 2710 2689 illicita,
2741 2635 2860 2689 qua:
2898 2621 2966 2674 de
2994 2627 3047 2675 te
3087 2620 3445 2684 audieramus,
3487 2617 3821 2686 negligenter

2225 2713 2479 2768 omittere
2507 2711 2832 2766 videremur.
2856 2710 2985 2777 Quae
3007 2710 3053 2765 si
3078 2711 3222 2766 bene
3247 2709 3572 2773 consideres,
3600 2708 3712 2778 ipse
3727 2722 3825 2777 per

2228 2811 2282 2858 te
2310 2802 2623 2858 satisfacere
2649 2799 2946 2856 dilferen‘do
2976 2797 3255 2868 iirmabas,
3300 2809 3464 2869 atque
3486 2814 3555 2854 ex
3582 2799 3686 2854 hoc
3725 2795 3822 2850 ad-

2227 2901 2438 2950 versum
2476 2897 2530 2948 te
2558 2892 2733 2948 zelum
2774 2900 3019 2946 nostrum
3068 2891 3250 2946 aerius
3310 2889 3590 2945 ineitabas.
3627 2890 3696 2947 At
3733 2888 3824 2944 ubi

2228 2990 2430 3046 salubri
2460 2988 2675 3044 tandem
2703 2985 2934 3042 Consilio
2965 2997 3111 3051 usus,
3141 2985 3269 3055 jugo
3299 2993 3352 3040 te
3379 2983 3696 3038 obedientia:
3723 2984 3824 3038 iiu-

2229 3083 2428 3138 militer
2447 3079 2758 3145 submisisti,
2790 3090 2843 3134 et
2869 3077 3085 3134 dilectio
3118 3086 3206 3132 tua
3229 3075 3597 3146 panitentiam
3633 3089 3821 3143 agens,

2230 3176 2389 3244 digna
2414 3190 2493 3238 se,
2526 3184 2584 3227 ut
2602 3171 2994 3242 deputavimus;
3017 3168 3392 3225 satisfactione
3415 3167 3678 3238 purgavit,
3705 3166 3823 3220 red.

2230 3264 2394 3320 ditam
2425 3263 2521 3318 tibi
2547 3262 2771 3331 gratiam
2794 3261 3044 3315 lraternaa
3073 3257 3350 3315 charitatis
3379 3257 3634 3326 intellige,
3661 3263 3824 3324 atque

2236 3358 2291 3412 in
2320 3365 2505 3412 nostro
2531 3364 2583 3410 te
2608 3361 2886 3424 receptum
2909 3351 3184 3408 consortio
3207 3349 3509 3419 gratulare:
3534 3347 3660 3416 quia
3689 3346 3826 3402 sicut

2233 3447 2704 3522 perseverantibus
2741 3447 2795 3500 in
2834 3447 2992 3516 culpa
3031 3445 3326 3510 districtos,
3357 3443 3431 3497 ita
3459 3439 3825 3512 resipiscenti-

2231 3543 2330 3596 bus
2369 3555 2469 3595 nos
2515 3538 2776 3607 benignos
2819 3538 2979 3593 decet
3021 3545 3140 3590 esse
3171 3535 3238 3588 ad
3268 3535 3500 3588 veniam.
3532 3531 3824 3600 Postquam

2232 3641 2361 3704 ergo
2389 3631 2696 3688 fraternitas
2724 3640 2816 3686 tua
2865 3629 3180 3700 apostolicae
3222 3627 3363 3684 sedis
3389 3625 3823 3683 conmunionem

2234 3741 2294 3782 se
2316 3737 2597 3795 reparasse
2618 3722 2918 3792 cognoscit,
2947 3731 3231 3791 personam
3253 3719 3322 3774 ad
3350 3733 3449 3775 nos
3473 3716 3823 3780 transmittat,

2235 3827 2353 3886 quae
2381 3815 2598 3887 pallium
2627 3809 2722 3868 tibi
2749 3810 3096 3868 deferendum
3115 3825 3186 3866 ex
3205 3825 3357 3866 more
3385 3807 3663 3880 percipiat.
3688 3806 3824 3862 Nam

2235 3907 2688 3980 quemadmodum
2718 3905 2904 3961 illicita
2933 3903 3229 3975 perpetrari
3251 3918 3360 3958 non
3385 3902 3640 3972 patimur,
3660 3900 3742 3955 sic
3763 3914 3826 3954 ea

2236 4019 2354 4073 qum
2379 4010 2502 4058 sunt
2523 3999 2926 4057 consuetudinis
2949 4015 3054 4054 non
3076 4012 3351 4067 negamus.
3383 3996 3536 4053 Licet
3554 4007 3735 4052 autem
3757 3993 3825 4049 ad

2237 4098 2354 4152 base
2368 4093 2710 4150 concedenda
2733 4090 3065 4161 dispensatio
3082 4105 3181 4144 nus
3195 4089 3304 4144 ioci
3324 4087 3492 4144 nostri
3511 4086 3787 4143 vocaverit
3810 4101 3822 4136 :

2240 4186 2465 4240 multum
2492 4193 2672 4237 tamen
2693 4196 2726 4236 a
2747 4181 2901 4237 nobis
2930 4180 3118 4252 petitio
3137 4178 3436 4248 dulcissimi
3458 4186 3619 4246 atque
3640 4174 3825 4231 excel-

2240 4275 2520 4332 lentissimi
2566 4273 2660 4327 lilii
2709 4271 2901 4337 nostri,
2949 4269 3136 4326 domui
3183 4268 3429 4324 Gallinici
3475 4265 3721 4333 exat-chi,
3769 4272 3828 4319 ut

2240 4367 2628 4440 temperantiae
2667 4378 2797 4434 erga
2829 4373 2881 4418 te
2922 4369 3223 4433 ageremus,
3270 4359 3481 4430 exegit;
3511 4357 3664 4427 cujus
3696 4357 3848 4430 cha-_

2235 4461 2506 4516 rissimum
2528 4458 2882 4520 voluntatem,
2913 4470 3015 4511 nec
3036 4453 3353 4525 permlimus
3368 4493 3384 4518 ,
3427 4466 3527 4507 nee
3550 4451 3824 4521 potuimus

2243 4547 2579 4603 contristare.
2619 4563 2638 4596 ι
2677 4543 2818 4615 (Lib.
2841 4556 2916 4612 ιχ,
2940 4557 3027 4614 ep.
3059 4541 3138 4614 8.)
3747 4550 3756 4556 '

2323 4641 2407 4696 l6.
2440 4639 2708 4694 Praeterea
2749 4639 3136 4713 cupidiss'utiu‘s
3166 4653 3234 4694 ac
3257 4637 3632 4714 tenuissimus
3657 4635 3828 4706 impe-

548 4737 769 4793 iiubium
789 4733 1057 4792 habeatis.
1093 4736 1231 4792 Nam
1253 4737 1510 4807 quidquid
1534 4749 1563 4793 a
1585 4739 1738 4793 v’o‘bis
1762 4741 1863 4794 hac
1883 4739 1951 4793 de
1979 4737 2139 4794 causa
2169 4756 2222 4826 Β
2246 4742 2415 4800 rator,
2444 4733 2535 4802 qui
2563 4732 3039 4826 consuetudinibus
3055 4731 3443 4826 antiquissimis
3459 4731 3725 4826 (lationes,
3755 4729 3829 4783 le-

546 4830 710 4884 luerit
738 4828 1066 4895 ordinatum,
1093 4832 1198 4885 nos
1225 4838 1282 4884 et
1305 4837 1459 4899 grate
1497 4832 1837 4901 suscipimus,
1873 4841 1927 4887 et
1960 4832 2142 4887 liben-
2169 4820 2211 4826 ⁷
2240 4827 2462 4894 gionum
2494 4838 2710 4893 quoque
2734 4822 2935 4878 milites
2957 4823 3417 4892 frequentissime,
3443 4822 3605 4877 sicuti
3635 4820 3831 4876 Roma-

550 4929 634 4976 ter
676 4921 1029 4978 admittimus.
1088 4921 1378 4979 Hortamur
1425 4934 1606 4980 tamen
1635 4934 1698 4980 ut
1720 4925 1962 4981 debeatis
2021 4937 2141 4984 esse

547 5011 795 5080 Solliciti,
847 5018 906 5069 ‘et
949 5013 1028 5070 ita
1073 5015 1192 5084 qua:
1235 5013 1414 5071 flenda
1444 5013 1774 5087 conspicitis,
1805 5017 2135 5086 tempereti's,

551 5109 818 5176 quatenus
845 5105 1013 5172 etilli,
1044 5107 1088 5163 si
1115 5107 1190 5162 ita
1219 5109 1508 5174 videditur,
1541 5110 1976 5164 communionem
2003 5121 2138 5178 prm-

543 5198 734 5266 ste'tis,
759 5201 815 5254 'et
843 5199 1041 5270 ﬁguris
1063 5200 1419 5257 ecclesiastici
1447 5201 1662 5270 genium
1687 5209 1939 5270 congrua,
1975 5209 2032 5255 ut
2077 5217 2131 5256 o-

547 5287 756 5363 portet,
808 5289 1209 5365 dispensatione
1253 5294 1502 5350 Servetis.
1539 5287 1976 5366 suprascriptum
2006 5303 2139 5348 vero

547 5375 870 5456 portitorem
909 5387 964 5442 in
997 5384 1150 5460 131
1183 5387 1434 5458 praesenti
1472 5387 1602 5456 quid
1633 5387 1789 5441 vtmis
1816 5399 1938 5441 cum
1967 5399 2034 5440 eo
2067 5385 2139 5440 sit

552 5479 816 5548 agendum
841 5478 1190 5535 instruximus
1217 5497 1229 5531 :
1259 5493 1288 5532 a
1327 5493 1438 5546 quo
1467 5485 1663 5532 concta
1694 5476 1964 5532 subtiliter
1990 5475 2139 5530 addio

555 5559 790 5638 Scentes,
819 5570 896 5624 sic
925 5583 1024 5624 vos
1050 5569 1104 5623 in
1135 5569 1384 5623 omnibus
1426 5564 1707 5631 exhibete,
1750 5577 1814 5621 ut
1861 5568 1915 5621 in
1961 5574 2139 5623 vestra

553 5662 915 5718 sollicitudine
945 5668 1185 5716 nostram
1212 5659 1375 5715 fuisse
1391 5659 1739 5730 praesentiam
1769 5661 2083 5714 sentiamus.
2116 5681 2134 5712 ι

629 5758 713 5808 14.
733 5753 875 5806 ‘ltem
902 5752 1173 5817 Castorio,
1195 5759 1255 5807 et
1271 5751 1487 5806 notario
1507 5758 1566 5806 et
1581 5752 1910 5806 ‘chartulario
1932 5752 2144 5807 Raven-

559 5859 670 5898 nae:
693 5863 708 5894 ι
729 5844 942 5910 Quanto
964 5843 1110 5897 credi
1135 5843 1228 5897 ubi
1257 5851 1311 5896 et
1338 5843 1668 5897 necessarias
1689 5843 1837 5897 vides
1861 5860 2048 5899 causas
2073 5844 2148 5897 in-

557 5935 721 6004 iungi,
749 5940 898 5986 tanto
952 5941 1006 5987 te
1048 5933 1219 6000 magis
1263 5935 1539 5986 strenuum
1579 5930 1742 5988 debes
1779 5939 1834 5987 et
1857 5933 2144 5988 Sollicitum

561 6023 836 6078 exhibere.
871 6019 1104 6075 Proinde
1129 6021 1178 6076 si
1205 6020 1468 6076 Maximus
1513 6020 1875 6086 Salonitanus,
1909 6024 2147 6090 praestita

2213 4990 2220 5006 ν
2245 4926 2435 4974 norum
2463 4925 2651 4970 narrat
2693 4915 2945 4982 historia,
2964 4914 3346 4982 defraudabat,
3373 4928 3602 4969 cernens
3629 4909 3830 4979 Grego-

2242 5013 2378 5066 rium
2407 5017 2595 5066 contra
2617 5023 2813 5064 ornnes
2834 5008 3312 5079 rnundistrepitus,
3343 5005 3713 5076 augustalibus
3734 5006 3830 5059 de-

2239 5103 2594 5169 fensionibus,
2622 5115 2852 5172 quarum
2892 5101 3147 5172 suifragio
3174 5101 3242 5156 ad
3271 5116 3452 5157 arcem
3493 5098 3833 5173 pontiﬁcatus

2235 5197 2384 5252 hunc
2411 5211 2467 5252 se
2490 5197 2805 5266 provenisse
2827 5196 3086 5266 iactabat,
3118 5195 3330 5265 penitus
3351 5209 3466 5250 non
3495 5208 3657 5263 egere
3682 5210 3694 5244 :
3723 5193 3834 5245 imo

2232 5287 2517 5344 canonicis
2541 5287 2973 5352 auctoritatibus,
2999 5286 3304 5342 sanctitatis
3324 5301 3390 5340 ac
3400 5283 3702 5355 prudentiae
3728 5297 3834 5335 sua:

2245 5379 2552 5447 virtutibus,
2583 5379 2798 5433 Christo
2829 5379 3088 5448 propitio,
3138 5378 3348 5434 cunctis
3372 5378 3481 5432 alta
3500 5376 3835 5446 sapientibus

2241 5472 2534 5542 praevalere
2564 5489 2576 5523 :
2609 5471 2674 5524 ad
2713 5470 2894 5525 odium
2933 5471 3434 5540 detractionemque
3490 5469 3645 5524 Famae
3696 5468 3836 5522 illius

2245 5565 2412 5634 inagis
2433 5564 2717 5634 imagisque
2741 5574 3040 5618 conversus
3075 5570 3182 5630 est,
3215 5562 3594 5618 liberalitatem
3622 5557 3834 5630 pontiﬁ-

2243 5657 2341 5723 cis,
2369 5657 2494 5726 quia
2528 5655 2790 5711 famelicis
2842 5657 2996 5727 132
3037 5656 3298 5712 militibus
3324 5664 3440 5712 tam
3462 5653 3834 5711 ecclesiastica

2246 5765 2406 5821 quam
2430 5749 2648 5820 publica
2680 5749 2956 5804 tramenta
2985 5749 3272 5819 diviserat,
3309 5751 3552 5808 subdolis
3583 5747 3830 5804 assertio-

2249 5842 2404 5896 nibus
2446 5841 2862 5912 reprehendens.
2897 5841 2992 5896 Cui
3021 5841 3332 5912 Gregorius,
3367 5852 3552 5912 utpote
3581 5842 3671 5912 qui
3717 5856 3831 5911 pro-

2248 5935 2554 5988 vectioiiem
2587 5940 2752 5986 Suam
2781 5933 2966 5989 unum
3013 5934 3264 6003 judicio,
3299 5935 3349 5988 in
3385 5934 3540 6001 "cuius
3587 5931 3836 5987 nimirum

2253 6038 2416 6080 manu
2461 6021 2626 6077 corda
2677 6039 2864 6101 regum
2905 6026 3253 6088 consistentia
3299 6019 3480 6102 (Prae.
3531 6017 3666 6095 nt),
3699 6017 3822 6094 ἳιύοο
