4138 6470
334 432 437 487 181

330 536 563 612 cumque
590 533 837 601 voluerit,
869 534 1214 601 inclinantur,
1252 550 1357 589 non
1405 534 1619 589 caducis
1668 532 1915 588 humanis
1946 532 1997 591 A
2022 528 2279 599 scriptum
2344 538 2427 584 est

328 630 607 691 favoribus
621 628 938 699 deputabat,
954 641 1088 681 voce
1110 624 1278 680 libera
1292 624 1682 690 contradicens,
1704 623 1790 678 bis
1802 638 1925 678 eum

333 719 777 795 nsponSionibus
812 717 990 789 fregit,
1022 716 1348 787 deturpavit,
1381 726 1542 786 atque
1571 713 1827 771 nonnulla
1859 716 1925 770 de

331 810 516 874 futuro
546 815 640 871 Dei
667 808 868 883 judicio
889 808 1203 866 disserendo
1233 808 1496 865 deterruit
1523 828 1535 862 ε
1564 827 1583 861 ί
1613 807 1671 863 1η
1697 806 1931 864 serenis—

335 906 505 975 simis,
558 908 754 977 inquit,
797 905 1130 975 jussionibus
1181 902 1289 958 suis
1343 904 1685 958 dominorum
1737 903 1927 972 pietas,

337 1000 465 1059 dum
493 1016 581 1057 me
606 998 673 1056 de
713 997 1031 1069 Quibusdam
1076 996 1398 1066 redarguere
1419 995 1637 1060 studuit,
1664 993 1932 1065 parcendo

338 1096 471 1152 mihi
502 1093 723 1148 minime
752 1090 1014 1161 pepercit.
1045 1088 1179 1143 Nam
1211 1088 1265 1143 in
1287 1088 1364 1143 eis
1386 1089 1605 1143 urbanm
1631 1086 1935 1157 simplicita-

325 1187 411 1241 ‘tis
440 1183 707 1241 vocabulo
734 1198 821 1237 me
848 1180 1051 1237 fatuum
1075 1181 1330 1250 appellat.
1354 1179 1412 1235 In
1429 1180 1707 1250 Scriptura
1734 1179 1934 1234 etenim

342 1288 499 1330 sacra
530 1290 652 1329 cum
686 1273 739 1327 in
778 1272 922 1327 bona
965 1270 1316 1338 intelligentia
1347 1270 1663 1339 simplicitas
1693 1269 1931 1338 ponitur,

342 1366 630 1435 vigilanter
675 1379 818 1434 saepe
865 1363 1160 1433 prudentiae
1188 1369 1281 1417 aut
1322 1361 1629 1415 rectitudini
1675 1361 1933 1415 sociatur.

344 1461 500 1519 Unde
527 1460 689 1518 etiam
719 1458 786 1517 de
812 1460 973 1515 beato
999 1459 1099 1514 Job
1124 1458 1381 1527 scriptum
1406 1465 1487 1511 est
1518 1473 1532 1508 :
1560 1454 1691 1509 Erat
1715 1456 1789 1508 vir
1813 1457 1939 1508 sim-

346 1556 466 1626 plex
494 1564 542 1609 et
562 1565 731 1607 rectus
762 1551 901 1621 (Job.
938 1567 973 1615 ι,
1006 1550 1082 1621 1).
1118 1548 1184 1603 Et
1212 1550 1401 1603 beatus
1426 1547 1621 1601 Paulus
1665 1546 1939 1617 apostolus

347 1644 631 1710 admonet,
682 1645 864 1701 dicens
894 1662 906 1697 :
948 1640 1129 1697 Estote
1172 1642 1429 1711 simplices
1466 1643 1520 1694 in
1551 1641 1709 1707 malo,
1740 1648 1788 1693 et
1817 1657 1941 1708 pru-

348 1743 523 1796 dentes
554 1741 608 1795 in
639 1737 970 1810 bbn0(Rom.
1020 1754 1127 1801 xvr,
1184 1735 1297 1802 i9).
1331 1734 1398 1788 Et
1443 1750 1539 1804 per
1593 1733 1939 1803 semetipsum

347 1832 560 1887 Veritas
608 1830 662 1885 in
700 1828 989 1898 Evangelio
1018 1828 1291 1891 admonet,
1338 1810 1520 1879 dicens
1553 1842 1567 1878 :
1600 1823 1778 1878 Estote
1809 1840 1937 1894 pru-

898 421 956 477 S.
995 416 1324 477 GREGORII
1368 419 1582 475 MAGNI
1624 410 1809 479 VITA,
1852 412 2060 470 AUCT.
2102 410 2366 469 JOANNE
2410 413 2722 470 DIACONO.
2767 414 2897 470 LIB.
2942 414 3030 469 IV.

3506 418 3611 472 182

2478 548 2489 581 :
2540 521 2656 584 Diis
2709 546 2814 585 non
2861 529 3099 583 detrahes
3158 527 3331 597 (Ibid.
3386 531 3624 602 xxvni),

2034 619 2238 675 scilicet
2287 620 2675 675 sacerdotibus.
2728 620 2796 674 Et
2846 621 3112 692 propheta
3158 620 3277 675 ait:
3324 619 3490 674 Labia
3538 638 3628 674 sa-

2034 714 2255 768 cerdotis
2288 714 2439 784 133
2470 714 2760 768 custodiunt
2780 715 3066 780 scientiam,
3090 722 3141 767 et
3167 713 3329 785 legem
3356 714 3624 784 requirent

2037 820 2100 857 ea;
2122 821 2210 858 ore
2240 804 2371 875 ejus,
2404 805 2525 876 quia
2553 804 2766 875 angelus
2791 804 3006 858 Domini
3035 806 3350 858 exercituum
3379 812 3455 857 est
3486 803 3627 874 (Ma-

2038 897 2173 950 lach.
2207 912 2261 963 ιι,
2296 898 2370 967 7).
2402 897 2537 963 Quid
2559 909 2688 965 ergo
2713 898 2906 951 mirum
2934 897 2982 952 si
3006 897 3127 952 illos
3153 906 3332 951 vestra
3356 898 3527 966 pietas
3549 898 3627 950 di-

2038 997 2233 1058 gnetur
2288 988 2579 1057 honorare,
2626 988 2820 1059 quibus
2868 989 2921 1042 in
2955 1004 3053 1043 suo
3094 988 3313 1058 eloqdio
3363 988 3626 1043 honorem

2038 1085 2304 1151 tribuens,
2330 1092 2422 1139 eos
2450 1091 2543 1138 aut
2572 1082 2810 1153 angelos,
2834 1090 2930 1136 aut
2956 1081 3087 1137 deos
3108 1082 3223 1150 ipse
3252 1083 3416 1137 etiam
3446 1081 3631 1150 appel-

2039 1175 2116 1230 lat
2142 1176 2314 1231 Deus?
2341 1175 2717 1231 Ecclesiastica
2744 1189 2960 1245 quoque
2982 1181 3212 1229 testatur
3232 1174 3478 1241 historia,
3503 1174 3631 1242 quia
3658 1170 3669 1177 ’

2041 1282 2163 1321 cum
2215 1267 2314 1337 pice
2358 1267 2632 1322 memoriae
2659 1265 3015 1322 Constantino
3063 1264 3292 1335 principi
3322 1265 3376 1319 in
3430 1267 3632 1333 scripto

2042 1359 2238 1415 oblata:
2267 1358 2640 1415 accusationes
2676 1366 2867 1413 contra
2917 1356 3202 1427 episcopos
3247 1353 3510 1420 fuissent,
3564 1354 3630 1407 li-

2043 1449 2214 1505 bellos
2280 1449 2498 1520 quidem
2571 1448 2932 1504 accusationis
2987 1447 3229 1514 accepit,
3297 1453 3354 1500 et
3411 1444 3632 1500 eosdem

2043 1542 2133 1613 qui
2163 1544 2397 1599 accusati
2424 1541 2637 1597 fuerant
2675 1542 2961 1613 episcOpos
2989 1553 3319 1607 convocans,-
3348 1537 3403 1592 in
3442 1551 3629 1592 eorum

2046 1645 2340 1705 conspectu
2363 1634 2592 1698 libellos,
2622 1648 2759 1701 quos
2785 1638 3090 1700 acceperat,
3119 1630 3375 1695 incendit,
3407 1628 3629 1683 dicens:

2055 1726 2158 1782 Vos
2188 1728 2261 1781 dii
2281 1727 2401 1781 estis
2424 1742 2454 1778 α
2473 1742 2589 1780 vero
2612 1723 2722 1779 Deo
2741 1723 3025 1777 constituti.
3052 1720 3149 1785 Ite,
3174 1730 3223 1775 et
3243 1722 3381 1774 inter
3402 1735 3487 1773 vos
3513 1734 3636 1771 cuu-

2047 1837 2132 1875 sas
2164 1832 2360 1874 vestras
2389 1820 2647 1891 disponite
2673 1834 2691 1871 :
2723 1818 2843 1882 quia
2871 1817 3083 1887 dignum
3113 1832 3216 1869 non
3245 1821 3322 1867 est
3342 1822 3399 1867 ut
3425 1828 3519 1866 nos
3542 1811 3636 1882 ju-

350 1922 524 1977 dentes
577 1922 709 1975 sicut
761 1926 1049 1989 serpentes,
1114 1925 1164 1970 et
1214 1916 1467 1986 simplices
1520 1914 1651 1968 sicut
1693 1912 1941 1969 columba:
1971 1918 2019 1978 B
2046 1913 2271 1967 dicemus
2301 1913 2441 1965 deos.
2477 1910 2532 1964 ln
2581 1925 2686 1978 qua
2732 1920 2912 1963 tamen
2941 1907 3228 1970 sententia,
3281 1906 3368 1975 pie
3396 1900 3635 1966 domine,

346 2010 565 2084 (Matth.
597 2027 653 2078 χ,
685 2009 795 2080 16),
844 2016 965 2065 esse
1016 2008 1171 2063 valde
1214 2006 1403 2062 inutile
1442 2006 1721 2074 judicans,
1759 2006 1803 2059 si
1850 2012 1943 2057 aut

348 2102 681 2174 'simplici'tati
704 2101 1004 2172 prudentia,
1024 2109 1117 2155 aut
1135 2099 1432 2170 prudentiae
1446 2095 1761 2165 simplicitas
1781 2095 1937 2151 desit.

350 2194 424 2254 Ut
444 2208 573 2266 ergo
600 2194 783 2250 εει-νος
811 2206 938 2249 suos
960 2192 1026 2246 ad
1048 2192 1243 2246 cuncta
1270 2189 1512 2245 eruditos
1535 2187 1796 2250 ediceret,
1821 2199 1943 2241 esse

353 2303 449 2344 eos
476 2290 533 2342 'et
560 2285 833 2356 simplices
871 2284 1011 2339 sicut
1038 2276 1338 2348 columbas,
1356 2289 1412 2335 et
1435 2277 1726 2348 prudentes
1750 2286 1811 2333 ut
1829 2292 1945 2334 ser-

351 2388 541 2457 pentes
570 2388 689 2438 esse
719 2380 905 2443 voluit,
930 2382 1194 2447 quatenus
1221 2376 1275 2430 in
1305 2376 1383 2433 eis
1412 2381 1467 2428 et
1496 2371 1763 2443 serpentis
1793 2380 1941 2427 astu-

352 2476 425 2528 tia
452 2471 715 2528 colnmbze
742 2469 1145 2540 simplicitatem
1174 2472 1414 2531 acueret,
1443 2473 1499 2518 et
1524 2462 1789 2518 columbas
1816 2462 1944 2515 sim-

352 2565 566 2637 plicitas
593 2561 858 2633 serpentis
884 2559 1134 2617 astutiam
1161 2562 1509 2625 temperaret.
1534 2553 1646 2622 Ego
1676 2553 1835 2621 igitur
1854 2552 1945 2621 qui

352 2657 407 2713 in
438 2656 796 2713 serenissimis
833 2653 1179 2709 dominorum
1214 2647 1549 2718 jussiouibus
1591 2647 1659 2701 ab
1702 2645 1946 2715 Ariulphi

355 2751 553 2805 astutia
597 2746 888 2819 deceptus,
939 2760 1048 2799 non
1093 2741 1344 2811 adjuncta
1395 2740 1674 2809 trudentis
1717 2740 1947 2808 simplex

357 2839 665 2904 denuntior,
694 2844 910 2895 constat
938 2832 1295 2906 proculdubio
1322 2831 1449 2900 quia
1479 2829 1657 2884 fatuus
1684 2828 1945 2898 appellor,

356 2930 501 3002 quod
528 2930 599 2985 ita
622 2944 742 2984 esse
768 2943 869 2999 ego
898 2939 1113 2996 quoque
1158 2924 1274 2993 ipse
1298 2920 1576 2977 conﬁteor.
1611 2918 1745 2974 Nam
1766 2919 1814 2975 si
1845 2920 1947 2974 hoc

356 3025 537 3079 vestra
565 3023 735 3093 pietas
758 3020 955 3085 taceat,
984 3028 1162 3072 causa:
1190 3015 1440 3071 clamant.
1474 3012 1587 3081 Ego
1611 3010 1771 3075 enim,
1805 3013 1849 3065 si
1871 3012 1949 3063 fa-

359 3118 484 3176 tuus
527 3124 638 3175 non
663 3116 899 3183 fuissem,
930 3115 1000 3169 ad
1031 3114 1133 3169 ista
1172 3109 1454 3167 toleranda
1483 3123 1602 3179 quze
1640 3108 1780 3161 inter
1808 3104 1949 3158 Lan-

358 3209 719 3280 gobardorum
758 3204 964 3277 gladios
1004 3205 1107 3259 hoc
1134 3202 1191 3257 in
1221 3202 1342 3257 loco
1375 3200 1574 3270 patior,
1605 3198 1826 3251 minime
1854 3209 1947 3248 ve-

2049 2007 2151 2063 sibi
2180 2008 2350 2077 magis
2390 2021 2454 2061 ex
2485 2005 2808 2067 humilitate,
2838 2016 3001 2071 quam
3031 1999 3135 2053 illis
3163 1996 3363 2067 aliquid
3394 1995 3637 2065 praestitit

2048 2113 2115 2152 ex
2146 2095 2450 2151 reverentia
2490 2096 2750 2162 impensa.
2798 2092 2939 2145 Ante
2977 2100 3099 2145 eum
3130 2088 3329 2156 quippe
3358 2083 3552 2154 pagani
3586 2079 3636 2136 in

2043 2187 2317 2259 republica
2339 2186 2607 2257 principes
2632 2182 2866 2249 fuerunt,
2890 2181 2982 2250 qui
2998 2194 3187 2234 verum
3210 2176 3377 2231 Deum
3401 2174 3637 2230 nescien-

2047 2290 2147 2347 tes,
2180 2282 2310 2336 deos
2350 2280 2556 2349 ligneos
2582 2286 2638 2333 et
2665 2277 2909 2347 lapideos
2938 2273 3208 2335 colebant,
3243 2278 3301 2325 et
3328 2276 3510 2322 tamen
3539 2281 3636 2321 eo-

2046 2386 2166 2428 rum
2212 2370 2580 2427 sacerdotibus
2638 2370 2903 2424 honorem
2958 2365 3249 2419 maximum
3310 2358 3639 2415 tribuebant.

2045 2463 2183 2532 Quid
2205 2464 2366 2532 igitur
2394 2463 2611 2524 mirum.
2643 2461 2687 2515 si
2714 2458 3050 2514 Christianus
3082 2455 3378 2525 imperator
3402 2452 3516 2508 veri
3547 2452 3640 2506 Dei

2045 2556 2351 2613 sacerdotes
2393 2555 2644 2624 dignetur
2673 2553 2967 2617 honorare,
3013 2548 3140 2603 dum
3172 2546 3387 2617 pagani.
3419 2551 3477 2598 ut
3507 2558 3641 2612 prae-

2047 2650 2297 2711 diximus,
2330 2647 2601 2717 principes
2630 2645 2890 2699 honorem
2920 2640 3234 2710 impendere
3262 2635 3639 2693 sacerdotibus

2049 2744 2333 2805 noverunt,
2365 2738 2457 2806 qui
2485 2737 2587 2790 diis
2612 2734 2801 2804 ligneis
2820 2740 2875 2787 et
2904 2730 3127 2801 lapideis
3147 2725 3491 2783 serviebant?
3516 2722 3642 2778 Haec

2048 2845 2149 2900 ego
2180 2830 2366 2901 pietati
2416 2829 2758 2881 dominorum
2783 2840 2890 2879 non
2921 2838 3019 2893 pro
3048 2835 3153 2886 me,
3183 2819 3277 2873 sed
3309 2832 3406 2887 pro
3433 2816 3642 2871 cunctis

2047 2922 2419 2979 sacerdotibus
2438 2932 2688 2988 suggero.
2720 2916 2833 2987 Ego
2855 2916 3000 2971 enim
3024 2920 3279 2983 peccator
3300 2911 3465 2965 homo
3486 2924 3604 2963 sum
3626 2926 3643 2975 ;

2049 3022 2106 3069 et
2122 3014 2247 3084 quia
2261 3010 2615 3080 omnipotenti
2637 3008 2748 3062 Deo
2761 3008 3096 3061 incessanter
3111 3002 3352 3073 quotidie
3365 3000 3597 3069 delinqu:
3608 3020 3617 3045 ι
3628 3042 3643 3064 ,

2050 3106 2268 3177 aliquod
2293 3106 2420 3159 mihi
2444 3102 2584 3173 apud
2606 3098 2941 3155 tremendum
2966 3111 3193 3151 examen
3226 3093 3366 3147 illius
3411 3106 3534 3146 esse
3558 3107 3644 3145 re-

2051 3204 2286 3257 medium
2313 3201 2579 3269 suspicor,
2609 3198 2653 3252 si
2682 3194 3073 3251 incessentibus
3103 3188 3345 3258 quotidie
3375 3187 3545 3257 plagis
3568 3184 3646 3241 fe-

360 3279 579 3357 nissem.
604 3299 665 3354 ‘ln
693 3310 758 3355 ea
784 3303 964 3353 autem
998 3310 1059 3350 re
1094 3302 1258 3365 quam
1285 3292 1368 3347 de-
1389 3289 1650 3360 Ariulpbo
1682 3285 1945 3358 perhibui,

2056 3298 2181 3352 rior.
2211 3295 2279 3349 Et
2303 3293 2466 3350 credo
2492 3292 2616 3361 quia
2638 3290 2886 3345 eumdem
2907 3284 3334 3354 omnipotentem
3363 3279 3647 3335 Dominum

362 3394 486 3464 quia
514 3401 629 3447 toto
657 3390 819 3446 corde
844 3388 1028 3444 venire
1069 3387 1132 3440 ad
1165 3384 1547 3453 rempublicam
1590 3388 1809 3451 paratus
1830 3376 1949 3444 fuit,

362 3486 489 3542 dum
518 3485 648 3540 mihi
690 3486 797 3538 non
835 3481 1097 3548 ‘creditur,
1141 3480 1307 3534 etiam
1332 3476 1591 3532 mentitus
1622 3486 1742 3529 esse
1770 3484 1953 3541 repre-

364 3579 592 3636 hendor.
640 3576 751 3635 Sed
788 3576 889 3633 etsi
934 3572 1185 3632 sacerdos
1226 3586 1337 3627 non
1373 3584 1515 3638 sum,
1573 3569 1684 3626 scio
1735 3578 1952 3637 gravem

364 3688 485 3729 esse
524 3673 665 3727 hanc
694 3669 942 3741 injuriam
971 3665 1273 3732 sacerdoti,
1325 3672 1384 3719 ut
1428 3662 1642 3718 veritati
1685 3660 1954 3725 serviens,

364 3765 528 3819 fallax
555 3763 824 3820 credatur.
855 3759 923 3815 Et
946 3760 1147 3815 dudum
1168 3756 1297 3813 now
1323 3766 1346 3793 ι
1369 3755 1623 3824 quoniam
1646 3749 1957 3820 Nordulpho

366 3858 486 3929 plus
534 3863 616 3910 est
662 3854 925 3909 creditum
960 3862 1123 3922 quam
1167 3836 1319 3911 tulhi,
1349 3846 1516 3902 Lenni
1543 3844 1768 3912 amplius
1796 3854 1957 3912 quam

366 3949 521 4002 mihi.
564 3945 629 3998 Et
659 3960 801 3999 nunc
840 3943 950 4011 eis,
992 3941 1094 4010 qui
1136 3950 1254 3994 esse
1294 3938 1362 3991 ad
1405 3936 1637 3989 medium
1688 3932 1957 3997 videntur,

312 4052 313 4055 ‘
374 4041 659 4115 plusquam
688 4036 826 4093 'meis
856 4030 1245 4090 aSSertionibus
1291 4028 1581 4086 credulitas
1610 4025 1957 4095 impenditur.

370 4118 436 4189 Et
462 4132 675 4202 quidem
721 4128 768 4185 si
811 4130 970 4185 terrae
1009 4126 1142 4181 meae
1194 4122 1475 4194 captivitas
1515 4134 1612 4190 per
1650 4116 1961 4188 quotidiana

370 4233 641 4283 momenta
668 4228 779 4277 ἤδη
806 4220 1166 4285 ‘excresceret,
1191 4216 1259 4273 de
1285 4215 1633 4285 despectidne
1656 4227 1776 4267 mea
1803 4219 1963 4280 atque

374 4318 619 4375 irrisione
662 4317 817 4370 lactus
857 4314 1114 4368 tacerent.
1166 4306 1274 4364 Sed
1326 4308 1431 4362 hoc
1479 4318 1568 4360 me
1615 4304 1965 4358 vehementer

374 4408 578 4482 attigit,
610 4404 735 4480 qiii‘a
766 4402 908 4463 unde
945 4412 1045 4475 ego
1068 4403 1278 4460 crimen
1323 4398 1573 4455 falsitatis
1612 4398 1811 4461 tolero,
1841 4395 1965 4448 inde

374 4502 523 4560 Italia
554 4498 795 4573 quntidie
823 4497 1035 4577 ducitur
1056 4495 1160 4551 sub
1188 4493 1665 4562 Langobardorum
1708 4490 1837 4558 jugo
1873 4502 1965 4541 ea-

376 4600 553 4670 ptiva;
578 4584 813 4664 dumque
830 4588 968 4647 inéls
997 4585 1431 4657 Suggestiodibus
1461 4584 1513 4638 in
1540 4582 1685 4637 nullo
1707 4580 1962 4644 creditur,

2056 3397 2206 3443 tanto
2236 3387 2387 3442 vobis
2415 3384 2645 3454 amplius
2671 3378 2918 3452 placatis,
2949 3384 3152 3445 quanto
3175 3374 3225 3428 ei
3248 3387 3334 3427 me
3360 3370 3503 3425 male
3531 3384 3645 3425 ser-

2056 3482 2291 3535 vientem
2329 3475 2621 3530 districtius
2648 3469 2903 3539 allligitis.
2938 3466 3133 3521 Multas
3160 3464 3302 3519 enim
3318 3462 3431 3532 jam
3464 3461 3647 3531 plagas

2056 3578 2392 3639 acceperam,
2426 3574 2498 3631 et,
2547 3558 3052 3631 supervenientibus
3081 3553 3421 3609 dominorum
3447 3548 3651 3619 jussio-

2059 3663 2235 3727 nibus,
2266 3658 2444 3713 inveni
2472 3653 2902 3711 consolationem
2933 3663 3096 3719 quam
3125 3661 3234 3700 non
3256 3641 3562 3714 sperabam.
3594 3637 3653 3694 Si

2060 3762 2301 3821 possunt,
2349 3749 2446 3801 itas
2474 3743 2726 3799 celeriter
2757 3741 2941 3810 plagas
2970 3750 3251 3793 enumero.
3284 3731 3467 3786 Primo
3508 3729 3654 3799 quod

2060 3843 2191 3897 mihi
2219 3855 2324 3910 pax
2371 3837 2636 3893 subducta
2665 3843 2768 3899 est,
2809 3848 2973 3902 quam
3013 3847 3136 3886 cum
3184 3825 3559 3893 Langobardis
3602 3825 3656 3880 in

2062 3932 2257 3987 Tuscla
2275 3928 2465 3999 positis
2489 3927 2606 3980 sine
2636 3925 2745 3978 ullo
2762 3923 3071 3993 reipublicae
3093 3918 3373 3988 dispendio
3398 3918 3650 3971 feceram.

2064 4025 2290 4090 Deinde,
2323 4028 2577 4090 corrupta
2620 4030 2778 4089 pace,
2826 4017 2895 4071 de
2924 4014 3166 4067 Romana
3197 4010 3417 4065 civitate
3463 4006 3657 4062 milites

2065 4116 2226 4172 ablati
2248 4121 2389 4168 sunt.
2414 4110 2478 4164 Et
2498 4110 2717 4180 quidem
2738 4107 2831 4161 alii
2852 4107 2919 4161 ab
2942 4104 3187 4159 hostibus
3213 4101 3394 4166 occisi,
3417 4099 3507 4153 alii
3527 4112 3658 4152 vero

2067 4207 2276 4264 Narniis
2301 4214 2357 4261 et
2381 4202 2604 4259 Perusia
2635 4199 2831 4272 positi;
2870 4206 2925 4255 et
2955 4210 3012 4253 ut
3048 4196 3329 4251 Perusiam
3360 4201 3657 4257 teneretur,

2068 4302 2238 4357 Roma
2277 4298 2464 4353 relicta
2494 4304 2597 4351 est.
2631 4294 2759 4351 Post
2780 4294 2897 4348 hrec
2919 4291 3076 4362 plaga
3099 4289 3315 4360 gravior
3336 4286 3435 4341 iuit
3456 4285 3659 4345 adven-

2069 4403 2152 4448 tus
2191 4390 2482 4461 Agilulphi,
2512 4390 2583 4442 ita
2618 4396 2677 4442 ut
2714 4386 2886 4442 oculis
2916 4384 3049 4439 meis
3078 4396 3358 4438 cernerem
3387 4378 3662 4433 Romanos

2068 4498 2220 4543 more
2247 4499 2442 4541 canum
2473 4482 2525 4537 in
2570 4480 2724 4536 collis
2762 4478 2977 4534 funibus
3006 4478 3220 4545 ligatos,
3262 4472 3353 4543 qui
3379 4472 3446 4525 ad
3488 4468 3659 4522 Fran-

2068 4582 2205 4636 ciam
2235 4578 2569 4634 ducebantur
2590 4572 2829 4628 venales.
2859 4570 2927 4625 Et
2953 4570 3077 4639 quia
3107 4583 3225 4631 nos,
3252 4565 3343 4635 qui
3369 4563 3510 4617 intra
3530 4560 3663 4615 civi-

376 4691 516 4745 vires
571 4680 806 4741 hostium
856 4681 1164 4737 immaniter
1214 4679 1554 4733 excrescunt.
1614 4671 1729 4726 Hoc
1783 4678 1965 4724 tamen
1999 4679 2042 4737 ι)
2071 4682 2236 4728 tatem
2266 4672 2481 4735 fuimus,
2514 4667 2624 4722 Deo
2652 4675 2989 4737 protegente,
3021 4672 3211 4713 manus
3229 4655 3346 4723 ejus
3368 4651 3658 4717 evasimus,

379 4778 619 4851 piissimo
643 4775 861 4832 domino
881 4778 1133 4844 suggero,
1164 4777 1224 4825 ut
1250 4767 1315 4823 de
1340 4781 1430 4822 me
1449 4766 1590 4820 mala
1620 4762 1795 4817 omnia
1821 4775 1967 4830 qum-

380 4872 509 4927 libet
534 4864 837 4931 e‘xislirdet;
866 4864 936 4918 de
964 4862 1195 4916 utilitate
1226 4864 1354 4914 vero
1374 4856 1685 4926 reipublicae
1721 4864 1774 4908 et
1808 4869 1967 4908 causa

381 4961 674 5036 ereptionis
708 4958 875 5015 Italia:
905 4972 1013 5012 non
1068 4940 1399 5025 quibuslibet
1442 4949 1597 5005 facile
1647 4948 1765 5019 pias
1812 4958 1970 5002 aures

381 5054 637 5131 prrcb‘eat,
667 5050 760 5108 sed
789 5048 909 5123 plus
953 5046 1118 5103 rebus
1142 5050 1305 5131 quam
1328 5042 1510 5098 verbis
1538 5040 1744 5097 credat.
1774 5036 1969 5093 Sacer-

380 5127 596 5205 dotibus
636 5144 818 5198 autem
866 5152 977 5193 non
1020 5148 1087 5190 ex
1139 5130 1351 5188 terrena
1399 5138 1668 5201 putesute
1726 5127 1974 5182 dominus

383 5251 571 5302 noster
585 5240 744 5297 citius
768 5233 1093 5303 indignetur,
1118 5228 1212 5283 sed
1234 5225 1521 5281 excellenti
1542 5222 1975 5279 consideratione

380 5344 606 5410 propter
633 5349 781 5399 earn,
810 5310 962 5397 cujus
988 5322 1128 5379 servi
1155 5329 1301 5387 sunt,
1326 5319 1404 5374 eis
1463 5312 1536 5372 ita
1564 5317 1887 5381 dominetur,
1920 5325 1975 5370 ut

386 5408 548 5489 etiam
574 5427 809 5483 debitam
836 5416 1198 5476 reverentiam
1225 5410 1522 5484 impendat.
1552 5409 1685 5464 Nam
1708 5409 1760 5463 in
1786 5408 1976 5462 divinis

384 5506 617 5594 eloquiis
651 5506 961 5573 sacerdotes
999 5508 1289 5580 aliquando
1330 5505 1435 5570 dii,
1474 5502 1767 5572 aliquando
1803 5500 1975 5569 angeli

389 5620 674 5671 vocantur.
707 5607 773 5662 Et
807 5620 904 5677 per
951 5602 1165 5673 Moysen
1199 5598 1265 5653 de
1308 5614 1373 5652 eo
1395 5597 1485 5666 qui
1518 5595 1581 5649 ad
1614 5594 1975 5663 juramentum

392 5700 734 5761 (redimendus
782 5703 871 5751 est
927 5693 1177 5748 dicitur:
1234 5688 1454 5761 Applica
1508 5686 1658 5740 illum
1718 5684 1785 5737 ad
1852 5682 1977 5736 deos

395 5790 593 5870 (Exod.
626 5806 761 5857 χχιι,
793 5786 871 5859 8),
898 5784 1147 5844 videlicet
1191 5782 1259 5837 ad
1296 5780 1624 5836 sacerdotes.
1658 5775 1724 5830 Et
1768 5790 1977 5830 rursum

2072 4767 2352 4838 quaesitum
2382 4770 2466 4819 est
2494 4762 2637 4817 unde
2658 4757 2957 4829 culpabiles
2978 4767 3097 4809 esse
3120 4751 3443 4831 videremus,
3475 4745 3665 4801 videli-

2071 4865 2157 4913 cet
2210 4871 2305 4912 cnr
2354 4856 2619 4909 frumenta
2667 4848 2956 4914 defuerint,
3009 4858 3131 4912 quae
3159 4842 3216 4897 in
3266 4841 3369 4895 hac
3409 4840 3542 4895 urbe
3571 4838 3666 4893 diu

2074 4948 2240 5003 multa
2269 4945 2470 5000 servari
2515 4942 2819 4997 nullatenus
2847 4942 3092 5007 possunt,
3123 4933 3266 4989 sicut
3306 4932 3361 4986 in
3389 4932 3494 4986 alia
3537 4944 3665 5000 sug-

2072 5040 2318 5109 gestione
2338 5034 2546 5105 plenius
2567 5030 2817 5087 iudicavi.
2846 5027 2914 5082 Et
2931 5027 3154 5098 quidem
3174 5025 3242 5080 de
3271 5024 3591 5093 memetipso
3611 5022 3667 5077 in

2076 5131 2224 5185 nullo
2241 5128 2483 5182 turbatus
2511 5136 2651 5189 sum,
2676 5122 2800 5193 quia
2830 5128 2971 5175 teste
2991 5117 3323 5175 conscientia
3348 5114 3541 5182 fateor,
3573 5112 3668 5167 ad-

2078 5238 2231 5275 versa
2257 5218 2511 5290 quaelibet
2537 5214 2647 5286 pati
2686 5221 2904 5281 paratus
2924 5226 3065 5276 smn,
3096 5208 3387 5264 dummodo
3416 5207 3531 5261 hmo
3551 5219 3670 5260 om-

2080 5314 2165 5367 nia
2195 5328 2314 5368 cum
2351 5308 2525 5364 salute
2554 5306 2817 5360 duntaxat
2858 5302 3050 5357 animae
3094 5314 3227 5355 mea:
3261 5297 3511 5355 evadam.
3560 5292 3669 5347 Sed

2080 5407 2146 5461 de
2165 5402 2414 5472 gloriosis
2434 5399 2562 5455 viris
2583 5396 2869 5466 Gregorio,
2886 5392 3162 5465 praelecto,
3187 5400 3241 5446 et
3261 5386 3528 5448 Castorio,
3557 5398 3673 5437 ma-

2082 5493 2251 5562 gistro
2279 5491 2528 5555 militum,
2560 5504 2666 5542 non
2694 5484 3039 5540 mediocriter
3070 5495 3190 5536 sum
3212 5477 3440 5533 alﬂictus
3465 5492 3477 5526 :
3502 5474 3594 5542 qui
3619 5481 3675 5525 et

2085 5586 2262 5639 omnia
2287 5594 2404 5654 qua:
2437 5587 2727 5652 potuerunt
2748 5577 2881 5642 tieri,
2911 5574 3057 5630 nullo
3088 5571 3245 5626 modo
3278 5568 3454 5622 facere
3483 5565 3671 5633 negle-

2085 5688 2300 5745 xerunt,
2338 5686 2395 5731 et
2420 5676 2634 5732 labores
2664 5671 2965 5742 vigiliarum
2993 5677 3047 5722 et
3075 5662 3330 5720 custodite
3359 5659 3590 5715 civitatis
3618 5658 3672 5713 in

2086 5770 2364 5826 obsidione
2414 5768 2601 5823 eadem
2653 5759 3150 5819 vehementissimos
3199 5753 3567 5825 pertulerunt,
3617 5761 3673 5807 et

464 5941 495 5973 κ·
526 5929 581 5983 In
610 5924 821 5984 excusis
847 5920 1016 5977 Codd.
1049 5933 1183 5989 quos
1224 5916 1349 5971 Mss.
1385 5914 1580 5985 Bigot.,
1615 5912 1773 5973 Utie.,
1809 5921 1916 5964 tres
1942 5909 2290 5970 Parisienses,
2320 5903 2814 5971 etc.,redarguuut,
2838 5894 2961 5968 quia
2978 5890 3269 5963 Arnulplw,
3293 5889 3380 5947 vel
3399 5888 3668 5961 Ariulplio.
