4138 6440
630 356 657 368 σο

560 355 662 408 Ino

1126 353 1184 409 S.
1230 347 1554 404 GREGORII
1595 346 1809 402 MAGNI
1852 344 2036 407 VITA,
2080 342 2279 398 AUCT.
2324 342 2583 398 JOANNE
2623 344 2935 400 DIACONO.
2982 342 3111 399 LIB.
3144 341 3232 397 IV.

3721 341 3826 395 184

558 475 682 538 post
711 465 824 520 base
848 462 1026 519 omnia
1055 463 1201 531 gravi
1232 462 1571 516 dominorum
1622 459 1987 527 indignatione
2016 469 2140 525 per-
2170 459 2219 516 Α
2246 455 2366 511 dem
2391 474 2498 513 vox
2534 459 2865 514 cbaracteris
2891 458 2966 512 ait
2997 476 3012 513 :
3044 457 3144 513 Ubi
3185 458 3265 513 vis
3289 455 3509 512 reddam
3539 456 3635 512 tibi
3661 457 3827 519 mala.

548 559 689 613 cussi
720 566 867 612 sunt.
900 555 975 611 De
1000 555 1192 623 quibus
1223 560 1469 621 patenter
1497 551 1737 618 intelligo
1757 549 1882 620 quia
1911 563 2006 602 eos
2028 561 2135 600 non

534 666 641 705 sua
690 656 828 711 acta,
874 646 967 701 sed
1006 658 1124 699 mea
1170 658 1401 713 persona
1449 650 1658 712 gravat,
1690 656 1809 695 cum
1858 654 1984 709 qua,
2012 636 2137 707 quia

547 739 751 811 pariter
775 736 1118 791 tribulatione
1145 736 1547 800 laboraverant,
1578 740 1700 802 post
1730 732 1968 787 laborem
1991 728 2136 799 pari-

549 840 631 886 tcr
659 828 1001 883 tribulantur.
1058 826 1215 898 131‘
1252 824 1403 892 Quod
1434 834 1615 879 autem
1646 824 1983 877 dominorum
2026 821 2137 890 pie-

546 930 629 976 tas
657 919 785 975 illud
806 919 935 973 mihi
960 918 1262 990 pavendum
1294 926 1349 971 et
1370 917 1608 971 terribile
1630 914 2015 984 omnipotentis
2042 912 2139 967 Dei

542 1011 804 1080 judicium
838 1010 1097 1075 intentat,
1134 1024 1266 1078 rogo
1297 1025 1393 1076 per
1418 1006 1665 1062 eumdem
1710 1005 2136 1077 omnipotentem

478 1120 483 1125 ’
550 1105 857 1169 Dominum,
889 1118 957 1158 ne
985 1104 1091 1157 hoc
1119 1102 1342 1156 ulterius
1371 1100 1534 1155 faciat
1561 1118 1573 1152 :
1608 1114 1730 1152 nam
1761 1097 1933 1152 adhuc
1964 1096 2138 1151 nesci-

545 1212 663 1250 mus
686 1196 807 1265 quis
836 1194 909 1249 ibi
931 1194 1105 1264 qualis
1126 1194 1223 1258 sit;
1252 1201 1307 1246 et
1331 1191 1524 1245 Paulus
1550 1191 1795 1259 egregius
1819 1188 2140 1259 praedicator

547 1287 677 1341 dicit
710 1304 723 1338 :
760 1283 941 1339 Nolite
962 1285 1203 1355 judicare
1232 1294 1350 1337 ante
1378 1292 1596 1353 tempus,
1631 1281 1791 1335 donec
1838 1282 2007 1333 veniat
2035 1279 2141 1333 Do-

544 1384 736 1449 minus,
784 1382 869 1451 qui
904 1388 952 1433 et
998 1378 1312 1433 illuminabit
1356 1377 1659 1431 abscondita
1693 1376 2040 1443 tinebrarum,
2092 1384 2141 1427 et

545 1472 898 1543 manifestabit
932 1470 1149 1526 consilia
1190 1469 1423 1525 cordium
1453 1468 1508 1539 (Ι
1538 1468 1657 1522 Cor.
1690 1485 1759 1531 tv,
1806 1466 1881 1538 5).
1912 1467 2027 1521 Hoc
2053 1475 2138 1521 ta-

548 1580 673 1621 men
712 1564 951 1619 breviter
999 1563 1157 1629 dico,
1200 1563 1454 1631 quoniam
1507 1568 1760 1630 peccator
1793 1568 1849 1613 et
1897 1558 2141 1627 indignus

544 1657 666 1729 plus
696 1656 765 1712 de
806 1656 1073 1711 venientis
1099 1654 1228 1710 Jesu
1253 1654 1620 1710 misericordia
1649 1668 1807 1723 quam
1843 1653 1912 1707 de
1948 1662 2141 1708 vestrae

545 1750 761 1820 pietatis
782 1749 991 1818 justitia
1032 1762 1330 1817 praesumo;
1362 1755 1418 1801 et
1447 1755 1571 1801 sunt
1600 1746 1765 1800 multa
1794 1760 1914 1815 qum
1944 1745 2011 1800 de
2048 1745 2140 1815 ju-

2239 563 2357 618 qnm
2381 549 2433 602 in
2457 550 2560 604 boc
2588 550 3172 619 smculoperpetrasti?
3200 548 3294 603 Ille
3322 545 3638 619 respondit:
3665 547 3828 601 Ama-

2243 649 2327 693 tor
2347 640 2645 705 hominum,
2682 640 2926 707 Domine,
2957 648 3013 695 et
3044 640 3215 695 Judex
3242 641 3409 709 juste,
3440 640 3526 695 hic
3557 639 3737 709 potius
3764 655 3830 696 ea

2240 732 2392 797 mihi,
2422 742 2477 786 et
2498 749 2603 787 non
2626 733 2678 786 in
2702 732 2899 787 szeculo
2924 730 3121 797 futuro,
3146 731 3401 786 retribue.
3434 730 3627 786 Statim
3650 730 3831 786 divina

2240 842 2345 879 vox
2366 825 2523 894 jussit
2566 825 2700 878 tradi
2730 823 3045 878 Mauricium
3072 832 3126 876 et
3166 822 3574 877 Constantinam
3603 837 3830 877 uxorem

2242 918 2377 987 ejus,
2403 934 2522 973 enm
2549 917 2669 972 [iliis
2689 926 2741 971 et
2764 917 2991 983 ﬁliabus,
3019 918 3271 986 omnique
3296 916 3618 984 cognatione
3639 916 3827 985 ipsius,

2243 1010 2435 1066 Phocas
2464 1011 2639 1065 militi.
2670 1010 2941 1077 Evigilans
2970 1024 3099 1078 ergo
3132 1010 3418 1064 Mauricius
3456 1009 3599 1063 misit
3622 1007 3646 1044 ἀ
3672 1023 3832 1079 para-

2242 1118 2637 1159 coemomennm
2656 1144 2671 1168 ,
2704 1111 2758 1157 et
2786 1104 3001 1158 vocavit
3030 1102 3097 1156 ad
3126 1118 3184 1158 se
3214 1101 3565 1172 Philippicum
3614 1111 3637 1138 ο
3666 1114 3833 1169 gene-

2242 1212 2359 1250 rum
2389 1211 2565 1258 suum,
2596 1210 2754 1265 quem
2784 1194 2984 1249 dudum
3016 1195 3317 1265 suspicatus
3345 1197 3520 1248 luerat
3546 1193 3831 1263 imperium

2244 1290 2343 1343 sibi
2372 1288 2511 1343 velle
2532 1289 2831 1359 subripere.
2860 1290 2927 1343 At
2952 1289 3041 1343 ille
3070 1305 3170 1359 pro
3192 1288 3496 1358 suspicione
3516 1303 3576 1343 se
3602 1286 3833 1358 perden-

2241 1382 2368 1437 dum
2399 1382 2718 1451 conjiciens,
2770 1381 3047 1438 advocata!
3099 1380 3312 1437 Gordiaa
3361 1382 3519 1436 uxori
3548 1396 3677 1445 sum,
3710 1388 3832 1435 tan—

2244 1492 2405 1545 quam
2436 1492 2543 1531 non
2574 1492 2634 1532 se
2678 1477 2955 1542 revisurae,
3009 1475 3256 1530 ultimum
3307 1474 3428 1530 vale
3459 1474 3623 1540 dixit;
3651 1488 3833 1529 sacra-

2246 1576 2537 1637 mentoque
2582 1566 2978 1623 communionis
3007 1576 3253 1636 accepto,
3284 1565 3349 1619 ad
3378 1564 3635 1635 palatium
3661 1564 3833 1630 venit,

2246 1668 2301 1714 et
2326 1660 2629 1716 cubiculum
2663 1660 3005 1730 imperatoris
3038 1661 3192 1731 135
3218 1658 3546 1728 ingrediens,
3574 1657 3639 1712 ad
3672 1657 3835 1728 pedes

2246 1752 2363 1822 ejus
2385 1750 2634 1818 procidit.
2658 1751 2754 1806 Cui
2786 1753 3077 1822 imperator
3102 1764 3408 1819 assurgens,
3439 1750 3507 1805 ad
3529 1750 3694 1820 pedes
3718 1748 3835 1819 ejus

544 1843 686 1898 dicio
717 1842 858 1897 illius
908 1842 1159 1896 homines
1184 1842 1451 1912 ignorant,
1483 1840 1608 1909 quia
1630 1838 1857 1895 fortasse
1895 1854 2015 1908 quze
2042 1854 2141 1894 vos
2173 1838 2219 1896 B
2249 1844 2595 1900 nihilominus
2617 1844 2841 1911 corruit,
2855 1843 3073 1899 dicens:
3104 1842 3346 1911 Ignosce,
3384 1843 3667 1912 deprecor,
3684 1839 3837 1907 mihi,

545 1934 774 1989 laudatis
810 1934 904 1989 ille
941 1933 1321 2005 reprehendet,
1353 1942 1407 1987 et
1436 1948 1553 2002 quae
1585 1947 1680 1986 vos
1725 1932 2135 2001 reprehenditis,

544 2025 638 2081 ille
676 2026 933 2081 laudabit.
964 2036 991 2063 α
1012 2025 1159 2081 Inter
1181 2039 1312 2094 ergo
1338 2025 1516 2079 omnia
1545 2026 1771 2090 incerta,
1800 2024 1868 2078 ad
1892 2024 2037 2079 solas
2062 2025 2140 2079 la-

547 2132 761 2190 crymas
790 2118 977 2186 redeo,
1005 2126 1195 2189 petens
1224 2126 1281 2172 ut
1306 2117 1447 2171 idem
1471 2116 1816 2185 omnipotens
1846 2115 1986 2171 Deus
2012 2116 2142 2187 piis-

547 2211 743 2266 simum
772 2211 1049 2266 dominum
1080 2219 1345 2275 nostrum,
1378 2217 1432 2262 et
1459 2224 1555 2263 sua
1581 2208 1668 2263 hic
1698 2223 1861 2261 manu
1882 2216 2054 2277 regat,
2088 2216 2145 2262 et

551 2302 604 2355 in
650 2299 741 2356 illo
782 2302 1009 2357 terribili
1052 2300 1255 2369 judicio
1285 2300 1514 2355 liberum
1555 2298 1623 2353 ab
1653 2299 1901 2353 omnibus
1929 2298 2144 2353 delictis

550 2395 820 2461 inveniat;
870 2403 926 2451 et
953 2410 1039 2449 me
1071 2394 1145 2447 ita
1171 2393 1410 2463 placere,
1456 2392 1501 2446 si
1525 2407 1747 2447 necesse
1772 2400 1875 2458 est,
1906 2390 2144 2446 homini-

549 2484 646 2540 bus
674 2485 854 2552 faciat,
887 2494 944 2540 ut
967 2494 1222 2542 aeternam
1254 2486 1373 2556 ejus
1394 2486 1624 2556 gratiam
1654 2501 1761 2542 non
1790 2484 2078 2541 oIl‘endam.
2117 2506 2135 2538 ι

552 2573 691 2645 (Lib.
722 2594 778 2644 ν,
803 2596 886 2646 ep.
917 2576 1034 2648 to.)

625 2667 711 2721 I7.
744 2668 985 2739 Denique
1010 2669 1297 2726 Mauricius
1327 2679 1622 2741 imperator
1656 2671 1962 2727 libertatem
1994 2672 2144 2727 vocis

551 2761 683 2814 tanti
706 2762 992 2830 pontiﬁcis,
1013 2763 1555 2833 reprehensionisque
1583 2764 1945 2819 constantiam
1968 2764 2142 2819 admi-

551 2860 718 2919 ratus,
767 2854 889 2922 quia
946 2854 1014 2909 de
1062 2855 1241 2909 futuro
1289 2853 1385 2910 Dei
1407 2854 1608 2923 judicio
1646 2870 1705 2911 se
1755 2864 2043 2922 terruerat,
2075 2858 2142 2911 ad

550 2947 905 3001 exercendam
950 2948 1002 3002 in
1049 2963 1171 3003 eum
1202 2950 1542 3019 tyrannidem
1582 2950 1799 3021 prodire
1844 2950 2138 3016 nitebatur,

549 3055 666 3095 cum
696 3042 941 3109 protinus
963 3042 1153 3097 eodem
1176 3058 1320 3098 anno
1345 3060 1427 3098 vtr
1450 3058 1670 3113 quidam
1698 3045 2029 3100 monachicis
2060 3046 2143 3099 in-

550 3132 710 3187 dutus
732 3136 1084 3199 vestimentis,
1116 3135 1294 3190 divina
1322 3136 1553 3205 quadam
1577 3137 1776 3191 virtute
1814 3145 2141 3203 commotus,

2243 1939 2370 2007 quia
2397 1952 2543 1993 nunc
2568 1936 2813 2007 profecto
2833 1936 3013 1991 divina
3038 1934 3367 1990 revelatione
3387 1932 3582 1988 doctus
3606 1932 3837 2000 cognovi

2244 2032 2390 2103 quod
2421 2032 2553 2087 nihil
2577 2032 2629 2086 in
2658 2045 2745 2085 me
2772 2029 2914 2085 unde
2931 2028 3243 2099 suspicabar
3270 2026 3623 2081 commiseris.
3654 2022 3764 2079 Sed
3789 2024 3838 2079 si

2247 2141 2407 2195 quem
2432 2125 2485 2179 in
2516 2124 2817 2195 agminibus
2845 2122 3042 2177 nostris
3084 2120 3366 2190 cognoscis
3390 2118 3481 2189 qui
3510 2117 3721 2172 Phocas
3748 2130 3838 2171 so-

2248 2218 2358 2273 leat
2372 2218 2615 2284 vocitari,
2647 2216 2812 2271 dicito
2840 2214 2991 2268 mihi.
3022 2212 3089 2267 Et
3118 2212 3469 2284 Philippicus,
3497 2211 3588 2265 diu
3610 2208 3749 2281 apud
3778 2223 3837 2263 se

2246 2310 2571 2378 recogitans,
2602 2308 2678 2362 ait
2708 2324 2722 2361 :
2758 2304 2932 2361 Unum
2973 2305 3212 2359 Phocam
3233 2317 3524 2372 cognosco,
3552 2301 3644 2372 qui
3668 2314 3837 2370 nuper

2250 2409 2568 2470 procurator
2591 2400 2658 2455 ab
2688 2398 2929 2453 exercitu
2957 2404 3295 2465 nuncupatus
3316 2393 3721 2450 contradicebat
3746 2400 3837 2446 tuo

2248 2492 2493 2562 imperio.
2525 2490 2661 2546 Cum
2686 2504 2818 2545 vero
2867 2488 3157 2542 Mauricius
3195 2486 3263 2541 de
3304 2484 3561 2555 qualitate
3588 2484 3730 2539 illius
3751 2483 3837 2538 in—

2247 2582 2504 2653 quireret,
2534 2581 2861 2651 Philippicus
2888 2580 2965 2633 ait
2997 2596 3009 2631 :
3040 2576 3133 2631 Est
3174 2576 3387 2645 quidem
3411 2574 3644 2645 juvenis,
3674 2582 3728 2631 et
3756 2582 3839 2629 te-

2247 2674 2534 2741 merarius,
2555 2680 2791 2727 attamen
2821 2670 3055 2726 timidus.
3084 2667 3150 2722 Et
3169 2667 3453 2723 Mauricius
3476 2686 3487 2720 :
3513 2666 3570 2721 Si
3598 2666 3837 2731 timidus,

2249 2768 2449 2837 inquit,
2478 2764 2725 2836 profecto
2776 2774 2832 2819 et
2874 2760 3165 2818 homicida.
3197 2761 3440 2830 Dumque
3467 2774 3627 2830 super
3647 2758 3836 2828 hujus-

2246 2857 2391 2913 modi
2432 2856 2709 2922 titubaret,
2736 2855 2788 2909 in
2820 2854 3110 2909 crastinum
3143 2851 3523 2921 magistrianus
3553 2849 3620 2903 ab
3641 2850 3839 2904 eremi-

2249 2952 2339 3018 tis,
2380 2949 2575 3019 quibus
2603 2946 2950 3017 imperatoris
2986 2959 3177 3016 preces
3221 2951 3555 3014 portaverat,
3601 2941 3839 3008 rediens,

2246 3057 2566 3114 responsum
2618 3038 2805 3095 retulit
2847 3037 3031 3093 dicens
3066 3054 3078 3089 :
3110 3036 3273 3102 Deus,
3329 3042 3544 3105 recepta
3572 3035 3839 3106 poeniten-

2249 3136 2321 3189 tia
2348 3146 2463 3199 tua,
2486 3132 2716 3187 salvabit
2737 3131 2971 3185 animam
2998 3138 3166 3196 tuam,
3193 3137 3249 3183 et
3268 3143 3389 3183 cum
3418 3127 3617 3183 sanctis
3636 3135 3692 3183 te
3716 3141 3839 3183 eum

552 3224 770 3279 dextera
802 3226 1051 3295 spatham
1089 3228 1254 3297 cepit,
1284 3243 1444 3296 quam
1482 3227 1738 3283 videlicet
1768 3242 1797 3281 a
1829 3226 1947 3282 foro
1977 3242 2148 3296 usque
2174 3222 2222 3286 C
2252 3236 2365 3283 tota
2386 3227 2550 3282 domo
2575 3234 2662 3281 tua
2684 3225 3015 3293 constituet;
3058 3224 3127 3281 ab
3149 3223 3376 3293 imperio
3394 3238 3525 3279 vero
3541 3236 3662 3277 cum
3684 3222 3839 3290 igno-

552 3316 618 3369 ad
644 3325 849 3371 teneam
872 3326 1103 3372 statuam
1124 3317 1152 3357 ιι
1174 3318 1487 3387 gladiatoris
1513 3318 1712 3373 nudam
1734 3319 2143 3385 circumferens,

556 3411 934 3480 imperatorem
990 3410 1170 3481 gladio
1223 3414 1431 3467 cunctis
1493 3412 1815 3468 moriturum
1880 3413 2144 3482 praedixit.

559 3500 714 3569 Quod
746 3501 1033 3559 Mauricius
1065 3511 1122 3557 ut
1148 3503 1370 3569 audivit,
1404 3519 1434 3557 a
1464 3504 1747 3575 tyrannide
1775 3504 2036 3572 Gregorio
2067 3506 2150 3561 in-

557 3598 777 3653 lerenda
820 3608 994 3654 semet
1022 3599 1308 3664 continuit,
1360 3607 1417 3655 et
1439 3598 1702 3669 judicium
1730 3598 1969 3655 divinum
2004 3600 2150 3670 quod

559 3690 611 3744 ei
663 3690 896 3745 minatus
952 3690 1128 3745 fuerat
1170 3691 1280 3747 cito
1328 3706 1387 3746 se
1425 3686 1725 3747 subiturum
1771 3698 1926 3745 tanto
1976 3691 2150 3760 magis

557 3782 753 3847 timuit,
786 3790 989 3852 quanto
1001 3781 1322 3852 Gregorium
1343 3781 1570 3837 credidit
1595 3796 1704 3837 non
1725 3796 1887 3849 posse
1908 3781 2146 3835 mentiri.

627 3874 715 3928 18.
746 3874 867 3930 Mox
899 3874 1081 3946 itaque
1115 3876 1319 3945 scripto
1342 3889 1531 3945 preces
1558 3874 1887 3944 compositas
1928 3882 2037 3928 tam
2066 3874 2148 3929 ei-

556 3963 672 4018 dem
700 3980 860 4034 quam
881 3965 1090 4020 cunctis
1118 3964 1461 4033 patriarcbis,
1492 3964 1759 4034 episcopis
1787 3972 1844 4019 et
1868 3964 2149 4019 monachis

557 4056 835 4110 civitatum
863 4056 977 4111 sive
1006 4057 1375 4123 solitudinum,
1405 4056 1667 4125 pecunias
1696 4056 1928 4123 multas,
1958 4071 2149 4111 cereos

557 4154 611 4198 et
641 4146 987 4216 thymiamata
1017 4145 1327 4212 destinavit,
1359 4147 1465 4203 hoc
1484 4147 1822 4217 potissimum
1850 4148 2150 4216 deprecans

557 4247 617 4291 ut
642 4237 871 4292 Domino
898 4238 1281 4308 supplicarent,
1312 4248 1582 4310 quatenus
1606 4240 1657 4294 in
1682 4241 1786 4295 hoc
1816 4241 2015 4296 saeculo
2038 4257 2153 4297 me--

558 4331 662 4384 rita
693 4346 911 4384 suorum
940 4332 1207 4386 malorum
1238 4333 1524 4401 reciperet,
1570 4340 1777 4387 tantum
1808 4342 1870 4387 ut
1898 4348 1926 4387 a
1958 4332 2151 4388 futuris

557 4422 885 4478 cruciatibus
933 4421 1123 4478 redimi
1163 4423 1469 4479 meruisset.
1508 4422 1753 4493 Cumque
1798 4423 1903 4480 hoc
1952 4433 2008 4479 et
2037 4424 2152 4496 ipse

558 4514 929 4569 vehementius
948 4529 1047 4584 per
1073 4512 1239 4568 multa
1270 4523 1514 4583 tempora
1537 4529 1659 4567 cum
1681 4513 1931 4584 lacrymis
1961 4522 2147 4584 postu-

2253 3320 2418 3374 minia
2447 3326 2514 3386 et.
2528 3317 2836 3373 discrimine
2863 3316 3104 3373 decides.

2324 3409 2413 3467 I9.
2446 3410 2650 3478 Quibus
2697 3408 2917 3473 auditis,
2964 3408 3253 3464 Mauricius
3295 3406 3462 3463 Deum
3512 3402 3838 3475 glorificans,

2254 3502 2629 3574 pmnitentiam
2655 3501 2857 3566 tenuit;
2888 3498 2988 3555 sed
3014 3515 3045 3553 a
3086 3499 3393 3569 cupiditatis
3418 3496 3642 3552 avaritia
3672 3510 3841 3566 usque

2252 3594 2390 3650 adeo
2419 3609 2525 3649 non
2555 3592 2797 3659 recessit,
2833 3590 2852 3630 τ
2891 3600 2953 3647 ut
2982 3591 3254 3648 exercitus
3283 3590 3337 3645 in
3368 3588 3683 3659 periculosis
3709 3587 3842 3643 locis

2254 3687 2529 3759 hyemare,
2562 3694 2616 3739 et
2635 3684 2865 3739 transito
2894 3683 3141 3738 Danubio
3167 3681 3369 3737 victum
3396 3679 3496 3734 sibi
3524 3679 3591 3734 de
3612 3676 3840 3733 Sclavo-

2254 3795 2373 3834 rum
2403 3778 2622 3846 regione
2648 3774 3060 3847 periclitabundi
3081 3786 3349 3843 quaerere,
3380 3785 3448 3826 ne
3468 3769 3721 3824 videlicet
3742 3768 3842 3822 ali-

2254 3868 2436 3925 menta
2466 3870 2678 3940 publica
2708 3867 3115 3932 manducarent,
3146 3863 3309 3920 Petro
3341 3864 3557 3934 praetori
3588 3860 3844 3917 feralibus

2255 3963 2449 4018 litteris
2502 3961 2825 4015 immineret.
2881 3958 2983 4026 Qui
3032 3968 3055 4005 κ
3102 3955 3392 4012 taxiarchis
3447 3953 3669 4019 vocatis,
3719 3952 3842 4007 ait:

2262 4075 2281 4108 ι
2313 4055 2481 4110 Nimis
2526 4054 2654 4109 mihi
2678 4053 2931 4108 videntur
2968 4051 3151 4121 gravia
3180 4047 3524 4119 imperatoris
3553 4051 3844 4117 praecepta,

2258 4148 2531 4203 Romanos
2554 4147 2608 4200 in
2640 4146 2813 4200 aliena
2844 4153 2986 4199 terra
3017 4144 3273 4215 hyemare
3298 4139 3563 4211 jubentia.
3605 4138 3738 4193 Nam
3768 4138 3844 4194 illi

2256 4256 2365 4296 non
2386 4238 2606 4295 obedire
2625 4253 2825 4293 saevum
2848 4244 2950 4304 est,
2966 4245 3215 4291 etrursus
3231 4234 3452 4290 obedire
3471 4231 3843 4288 saevissimum.

2255 4332 2469 4389 Nullum
2498 4332 2697 4387 bonum
2751 4331 2895 4400 parit
2942 4329 3187 4393 avaritia,
3234 4328 3358 4397 quia
3403 4334 3577 4381 mater
3601 4324 3843 4381 omnium

2256 4427 2520 4481 malorum
2550 4425 2818 4489 consistit,
2858 4438 2966 4493 qua
2995 4422 3293 4495 Imperator
3340 4422 3618 4491 languens,
3651 4418 3845 4473 horum

2255 4519 2612 4574 maximorum
2676 4517 2940 4571 malorum
3003 4530 3163 4569 causa
3210 4512 3470 4569 Romanis
3516 4510 3764 4566 efﬁcitur.
3821 4527 3839 4561 ι

558 4608 711 4671 laret,
761 4606 991 4676 quadam
1041 4613 1201 4661 nocte
1237 4606 1532 4673 dormiens,
1560 4605 1708 4661 videt
1755 4606 1896 4676 apud
1942 4621 2149 4661 teneam
2184 4613 2233 4672 D
2258 4610 2543 4667 Exercitus
2572 4609 2774 4678 itaque,
2805 4608 2909 4663 hoc
2932 4623 3029 4677 per
3048 4606 3357 4661 taxiarchas
3382 4604 3583 4669 audito,
3610 4603 3675 4657 ad
3702 4602 3845 4659 sedi-

559 4698 741 4764 palatii
779 4707 993 4789 portam
1038 4714 1098 4753 se
1122 4713 1306 4754 coram
1340 4698 1508 4752 multo
1538 4698 1738 4767 populo
1766 4712 1930 4752 tenete
1957 4706 2150 4753 statum

559 4789 852 4844 Salvatoris
879 4792 1152 4846 assistere.
1200 4789 1348 4845 Tunc
1372 4805 1476 4844 vox
1518 4789 1767 4844 terribilis
1796 4790 1935 4844 facta
1963 4798 2045 4843 est
2083 4805 2152 4845 ex

561 4881 677 4949 ipso
708 4882 969 4937 incarnati
991 4883 1154 4937 Verbi
1184 4884 1517 4949 charactere,
1551 4883 1736 4938 dicens
1763 4901 1775 4936 :
1802 4883 1935 4936 Date
1957 4882 2152 4938 Mauri-

558 4972 722 5026 cium.
771 4971 836 5027 Et
864 4974 1139 5045 capientes
1168 4992 1291 5030 eum
1312 4975 1640 5045 .jndiciorum
1669 4976 1918 5041 ministri,
1952 4992 2149 5046 posue-

559 5072 685 5117 runt
709 5063 862 5130 juxta
897 5076 918 5103 ο
963 5066 1115 5136 pueri
1145 5067 1455 5123 umbilicum
1491 5068 1581 5138 qui
1616 5066 1723 5122 illic
1751 5076 1889 5123 erat.
1919 5065 2017 5123 Cui
2054 5084 2149 5122 ea-

634 5222 658 5248 ἰ
692 5210 895 5295 .Excusi
937 5229 1057 5337 Ἔπη
1096 5216 1267 5270 tribus
1296 5215 1421 5271 Mss.
1470 5214 1664 5281 Paris.,
1716 5218 2002 5271 intermino
2028 5235 2151 5290 ergo

634 5300 757 5337 mm.
792 5282 924 5337 Aliis
1008 5301 1078 5337 ss.
1110 5287 1464 5337 adhzersmus.

560 5285 757 5337 omnia.
792 5282 924 5339 Aliis
952 5282 1078 5340 Mss.
1110 5287 1464 5342 adbzersvmus.

631 5356 655 5392 δ
689 5356 743 5429 In
779 5355 965 5429 Regio,
997 5358 1230 5413 secunda
1256 5375 1419 5414 manu
1448 5359 1883 5429 superscribitur,
1916 5376 2076 5415 more.

636 5436 658 5461 ε
689 5426 764 5499 Ita
793 5427 920 5499 Mss.
955 5428 1082 5497 Reg.
1116 5431 1434 5486 etecclesiae
1462 5426 1524 5482 B.’
1555 5428 1735 5483 Maria:
1766 5428 1933 5483 Paris.
1980 5431 2146 5499 Editi,

566 5512 707 5569 cum
722 5497 875 5552 Colh.
900 5508 955 5553 et
979 5501 1250 5556 nonnullis
1270 5501 1407 5562 aliis,
1441 5516 1771 5569 purpureum.

633 5565 656 5603 δ
689 5567 764 5622 Ita
796 5571 1076 5642 legendum
1108 5588 1173 5627 ex
1203 5565 1552 5640 Theophane,
1578 5568 1785 5638 Gnece,
1816 5576 2158 5642 παραχεςμώ-

563 5659 727 5707 μενον.
751 5634 1109 5696 accubitorem.
1135 5643 1260 5698 llmc
1276 5634 1378 5696 vox
1392 5634 1645 5710 corrupta
1661 5650 1747 5695 est
1769 5634 1931 5694 etiam
1952 5634 2004 5695 in
2026 5634 2150 5709 Ms.,

562 5710 656 5761 sed
685 5714 977 5783 prae<ertim
1008 5714 1059 5766 in
1090 5715 1335 5783 vulgatis.

639 5789 662 5815 ο
692 5778 804 5833 lmu
832 5792 948 5835 erat
973 5778 1434 5857 sororisjlauririi
1458 5782 1711 5857 maritus.
1732 5781 1841 5857 cur
1868 5798 2152 5857 suspectus

564 5847 706 5904 foret
733 5866 948 5908 causam
980 5854 1133 5907 allcrt
1160 5854 1541 5919 Theophanes,
1572 5855 1716 5921 quod
1746 5855 1860 5923 ejus
1888 5847 2086 5915 nomen
2117 5876 2147 5914 a

84 6104 643 6440 Δ

2258 4708 2461 4762 tionem
2520 4704 2870 4767 convertitur,
2937 4701 3340 4771 exaltatumque
3392 4714 3551 4769 super
3596 4698 3845 4768 clypeum

2264 4799 2492 4852 Phocam
2525 4810 2622 4866 per
2643 4794 3039 4858 centurionem,
3072 4794 3365 4847 exarchum
3391 4791 3847 4854 acclamaverunt,

2257 4891 2549 4958 fugatoque
2576 4893 2828 4955 praetore,
2881 4881 3189 4940 Theodosio
3239 4883 3348 4938 lilio
3398 4879 3737 4951 imperatoris
3795 4886 3849 4932 et

2256 4980 2528 5037 Germano
2577 4992 2770 5034 socero
2815 4977 2961 5047 ejus,
2993 4977 3226 5046 dirigunt
3270 4984 3328 5029 ut
3353 4975 3490 5031 alter
3517 4988 3703 5030 eorum
3743 4975 3849 5033 sibi

2261 5075 2530 5144 imperare
2580 5069 2840 5126 studeret.
2890 5068 2971 5123 Illi
3030 5068 3177 5124 nullo
3226 5067 3389 5122 modo
3434 5075 3850 5135 consenserunt,

2260 5221 2439 5274 littera
2469 5219 2529 5273 P.
2566 5217 2846 5283 inciperet.
2893 5217 3188 5283 Aceeperat
3211 5212 3352 5267 enim
3383 5211 3680 5281 Imperator
3709 5211 3851 5283 hanc

2260 5291 2486 5362 primam
2515 5304 2634 5344 esse
2661 5282 2890 5343 litteram
2921 5282 3153 5342 nominis
3178 5284 3319 5339 illius
3358 5300 3387 5338 a
3422 5298 3531 5352 quo
3559 5290 3677 5336 erat
3697 5282 3848 5336 oeci-

2263 5362 2489 5418 dendus.

2338 5431 2355 5471 ί
2390 5430 2447 5487 In
2480 5432 2648 5487 tribus
2678 5431 2847 5486 Paris.
2876 5439 2931 5485 et
2954 5431 3005 5483 in
3037 5427 3284 5495 vulgatis,
3313 5434 3369 5479 ut
3396 5425 3652 5479 exercitus
3677 5423 3733 5495 in
3762 5439 3844 5492 pe-

2263 5505 2500 5559 riculosis
2530 5506 2790 5571 hyemaret
2824 5502 2916 5566 (al.
2945 5494 3283 5571 hyemarent)
3309 5505 3364 5571 _et
3408 5496 3625 5571 transito
3665 5494 3847 5547 Dauu.‘

2262 5578 2458 5632 bio.....
2490 5566 2884 5643 periclitabundi
2915 5566 3006 5640 (al'.
3048 5566 3508 5643 Apericlit'abunde)
3540 5572 3848 5643 quaerent,

2261 5664 2436 5701 ne.....
2469 5638 2861 5699 manducarent.
2907 5638 3201 5703 Quod—cum
3234 5638 3505 5694 Petro.....
3536 5639 3847 5703 immineret,

2258 5720 2347 5772 ille
2376 5715 2704 5771 Taxiarchis.
2735 5713 3023 5782 Sequimur
3052 5722 3279 5765 etcteros
3305 5725 3435 5779 mss.
3468 5709 3626 5765 codd.

2330 5800 2353 5833 κ
2384 5787 2495 5843 lIoc
2516 5794 2617 5850 est,
2641 5780 2891 5838 ordinum
2912 5780 3204 5837 Praeleetis.
