4138 6450
261 394 362 450 185

844 384 903 440 S.
946 382 1278 440 GREGORII
1318 380 1535 440 M’AGNI
1573 377 1733 435 Vl'l‘A
1799 372 2003 431 AUCT.
2047 369 2311 426 JOANNE
2352 368 2664 428 DIACONO.
2707 369 2835 426 LIB.
2876 367 2968 427 IV.

3437 374 3543 433 186

253 517 365 571 imo
409 506 516 563 hoc
584 500 841 558 Mauricio
896 498 1219 556 retulerunt.
1277 498 1339 553 At
1387 498 1477 553 ille
1516 496 1848 591 Germanum
1876 494 1924 552 Α
1948 502 2071 591 qua!
2101 502 2211 591 non
2236 494 2361 591 sunt
2382 487 2448 591 ab
2470 487 2549 589 eis
2578 487 2853 591 fraudibus
2881 486 3165 591 acquisita.
3196 486 3545 591 Reformetur

252 600 481 671 perdere
507 595 696 660 voluit,
727 592 818 663 qui
839 591 1091 663 quoniam
1120 591 1173 646 in
1193 589 1491 646 Ecclesiam
1519 586 1749 655 fugerat,
1779 584 1840 635 li-
1940 582 2053 653 jam
2100 578 2322 671 singulis
2367 578 2466 633 sub
2492 578 2619 648 jugo
2661 580 2736 671 pii
2776 578 2986 671 imperii
3013 578 3235 671 libertas
3276 596 3398 637 sua.
3426 580 3545 639 Hoc

251 690 382 746 lium
405 700 661 757 tanquam
685 683 1017 755 proditorem
1038 680 1120 736 sui
1141 680 1350 737 consilii
1371 676 1679 748 ﬂagellavit,
1705 674 1841 728 mul-

254 789 452 850 tosque
501 776 571 832 ad
612 777 754 831 hunc
806 773 875 827 ab
928 770 1120 828 eadem
1176 769 1403 826 ecclesia
1456 763 1843 822 extrahendum

257 872 651 935 transmittens,
669 880 939 937 nunquam
956 864 1283 936 permittitur
1300 880 1315 930 ;
1334 863 1442 916 imo
1460 860 1641 916 multis
1654 858 1843 915 convi-

252 965 355 1021 ciis
384 978 414 1018 a
444 962 644 1033 populo
662 960 951 1025 laceratus,
982 955 1325 1011 Marcionista
1352 953 1634 1009 haereticus
1662 949 1846 1021 appel-

251 1056 417 1112 latur.
476 1053 546 1108 Et
586 1059 861 1109 commoto
912 1050 1050 1103 intra
1117 1044 1644 1114 Constantinopolim
1696 1040 1847 1112 gravi

250 1149 513 1215 tumultu,
561 1145 873 1211 Mauricius,
920 1142 1256 1200 dissimulato
1284 1139 1493 1208 habitu,
1524 1154 1645 1193 cum
1679 1150 1848 1191 uxore

251 1250 316 1297 et
369 1241 493 1296 filiis
521 1248 684 1295 noctu
716 1249 741 1277 ι
772 1238 1093 1293 dronionem
1131 1232 1474 1298 conscendit;
1519 1238 1573 1286 et
1618 1229 1847 1299 fugiens,

252 1333 285 1374 δ
315 1333 457 1405 apud
482 1341 731 1389 sanctum
775 1330 1139 1385 Antonomum
1184 1326 1352 1382 venit.
1385 1325 1455 1378 At
1479 1338 1608 1377 vero
1637 1320 1849 1376 Phocas

255 1439 385 1480 cum
413 1422 655 1479 exercitu
673 1432 692 1460 ε
709 1421 761 1475 in
782 1420 1072 1491 septimum
1100 1417 1345 1482 veniens,
1376 1410 1849 1483 imperatoreflici-

254 1524 382 1582 tur;
412 1531 442 1570 a
467 1529 576 1586 quo
600 1513 888 1568 Mauricius
917 1526 1039 1567 cum
1064 1524 1253 1575 uxore,
1287 1507 1409 1562 ﬁliis
1434 1514 1488 1562 et
1512 1504 1723 1559 filiabus
1751 1516 1848 1572 pe-

256 1622 358 1664 nes
378 1606 794 1663 Chalcedoniam
811 1604 1010 1673 jussus,
1034 1599 1487 1672 quemadmodum
1515 1597 1617 1652 sibi
1642 1595 1852 1650 denun-

256 1700 450 1753 tiatum
475 1696 668 1761 fuerat,
700 1696 1015 1751 decollatur.
1041 1693 1107 1749 Et
1133 1694 1258 1764 quia
1285 1693 1460 1747 oratio
1480 1689 1721 1759 Gregorii
1746 1703 1851 1758 qua

256 1790 411 1846 illum
439 1791 668 1860 petierat
691 1790 746 1843 in
776 1787 1004 1843 terribili
1034 1786 1130 1842 Dei
1153 1785 1357 1855 judicio
1377 1784 1604 1839 liberum
1635 1781 1702 1836 ab
1727 1796 1847 1836 om-

255 1882 418 1938 nibus
443 1882 654 1938 delictis
684 1880 910 1936 inveniri
941 1894 1109 1935 vacua
1137 1893 1257 1935 esse
1294 1894 1402 1934 non
1450 1875 1650 1947 potuit,
1704 1874 1846 1929 idem
1879 1895 1926 1956 Β

256 1974 546 2031 Mauricius
575 1975 627 2030 id
668 1975 877 2044 recepit
903 1974 1047 2044 quod
1085 1972 1305 2038 meruit,
1336 1981 1392 2028 et
1423 1972 1476 2025 in
1505 1969 1710 2026 cunctis
1738 1968 1851 2024 suis

255 2065 614 2123 incommodis
627 2065 798 2123 Deum
818 2066 1168 2133 benedicens,
1190 2080 1220 2119 a
1240 2064 1571 2134 sempiterno
1585 2060 1850 2133 supplicio

255 2160 434 2215 merui
483 2160 725 2216 liberari.

328 2267 421 2327 ἱ).
442 2270 606 2340 Igitur
626 2272 857 2342 septimo
878 2271 1225 2327 kalendarum
1250 2270 1533 2337 Maiarum,
1560 2269 1853 2325 indictione

254 2368 434 2426 sexta,
464 2361 641 2432 imago
682 2361 877 2419 Phocm
921 2371 978 2419 et
1022 2362 1281 2430 Leontim,
1319 2371 1690 2433 augustorum,
1728 2376 1851 2417 cum

254 2454 575 2509 eorumdem
615 2455 999 2511 lavorabilibus
1030 2455 1222 2512 litteris
1270 2455 1496 2512 Romam
1538 2454 1715 2511 delata
1744 2462 1848 2513 est.

260 2547 424 2617 136
452 2544 518 2601 Et
544 2556 829 2618 postquam
862 2565 893 2603 a
916 2551 1062 2605 clero
1084 2558 1139 2604 et
1166 2556 1357 2605 senatu
1387 2548 1743 2605 acclamatum
1768 2557 1852 2605 est

253 2640 337 2693 eis
370 2642 421 2695 in
448 2641 667 2697 basilica
696 2641 844 2710 Julii,
868 2642 1022 2713 jussu
1047 2642 1297 2713 Gregorii
1326 2643 1380 2698 in
1409 2643 1649 2699 oratorio
1678 2640 1852 2697 sancti

251 2730 479 2787 Cmsarii
503 2733 852 2791 Lateranensi
877 2736 1079 2805 palatio
1103 2736 1398 2792 constituto
1432 2736 1733 2807 reponitur.
1748 2735 1850 2803 Qui

250 2826 425 2879 etiam
455 2823 647 2883 Phocae
690 2828 1004 2900 imperatori
1034 2830 1107 2884 ita
1154 2830 1428 2901 rescripsit
1461 2847 1473 2883 :
1518 2848 1537 2881 ‹
1568 2826 1748 2883 Gloria
1795 2829 1850 2884 in

252 2918 488 2975 excelsis
529 2918 675 2987 Deo,
722 2921 838 2990 qui,
862 2922 1040 2993 juxta
1071 2922 1214 2993 quod
1247 2923 1508 2993 scriptum
1538 2930 1640 2987 est,
1678 2920 1850 2974 Mutat

254 3020 496 3081 tempora
533 3024 583 3066 et
619 3015 867 3084 transfert
902 3032 1066 3087 regna
1104 3015 1267 3089 (Dan.
1301 3032 1361 3083 ιι,
1392 3015 1519 3087 21);
1550 3023 1607 3071 et
1627 3014 1717 3085 qui
1748 3015 1852 3071 hoc

253 3104 471 3160 cunctis
507 3104 741 3160 innotuit
766 3107 911 3175 quod
944 3123 1042 3178 per
1064 3108 1384 3179 prophetam
1413 3123 1568 3164 suum
1598 3108 1746 3177 loqui
1765 3107 1849 3163 di-

251 3202 455 3263 gnatus
479 3202 581 3262 est,
604 3196 788 3253 dicens
822 3216 833 3251 :
865 3197 999 3264 Quia
1025 3200 1325 3254 dominatur
1346 3198 1595 3255 Excelsa:
1616 3203 1671 3255 in
1689 3218 1849 3273 regno

251 3287 546 3357 hominum,
576 3298 629 3368 et
652 3293 734 3346 cui
758 3294 992 3359 voluerit,
1019 3295 1130 3364 ipse
1159 3297 1250 3348 dat
1275 3294 1409 3349 illud
1438 3295 1603 3365 (Dan.
1632 3311 1704 3359 tv,
1736 3295 1848 3366 M).
1881 3286 1927 3350 C

252 3376 314 3432 In
350 3380 732 3450 omnipotentis
751 3385 951 3453 quippe
978 3384 1073 3440 Dei
1095 3387 1619 3457 incomprehensibili
1636 3387 1853 3457 dispen-

252 3473 475 3529 satione
506 3476 628 3530 vitm
658 3479 900 3533 mortalis
929 3479 1301 3536 moderamina
1324 3482 1625 3537 consistunt
1646 3500 1661 3547 ;
1685 3490 1740 3536 et
1755 3480 1855 3536 ali-

252 3563 478 3631 quando
525 3581 646 3620 cum
688 3567 956 3636 justorum
1004 3571 1297 3627 multorum
1345 3582 1567 3643 peccata
1613 3572 1854 3628 ferienda

251 3663 409 3721 sunt,
441 3672 575 3711 unus
604 3658 844 3728 erigitur,
876 3677 974 3731 per
1014 3662 1168 3732 cujus
1205 3665 1456 3719 duritiam
1495 3665 1855 3721 tribulationls

252 3746 390 3816 jugo
417 3750 784 3818 subjectorum
805 3754 941 3808 colla
960 3754 1349 3826 deprimantur.
1376 3758 1530 3825 Quod
1560 3775 1659 3815 nos
1682 3761 1734 3814 in
1759 3774 1857 3814 ηο-

251 3848 376 3893 stra
406 3839 606 3895 diutius
630 3842 977 3899 tribulatione
999 3848 1362 3915 probavimus.
1396 3848 1698 3919 Aliquando
1724 3864 1856 3904 vero

250 3946 388 3986 cum
439 3930 746 3988 misericors
776 3936 916 3991 Deus
945 3941 1287 3993 mmrentium
1329 3941 1619 3995 multorum
1668 3941 1854 4008 corda,

252 4037 361 4077 sua
388 4021 629 4078 decernit
657 4029 1026 4085 consolatione
1054 4032 1322 4101 ret'overe,
1352 4050 1517 4088 unum
1541 4035 1607 4089 ad
1637 4037 1857 4107 regimi-

256 4116 352 4169 nis
376 4115 589 4171 culmen
611 4120 881 4187 provehit,
909 4129 964 4177 et
986 4138 1082 4192 per
1103 4124 1219 4193 ejus
1244 4126 1628 4182 misericordia:
1650 4128 1859 4185 viscera

258 4208 319 4261 in
354 4216 670 4264 cunctorum
713 4214 984 4270 mentibus
1010 4218 1357 4274 exultationis
1380 4236 1491 4276 sum
1517 4222 1744 4291 gratiam
1775 4223 1860 4278 in-

259 4301 460 4358 fundit.
492 4304 568 4360 De
606 4322 711 4377 qua
742 4311 1088 4369 exultationis
1126 4314 1452 4372 abundantia
1487 4320 1731 4375 roborari
1760 4337 1860 4378 nos

260 4392 427 4448 citius
452 4396 743 4468 credimus,
781 4403 873 4470 qui
911 4404 1299 4474 benignitatem
1330 4420 1522 4467 vestrm
1550 4414 1765 4483 pietatis
1792 4415 1859 4471 ad

263 4484 550 4554 imperiale
589 4489 858 4562 fastigium
899 4500 1210 4565 pervenisse
1238 4504 1550 4571 gaudemus.
1586 4506 1859 4564 Lmtentur

265 4575 413 4641 cmli,
447 4586 501 4631 et
521 4581 726 4637 exultet
745 4592 889 4639 terra
922 4586 1097 4655 (Psal.
1130 4591 1283 4661 xcv);
1323 4602 1377 4648 et
1406 4594 1475 4649 de
1498 4596 1741 4667 benignis
1766 4615 1863 4654 ve-

266 4668 398 4724 stris
441 4672 649 4726 actibus
686 4675 947 4732 universm
978 4681 1288 4751 reipublicae
1318 4689 1548 4757 populus
1582 4707 1722 4747 nunc
1772 4708 1859 4747 us-

268 4772 378 4825 que
416 4760 762 4819 vehementer
789 4766 1020 4825 aflJictus
1062 4772 1369 4831 hilarescat.
1425 4778 1862 4850 Comprimantur

267 4847 399 4919 jugo
446 4850 827 4911 dominationis
854 4869 1047 4915 vestrm
1072 4868 1316 4935 superbm
1354 4847 1576 4925 mentes
1603 4872 1856 4940 hostium,

271 4940 579 4998 releventur
621 4958 798 5003 vestra
845 4951 1215 5009 misericordia
1262 4962 1480 5015 contriti
1510 4978 1572 5017 ac
1622 4964 1862 5035 depressi

274 5030 438 5085 animi
477 5034 861 5103 subjectorum.
894 5040 1078 5096 Virtus
1124 5046 1357 5103 cmlestis
1397 5054 1581 5118 gratim
1631 5030 1861 5113 inimicis

275 5136 372 5178 vos
401 5128 665 5184 terribiles
693 5131 871 5200 faciat,
903 5136 1075 5204 pietas
1101 5139 1325 5195 subditis
1354 5143 1632 5213 benignos.
1665 5148 1858 5216 Quies-

274 5222 362 5270 cat
405 5215 724 5278 felicissimis
761 5229 1096 5297 temporibus
1144 5235 1337 5290 vestris
1380 5239 1626 5295 universa
1673 5259 1859 5315 respu-

274 5309 434 5406 blica,
477 5314 683 5383 prolata
728 5320 827 5374 sub
869 5337 1154 5379 causarum
1200 5326 1433 5397 imagine
1476 5334 1649 5399 praeda
1692 5309 1858 5406 pacis.

273 5398 496 5459 Cessent
524 5415 970 5469 testamentorum
1016 5416 1237 5483 insidim,
1283 5420 1634 5481 donationum
1679 5435 1864 5496 grat’m

275 5493 539 5553 violenter
566 5513 786 5560 exactm.
834 5506 1039 5564 Redeat
1083 5514 1291 5567 cunctis
1321 5514 1374 5568 in
1424 5517 1584 5573 rebus
1630 5525 1866 5592 propriis

274 5600 461 5645 secura
493 5598 874 5664 possessio,-ut
902 5599 1016 5657 sine
1048 5603 1241 5661 timore
1279 5607 1478 5664 habere
1504 5625 1564 5666 se
1594 5614 1866 5684 gaudeant

346 5725 578 5823 Lien‘us
602 5732 814 5823 navigii
856 5736 1199 5823 gelerrjmum
1240 5741 1307 5798 de
1348 5758 1455 5813 quo
1493 5748 1690 5816 passim
1720 5752 1862 5823 apud

275 5789 672 5871 Cassiodorum,
704 5789 772 5857 εἴ
780 5804 829 5857 in
853 5789 953 5871 Eb.
983 5789 1199 5866 5mm
1219 5789 1272 5868 ιζ

345 5864 373 5904 δ
404 5866 498 5957 Vel
512 5854 895 5928 Autonovmun;
1304 5893 1360 5941 et
1380 5854 1582 5961 Martyr
1602 5889 1656 5946 in
1677 5889 1863 5963 Bythi-

1946 684 2180 739 namque
2209 670 2348 725 inter
2376 683 2531 738 reges
2558 669 2802 738 gentium
2833 678 2888 726 et
2909 670 3219 741 reipublicm
3248 671 3542 743 imperato-

1947 779 2037 818 res
2057 763 2238 828 distat,
2263 760 2408 830 quod
2430 774 2585 829 reges
2603 761 2843 830 gentium
2862 760 3064 817 domini
3084 777 3364 819 servorum
3390 771 3540 831 sunt,

1946 853 2308 924 Imperatores
2348 867 2480 908 vero
2512 851 2837 923 Reipublicm
2881 852 3095 910 Domini
3140 853 3457 912 liberorum.
3508 875 3530 909 ι

1949 946 2095 1017 (Lib.
2119 963 2237 1015 χιιι,
2262 963 2343 1015 ep.
2378 945 2493 1016 5|.)

2018 1037 2110 1092 2i.
2142 1036 2385 1105 Cumque
2416 1035 2624 1093 Phocas
2663 1038 2909 1095 mandari
2953 1039 3055 1095 sibi
3094 1038 3354 1097 Bomanm
3400 1041 3546 1101 sedis

1950 1127 2234 1185 diaconum
2267 1144 2389 1185 cum
2415 1142 2610 1198 magna
2630 1130 2946 1189 humilitatis
2973 1137 3275 1193 reverentia
3303 1135 3545 1206 postula-

1949 1231 2050 1288 ret,
2076 1219 2369 1290 Gregorius
2397 1223 2470 1277 ita
2492 1222 2805 1294 rescripsit:
2835 1243 2854 1276 ι
2883 1222 3247 1283 Considerare
3264 1242 3385 1283 cum
3408 1240 3544 1298 gau-

1950 1312 2052 1368 diis
2099 1322 2156 1368 et
2194 1314 2401 1383 magnis
2450 1313 2757 1372 actionibus
2794 1319 3089 1385 gratiarum
3136 1318 3286 1385 libet,
3318 1328 3547 1388 quantas

1951 1406 2311 1474 omnipotenti
2338 1405 2449 1463 Deo
2482 1406 2668 1464 laudes
2707 1409 2989 1481 debemus,
3019 1414 3163 1484 quod
3205 1421 3416 1468 remoto
3446 1413 3544 1467 tri-

1950 1497 2112 1552 stitim
2132 1497 2284 1567 jugo,
2317 1497 2385 1577 ad
2409 1498 2674 1555 libertatis
2696 1508 2940 1572 tempora
2963 1504 3062 1559 sub
3091 1503 3359 1575 imperiali
3386 1502 3544 1559 beni-

1952 1585 2170 1658 gnitatis
2209 1596 2402 1642 vestrm
2434 1588 2637 1657 pietate
2685 1594 3053 1661 pervenimus.
3084 1593 3217 1651 Nam
3247 1593 3391 1666 quod
3420 1609 3547 1665 per-

1952 1694 2174 1735 manere
2214 1680 2267 1734 in
2323 1680 2524 1751 palatio
2570 1681 2725 1751 juxta
2776 1687 3053 1758 antiquam
3098 1687 3547 1745 consuetudinem

1952 1770 2267 1841 apostolica:
2311 1773 2455 1828 sedis
2484 1774 2770 1830 diaconum
2801 1786 2981 1834 vestra
3015 1781 3277 1835 serenitas
3307 1795 3415 1834 non
3458 1780 3544 1834 in—

1952 1864 2119 1930 venit,
2149 1878 2256 1919 non
2284 1864 2389 1920 hoc
2417 1880 2551 1920 mem
2579 1868 2943 1938 negligentim,
2975 1871 3069 1927 sed
3097 1872 3427 1941 gravissimae
3452 1883 3549 1926 ne-
3621 1918 3629 1926 .

1956 1954 2223 2010 cessitatis
2244 1953 2380 2009 fuit:
2405 1956 2531 2024 quia
2557 1956 2683 2012 dum
2707 1958 2936 2015 ministri
2962 1977 3150 2017 omnes
3171 1961 3330 2031 hujus
3350 1970 3550 2018 nostra:

1953 2045 2229 2113 Ecclesim,
2260 2049 2494 2103 contrita
2523 2064 2821 2121 asperaque
2847 2061 3090 2123 tempora
3111 2070 3231 2110 cum
3261 2054 3549 2110 formidine

1954 2138 2289 2195 declinarent
2340 2150 2505 2211 atque
2554 2143 2881 2213 refugerent,
2933 2146 3065 2201 nulli
3095 2162 3281 2202 eorum
3332 2154 3549 2217 poterat

1952 2231 2181 2300 imponi,
2211 2240 2270 2286 ut
2300 2231 2366 2286 ad
2396 2233 2582 2288 urbem
2608 2236 2814 2304 regiam
2853 2238 2907 2291 in
2934 2238 3135 2309 palatio
3165 2252 3549 2309 permansurus

1954 2324 2258 2379 accederet.
2285 2322 2390 2379 Sed
2416 2334 2699 2397 postquam
2722 2336 2957 2384 vestram
2984 2329 3344 2396 clementiam,
3369 2331 3548 2385 omni-

1951 2418 2190 2490 potentis
2243 2418 2337 2473 Dei
2384 2419 2552 2488 gratia
2610 2420 2956 2491 disponente,
2996 2424 3065 2478 ad
3094 2424 3303 2479 culmen
3334 2423 3548 2494 imperii

1951 2510 2263 2582 pervenisse
2278 2521 2669 2581 cognoverunt,
2687 2514 2790 2584 ipsi
2805 2530 3041 2587 quoque,
3061 2518 3319 2573 suadente
3339 2516 3547 2586 lmtitia,

1954 2600 2019 2654 ad
2053 2608 2227 2655 vestra
2254 2601 2477 2671 vestigia
2498 2604 2685 2660 venire
2710 2605 2984 2675 festinant,
3012 2609 3102 2680 qui
3132 2608 3257 2665 illuc
3284 2609 3432 2679 prius
3454 2625 3545 2664 ac-

1954 2693 2147 2748 cedere
2167 2693 2327 2748 valde
2354 2694 2666 2752 timuerant.
2697 2697 2803 2754 Sed
2834 2702 2961 2770 quia
2989 2717 3174 2757 eorum
3215 2702 3428 2773 quidam
3471 2703 3547 2757 ita

1953 2792 2231 2840 senectute
2267 2794 2391 2839 sunt
2424 2786 2628 2844 debiles
2658 2798 2716 2845 ut
2746 2790 2985 2848 laborem
3026 2792 3167 2849 ferre
3188 2795 3278 2849 vix
3306 2794 3536 2863 possint,

1955 2874 2170 2944 quidam
2203 2890 2332 2931 vero
2372 2878 2526 2949 137
2574 2880 2956 2938 ecclesiasticis
3006 2884 3150 2939 curis
3193 2885 3546 2940 vehementer

1954 2968 2322 3037 implicantur,
2348 2971 2560 3028 etlator
2576 2976 2943 3045 prmsentium,
2965 2977 3055 3048 qui
3077 2977 3279 3048 primus
3304 2979 3547 3033 omnium

1954 3057 2206 3115 defensor
2247 3061 2364 3125 fuit,
2416 3062 2553 3117 bene
2597 3065 2726 3119 mihi
2754 3081 2821 3120 ex
2852 3067 3008 3138 longa
3050 3068 3362 3123 assiduitate
3398 3083 3547 3123 com-

1956 3159 2137 3219 pertus
2168 3161 2249 3207 est
2274 3154 2403 3217 vita,
2434 3152 2539 3210 fide
2560 3171 2625 3211 ac
2652 3159 2888 3213 moribus
2908 3161 3256 3231 approbatus,
3281 3160 3425 3216 hunc
3451 3176 3547 3233 apo

1957 3248 2070 3294 tum
2115 3235 2307 3297 vestrm
2365 3244 2581 3314 pietatis
2630 3249 2871 3320 vestigiis
2914 3249 3170 3319 judicavi.
3204 3250 3356 3308 Unde
3401 3267 3544 3321 eum,

1958 3341 2178 3388 auctore
2215 3334 2357 3400 Deo,
2387 3336 2673 3394 diaconum
2702 3338 2825 3407 feci,
2858 3351 2913 3397 et
2939 3343 3036 3398 sub
3065 3343 3345 3401 celeritate
3374 3355 3551 3401 trans-

1953 3425 2169 3482 mittere
2197 3428 2395 3495 studui,
2429 3430 2521 3499 qui
2550 3440 2742 3488 cuncta
2769 3449 2890 3505 qum
2918 3435 2971 3490 in
2998 3436 3082 3492 his
3111 3438 3354 3507 partibus
3376 3453 3550 3508 agun-

1953 3528 2062 3587 tur,
2114 3520 2334 3577 invento
2381 3534 2687 3594 opportuno
2741 3536 3006 3599 tempore,
3036 3531 3215 3587 valeat
3242 3532 3546 3589 clementim

1954 3618 2150 3666 vestrm
2178 3626 2490 3681 suggerere.
2522 3616 2623 3672 Cui
2667 3634 2801 3691 rogo
2842 3631 2903 3677 ut
2931 3625 3196 3680 serenitas
3223 3635 3403 3680 vestra
3434 3626 3553 3696 pias

1956 3716 2116 3756 aures
2146 3703 2408 3760 inclinare
2433 3706 2685 3776 dignetur
2717 3730 2728 3763 :
2760 3721 2819 3766 ut
2847 3722 3000 3769 tanto
3030 3716 3185 3771 nobis
3209 3717 3440 3772 celerius
3465 3732 3555 3772 va-

1956 3793 2065 3849 leat
2089 3796 2356 3864 misereri,
2397 3808 2598 3865 quanto
2624 3800 2973 3859 afﬂictionem
3006 3817 3245 3861 nostram
3273 3808 3454 3862 verius
3481 3823 3553 3864 ex

1958 3883 2076 3953 ejus
2110 3884 2374 3940 relatione
2411 3892 2746 3957 cognoverit.
2781 3892 3021 3958 Qualiter
3051 3896 3193 3951 enim
3224 3896 3556 3968 quotidiania

1960 3974 2171 4043 gladiis,
2196 3983 2250 4030 et
2264 3979 2481 4045 quantis
2500 3977 3555 4057 Langobardorumincursionibus,ecce

1957 4062 2071 4132 jam
2102 4080 2199 4135 per
2227 4066 2445 4134 triginta
2476 4070 2714 4142 quinque
2741 4089 3003 4130 annorum
3034 4077 3417 4147 longitudinem
3439 4093 3557 4150 pre-

1960 4154 2177 4225 mimur,
2219 4158 2379 4214 nullis
2407 4160 3018 4234 explere'suggestionis
3041 4170 3265 4225 vocibus
3293 4171 3553 4235 valemus.

1961 4244 2069 4302 Sed
2092 4248 2145 4302 in
2169 4252 2540 4321 omnipotente
2562 4253 2673 4312 Deo
2696 4246 3035 4326 confidimus,
3066 4264 3188 4332 quia
3213 4280 3276 4320 ea
3305 4280 3424 4334 qum
3446 4281 3553 4323 cm-

1960 4338 2059 4408 pit,
2110 4341 2499 4399 consolationis
2539 4363 2649 4402 sum
2676 4351 2833 4405 nobis
2878 4351 3019 4407 bona
3062 4354 3333 4424 perficiet;
3383 4367 3437 4411 et
3466 4359 3556 4426 qui

1961 4433 2239 4488 suscitavit
2271 4434 2323 4489 in
2349 4438 2619 4507 republica
2650 4442 2768 4511 pios
2781 4445 3049 4512 dominos,
3069 4450 3231 4503 etiam
3254 4451 3556 4519 eXStinguet

1964 4525 2497 4586 crudelcsinimicos.
2530 4551 2548 4584 ι
2586 4531 2723 4604 (Lib.
2759 4552 2873 4603 xui,
2905 4554 2989 4610 ep.
3017 4538 3135 4609 '58.)

2038 4616 2125 4673 22.
2167 4617 2297 4673 item
2327 4619 2567 4679 Leontim
2597 4626 2848 4696 Augustae
2874 4648 2886 4683 :
2927 4649 2944 4681 ι
2974 4632 3102 4697 Quae
3132 4631 3309 4699 lingua
3340 4632 3557 4705 eloqui,

1964 4710 2084 4779 quis
2113 4712 2321 4766 animus
2344 4715 2585 4784 cogitare
2613 4719 2870 4784 sufﬁciat,
2917 4730 3145 4791 quantas
3173 4723 3239 4795 de
3266 4726 3558 4783 serenitate

1964 4805 2130 4860 vestri
2157 4805 2365 4875 imperii
2384 4809 2739 4880 omnipotenti
2764 4812 2877 4867 Deo
2899 4814 3100 4881 gratias
3120 4814 3395 4882 debemus,
3414 4818 3557 4888 quod

1967 4906 2075 4952 tam
2107 4897 2241 4953 dura
2287 4899 2431 4970 longi
2463 4903 2721 4970 temporis
2768 4903 3006 4972 pondera
3036 4908 3333 4963 cervicibus
3364 4910 3559 4966 nostris

1965 4997 2146 5043 amota
2169 4997 2314 5052 sunt,
2340 5000 2395 5044 et
2425 4992 2717 5061 imperialis
2745 4995 2993 5050 culminis
3022 4997 3138 5053 leve
3161 5000 3347 5070 jugum
3378 5004 3555 5070 rediit,

1965 5080 2108 5149 quod
2132 5081 2295 5135 lubeat
2316 5090 2533 5152 portare
2554 5084 2842 5153 subjectis?
2865 5087 3138 5147 Reddatur
3158 5108 3288 5164 ergo
3312 5093 3557 5151 Creatori

1961 5171 2199 5227 omnium
2254 5173 2321 5227 ab
2372 5173 2693 5245 hymnidicis
2722 5178 3035 5249 angelorum
3076 5184 3258 5241 choris
3297 5185 3465 5253 gloria
3501 5187 3555 5240 in

1963 5263 2138 5319 caelo:
2181 5265 2518 5334 persolvatur
2552 5269 2619 5323 ab
2648 5270 2954 5329 hominibus
2980 5276 3272 5344 gratiarum
3318 5279 3459 5334 actio
3505 5279 3557 5333 in

1966 5366 2132 5422 terra,
2154 5358 2281 5426 quia
2313 5358 2561 5415 universa
2589 5364 2892 5434 respublica
2910 5408 2925 5432 ,
2953 5383 3073 5436 qum
3112 5370 3277 5424 multa
3310 5370 3556 5425 tnmroris

1966 5447 2187 5515 pertulit
2217 5449 2472 5517 vulnera,
2501 5452 2614 5521 jam
2643 5471 2786 5511 nunc
2827 5458 3215 5515 consolationis
3254 5468 3446 5516 vestrm
3475 5460 3556 5513 in-

1965 5540 2113 5595 venit
2141 5542 2395 5599 fomenta.
2431 5544 2584 5603 Unde
2615 5550 2771 5604 nobis
2798 5566 3021 5610 necesse
3061 5563 3145 5609 est
3173 5554 3555 5623 omnipotentis

1965 5627 2060 5683 Dei
2107 5634 2533 5692 misericordiam
2582 5639 2791 5694 enixius
2834 5654 3095 5701 exorare.
3143 5651 3202 5696 ut
3244 5655 3341 5695 cor
3364 5648 3555 5700 vestrm

1968 5765 2055 5819 nia
2081 5767 2181 5846 sub
2214 5768 2543 5846 Diocletiano
2562 5814 2577 5839 ,
2603 5775 2913 5846 c_oliturdie
2944 5776 3012 5829 l2
3031 5776 3385 5846 Septembris.

2040 5846 2062 5873 ε
2098 5836 2251 5963 imgel
2278 5842 2344 5895 ad
2373 5836 2577 5900 calcem
2610 5844 2971 5915 Epistolarum
3023 5847 3050 5917 ς
3082 5836 3138 5903 ιὲι
3166 5848 3233 5901 de
3257 5846 3441 5911 Phoco
3464 5873 3541 5914 co-

2040 5924 2097 5961 tm
2122 5926 2170 5963 ο.
2203 5925 2231 5961 (⁵
2258 5927 2304 5963 (³.

1964 5922 2170 5967 renato,
2203 5922 2304 5963 (⁵10.
