4138 6444
66 6299 650 6432 -ι-Ι...

598 373 698 434 187

1171 372 1230 430 s.
1271 371 1603 430 caseos“
1643 371 1864 432 MAGNI
1903 355 2085 436 tm.
2123 371 2326 433 aucr.
2367 373 2628 436 .IOANNE
2673 373 2984 436 DIACONO.
3027 377 3154 436 un.
3193 380 3281 438 IV.

3766 385 3870 441 188

593 491 806 565 pietatis
833 489 928 547 tua
959 485 1171 560 sempbr
1202 487 1422 545 dextera
1452 497 1671 556 teneat,
1717 489 1940 562 ejusque
1967 490 2173 560 cdgita-
2201 494 2255 549 Δ
2280 496 2528 550 scrutari.
2553 495 2620 550 Et
2633 497 2675 550 si
2701 497 2844 551 nulla
2865 513 2959 553 eos
2979 497 3258 557 diversitas
3274 501 3342 555 ab
3361 501 3642 559 electionis
3661 505 3875 563 unitate

592 585 767 641 tiones
797 579 1031 640 caelestis
1061 577 1244 652 gratia:
1273 591 1376 654 ope
1405 584 1678 654 dispenset
1703 602 1716 638 :
1749 593 2012 656 quatenus
2041 594 2180 640 tran-

590 677 827 748 quillitas
875 677 1050 731 Vesu'a
1097 671 1249 730 tanto
1289 671 1488 732 rectilis
1527 678 1704 732 valeat
1746 678 1844 732 sibi
1884 677 2179 733 servientes

589 767 814 838 regere,
843 763 1045 838 qhahto
1099 761 1431 823 Deminatori
1475 769 1712 824 omnium
1764 771 1972 825 noverit
1999 772 2179 826 verius

588 857 876 914 deservire.
907 855 963 911 lii
989 855 1173 913 auri‘ore
1203 855 1483 913 catholica:
1508 859 1628 914 fidei
1661 858 1823 915 faciat
1868 860 2180 916 defensores

587 973 732 1020 suos,
749 971 884 1024 quos
910 956 1035 1010 fecit
1053 971 1120 1009 ex
1136 957 1368 1024 benigno
1390 971 1552 1025 opere
1572 957 1926 1025 imperatores
1945 965 2175 1012 nustros.

586 1043 830 1101 lnfnndat
855 1048 908 1102 in
937 1033 1132 1103 chiris
1159 1048 1428 1102 mentibus
1461 1049 1634 1102 ieiuni
1667 1045 1822 1101 siinul
1855 1059 1909 1102 et
1939 1045 2181 1103 mansue-

587 1133 842 1201 tudinem,
879 1143 937 1192 ‘ut
968 1139 1056 1208 'pio
1081 1153 1296 1209 semper
1326 1137 1538 1193 fervore
1567 1139 1809 1201 valeatis,
1841 1148 1894 1193 et
1923 1131 2180 1208 quidquid

586 1232 636 1286 in
673 1227 782 1287 Deo
809 1233 1105 1298 cxceditur,
1139 1248 1248 1286 non
1279 1232 1506 1284 inuitum
1540 1231 1864 1300 relinquere,
1896 1237 1949 1286 'ct
1976 1229 2020 1286 si
2051 1231 2179 1300 quid

585 1323 638 1378 i'n
669 1325 820 1379 vobis
848 1321 1197 1395 delinquitur,
1233 1324 1504 1395 parcendo
1535 1321 1788 1380 tolerare.
1821 1343 1838 1377 ι
1885 1319 2025 1389 (Lib.
2067 1335 2180 1390 xnt,

592 1435 674 1488 ep.
699 1415 830 1486 '59.)

659 1506 747 1561 23.
783 1505 876 1564 His
896 1503 1182 1578 Gregorius
1203 1507 1448 1562 laudibus
1470 1500 1562 1561 alit
1583 1503 1703 1562 ideo
1727 1511 1895 1564 n'ovos‘
1918 1507 2184 1579 principes

589 1595 952 1668 demulcebat,
985 1601 1042 1655 ut
1071 1601 1349 1656 audientes
1387 1602 1572 1671 quales
1619 1616 1738 1658 esse
1768 1599 2054 1664 debebant,
2088 1601 2184 1656 iie-'

586 1695 709 1751 rent
739 1695 978 1749 mitiores
1003 1709 1163 1766 quam
1187 1694 1472 1750 Mauricius
1502 1693 1696 1760 fuerat,
1722 1695 1874 1764 cujus
1905 1703 1985 1749 tot
2011 1694 2184 1749 crimi-

585 1776 742 1842 nibus
772 1783 1010 1840 involuta
1043 1795 1286 1856 tempora
1318 1785 1746 1854 ‘cognoscebant;
1800 1794 1891 1839 aut
1936 1785 2060 1854 quia
2090 1801 2184 1842 eos

2281 587 2637 656 disterminat,
2666 590 2710 644 si
2737 590 2952 658 quidem
2983 592 3034 645 in
3066 593 3319 662 praedicto
3350 594 3460 648 filio
3485 593 3674 651 nostro
3702 596 3879 656 Cons-

2283 682 2453 735 tantio
2475 681 2712 736 omnium
2732 683 3034 739 voluntates
3055 693 3216 754 atque
3244 697 3559 742 consensum
3584 692 3879 760 perdurare

2283 773 2583 840 cognoscis,
2613 783 2738 830 tunc
2765 791 2888 830 eum
2914 793 2943 830 a
2975 778 3205 847 propriis
3243 778 3529 850 episcopis,
3563 782 3700 837 sicut
3732 787 3878 840 anti-

2282 863 2501 933 quitatis
2521 873 2638 922 ‘mos
2667 870 2850 935 exigit,
2880 883 3002 923 cum
3034 879 3230 926 nostrte
3258 874 3596 930 auctoritatis
3624 891 3870 941 assensu.

2283 956 2568 1014 s‘elatiante
2597 967 2651 1014 ct
2680 961 2972 1015 auxiliante
3003 961 3272 1028 Domino:
3315 963 3482 1020 facias
3511 971 3823 1023 consecrari
3853 989 3866 1023 :

2283 1056 2547 1116 quatenus
2567 1050 2873 1120 huiusmodi
2903 1064 3115 1108 servata
3141 1056 3552 1121 consuetudine,
3585 1070 3639 1114 et
3662 1070 3876 1130 aposto-
3939 1089 3942 1092 -

2286 1139 2386 1193 lica
2413 1142 2570 1196 'scdes
2617 1145 2894 1212 proprium
2924 1144 3163 1213 vigorem
3205 1149 3473 1214 retineat,
3513 1147 3569 1204 et
3599 1166 3629 1204 a
3657 1163 3715 1205 se
3745 1168 3876 1205 con-

2287 1241 2436 1287 cessa
2467 1233 2588 1287 aliis
2616 1249 2711 1287 sua
2737 1233 2857 1303 jura
2889 1250 2997 1290 non
3038 1237 3263 1292 minuat.
3296 1257 3314 1290 ι
3363 1238 3516 1309 (Lib.
3547 1253 3626 1305 nt,
3652 1257 3733 1310 ep.
3760 1241 3873 1313 50.)

2357 1323 2484 1387 Sed,
2505 1341 2624 1380 cum
2642 1334 2763 1396 post
2786 1337 2957 1381 annos
2971 1327 3174 1396 aliquot
3193 1328 3538 1383 Constantius
3557 1330 3770 1388 functus
3792 1332 3875 1385 in-

2287 1417 2508 1478 signiter
2523 1416 2797 1486 pontificio
2818 1417 3107 1473 dormisset
3125 1420 3175 1473 in
3200 1419 3446 1484 Domino,
3460 1421 3637 1476 clerus
3659 1429 3712 1476 et
3729 1423 3882 1491 plebs

2288 1509 2703 1565 Mediolanensis
2734 1509 3023 1565 Deusdedit
3050 1511 3334 1565 diaconum
3365 1511 3626 1602 eligentes
3655 1515 3722 1568 ab
3756 1515 3880 1583 Agis

2290 1599 2420 1656 iulfo
2450 1616 2573 1670 rege
2602 1610 2874 1656 terrentur
2896 1644 2911 1669 ,
2941 1610 3208 1672 quatenus
3249 1599 3398 1658 illum
3429 1605 3691 1672 eligo-rent
3718 1617 3879 1675 queui

2293 1692 2767 1760 Langobardorum
2797 1692 3074 1747 barbaries
3101 1693 3376 1748 voluisset.
3411 1694 3480 1749 At
3507 1695 3580 1750 illi
3603 1696 3880 1752 decretum

2290 1799 2444 1841 suum
2493 1783 2755 1851 Gregorio
2806 1781 3128 1851 dirigentes,
3175 1785 3459 1840 consilium
3508 1795 3563 1840 et
3611 1787 3880 1842 licentiam

517 1897 523 1904 ν
585 1871 681 1933 sibi
712 1889 928 1948 sumque
957 1877 1198 1932 ecclesia:
1225 1874 1602 1930 devotissimos
1632 1892 1896 1946 cernens,
1938 1889 2041 1932 non
2085 1891 2179 1932 eos
2211 1885 2257 1944 ﬂ
2285 1887 2492 1951 petunt.
2516 1876 2720 1945 Quibus
2747 1877 2861 1946 ipse
2885 1877 3026 1930 inter
3045 1886 3241 1931 caetera
3262 1877 3338 1932 sic
3368 1878 3679 1948 rescripsit:
3709 1898 3728 1930 ι
3750 1879 3882 1933 illud

586 1969 652 2024 ad
683 1966 1016 2040 tyrannidem
1047 1967 1284 2023 ruituros
1314 1983 1432 2022 esse
1460 1969 1699 2038 putabat.
1733 1968 1834 2035 Qui
1865 1969 2004 2024 ‘sicUt
2043 1963 2179 2038 qun-

593 2062 845 2118 rumlibet
875 2061 1000 2116 vitia
1027 2061 1207 2116 liberis
1237 2059 1457 2115 vocibus
1487 2057 1767 2129 arguebat,
1793 2069 1847 2114 et
1876 2069 2064 2116 contra
2092 2077 2182 2113 ca-

584 2151 754 2208 liencs
785 2155 1058 2223 priscasve
1089 2153 1506 2208 consuetudines
1533 2154 1718 2207 venire
1742 2153 2012 2208 neminem
2059 2168 2181 2222 per-

585 2243 850 2311 mittebat,
884 2246 954 2298 ita
979 2261 1097 2314 qua:
1127 2245 1534 2301 consuetudinis
1567 2246 1779 2299 fuerant
1807 2245 1937 2299 nulli
1969 2246 2183 2315 penitus

585 2335 902 2404 denegabat.
948 2333 1079 2389 Nam
1126 2342 1249 2389 mox
1293 2339 1352 2389 ut
1381 2335 1668 2406 episcopus
1699 2336 2010 2404 apostolica:
2041 2333 2204 2391 sedis-

586 2427 792 2492 ehittiit,
815 2426 1258 2497 patriarchalibus
1280 2423 1499 2479 sedibus
1521 2439 1668 2480 suam
1693 2425 2007 2496 synodicam
2027 2425 2186 2480 desti-

549 2549 560 2556 ί
587 2520 751 2583 navit,
785 2528 838 2574 ct
867 2518 1210 2589 postmodum
1243 2515 1571 2576 Secundino,
1603 2521 1764 2570 Servo
1794 2515 1890 2570 Dei
1936 2516 2183 2586 incldso,

586 2611 726 2667 inter
773 2619 963 2667 czetcra
993 2610 1214 2673 scribit,
1251 2610 1473 2663 dicens;
1508 2628 1526 2660 ι
1550 2607 1685 2663 Hinc
1715 2619 1796 2663 est
1824 2611 2008 2674 etiam,
2041 2611 2185 2679 quod

589 2705 806 2776 Quoties
852 2706 903 2759 in
929 2713 1160 2772 quatuor
1183 2701 1469 2772 prmcipuis
1489 2701 1708 2757 sedibus
1739 2703 2005 2758 antistites
2035 2704 2179 2758 ordi-

587 2806 764 2864 natur,
798 2797 1085 2869 synodales
1135 2797 1236 2851 sibi
1287 2795 1546 2864 epistolas
1577 2795 1810 2850 vicissim
1859 2795 2096 2861 mittant,
2131 2797 2184 2851 in

587 2890 777 2960 quibus
824 2903 884 2944 se
926 2893 1170 2943 Sanctam
1215 2883 1710 2942 Cbaicedo'nensem
1749 2889 2014 2958 synodum
2060 2905 2186 2944 cum

587 2981 702 3035 aliis
717 2980 1058 3051 generalibus
1074 2978 1292 3050 synodis
1307 2979 1578 3034 cuStodire
1595 2978 1883 3034 fateantur.
1908 2997 1926 3031 ι
1950 2977 2089 3050 (Lib.
2107 2995 2181 3046 ix,

593 3081 674 3148 ep.
711 3073 800 3130 32.
823 3077 840 3146 )
865 3075 997 3130 item
1028 3073 1346 3142 Athanasio,
1373 3073 1690 3144 presbytero
1711 3071 1776 3126 de
1800 3071 2002 3128 lsauria
2021 3115 2036 3140 ,
2065 3084 2187 3143 post

588 3169 753 3223 multa
781 3187 792 3222 :
830 3181 852 3220 η
881 3165 1056 3222 Fratri
1078 3171 1261 3222 nostro
1290 3165 1545 3238 Cyriaco,
1567 3165 2186 3236 Constantinopolitanae

589 3257 820 3316 civitatis
842 3253 1090 3324 antistiti,
1119 3259 1208 3329 qui
1233 3269 1402 3329 nuper
1427 3259 1476 3312 in
1499 3257 1722 3326 Joannis
1752 3257 2182 3314 reverendissimi

588 3348 827 3418 episcopi
874 3348 994 3403 loco
1027 3348 1304 3403 ordinatus
1344 3347 1449 3416 est,
1480 3357 1665 3403 nostra
1693 3349 1961 3404 voluimus
1985 3349 2185 3418 scripta

591 3443 995 3506 transmittere;
1027 3443 1119 3497 sed
1160 3443 1284 3512 quia
1315 3458 1420 3496 non
1464 3447 1544 3497 est
1586 3443 1920 3497 consuetudo
1954 3439 2009 3496 ut
2039 3443 2186 3511 prius

589 3541 750 3605 quam
782 3535 846 3590 ad
889 3547 990 3592 nos
1022 3536 1138 3604 ejus
1165 3535 1420 3607 synodica
1451 3531 1724 3591 deferatur
1751 3536 1799 3591 ei
1831 3523 2063 3591 scribere
2093 3527 2186 3591 d'é-

587 3623 830 3695 beamus,
856 3626 1058 3683 idcirco
1086 3645 1228 3683 nunc
1255 3629 1576 3694 distulimus,
1610 3639 1796 3699 pOstea
1820 3637 1999 3684 autem

587 3715 960 3775 indicabimus.
994 3738 1012 3771 ι
1045 3717 1185 3791 (Lib.
1211 3736 1283 3791 vl,
1310 3737 1390 3790 ep.
1425 3713 1540 3790 66.)
1573 3718 1742 3786 Quam
1773 3717 2026 3775 videlicet
2055 3737 2185 3775 con-

584 3811 949 3880 Suetudineni,
983 3812 1120 3868 sicut
1149 3815 1316 3867 nostri
1356 3827 1573 3883 quoque
1603 3809 1692 3884 tibi
1738 3821 1864 3868 ante
1911 3813 2184 3868 biennium

527 3913 531 3918 '
585 3895 652 3961 ab
682 3897 957 3961 Hadriano
987 3906 1363 3963 liberalissimo
1385 3925 1519 3980 papa
1551 3905 1602 3963 in
1626 3913 1813 3964 sancta
1833 3911 2026 3964 octava
2057 3907 2184 3980 sync

585 3993 690 4054 'ddo
733 3997 1001 4070 praefuere
1053 4005 1336 4067 testantur,
1366 3999 1438 4054 ita
1467 3995 1769 4054 Orientales
1795 3999 2064 4068 praecipue
2096 4016 2183 4054 re-

582 4089 762 4144 tinent
802 4095 973 4159 usque
1016 4083 1274 4145 hactenus
1322 4091 1522 4186 sedes,
1559 4081 1614 4144 ut
1660 4091 1713 4144 in
1759 4091 1870 4144 suis
1917 4080 2184 4161 dyp'tichis

586 4181 786 4236 nullius
828 4181 1103 4252 pontificis
1132 4197 1327 4237 nomen
1358 4181 1622 4252 scribant,
1650 4181 1933 4252 quousque
1961 4183 2183 4256 synodi-

587 4281 707 4329 ca'm
725 4258 889 4345 ipSius
904 4274 1222 4345 suscipiant,
1241 4283 1294 4329 et
1321 4275 1503 4329 tandiu
1537 4273 1847 4330 defunctum
1871 4275 2182 4346 pontiiicem

584 4361 729 4423 inter
753 4367 997 4423 viv‘entes
1026 4367 1380 4422 annui'n'ercnt
1405 4409 1420 4434 ,
1463 4367 1701 4436 quandiu
1733 4369 2014 4425 successor
2041 4365 2184 4426 illius

583 4465 713 4513 Suas
735 4455 943 4513 litteras
965 4457 1229 4512 Studucrit
1247 4457 1538 4512 destinare.

659 4549 748 4604 24.
792 4551 929 4606 Hinc
959 4558 1041 4604 est
1067 4547 1316 4603 nimirum
1343 4547 1486 4618 quod
1513 4548 1807 4619 Gregorius
1831 4567 1860 4605 a
1887 4549 2178 4609 consuetu-

581 4641 712 4696 dine
729 4643 902 4712 prisca
922 4653 1028 4696 non
1047 4630 1379 4709 discrepans,
1394 4635 1607 4706 Joanni,
1626 4640 1958 4700 subdiacono
1983 4645 2175 4700 rectori
2209 4671 2260 4731 Β

586 4731 894 4804 patrimonii
920 4729 1169 4800 Liguriae,
1201 4729 1387 4786 Scribit
1418 4729 1638 4788 dicens:
1678 4752 1693 4783 ι
1723 4727 1936 4799 Quanto
1962 4737 2180 4806 aposto-

585 4813 689 4876 lica
715 4822 891 4886 sedes,
915 4819 1026 4876 Deo
1070 4819 1313 4887 auctore,
1357 4822 1561 4876 ‘cunctis
1604 4822 1821 4892 praelata
1853 4829 2064 4880 constat
2093 4825 2181 4882 ec-

589 4909 786 4976 'clesiis,
817 4917 968 4966 tanto
993 4909 1133 4967 inter
1152 4911 1477 4981 multiplices
1507 4927 1662 4968 curas
1692 4922 1745 4969 et
1784 4915 1873 4970 illa
1902 4931 2001 4971 nos
2024 4917 2179 4973 valde

587 5000 860 5070 sollicitat,
891 5001 983 5057 ubi
1013 5000 1080 5057 ad
1129 5001 1552 5058 consecrandum
1583 5005 1900 5076 antistitem,
1933 5011 2174 5063 noStrum

590 5103 936 5164 exspectatur
988 5095 1286 5151 arbitrium.
1320 5095 1579 5153 Defuncto
1636 5097 1796 5167 igitur
1848 5093 2174 5168 Laurentio,

589 5185 847 5242 Ecclesia:
877 5183 1287 5243 Mediolanensis
1316 5187 1591 5258 episcopo,
1617 5205 1711 5246 sua
1745 5189 1898 5245 nobis
1921 5191 2179 5248 relatione

591 5278 767 5333 clerus
795 5276 1029 5332 innotuit
1059 5277 1111 5332 in
1139 5278 1405 5334 electione
1435 5296 1493 5335 se
1538 5279 1630 5334 filii
1661 5279 1829 5334 noswi
1857 5279 2178 5350 Constantii,

589 5368 805 5426 diaconi
850 5371 965 5436 sui,
1010 5372 1336 5427 unanimiter
1382 5374 1739 5428 consensisse.
1791 5365 1898 5428 Sed
1926 5375 2178 5444 quoniam

592 5467 784 5520 eadem
816 5479 921 5520 non
953 5463 1051 5520 fuit
1077 5465 1380 5538 subscripta
1417 5466 1630 5531 relatio,
1662 5480 1730 5521 ne
1759 5467 1883 5536 quid
1931 5467 2072 5537 quod
2117 5469 2182 5521 ad

591 5555 853 5611 cautelam
885 5559 1114 5627 pertinet
1143 5559 1477 5626 omittamus,
1511 5557 1709 5612 ideirco
1747 5557 1905 5626 hujus
1927 5561 2180 5631 praecepti

592 5647 910 5706 auctoritate
939 5643 1212 5706 suii'ultum
1237 5692 1255 5720 ,
1304 5651 1547 5706 Genuam
1573 5659 1626 5706 te
1656 5649 1919 5721 proﬁcisci
1963 5668 2182 5709 necesse

595 5750 697 5796 est.
733 5742 797 5796 Et
822 5743 947 5811 quia
979 5744 1086 5798 illic
1113 5746 1268 5798 multi
1313 5743 1792 5799 Mediolanensium
1823 5747 2011 5801 coactiv
2039 5746 2180 5801 Lan-

594 5834 953 5902 gobardorum
984 5833 1259 5891 barbarica
1293 5836 1502 5889 feritate
1549 5839 1877 5904 consistunt,
1908 5855 2098 5894 eorum
2130 5850 2183 5894 te

593 5927 902 5984 voluntates
929 5938 1161 6000 oportet,
1187 5930 1500 5985 convocatis
1528 5931 1605 5988 eis
1637 5933 1688 5987 in
1719 5947 2026 6000 commune,
2057 5949 2182 6008 per-

2285 1969 2430 2038 quod
2463 1969 2612 2022 vobis
2639 1967 2706 2021 ab
2738 1965 2966 2035 Agilulfo
2995 1966 3275 2023 indicastis
3299 1970 3556 2039 scriptum
3581 2011 3595 2036 ,
3636 1970 3882 2026 dilectio-

2289 2079 2408 2117 nem
2456 2071 2690 2116 vestram
2745 2075 2853 2113 non
2896 2069 3131 2114 moveat.
3184 2061 3314 2114 Nam
3350 2061 3496 2130 quod
3526 2077 3626 2117 nos
3666 2059 3883 2119 utilitati

2286 2164 2478 2210 vestra:
2509 2153 2799 2209 salubriter
2828 2153 3113 2207 consulere
3139 2153 3366 2209 velimus
3387 2195 3402 2220 ,
3448 2155 3502 2208 in
3549 2156 3768 2210 homine
3794 2156 3883 2226 qui

2290 2264 2395 2302 non
2445 2263 2475 2301 a
2521 2246 2804 2300 catholicis
2851 2255 2908 2300 et
2956 2246 3192 2300 maxime
3251 2245 3616 2316 Langobardis
3671 2249 3883 2316 eligitur

2288 2340 2430 2394 nulla
2462 2338 2764 2408 praebemus
2811 2338 3021 2392 ratione
3069 2353 3432 2406 consensum,
3475 2339 3600 2407 quia
3651 2339 3883 2394 vicarius

2286 2430 2458 2484 sancti
2509 2429 2780 2484 Ambrosii
2832 2427 3082 2495 indignus
3128 2429 3405 2483 evidenter
3453 2427 3788 2498 ostenditur,
3839 2431 3882 2485 si

2287 2523 2492 2578 electus
2512 2539 2548 2600 a_
2567 2523 2760 2577 talibus
2779 2521 3076 2581 ordinatur.
3099 2541 3118 2574 ι
3142 2520 3207 2574 Et
3230 2530 3351 2591 post
3368 2538 3535 2591 pauca
3559 2542 3604 2574 ει
3633 2521 3702 2578 Ut
3725 2523 3883 2592 igitur

2287 2617 2341 2670 in
2370 2615 2674 2670 ordinando
2703 2608 2994 2671 Deusdedit
3019 2615 3282 2683 diacono,
3322 2615 3412 2684 qui
3443 2631 3472 2668 a
3501 2616 3652 2670 vobis
3681 2617 3882 2672 electus

2287 2714 2389 2772 est,
2422 2707 2566 2760 nulla
2596 2707 2770 2776 possit
2797 2721 2948 2761 mora
2979 2707 3328 2775 contingere,
3366 2705 3756 2763 Pantaleonem
3789 2724 3883 2762 nec

2290 2799 2484 2853 larium
2506 2806 2752 2854 nostrum
2775 2798 3193 2865 transmisimus,
3219 2797 3310 2867 qui
3338 2814 3480 2863 cum,
3508 2807 3566 2853 ut
3587 2800 3756 2855 moris
3782 2811 3883 2865 est,

2289 2896 2562 2943 annuente
2590 2904 2888 2943 consensus
2919 2889 3088 2944 nostri
3118 2889 3470 2953 auctoritate,
3499 2886 3662 2944 faciat
3690 2905 3880 2946 consc-

2287 2981 2446 3037 crari.
2477 3000 2496 3033 »
2532 2980 2672 3052 (Lib.
2699 2997 2774 3046 Ix,
2799 2998 2882 3051 ep.
2907 2980 2986 3050 4.)

2357 3072 2445 3127 25.
2489 3075 2572 3129 Ab
2598 3074 2840 3129 adversis
2869 3075 3227 3144 potestatibus
3267 3085 3628 3145 praegravatos
3657 3075 3882 3133 fortissi-

2288 3182 2408 3221 mus
2455 3167 2611 3221 miles
2658 3165 2856 3220 Christi
2905 3164 3200 3236 Gregorius
3249 3167 3474 3223 viriliter
3525 3168 3881 3234 defendebat,

2289 3259 2594 3330 injusteque
2634 3259 2875 3330 dejectos
2914 3275 3025 3313 non
3069 3259 3242 3314 solum
3272 3259 3412 3314 inter
3455 3260 3732 3330 depositus
3780 3277 3882 3317 non

2291 3351 2543 3416 habebat,
2571 3367 2756 3405 verum
2799 3350 2961 3405 etiam
2992 3350 3229 3420 pristinis
3257 3351 3506 3420 gradibus
3551 3353 3882 3408 auctoritatis

2290 3459 2398 3500 sua:
2445 3441 2721 3512 privilegio
2752 3440 3096 3496 reformabat.
3140 3440 3274 3496 Nam
3295 3441 3664 3509 Anastasium,
3695 3442 3881 3499 Antio-

2289 3535 2519 3591 chenum
2552 3535 2936 3606 patriarcham,
2967 3535 3058 3603 qui
3088 3532 3349 3588 Joannem
3389 3533 3882 3606 Constantinopoli-

2289 3629 2768 3700 tanumjpraasulem
2787 3644 2919 3684 voce
2931 3627 3097 3683 libera
3110 3628 3530 3698 reprehendens,
3547 3628 3884 3699 imperatoris

2287 3723 2482 3780 Justini
2521 3723 2676 3792 jussu
2706 3723 2956 3778 detrusus
3005 3723 3058 3776 in
3105 3722 3323 3777 exilium
3347 3761 3362 3786 ,
3395 3723 3463 3777 ab
3493 3723 3623 3794 ipsis
3664 3723 3883 3781 Joannis

2286 3828 2440 3884 papae
2467 3813 2815 3884 temporibus,
2849 3828 3017 3883 usque
3041 3813 3107 3867 ad
3137 3814 3218 3868 sui
3249 3813 3594 3883 pontificatus
3637 3821 3881 3885 tempora

2287 3905 2672 3984 permanebat,
2719 3921 2846 3960 mox
2876 3913 2935 3960 ut
2958 3920 3225 3960 summum
3261 3905 3622 3960 sacerdotium
3654 3908 3880 3972 meruit,

2287 3998 2429 4053 inter
2457 3998 2790 4068 patriarchas
2819 4013 2940 4052 eum
2983 4007 3257 4068 reputans,
3289 3997 3503 4068 scriptis
3533 3997 3731 4053 talibus
3761 3999 3880 4054 ani-

2286 4090 2451 4150 mavit
2476 4109 2487 4144 :
2525 4110 2542 4143 ι
2571 4089 2860 4158 Praeterea,
2890 4091 3105 4161 inquit,
3127 4093 3267 4147 sicut
3297 4092 3617 4162 patriarchis
3644 4093 3765 4149 aliis
3791 4111 3879 4162 pa-

2286 4184 2434 4237 ribus
2456 4183 2666 4246 vestris,
2691 4181 3004 4254 synodicam
3032 4183 3186 4254 139
3202 4183 3356 4238 vobis
3378 4183 3661 4253 epistolam
3689 4184 3879 4251 direxi,

2286 4275 2411 4348 quia
2435 4273 2574 4343 apud
2597 4288 2682 4328 me
2704 4289 2918 4344 semper
2949 4275 3050 4329 hoc
3079 4285 3210 4330 esus
3235 4276 3376 4344 quod
3407 4293 3472 4329 ex
3495 4277 3880 4346 omnipotentis

2285 4353 2382 4420 Dei
2413 4379 2638 4419 munere
2668 4364 2954 4433 accepistis
2985 4379 3134 4431 eSse,
3169 4381 3276 4419 non
3319 4365 3461 4433 quod
3507 4381 3574 4420 ex
3605 4367 3879 4422 voluntate

2283 4439 2566 4510 hominum
2613 4455 2876 4526 putamini
2925 4472 3033 4510 non
3084 4471 3224 4510 esse.
3257 4476 3274 4507 ι
3312 4455 3442 4510 item
3475 4456 3649 4510 cidem
3699 4457 3750 4511 in
3781 4458 3877 4511 alia

2286 4547 2512 4620 epistola
2561 4555 2683 4620 post
2730 4547 2988 4602 nonnulla
3037 4547 3314 4601 scribens:
3357 4566 3373 4598 ι
3403 4545 3748 4602 Fraternitati
3781 4560 3878 4604 tua:

2285 4638 2463 4694 indico
2484 4639 2610 4708 quia
2641 4654 2671 4692 a
2695 4638 3054 4693 serenissimis
3077 4637 3332 4705 dominis,
3353 4639 3570 4708 quantis
3588 4640 3728 4693 valui
3754 4657 3877 4710 pre-

2286 4737 2455 4801 cibus,
2487 4736 2750 4806 postulavi
2786 4743 2840 4790 ut
2883 4751 3000 4804 vos,
3045 4735 3249 4788 honore
3295 4735 3575 4800 restituto,
3604 4736 3670 4789 ad
3710 4736 3874 4791 sancti

2289 4827 2432 4881 Petri
2460 4811 2830 4897 apostolorum
2875 4825 3132 4896 principis
3161 4825 3341 4879 limina
3375 4825 3580 4890 venire,
3608 4835 3664 4880 et
3689 4843 3869 4897 quous-

2239 4983 2243 4988 τ
2282 4932 2388 4988 que
2420 4917 2492 4970 ita
2528 4916 2637 4970 Deo
2668 4916 2947 4985 placuerit,
2978 4915 3065 4970 hic
3102 4931 3312 4972 mecum
3345 4916 3525 4970 vivere
3555 4919 3875 4984 concedant,

2281 5017 2546 5080 quatenus
2592 5007 2718 5084 dum
2748 5024 2844 5063 vos
2886 5007 3070 5062 videre
3116 5023 3366 5062 meruero
3391 5049 3407 5075 ,
3436 5009 3877 5077 peregrinationis

2283 5111 2480 5159 nostra:
2510 5100 2741 5165 tmdium,
2771 5101 2839 5156 de
2865 5110 3066 5155 mterna
3099 5100 3271 5170 patria
3304 5099 3534 5155 invicem
3565 5100 3873 5170 loquendo,

2282 5196 2605 5251 relevemus.
2640 5213 2656 5246 ›
2697 5195 2935 5264 Denique
2959 5193 3380 5249 studiosissimus
3409 5202 3563 5262 pater
3590 5193 3876 5263 Gregorius

2286 5287 2470 5342 tandiu
2509 5301 2675 5357 penes
2716 5269 3028 5339 Mauricium
3076 5285 3458 5353 imperatorem
3515 5284 3872 5351 suggestioni-

2283 5379 2382 5435 bus
2419 5380 2530 5435 suis
2577 5378 2880 5442 imminuit,
2931 5376 3104 5431 donec
3132 5385 3255 5447 post
3282 5376 3574 5431 multorum
3607 5392 3872 5431 annorum

2284 5473 2549 5529 curricula
2581 5486 2806 5540 magnus
2833 5470 3146 5540 Anastasius
3191 5471 3242 5524 in
3284 5470 3479 5525 throno
3508 5471 3729 5540 proprio
3756 5471 3871 5526 red-

2285 5565 2524 5622 deretur.
2582 5564 2680 5619 Cui
2730 5562 3260 5630 congratulabnndus
3305 5562 3602 5632 rescripsit,
3651 5562 3870 5617 dicens:

2291 5676 2308 5708 ο
2337 5655 2519 5711 Gloria
2562 5655 2614 5708 in
2645 5653 2872 5708 excelsis
2915 5653 3057 5718 Deo,
3089 5661 3144 5706 et
3173 5654 3224 5706 in
3256 5662 3399 5707 terra
3439 5669 3541 5722 pax
3571 5653 3873 5708 hominibus

2285 5749 2441 5804 bona:
2467 5746 2780 5811 Voluntatis,
2813 5744 2939 5814 quia
2969 5755 3194 5812 magnus
3225 5744 3312 5800 ille
3343 5741 3533 5799 ﬂuvius
3572 5743 3662 5816 qui
3703 5751 3872 5813 quon-

2286 5841 2406 5895 dam
2434 5840 2640 5905 arentia
2672 5837 2966 5892 Antiochia:
2988 5854 3118 5893 saxa
3150 5839 3464 5908 reliquerat,
3497 5838 3564 5894 ad
3593 5839 3870 5909 proprium

2287 5933 2498 5989 alveum
2529 5947 2795 5998 reversus,
2820 5932 3092 6001 subjectas
3117 5939 3172 5986 et
3195 5931 3346 6000 juxta
3379 5931 3580 6003 positas
3608 5930 3774 5986 valles
3802 5929 3865 5985 ri-
