4138 6458
286 446 391 502 189

864 434 923 494 S.
966 434 1295 491 GREGORII
1333 435 1549 492 MAGNI
1588 437 1772 504 Vl’l‘A,
1815 432 2014 491 AUCT.
2057 430 2316 489 JOANNE
2356 429 2670 487 DlACONO.
2709 430 2837 487 LIB.
2876 426 2967 488 IV.

3447 428 3552 485 190

282 572 391 633 gat,
418 568 474 614 ut
513 571 676 613 unum
706 555 1035 625 trigesimum
1054 596 1067 620 ,
1099 553 1244 608 aliud
1272 554 1683 623 sexagesimum,
1715 548 1859 605 aliud
1890 556 1935 615 Α
1964 544 2190 616 plevisse
2212 544 2505 610 remissius,
2530 558 2637 598 non
2661 543 2771 612 jam
2792 551 3001 598 tantum
3022 542 3337 623 injustitiarn
3370 538 3464 596 sed
3494 547 3551 595 et

282 670 414 711 vero
438 652 792 708 centesimum
822 648 961 701 ferat
988 645 1239 701 fructum.
1268 666 1290 699 ι
1319 646 1458 717 (Lib.
1485 662 1535 706 v,
1568 662 1649 715 ep.
1671 642 1789 712 39.)

355 746 441 799 96.
485 741 845 803 Hadrianum,
880 739 1148 793 Thebana
1175 739 1407 793 civitatis
1449 737 1763 807 episcopum
1784 774 1799 800 ,
1832 749 1863 788 a

285 834 491 891 Joanne
517 833 696 902 primm
716 828 1049 893 Justiniame,
1081 837 1137 883 et
1162 828 1335 883 altero
1357 826 1582 892 Joanne,
1608 826 1865 880 Larisszco

286 928 569 999 episcopis,
595 924 792 992 injuste
814 921 1140 992 depositum,
1164 936 1273 975 non
1300 920 1474 975 solum
1501 918 1613 973 sedi
1636 919 1865 987 propriae

284 1018 548 1081 reddidit,
575 1030 758 1069 verum
787 1013 950 1068 etiam
980 1012 1145 1082 ipsius
1171 1011 1452 1067 ecclesiam
1481 1011 1727 1065 Romano
1744 1009 1865 1078 jure

284 1109 597 1173 defendens,
636 1122 668 1160 a
700 1104 943 1159 Larisszei
993 1103 1230 1174 episcopi
1268 1109 1537 1173 potestate
1578 1101 1861 1166 subduxit,

282 1203 427 1258 inter
453 1211 643 1257 cetera
675 1199 896 1253 dicens:
936 1216 952 1248 ι
979 1194 1307 1250 Hadrianum
1354 1195 1664 1264 episcopum
1708 1209 1865 1263 repe-

282 1293 472 1356 rimus,
506 1300 561 1346 et
604 1298 697 1344 tuo
742 1297 931 1345 contra
966 1287 1330 1342 sacerdotales
1359 1301 1539 1341 mores
1566 1286 1689 1340 odio
1714 1285 1866 1339 labo-

283 1404 455 1454 rasse,
512 1396 566 1440 et
592 1385 737 1439 nullo
779 1384 900 1453 jure
940 1381 1260 1452 pecuniariis
1289 1381 1343 1434 in
1389 1380 1565 1435 causis
1611 1394 1733 1434 eum
1761 1379 1866 1433 fra-

284 1480 551 1536 ternitatis
578 1487 681 1532 ture
721 1477 1135 1531 condemnatum
1176 1474 1345 1530 fuisse
1387 1474 1673 1530 sententia.
1731 1473 1864 1540 Quia

284 1574 444 1643 igitur
473 1573 615 1626 etab
644 1569 881 1624 antefato
910 1567 1146 1631 Joanne,
1174 1567 1359 1635 prima:
1386 1564 1698 1619 Justiniana:
1726 1565 1863 1633 epis-

282 1681 452 1735 cnpo,
475 1672 663 1718 contra
704 1660 790 1730 jus
819 1672 1161 1728 canonesque
1187 1657 1463 1727 depositus
1486 1696 1502 1719 ,
1532 1654 1751 1709 honoris
1779 1652 1863 1707 sui

281 1756 452 1826 gradu
480 1769 668 1810 carere
710 1768 818 1807 non
848 1750 1045 1821 potuit,
1073 1749 1127 1803 in
1155 1762 1252 1803 sua
1282 1763 1405 1803 eum
1452 1746 1730 1801 reformari
1774 1759 1866 1800 ec-

280 1849 466 1912 clesia,
498 1856 659 1915 atque
689 1845 742 1899 in
770 1844 999 1914 propria:
1030 1842 1301 1911 dignitatis
1339 1840 1582 1896 ordinem
1618 1839 1862 1894 decrevi-

1966 636 2357 693 contumaciam
2396 634 2746 689 fraternitatis
2776 646 2879 689 tuae
2909 649 3233 705 cognoscas,
3266 616 3551 701 adjuvante

1965 730 2214 795 Domino,
2237 726 2476 783 severius
2502 727 2845 800 puniendam.
2876 725 3159 782 Prtefatum
3177 741 3305 781 vero
3328 724 3551 778 Hadria-

1965 844 2113 891 num,
2138 827 2355 882 fratrem
2388 834 2441 881 et
2468 825 2850 894 coepiscopum
2890 832 3155 888 nostrum,
3191 836 3260 876 ex
3300 828 3393 875 tua
3423 835 3550 873 sen-

1968 918 2163 983 tentia,
2218 914 2279 970 ιιι
2322 914 2587 980 diximus,
2646 925 2981 981 nequaquam
3039 909 3333 964 canonibus
3378 922 3552 978 neque

1965 1009 2173 1078 legibus
2200 1007 2527 1063 subsistente
2556 1004 2887 1067 damnatum,
2917 1002 2971 1054 in
3002 1017 3155 1055 suum
3186 1002 3361 1055 locum
3391 1009 3553 1067 atque

1965 1102 2211 1158 ordinem
2240 1100 2455 1165 reverti,
2488 1099 2701 1155 Christo
2744 1096 3057 1158 comitante,
3088 1094 3459 1164 disponimus:
3495 1099 3554 1145 ut

1967 1211 2068 1251 nec
2097 1195 2171 1249 illi
2196 1192 2546 1249 fraternitatis
2597 1200 2699 1245 tua:
2742 1196 2938 1244 noceat
2980 1195 3169 1241 contra
3193 1185 3410 1254 justitia:
3443 1195 3551 1239 tra-

1968 1288 2149 1341 mitem
2194 1286 2422 1356 prolata'
2452 1283 2717 1338 sententia
2738 1320 2753 1347 ,
2786 1296 2885 1335 nec
2922 1279 3159 1334 charitas
3189 1286 3279 1331 tua
3308 1294 3407 1347 pro
3438 1278 3552 1347 pla-

1968 1378 2136 1433 cauda
2183 1378 2344 1433 futuri
2385 1378 2749 1456 indignatione
2790 1374 2990 1445 judicis
3034 1374 3339 1428 incorrecta
3380 1387 3556 1426 rema-

1968 1481 2113 1527 neat.
2144 1493 2162 1523 ι
2199 1470 2337 1543 (Lib.
2364 1488 2438 1536 ιιι,
2471 1489 2554 1542 ep.
2587 1469 2668 1539 6.)
3138 1538 3139 1543 η

2041 1560 2127 1615 27.
2172 1560 2309 1615 Hinc
2344 1569 2425 1615 est
2451 1559 2615 1629 quod,
2650 1560 2891 1628 exceptis
2921 1557 3254 1619 criminibus,
3290 1556 3557 1611 neminem

1967 1654 2307 1710 sacerdotum
2338 1652 2628 1721 Gregorius
2683 1650 3005 1721 deponebat,
3056 1650 3164 1705 imo
3185 1665 3298 1720 ,pro
3326 1649 3558 1720 qualita-

1970 1746 2111 1799 tibus
2163 1744 2480 1798 delictornm
2533 1742 2817 1797 venialiter
2868 1740 3245 1796 communione
3293 1739 3557 1809 privabat.

1971 1818 2123 1892 Unde
2146 1820 2357 1901 joanni,
2382 1838 2636 1908 episcopo
2658 1818 3061 1905 Callipolitano,
3089 1841 3212 1904 post
3233 1832 3410 1902 aliqua
3439 1831 3561 1887 scri-

280 1954 404 1995 mus
431 1914 697 1992 revocari.
731 1935 797 1989 Et
829 1950 953 1990 cum
980 1934 1315 2005 Oportuisset
1343 1941 1397 1987 te
1425 1948 1491 1987 ex
1513 1947 1580 1987 eo
1606 1931 1867 1986 Dominici
1896 1933 1941 1991 Β
1972 1931 2122 1994 bens,
2153 1931 2229 1984 ait
2255 1949 2266 1982 :
2307 1950 2324 1981 ι
2350 1914 2687 2005 Matriculam
2736 1943 2895 1995 quam
2938 1926 3102 1979 frater
3128 1932 3185 1980 et
3211 1923 3563 1995 coepiscopus

282 2029 529 2097 corporis
573 2028 951 2081 communione
992 2025 1226 2095 privari,
1275 2024 1451 2093 quod,
1502 2023 1869 2078 admonitione

281 2130 484 2177 sancta:
532 2118 806 2174 memoriae
868 2118 1169 2173 decessoris
1214 2118 1322 2172 mei
1374 2124 1723 2186 contempta,
1772 2130 1871 2185 per

282 2227 449 2282 quam
490 2226 613 2265 eum
642 2208 1035 2278 eoclesiamque
1074 2207 1189 2277 ejus
1235 2207 1304 2263 de
1353 2216 1456 2262 ture
1500 2206 1871 2278 jurisdictione

283 2302 567 2374 potestatis
600 2301 821 2366 exeruit,
852 2314 1037 2354 rursus
1079 2300 1136 2354 in
1165 2298 1244 2354 eis
1271 2298 1471 2367 aliquid
1518 2298 1613 2353 tibi
1654 2297 1792 2367 juris
1818 2304 1873 2349 et

281 2392 503 2449 ditionis
531 2408 748 2448 scrvare
777 2392 1206 2461 praesumpseris,
1238 2401 1417 2446 tamen
1463 2407 1563 2446 nos
1591 2392 1873 2447 humanius

280 2488 659 2550 decernentes,
686 2486 1191 2554 communionisque
1236 2484 1332 2539 tibi
1360 2493 1758 2540 sacramentum
1788 2486 1872 2539 in-

281 2580 442 2635 terim
490 2587 875 2636 conservantes
900 2618 915 2644 ,
947 2579 1285 2634 decernimus
1325 2586 1381 2632 ut
1426 2578 1734 2633 fraternitas
1786 2588 1874 2632 tua

280 2671 346 2726 ab
383 2686 449 2726 eo
472 2670 807 2739 ecclesiaque
833 2670 949 2740 ejus
970 2684 1187 2723 omnem
1208 2678 1333 2724 ante
1353 2670 1547 2724 habitae
1565 2686 1672 2724 suae
1696 2679 1876 2740 potes-

279 2769 451 2815 tatem
494 2760 882 2830 jurisdictionis
931 2760 1235 2825 abstineat,
1267 2772 1323 2813 et
1351 2760 1645 2815 secundum
1675 2762 1876 2831 scripta

279 2854 588 2923 decessoris
618 2855 787 2910 nostri
809 2892 825 2918 ,
855 2854 901 2909 si
930 2869 1033 2922 qua
1062 2868 1225 2908 causa
1247 2853 1333 2907 vel
1380 2853 1498 2907 fidei
1529 2855 1612 2908 vel
1639 2854 1879 2909 criminis

278 2948 374 3003 vel
403 2947 706 3017 pecuniaria
726 2988 740 3011 ,
771 2946 1029 3001 adversus
1075 2942 1354 3015 praefatum
1396 2943 1723 2999 Hadrianum
1749 2962 1880 3001 con-

277 3039 624 3096 sacerdotem
647 3047 888 3093 nostrum
916 3037 1154 3107 potuerit
1177 3036 1429 3102 evenire;
1454 3036 1539 3089 vel
1563 3050 1659 3106 per
1673 3052 1766 3090 eos
1789 3037 1881 3106 qui

282 3129 460 3185 nostri
487 3137 611 3183 sunt
638 3128 722 3183 vel
751 3127 949 3183 fuerint
992 3128 1045 3181 in
1078 3128 1211 3182 urbe
1259 3127 1404 3196 regia
1441 3127 1802 3194 responsales,
1833 3128 1882 3182 si

287 3220 575 3275 mediocris
623 3228 706 3275 est
754 3219 1021 3288 quaestio,
1076 3228 1472 3288 cognoscatur;
1521 3220 1608 3275 vel
1656 3220 1763 3275 huc
1808 3219 1880 3275 ad

1970 2033 2154 2077 noster
2180 2021 2443 2084 Andreas,
2466 2002 2787 2073 Tarentinus
2838 2019 3143 2087 episcopus,
3176 2016 3304 2070 fecit
3340 2015 3563 2069 fustibus

1971 2114 2242 2181 castigari,
2266 2111 2509 2181 quamvis
2568 2094 2763 2165 exinde
2816 2117 2939 2179 post
2986 2117 3112 2164 octo
3159 2106 3372 2163 incuses
3426 2106 3564 2159 hanc

1973 2210 2169 2266 abiisse
2200 2224 2307 2263 non
2348 2207 2649 2269 credamus,
2680 2212 2880 2269 tamen,
2913 2204 3039 2269 quia
3066 2217 3187 2256 eam
3218 2208 3407 2255 contra
3438 2214 3564 2269 pro-

1973 2302 2133 2373 positi
2175 2286 2257 2355 sui
2303 2299 2545 2355 ordinem
2602 2297 2913 2368 bujusmodi
2960 2296 3088 2351 fecit
3131 2286 3328 2364 aﬂligi,
3360 2292 3565 2347 duobus

1974 2400 2117 2454 hunc
2141 2397 2414 2453 mensibus
2445 2412 2472 2449 a
2502 2394 2789 2449 missarum
2820 2391 3163 2447 solemnitate
3190 2387 3477 2459 suspende,
3513 2393 3566 2443 ut

1974 2490 2061 2543 vel
2089 2490 2200 2543 haec
2248 2503 2368 2543 cum
2404 2484 2729 2539 verecundia
2752 2525 2768 2551 ,
2800 2482 3016 2561 qualem
3054 2496 3113 2535 se
3142 2480 3209 2557 de
3238 2488 3432 2534 caetero
3462 2493 3561 2533 ex-

1976 2564 2162 2634 hibere
2190 2578 2380 2647 possit,
2414 2576 2677 2631 instituat.
2702 2594 2722 2627 ι
2760 2573 2901 2646 (Lib.
2931 2590 3009 2639 ιιι,
3038 2590 3119 2643 ep.
3149 2569 3265 2641 46.)

2050 2673 2138 2727 28.
2178 2671 2236 2727 Si
2263 2656 2479 2740 quando
2526 2684 2686 2738 super
2729 2666 3071 2723 sacerdotum
3115 2646 3428 2719 criminibus
3457 2668 3568 2721 erat

1980 2766 2180 2835 aliquid
2206 2763 2571 2819 ventilandum
2594 2801 2609 2826 ,
2638 2776 2760 2815 cum
2790 2776 2999 2816 summa
3028 2759 3385 2823 districtione,
3416 2772 3568 2826 graus

1982 2861 2140 2927 dique
2187 2858 2396 2913 cautela
2426 2855 2717 2925 Gregorius
2757 2854 3176 2924 uniuscujusque
3207 2853 3425 2922 capituli
3456 2867 3569 2906 mo-

1984 2953 2138 3005 dulos
2186 2964 2433 3019 quaerens
2458 2990 2473 3015 ,
2506 2946 2832 3001 sententiam
2872 2960 3022 2998 suam
3069 2943 3238 3013 magis
3290 2941 3570 2997 difficulter

1983 3058 2143 3112 quam
2172 3042 2404 3095 faciliter
2422 3038 2819 3108 promulgabat.
2853 3033 3003 3089 Uade
3030 3034 3226 3097 Natali,
3259 3032 3570 3088 Salonitano

1984 3133 2259 3203 epiec0po,
2286 3131 2544 3195 scribens,
2578 3129 2653 3182 ait
2679 3146 2691 3181 :
2728 3146 2746 3181 ε
2773 3124 2907 3182 Cum
2932 3134 3127 3181 cuncta
3152 3125 3384 3195 negotia,
3417 3125 3570 3179 inda-

1985 3226 2173 3296 ganda:
2203 3206 2566 3280 sollicitudine
2590 3220 2829 3275 veritatis
2860 3219 3164 3287 indigeant,
3198 3225 3310 3272 tum
3360 3232 3478 3286 qua:
3508 3217 3572 3275 ad

289 3311 643 3385 apostolicam
672 3311 880 3377 sedem,
911 3311 955 3365 si
985 3319 1069 3366 est
1096 3310 1284 3379 ardua,
1310 3312 1609 3367 deducatur
1644 3331 1655 3365 :
1687 3322 1878 3382 quate-
1904 3318 1955 3381 C
1986 3318 2344 3387 dejectionem
2375 3313 2791 3370 sacerdotalium
2816 3312 3089 3382 pertinent
3137 3309 3418 3378 graduum,
3451 3318 3574 3387 sunt

288 3420 390 3459 nus
420 3411 616 3459 nostra:
663 3402 945 3458 audientiae
990 3404 1255 3458 sententia
1303 3403 1598 3458 decidatur.
1647 3402 1802 3470 Quod
1833 3403 1879 3456 si

287 3505 483 3554 contra
531 3497 643 3553 haec
687 3512 807 3567 qua:
854 3496 1171 3561 statuimus,
1214 3496 1457 3567 quolibet
1500 3508 1742 3567 tempore
1785 3513 1880 3552 seu

287 3590 529 3660 qualibet
563 3590 850 3646 occasione
880 3590 963 3646 vel
992 3590 1331 3661 surreptione
1360 3592 1543 3645 venire
1567 3592 1878 3659 tentaveris,

286 3697 448 3738 sacra
487 3691 540 3738 te
571 3682 710 3736 scias
753 3683 1135 3738 communione
1178 3683 1482 3753 privatum;
1515 3700 1616 3739 nec
1640 3700 1762 3739 eam
1794 3693 1847 3740 te
1867 3727 1881 3750 ,

288 3781 525 3843 excepto
559 3773 746 3827 ultimo
774 3774 896 3827 vita:
928 3781 1029 3826 tuae
1058 3781 1325 3843 tempore,
1356 3774 1459 3830 nisi
1488 3789 1745 3829 concessa
1778 3773 1887 3828 Ro-

286 3867 443 3922 mani
482 3865 755 3934 pontilicis
790 3864 1128 3919 decernimus
1168 3864 1410 3933 jussione
1454 3866 1714 3936 recipere.
1760 3865 1887 3921 Haec

284 3958 441 4015 enim
464 3970 703 4011 consona
724 3954 925 4009 sanctis
944 3954 1194 4009 Patribus
1213 3954 1523 4008 deﬁnitione
1541 3954 1884 4021 sancivimus,

290 4061 352 4108 ut
396 4050 488 4120 qui
528 4048 694 4103 sacris
741 4048 911 4103 nescit
952 4046 1170 4102 obedire
1218 4046 1551 4115 canonibus,
1584 4062 1684 4103 nec
1720 4048 1888 4103 sacris

290 4142 675 4199 administrare
724 4140 807 4196 vel
850 4140 1287 4197 communionem
1340 4154 1538 4210 capere
1583 4141 1654 4196 sit
1697 4140 1889 4210 dignus

293 4234 581 4290 altaribus.
607 4252 625 4284 ι
660 4230 798 4302 (Lib.
827 4248 907 4299 tu,
929 4249 1012 4302 ep.
1048 4232 1137 4302 7.)

368 4324 501 4379 Item
529 4322 723 4378 Joanni
750 4364 764 4391 ,
793 4323 1048 4393 episeopo
1097 4321 1281 4392 prima;
1326 4319 1679 4376 Iustinianze:
1719 4320 1892 4377 «Post

295 4414 488 4483 longas
502 4412 874 4471 tribulationes
893 4428 1026 4483 quas
1048 4411 1346 4468 Hadrianus
1370 4411 1639 4468 Thebana:
1659 4414 1891 4468 Civitatis

296 4505 618 4576 episcopus,
650 4518 680 4557 a
708 4502 1182 4559 consacerdotibus
1227 4504 1337 4558 suis
1379 4505 1522 4558 velut
1552 4505 1620 4559 ab
1649 4505 1891 4561 hostibus

296 4596 561 4671 pertulit,
602 4599 655 4651 in
705 4596 1004 4653 Romanam
1028 4597 1299 4653 civitatem
1343 4598 1603 4669 confugit.
1651 4596 1717 4652 Et
1761 4598 1891 4654 licet

1984 3410 2276 3465 districtius
2298 3406 2638 3472 trutinanda;
2669 3406 2721 3459 in
2748 3405 2942 3473 quibus
2973 3419 3079 3458 non
3105 3411 3212 3457 tam
3244 3401 3310 3456 de
3332 3400 3574 3455 humanis

1985 3503 2292 3561 constitutis
2312 3516 2473 3571 quam
2500 3499 2569 3553 de
2590 3498 2784 3553 divinae
2807 3484 3041 3567 quodam
3070 3482 3231 3550 modo
3256 3494 3574 3550 benedictio-

1984 3598 2068 3653 nis
2095 3594 2455 3663 refragatione
2488 3600 2766 3647 tractatur.
2802 3589 3112 3644 Nuntiatum
3139 3580 3399 3658 siquidem
3427 3588 3576 3643 nobis

1985 3698 2069 3745 est
2094 3688 2453 3749 Florentium,
2488 3683 2885 3755 Epidauritanze
2924 3682 3154 3737 civitatis
3193 3683 3527 3753 episc0pum,
3551 3696 3577 3734 a

1985 3778 2304 3849 quibusdam
2348 3776 2511 3830 fuisse
2557 3775 2611 3828 in
2643 3774 2820 3828 causis
2849 3771 3214 3827 criminalibus
3252 3780 3578 3839 accusatum,

1987 3879 2060 3936 et,
2093 3868 2253 3923 nullis
2280 3864 2557 3922 canonicis
2594 3864 3007 3935 probationibus
3035 3862 3334 3931 exquisitis,
3368 3877 3469 3917 nec
3497 3878 3578 3916 sa-

1988 3959 2279 4017 cerdotalis
2306 3958 2517 4017 consilii
2554 3957 2923 4028 prmveniente
2961 3957 3183 4028 judicio,
3210 3974 3333 4013 eum
3366 3956 3580 4013 honoris

1989 4050 2166 4108 oﬂicio
2182 4066 2296 4106 non
2311 4050 2455 4120 jure,
2479 4048 2575 4105 sed
2605 4050 2924 4105 auctoritate
2953 4049 3284 4119 depositum.
3302 4049 3435 4116 Quia
3452 4062 3580 4117 ergo

1991 4157 2096 4199 non
2120 4149 2301 4221 potest
2320 4156 2643 4212 quemquam
2663 4141 2731 4195 ab
2746 4140 3087 4211 episcopatus
3102 4140 3288 4209 gradu,
3314 4142 3412 4195 nisi
3427 4140 3582 4209 justis

1990 4249 2057 4289 ex
2086 4232 2282 4301 causis,
2310 4244 2539 4287 concors
2558 4229 2900 4287 sacerdotum
2926 4246 3265 4287 summovere
3294 4233 3580 4294 sententia.

1992 4330 2271 4383 hortamur
2289 4308 2679 4405 fraternitatem
2697 4332 2927 4378 vestram
2952 4332 3009 4378 ut
3030 4324 3308 4393 praefatum
3324 4324 3496 4378 virum
3518 4339 3583 4380 ex

1993 4418 2183 4475 eodem
2210 4416 2263 4473 in
2293 4415 2437 4484 quod
2469 4415 2719 4471 detrusus
2745 4423 2830 4470 est
2858 4414 2981 4484 ejici
3011 4414 3221 4471 faciatis
3245 4417 3428 4483 exilio,
3459 4432 3583 4470 cauo

1991 4525 2216 4579 samque
2255 4507 2370 4579 ejus
2400 4508 2691 4579 episcopali
2717 4508 3107 4579 disceptatione
3132 4510 3372 4579 perquiri
3399 4528 3411 4573 ;
3456 4518 3511 4564 et
3539 4512 3583 4565 si

1996 4604 2049 4656 in
2077 4602 2160 4658 his
2190 4602 2243 4656 in
2283 4601 2479 4671 quibus
2500 4616 2782 4657 accusatur
2805 4602 3065 4657 canonica
3087 4601 3246 4656 fuerit
3266 4584 3586 4670 probatione

302 4692 558 4747 adversus
585 4689 866 4758 Joannem,
888 4688 1204 4745 Larissaeum
1227 4691 1558 4761 episcopum.
1598 4692 1752 4763 ιω
1776 4694 1892 4761 ejus
1921 4695 1971 4755 Ι)
1998 4693 2274 4749 convictus
2293 4734 2308 4760 ,
2333 4692 2589 4747 canonica
2622 4686 2807 4761 procul
2830 4678 2993 4746 dubio
3022 4700 3107 4745 est
3135 4691 3335 4746 ultione
3357 4692 3586 4762 plecten«

303 4782 493 4838 fuisset
516 4782 688 4852 prima
716 4786 1011 4852 suggestio,
1042 4798 1149 4837 non
1178 4784 1246 4837 ab
1276 4798 1342 4837 eo
1366 4784 1416 4837 in
1439 4784 1614 4839 causis
1642 4785 1898 4854 pecunia-

305 4877 428 4942 riis,
474 4878 764 4931 reservatis
805 4876 1009 4943 legibus
1056 4885 1139 4931 est
1179 4876 1519 4944 judicatum:
1554 4886 1732 4932 tamen
1776 4886 1899 4947 post

308 4968 423 5022 haec
451 4968 618 5036 magis
647 4975 834 5021 contra
864 4981 1150 5035 personam
1180 4965 1535 5023 fraternitatis
1577 4977 1695 5033 ture,
1732 4984 1762 5023 a
1792 4985 1897 5040 qua

310 5076 416 5115 non
443 5060 586 5130 juste
616 5075 673 5115 se
717 5078 746 5113 a
792 5059 1080 5116 sacerdotii
1110 5058 1279 5127 gradu
1323 5057 1593 5129 flagitabat
1640 5076 1760 5118 esse
1800 5061 1896 5116 de-

307 5154 510 5222 jectpm
535 5197 547 5218 ,
588 5154 903 5222 gravissime
953 5149 1345 5220 querebaturh
1382 5154 1450 5207 Et
1498 5152 1670 5207 infra:
1704 5174 1721 5206 ε
1745 5154 1899 5221 Quod

313 5263 464 5312 vero,
491 5247 679 5317 inquit,
713 5245 779 5299 ad
810 5260 1044 5315 praesens
1072 5244 1285 5309 attinet,
1316 5246 1539 5299 cassatis
1565 5246 1712 5316 prius
1742 5254 1902 5316 atque

314 5340 381 5393 ad
408 5338 632 5393 nihilum
662 5337 892 5392 redactis
923 5336 1187 5406 praedictae
1217 5338 1497 5391 sententiae
1525 5345 1627 5391 tute
1646 5338 1899 5406 decretis,

315 5444 383 5483 ex
410 5430 554 5483 beati
588 5426 730 5483 Petri
759 5428 1128 5496 apostolorum
1163 5428 1415 5498 principis
1452 5430 1773 5485 auctoritate
1811 5431 1903 5486 de-

316 5523 586 5575 cernimus
609 5521 821 5589 triginta
845 5520 1054 5575 dierum
1078 5521 1251 5590 spatio
1274 5536 1427 5575 sacra
1456 5529 1507 5577 te
1528 5538 1905 5580 communione

322 5617 606 5683 privatum,
636 5616 703 5671 ab
731 5616 1105 5684 omnipotente
1134 5614 1244 5669 Deo
1272 5624 1457 5669 IIOsU‘O
1490 5616 1623 5669 tanti
1654 5632 1906 5673 excessus

322 5708 529 5761 veniam
559 5721 680 5760 cum
707 5722 911 5771 summa
938 5705 1252 5775 ptenitentia
1281 5720 1345 5760 ac
1377 5706 1625 5777 lacrylnis
1656 5723 1902 5763 exorare.

321 5793 473 5861 Quod
498 5797 542 5853 si
575 5798 714 5850 banc
741 5796 1061 5851 sententiam
1092 5805 1331 5851 nostram
1383 5806 1435 5853 te
1460 5800 1778 5869 cognoveris
1806 5816 1906 5855 un-

2001 4787 2116 4843 dus.
2152 4786 2305 4854 Quod
2335 4786 2378 4840 si
2406 4786 2537 4839 alias
2566 4801 2725 4855 quam
2752 4785 2819 4839 de
2857 4800 2923 4839 eo
2951 4784 3272 4838 aestimatum
3302 4793 3383 4839 est
3427 4801 3587 4856 syno-

2000 4878 2106 4933 dali
2133 4878 2295 4934 fuerit
2322 4877 2668 4947 inquisitione
2696 4883 3053 4945 compertum,
3081 4891 3302 4931 necesse
3327 4887 3411 4932 est
3451 4888 3506 4932 ut
3535 4889 3587 4932 et

2002 4974 2391 5037 criminatores,
2417 4971 2547 5039 justi
2574 4969 2959 5024 districtionem
2985 4970 3122 5038 juris
3159 4973 3502 5036 exhorreant,
3536 4981 3588 5027 et

2002 5063 2340 5117 incriminato
2370 5061 2694 5114 innocentia:
2722 5075 2833 5114 sum
2854 5070 3136 5116 serventur
3167 5062 3368 5117 illibata
3399 5064 3584 5120 suil'ra~

2003 5158 2107 5225 gia.
2156 5153 2543 5208 Executionem
2592 5167 2722 5207 vero
2769 5151 2991 5207 antefati
3042 5155 3238 5223 negotii
3283 5142 3588 5222 Antonino,

2004 5246 2333 5303 subdiacono
2361 5252 2566 5304 nostro.
2600 5260 2666 5299 ex
2692 5253 2877 5299 nostra
2921 5246 3281 5316 praeceptione
3318 5246 3590 5300 mandavi-

2006 5353 2143 5403 mus,
2167 5335 2319 5408 14],
2338 5343 2603 5407 quatenus
2619 5334 2733 5404 ejus
2754 5336 3026 5403 instantia,
3042 5346 3094 5391 et
3110 5353 3227 5406 quae
3243 5344 3367 5391 sunt
3388 5336 3591 5405 legibus

2005 5429 2277 5485 canonicis
2321 5428 2517 5506 placita
2561 5428 2942 5492 decernantur,
2984 5437 3039 5483 et
3080 5427 3327 5491 decreta,
3370 5428 3591 5496 juvante

2010 5522 2259 5585 Domino,
2290 5526 2666 5594 mancipentur
2695 5508 2928 5580 eifectui.
2959 5544 2977 5577 ι
3016 5514 3153 5594 (Lib.
3188 5539 3263 5585 Ill,
3292 5541 3373 5592 ep.
3406 5521 3487 5591 8.)

2078 5614 2210 5669 item
2240 5614 2587 5683 Constantio,
2631 5617 2890 5687 episcopo
2932 5616 3313 5671 Mcdiolanensi
3362 5633 3372 5667 :
3428 5634 3444 5666 ‹
3486 5613 3586 5669 Re-

2007 5704 2161 5760 lectis
2192 5705 2435 5775 epistolis
2450 5722 2584 5777 quas
2606 5705 2671 5760 ad
2695 5723 2794 5762 nos
2813 5718 2834 5742 υ
2858 5722 2954 5775 per
2976 5705 3327 5759 Marinianum
3368 5704 3593 5761 latorem

2010 5800 2357 5868 prmsentium
2376 5800 2764 5863 transmisistis,
2786 5808 2993 5864 gratam
3014 5797 3169 5852 nobis
3184 5797 3594 5854 sollicitudinem

390 5924 417 5998 ξ·
442 5914 839 5998 Varienlegitur
862 5915 988 5998 hoc.
1010 5928 1227 5995 nomen.
1258 5912 1314 5967 in
1349 5913 1481 5985 Reg.
1515 5913 1573 5969 Β.
1602 5916 1784 5973 Maria
1815 5916 1984 5976 Parit.
2030 5924 2096 5977 et
2120 5914 2321 5985 Βᾶεοιο,
2351 5931 2442 5985 per
2484 5913 2771 5971 ﬁerinam.
2798 5914 2856 5971 In
2893 5915 3119 5985 vulgatis
3156 5932 3250 5988 per
3276 5915 3594 5998 ladanum,

320 5987 429 6061 vel,
458 6002 580 6043 tum
607 5986 786 6054 Colb.,
816 6004 907 6055 per
935 5984 1253 6041 ﬂaminum.
