4138 6448
150 6138 633 6448 Α

150 6138 633 6448 Α

605 418 704 477 191

1186 422 1247 481 8.
1285 422 1613 483 GREGORII
1654 422 1873 482 MAGNI
1910 423 2095 491 VITA,
2135 421 2341 480 AUCT.
2379 421 2643 480 JOANNE
2683 421 3000 480 DIACONO.
3044 420 3175 482 LIB.
3216 420 3304 479 IV.

3776 427 3892 482 ἱξὶῖ

600 553 835 601 vestram
866 548 1028 602 fuisse
1056 547 1443 618 rescripsimus,
1474 548 1618 618 quod
1648 564 1711 604 ea
1740 564 1859 619 qua:
1889 549 1955 603 ad
1983 562 2086 604 nos
2114 547 2184 603 de
2210 546 2261 604 A
2290 542 2453 597 tentia
2483 543 2706 598 recitata
2736 553 2835 598 est.
2865 540 3020 609 Quod
3048 544 3093 600 si
3119 542 3257 599 forte
3277 542 3392 599 haec
3414 544 3727 599 solemniter
3754 555 3887 602 acta

601 638 765 696 fratre
787 648 842 696 et
863 641 1185 710 coepiscopo
1209 650 1395 697 nostro
1416 640 1693 713 Pompeio,
1722 643 1811 712 qui
1834 642 2007 697 adhuc
2029 657 2059 696 a
2086 657 2183 696 no-

599 730 680 785 bis
722 731 796 785 ita
834 741 916 786 est
960 733 1349 799 nominandus,
1403 744 1799 805 pervenerunt,
1846 735 2184 791 dissimulare

598 823 818 877 minime
856 824 1172 893 pertulistis.
1223 826 1333 883 Sed
1374 828 1548 899 qualis
1592 830 1693 883 fuit
1734 846 1786 884 ιη
1832 831 2184 901 requisitione

596 928 745 977 cura,
776 914 821 968 si
846 914 967 969 talis
992 914 1178 971 fuisset
1208 918 1261 973 in
1282 918 1615 976 discussione
1637 922 1926 987 subtilitas,
1957 923 2090 977 nihil
2115 939 2181 980 ex

595 1001 699 1058 hoc
727 1005 872 1073 quod
914 1006 980 1062 de
1020 1024 1087 1063 eo
1134 1009 1333 1065 dictum
1364 1021 1445 1067 est
1484 1012 1671 1068 fuisset
1700 1014 2036 1083 ambiguum,
2088 1016 2183 1071 sed

596 1103 777 1150 utrum
800 1112 985 1153 verum
1004 1116 1070 1154 an
1093 1117 1211 1157 esse
1233 1105 1588 1174 compositum
1614 1106 1892 1175 patuisset.
1920 1106 2054 1173 Quia
2070 1108 2183 1185 jam

596 1197 784 1243 contra
816 1190 987 1260 ipsum
1019 1193 1217 1249 dudum
1249 1196 1302 1249 in
1332 1196 1512 1253 Sicilia
1552 1198 1692 1269 apud
1732 1201 2040 1256 reverendae
2067 1218 2184 1258 me-

595 1283 781 1335 moria:
824 1282 1043 1339 fratrem
1091 1295 1332 1342 nostrum
1383 1288 1793 1357 Maximianum,
1844 1294 2179 1366 episcopum,

594 1373 717 1427 talis
731 1377 978 1443 quaestio,
999 1382 1437 1448 utcognovinms,
1462 1392 1609 1438 mota
1625 1393 1727 1439 est.
1744 1384 1850 1439 Sed
1872 1386 1997 1455 quia
2019 1402 2182 1443 causa

596 1466 763 1535 ipsius
791 1469 971 1523 subtili
997 1472 1217 1526 omnino
1238 1474 1658 1543 investigatione
1678 1478 1901 1545 quaesita
1928 1487 2046 1545 est,
2096 1479 2182 1534 in—

593 1568 785 1614 ventus
806 1573 887 1615 est
914 1563 1194 1633 innocens,
1224 1566 1316 1636 qui
1346 1566 1520 1621 fuerat
1549 1578 1834 1625 accusatus
1858 1571 1911 1625 in
1934 1572 2179 1627 crimine.

591 1649 743 1707 Nunc
769 1654 947 1723 igitur,
973 1659 1226 1726 quoniam
1251 1660 1341 1715 illa
1369 1675 1489 1731 quae
1518 1670 1706 1718 contra
1733 1679 1856 1719 eum
1886 1664 2028 1721 dicta
2057 1677 2183 1724 sunt

592 1760 699 1800 non
731 1747 828 1801 sub
860 1749 948 1803 illa
980 1765 1087 1820 qua
1116 1752 1297 1808 decuit
1324 1755 1662 1812 districtione
1688 1759 1911 1827 quaesita
1940 1770 2092 1827 sunt,
2125 1772 2181 1818 et

590 1847 739 1906 gesta
757 1854 875 1909 qua:
891 1842 1088 1897 exinde
1105 1844 1246 1913 apud
1267 1844 1656 1903 fraternitatem
1673 1860 1907 1907 vestram
1928 1854 2177 1910 confecta

2285 649 2395 688 non
2424 644 2568 696 sunt,
2603 651 2778 705 neque
2804 651 2966 693 causa
2991 636 3218 706 probata
3238 646 3320 691 est
3343 651 3463 705 quae
3488 635 3647 690 exilio
3670 638 3757 691 vel
3783 638 3886 693 de-

2285 726 2553 793 positione
2581 728 2738 795 digna
2768 729 2867 795 sit,
2912 729 2965 782 in
2993 726 3291 783 Ecclesiam
3320 743 3472 783 suam
3500 729 3672 784 modis
3700 732 3885 788 omni-

2284 818 2384 877 bus
2408 830 2711 875 revocetur.
2747 841 2765 873 ι
2805 821 2945 893 (Lib.
2978 837 3090 887 xm,
3114 838 3193 892 ep.
3221 819 3335 891 45.)

2356 914 2445 969 29.
2487 917 2876 972 Auctoritatem
2906 915 3269 987 quorumlibet
3297 930 3626 973 summorum
3657 917 3881 988 pontiﬁ-

2286 1022 2409 1061 cum
2454 1007 2750 1077 Gregorius
2791 1009 3127 1065 auctoritatis
3174 1025 3285 1064 sua:
3324 1008 3692 1077 magnitudine
3722 1008 3878 1065 nullo

2284 1100 2445 1156 modo
2470 1101 2769 1168 minuebat,
2798 1102 2925 1171 quin
2955 1102 3141 1171 potius
3167 1101 3532 1173 multipliciter
3556 1102 3872 1157 roborabat.

2284 1191 2353 1247 Et
2380 1194 2621 1263 quamvis
2652 1194 2793 1250 inter
2821 1194 3115 1264 culpabiles
3142 1197 3514 1251 auctoritatem
3543 1197 3625 1251 sui
3660 1197 3877 1267 priora-

2287 1290 2371 1337 tus
2413 1292 2759 1351 agnosceret,
2812 1292 2991 1338 tamen
3036 1283 3175 1340 inter
3212 1285 3452 1340 insontes
3491 1286 3773 1356 episcopos
3811 1301 3875 1342 se

2288 1376 2559 1445 praebebat
2584 1392 2805 1446 prorsus
2830 1376 3114 1446 aequalem.
3153 1376 3489 1448 QuaprOpter
3515 1376 3739 1443 Joanni,
3770 1378 3876 1450 Sy-

2284 1481 2551 1521 racusano
2573 1467 2852 1537 episcopo,
2884 1468 3024 1521 inter
3042 1475 3238 1522 caetera
3260 1468 3500 1523 scribens
3523 1468 3599 1522 ait
3622 1487 3633 1520 :
3672 1488 3690 1520 ι
3717 1468 3873 1536 Quod

2284 1558 2485 1628 primas
2508 1556 2830 1624 Bizacenus,
2862 1574 2891 1612 a
2914 1559 3024 1613 suis
3053 1559 3319 1628 episcopis
3343 1558 3644 1630 impetitus,
3673 1577 3731 1617 se
3755 1562 3870 1617 sedi

2284 1650 2595 1721 apostolica:
2625 1650 2758 1705 dicit
2786 1649 2997 1719 subjici,
3026 1651 3069 1706 si
3098 1666 3204 1719 qua
3233 1651 3388 1720 culpa
3418 1652 3470 1706 in
3497 1653 3764 1724 episcopis
3794 1654 3872 1708 in-

2282 1746 2525 1807 venitur,
2577 1746 2760 1800 nescio
2781 1746 2901 1816 quis
2930 1746 2980 1800 ei
3008 1746 3290 1817 episcopus
3324 1746 3597 1816 subjectus
3625 1763 3735 1803 non
3774 1749 3863 1802 sit.

2284 1836 2416 1893 Cum
2454 1853 2586 1893 vero
2626 1838 2783 1907 culpa
2811 1854 2919 1892 non
2950 1839 3142 1906 exigit,
3190 1855 3379 1894 omnes
3409 1841 3645 1911 episcopi
3674 1856 3868 1897 secun-

589 1944 743 2001 sum,
794 1951 969 2005 neque
1012 1938 1079 1993 ad
1109 1942 1617 1999 condemnationem
1645 1960 1820 2017 neque
1849 1947 1915 2002 ad
1954 1948 2174 2004 abso]u_
2204 1926 2254 1988 B
2281 1928 2408 1983 dum
2429 1929 2695 1983 rationem
2716 1928 3030 1984 humilitatis
3049 1931 3283 1999 aequales
3302 1945 3537 1986 sumus.»
3566 1932 3633 1987 Et
3651 1943 3869 1991 caatera.

588 2028 789 2082 tionem
822 2030 938 2099 ejus
966 2031 1268 2100 probantur
1296 2051 1456 2105 posse
1485 2037 1757 2107 sufficere,
1791 2056 1895 2095 non
1927 2040 2061 2096 levis
2089 2058 2176 2097 res

586 2119 764 2187 agitur
799 2128 857 2173 ut
896 2122 1108 2179 incaute
1143 2126 1226 2180 vel
1270 2127 1323 2181 in
1368 2137 1679 2184 transcursu
1718 2130 1912 2185 debeat
1941 2132 2169 2188 deliniri.

585 2211 719 2266 Nam
744 2228 906 2282 grave
928 2224 1011 2269 est
1032 2218 1161 2277 satis
1182 2226 1236 2271 et
1264 2219 1518 2274 indecens
1540 2230 1620 2289 ut,
1651 2223 1703 2276 in
1732 2239 1791 2277 re
1812 2224 1991 2287 dubia,
2024 2234 2175 2281 certa

586 2302 795 2357 dicatur
816 2307 1106 2361 sententia.
1138 2306 1202 2361 Et
1230 2306 1347 2365 haec
1366 2311 1582 2379 quidem
1608 2323 1759 2381 gesta
1784 2329 1902 2370 esse
1925 2325 2176 2386 poterant

589 2393 657 2447 ad
682 2394 1043 2451 definiendum
1076 2399 1269 2454 idonea
1294 2442 1309 2467 ,
1351 2402 1394 2456 si
1429 2405 1669 2459 accusati
1699 2421 1763 2460 ea
1794 2406 2060 2463 confessio
2089 2425 2175 2464 se-

584 2496 858 2556 queretur,
907 2490 951 2543 si
997 2499 1174 2545 tamen
1206 2494 1451 2549 eamdem
1482 2497 1877 2567 confessionem
1905 2499 2175 2555 subtilitas

584 2579 845 2633 examinis
875 2596 941 2635 ex
972 2583 1201 2638 occultis
1230 2586 1483 2653 eliceret,
1526 2597 1580 2641 et
1620 2605 1728 2644 non
1759 2589 1977 2645 alllictio
2007 2592 2173 2646 vehe-

584 2683 737 2724 mens
757 2681 1124 2742 extorqueret,
1156 2692 1274 2745 quae
1304 2675 1611 2749 frequenter
1634 2682 1738 2737 hoc
1761 2682 1869 2751 agit
1897 2692 1953 2737 ut
1984 2686 2175 2740 noxios

584 2777 641 2817 se
669 2762 821 2817 fateri
850 2767 1013 2819 etiam
1036 2778 1297 2846 cogantur
1318 2771 1542 2826 innoxii.
1576 2772 1706 2827 Nam
1731 2782 2015 2844 postquam
2037 2792 2175 2846 prte-

582 2851 721 2910 fatus
748 2856 1052 2927 episcopus,
1086 2842 1377 2927 utdicitur,
1410 2864 1639 2919 cruciari
1667 2867 1931 2935 custodia,
1964 2883 2173 2923 crema-

582 2947 736 3018 rique
764 2949 905 3005 fame
933 2967 991 3005 se
1013 2952 1225 3017 asserit,
1259 2954 1403 3008 scire
1431 2956 1658 3022 debetis,
1690 2958 1733 3011 si
1767 2959 1837 3012 ita
1860 2968 1961 3020 est,
1994 2969 2173 3015 utrum

583 3050 811 3107 noceat,
874 3042 917 3096 si
969 3043 1049 3097 sic
1090 3043 1250 3098 fuerit
1307 3055 1519 3101 extorta
1574 3050 1865 3105 confessio.
1923 3049 2173 3121 Nunquid

581 3135 797 3205 quando
847 3138 1172 3193 sententiam
1220 3140 1356 3195 tales
1403 3156 1581 3196 causa:
1633 3144 1963 3213 suscipiunt,
2010 3154 2066 3199 et
2106 3146 2173 3201 ad

581 3227 763 3282 sedem
793 3229 1143 3298 apostolicam
1176 3232 1506 3301 appellatur,
1550 3250 1657 3288 non
1696 3244 1751 3288 et
1789 3252 2019 3305 persona
2051 3253 2171 3306 quae

2279 2024 2417 2097 (Lib.
2448 2042 2519 2089 Ix,
2552 2030 2632 2094 e’p.
2660 2023 2773 2092 12.)

2348 2117 2481 2172 ltem
2512 2118 2564 2171 in
2596 2117 2731 2173 libro
2762 2116 2977 2185 Regula:
3010 2116 3297 2173 Pastoralis
3324 2138 3335 2171 :
3376 2138 3393 2171 ε
3429 2119 3641 2189 Liquet,
3667 2122 3861 2191 inquit,

2279 2209 2424 2278 quod
2454 2224 2643 2263 omnes
2672 2210 2919 2264 homines
2950 2218 3137 2264 natura
3166 2211 3399 2280 :equales
3423 2213 3628 2281 genuit,
3655 2214 3751 2269 sed
3777 2231 3869 2269 va-

2278 2302 2451 2356 riante
2493 2303 2806 2373 meritorum
2834 2303 3042 2368 ordine,
3075 2304 3209 2359 alios
3239 2305 3357 2360 aliis
3384 2306 3539 2376 culpa
3571 2308 3866 2377 postponit.

2278 2393 2395 2464 Ipsa
2418 2404 2600 2449 autem
2624 2395 2903 2451 diversitas
2932 2413 3049 2465 qum
3072 2399 3299 2453 accessit
3327 2416 3395 2454 ex
3422 2400 3551 2454 vitio
3579 2402 3759 2456 divino
3781 2402 3867 2470 ju-

2278 2486 2417 2542 dicio
2444 2488 2817 2559 dispensatur,
2871 2497 2928 2541 ut
2971 2490 3095 2557 quia
3140 2492 3314 2545 omnis
3352 2492 3515 2547 homo
3543 2508 3695 2561 reque
3721 2503 3868 2549 stare

2278 2596 2387 2635 non
2415 2582 2587 2645 valet,
2631 2581 2767 2635 alter
2795 2591 3011 2651 regatur
3040 2584 3106 2637 ab
3144 2586 3333 2639 altero.
3380 2583 3529 2640 Unde
3567 2588 3749 2642 cuncti
3776 2587 3868 2657 qui

2280 2683 2518 2744 prcesunt
2558 2690 2663 2729 non
2710 2676 2763 2729 in
2810 2691 2868 2729 se
2907 2676 3103 2731 debent
3142 2686 3465 2747 potestatem
3508 2680 3733 2747 ordinis,
3776 2681 3868 2739 sed

2276 2765 2634 2832 aequalitatem
2666 2781 2893 2835 pensare
2922 2766 3266 2833 conditionis,
3296 2784 3395 2823 nec
3420 2784 3658 2839 praeesse
3687 2788 3746 2825 se
3774 2772 3869 2825 ho-

2278 2858 2511 2912 minibus
2538 2857 2826 2925 gaudeant,
2861 2858 2953 2913 sed
2988 2859 3261 2931 prodesse.
3297 2862 3511 2931 Antiqui
3541 2863 3739 2917 etenim
3772 2862 3867 2917 l’a-

2279 2958 2387 3005 tres
2418 2950 2584 3004 nostri
2617 2966 2723 3005 non
2755 2966 2907 3020 reges
2938 2952 3244 3017 hominum,
3292 2953 3387 3007 sed
3418 2962 3668 3022 pastores
3703 2971 3867 3024 peco-

2279 3057 2428 3106 rum,
2470 3028 2645 3097 fuisse
2695 3032 3081 3097 memorantur.
3134 3042 3201 3096 Et
3251 3058 3370 3098 cum
3422 3043 3535 3099 Noe
3586 3043 3865 3111 Dominus,

2278 3134 2507 3203 filiisque
2528 3134 2663 3203 ejus,
2699 3135 3061 3202 benediceret,
3092 3135 3310 3190 dicens:
3346 3135 3587 3199 Crescite,
3621 3146 3671 3190 et
3693 3139 3866 3191 multi-

2279 3227 2576 3298 plicamini,
2621 3234 2668 3279 et
2704 3227 2895 3295 replete
2928 3235 3152 3291 terram;
3193 3226 3438 3295 protinus
3476 3226 3720 3295 adjunxit
3754 3245 3766 3280 :
3799 3227 3867 3281 Et

579 3316 848 3388 iudicatur
869 3335 1104 3388 prmsens
1124 3330 1220 3387 est,
1256 3330 1313 3376 ut
1337 3323 1729 3381 districtissime
1750 3335 1911 3396 atque
1932 3328 1998 3381 ab
2021 3331 2170 3385 omni

2276 3333 2440 3376 terror
2478 3328 2642 3374 vester
2687 3337 2748 3373 ac
2794 3330 2981 3374 tremor
3026 3322 3093 3374 sit
3146 3338 3301 3392 super
3348 3330 3532 3374 cuncta
3579 3323 3868 3377 animantia

580 3406 750 3463 latere
775 3409 973 3465 veritas
1000 3413 1334 3480 requiratur,
1369 3423 1427 3469 ut
1472 3425 1633 3480 tunc,
1686 3418 1730 3472 si
1778 3418 1974 3473 debeat
2003 3436 2176 3477 necne

581 3514 837 3568 manere,
883 3504 1150 3559 sententia
1193 3506 1552 3562 decernatur?
1597 3509 1817 3565 Necnon
1862 3521 1918 3567 et
1959 3513 2001 3568 si
2038 3529 2177 3584 prae-

581 3588 752 3645 dictus
781 3592 1066 3664 episcopus
1094 3595 1160 3649 ad
1190 3596 1373 3652 sedem
1400 3600 1752 3668 apostolicam
1778 3604 2052 3673 appellare
2079 3622 2175 3661 vo-

580 3682 772 3749 luerit,
826 3701 989 3741 causa
1018 3688 1186 3758 ipsius
1231 3690 1459 3747 interius
1496 3700 1702 3747 etcum
1732 3695 1880 3749 omni
1925 3704 2007 3751 est
2047 3696 2173 3752 dili-

579 3775 756 3845 gentia
810 3780 1241 3848 perscrutanda?
1295 3781 1363 3836 Et
1417 3782 1539 3839 ideo
1596 3793 1880 3856 postquam
1940 3803 2172 3858 persona

578 3870 772 3927 absens
798 3880 900 3939 est,
933 3882 989 3928 et
1017 3884 1167 3943 gesta
1197 3890 1318 3945 qua:
1347 3878 1415 3933 ad
1441 3894 1541 3934 nos
1571 3880 1961 3946 transmisistis,
1996 3884 2171 3949 nobis,

576 3965 715 4020 sicut
738 3966 945 4035 przelati
975 3983 1179 4034 sumus,
1205 3968 1398 4025 idonee
1418 3970 1742 4027 satisfecisse
1764 3988 1872 4028 non
1895 3972 2168 4036 videntur,

578 4066 782 4113 temere
826 4059 1027 4127 aliquid
1057 4060 1124 4114 de
1153 4062 1393 4133 episcopi
1424 4078 1654 4133 persona
1681 4064 2016 4132 decernere,
2068 4082 2171 4123 nec

576 4150 834 4205 debemus
862 4166 963 4205 nec
993 4167 1278 4221 possumus
1304 4174 1315 4207 :
1352 4170 1449 4220 ne,
1481 4156 1626 4224 quod
1654 4157 1818 4223 absit,
1868 4160 2169 4228 reprehen-

576 4240 757 4296 sibiles
801 4242 1136 4297 inveniamur
1174 4244 1228 4299 in
1276 4246 1505 4311 nostris,
1547 4248 1741 4316 quibus
1786 4250 2014 4305 aliorum
2047 4252 2171 4322 jure

576 4332 835 4402 competit
866 4342 1157 4389 retractare
1186 4342 1498 4392 sententias.
1531 4358 1549 4391 ›
1588 4338 1727 4408 (Lib.
1764 4358 1816 4407 x,
1848 4360 1928 4413 ep.
1955 4342 2069 4415 29.)

645 4420 777 4479 Item
798 4422 992 4479 Joanni
1019 4425 1291 4483 defensori
1319 4439 1441 4499 post
1463 4431 1641 4501 aliqua
1675 4452 1686 4486 :
1729 4454 1745 4485 ι
1785 4435 1941 4502 Quia,
1977 4437 2164 4508 inquit,

573 4515 915 4587 Stephanus,
947 4520 1263 4591 episcopus,
1297 4523 1348 4576 in
1382 4524 1506 4579 odio
1534 4542 1630 4580 suo
1657 4528 1899 4597 quaedam
1931 4530 2081 4595 ficta,
2114 4539 2169 4586 et

496 4594 501 4597 ⁷
572 4611 639 4666 de
670 4611 812 4667 falsis
841 4628 900 4667 se
930 4614 1180 4683 capitulis
1209 4625 1541 4682 accusatum,
1576 4594 1751 4689 neque
1781 4621 1983 4691 aliquid
2014 4594 2163 4677 ordi-

2280 3424 2433 3468 terra:
2461 3412 2683 3486 (Cenes.
2717 3429 2802 3480 Ix,
2835 3413 2866 3465 7
2895 3423 2943 3465 et
2967 3412 3053 3484 2).
3084 3413 3323 3480 Quorum
3350 3423 3524 3469 terror
3550 3430 3612 3467 ac
3644 3424 3866 3482 tremor,

2279 3506 2403 3575 quia
2434 3521 2553 3561 esse
2582 3521 2745 3576 super
2771 3506 3021 3560 animalia
3053 3514 3207 3562 terra:
3244 3508 3581 3578 praecipitur,
3623 3510 3867 3579 profecto

2276 3613 2440 3668 super
2466 3598 2717 3653 homines
2746 3613 2864 3653 esse
2892 3598 3208 3668 prohibetur
3266 3599 3439 3655 Homo
3468 3602 3666 3672 quippe
3692 3602 3868 3659 brutis

2276 3690 2628 3750 animalibus.
2683 3707 2790 3745 non
2840 3698 3018 3745 autem
3065 3692 3370 3747 hominibus
3416 3694 3627 3747 caeteris
3674 3703 3868 3750 natura

2276 3780 2527 3851 praelatus
2552 3794 2635 3837 est
2661 3801 2673 3835 :
2706 3791 2762 3837 et
2789 3783 2987 3838 idcirco
3017 3783 3067 3837 ei
3092 3783 3306 3849 dicitur,
3341 3794 3400 3839 ut
3430 3786 3497 3840 ab
3525 3787 3865 3856 animalibus,

2275 3882 2330 3929 et
2356 3890 2463 3929 non
2488 3876 2554 3930 ab
2575 3876 2903 3940 hominibus,
2936 3877 3209 3932 timeatur.
3242 3877 3376 3945 Quia
3404 3889 3593 3935 contra
3619 3891 3868 3938 naturam

2274 3967 2556 4036 superbire
2584 3977 2700 4031 est,
2740 3969 2807 4023 ab
2835 3968 3027 4027 aequali
3058 3970 3195 4024 velle
3226 3970 3434 4037 timeri;
3475 3980 3529 4026 et
3558 3982 3739 4030 tamen
3774 3991 3868 4031 nc-

2274 4073 2427 4113 cesse
2457 4066 2540 4114 est
2564 4068 2622 4113 ut
2651 4067 2892 4115 rectores
2918 4075 2948 4115 a
2970 4060 3196 4116 subditis
3220 4062 3527 4132 timeantur,
3558 4066 3775 4133 quando
3799 4069 3865 4123 ab

2272 4150 2353 4205 eis
2383 4151 2549 4206 Deum
2581 4152 2799 4207 minime
2829 4153 3004 4206 timeri
3036 4152 3476 4223 deprehendunt,
3527 4164 3585 4211 ut
3632 4158 3866 4217 humana

2273 4243 2463 4298 saltem
2490 4243 2775 4299 formidine
2800 4260 3024 4314 peccare
3046 4254 3309 4311 metuant,
3341 4248 3431 4317 qui
3459 4248 3636 4301 divina
3660 4248 3862 4318 judicia

2278 4350 2382 4391 non
2414 4335 2725 4390 formidant.
2768 4336 3118 4407 Nequaquam
3150 4345 3330 4391 tamen
3359 4339 3633 4408 prmpositi
3662 4356 3729 4394 ex
3760 4340 3865 4397 hoc

2272 4427 2498 4496 quaesito
2525 4428 2718 4481 timore
2738 4429 3067 4497 superbiant,
3102 4428 3154 4481 in
3177 4443 3286 4497 quo
3312 4444 3418 4483 non
3439 4444 3590 4483 suam
3612 4430 3863 4501 gloriam,

2272 4521 2368 4575 sed
2390 4521 2754 4590 subjectorum
2778 4520 3060 4590 justitiam,
3092 4528 3359 4588 qumrunt.
3387 4519 3444 4574 ln
3466 4536 3532 4575 eo
3553 4522 3697 4576 enim
3719 4524 3864 4591 quod

2274 4623 2477 4667 metum
2508 4613 2607 4667 sibi
2640 4630 2668 4666 a
2698 4627 2950 4681 perverse
2982 4613 3282 4667 viventibus
3311 4614 3550 4683 exigunt,
3579 4614 3731 4681 quasi
3756 4630 3863 4671 non

572 4702 821 4758 nabiliter
862 4704 1093 4765 factum.
1135 4706 1232 4761 sed
1276 4708 1473 4777 injuste
1509 4726 1567 4765 se
1606 4714 1798 4766 asserit
1837 4713 2165 4769 condemna-
2194 4721 2247 4782 ι)
2273 4706 2609 4770 hominibus.
2661 4707 2752 4760 sed
2783 4706 3100 4759 animalibus
3129 4706 3503 4774 dominamur.
3559 4707 3685 4777 (illia
3715 4707 3863 4762 Vide'

573 4804 714 4861 tum,
761 4798 1045 4869 diligenter
1084 4801 1431 4871 quaerendum
1474 4813 1556 4859 est
1597 4808 1771 4875 primo
1813 4807 1857 4861 si
1901 4806 2161 4875 judicium

572 4888 940 4944 ordinabiliter
961 4900 1045 4946 est
1069 4892 1330 4957 habitum,
1358 4894 1401 4947 si
1426 4894 1515 4949 alii
1539 4897 1901 4964 a’ccusatores,
1936 4897 2026 4951 alii
2056 4907 2161 4953 tes-

572 4988 654 5033 tes
696 4979 929 5036 fuerunt.
978 4983 1178 5039 Deinde
1222 5001 1505 5041 causarum
1548 4989 1780 5059 qualitas
1832 4998 1913 5043 est
1958 4990 2161 5043 exami-

570 5074 766 5141 nanda,
797 5075 842 5131 si
866 5074 1025 5144 digna
1055 5066 1236 5143 exilio,
1268 5080 1354 5134 vel
1384 5080 1721 5153 depositione
1750 5083 1877 5148 fuit;
1910 5092 2001 5138 aut
2023 5083 2066 5137 si
2094 5098 2161 5137 eo

570 5174 835 5236 praesente
861 5169 952 5238 qui
983 5180 1263 5227 accusatus
1292 5181 1407 5242 est,
1446 5174 1544 5229 sub
1577 5174 1930 5244 jurejurando
1967 5183 2157 5230 contra

570 5272 690 5311 eum
724 5259 1085 5314 testimonium
1124 5260 1323 5318 dictum
1354 5273 1474 5331 est;
1506 5266 1550 5320 si
1582 5266 1796 5336 scriptis
1823 5276 2001 5321 actum
2034 5274 2116 5321 est
2143 5310 2156 5329 ,

567 5352 609 5405 si
634 5353 748 5422 ipse
774 5352 1045 5409 licentiam
1072 5357 1430 5426 respondendi
1453 5367 1509 5413 et
1530 5358 1850 5413 defendendi
1873 5374 1930 5414 se
1951 5358 2156 5414 habuit.

566 5445 673 5501 Sed
719 5455 773 5501 et
818 5447 885 5502 de
936 5450 1182 5518 personis
1226 5452 1595 5505 accusantium
1640 5465 1705 5504 ac
1755 5450 2159 5505 testificantium

565 5536 835 5591 subtiliter
864 5537 1214 5606 quaerendum
1246 5548 1355 5605 est,
1400 5540 1552 5607 cujus
1580 5538 1734 5603 vitae,
1782 5539 1935 5607 cujus
1973 5539 2160 5595 condi-

565 5628 749 5693 tionis,
782 5629 1041 5699 cujusque
1071 5630 1364 5699 Opinionis,
1395 5638 1489 5684 aut
1513 5644 1580 5684 ne
1601 5629 1792 5699 inopes
1811 5633 1938 5695 sint,
1971 5638 2063 5683 aut
2092 5645 2161 5685 ne

566 5719 704 5775 forte
729 5721 936 5789 aliquas
964 5730 1152 5777 contra
1190 5720 1469 5791 prrefatum
1506 5721 1818 5791 episcopum
1850 5721 2160 5776 inimicitias

566 5812 910 5877 habuissent;
965 5812 1119 5885 ιω
1159 5819 1217 5867 et
1252 5821 1432 5867 utrum
1466 5813 1831 5869 testimonium
1860 5827 1928 5868 ex
1971 5811 2160 5895 auditu

563 5903 836 5969 dixerunt,
862 5912 956 5960 aut
979 5913 1129 5959 certe
1154 5919 1215 5959 se
1236 5904 1375 5960 scire
1402 5905 1710 5976 specialiter
1730 5905 1913 5960 testati
1932 5913 2084 5971 suis;
2114 5905 2161 5961 si

566 5994 781 6064 scriptis
803 5992 1104 6064 iudicatum
1134 6002 1255 6062 est,
1295 6003 1351 6050 et
1379 5994 1620 6064 partibus
1651 5995 2007 6065 praesentibus
2036 6010 2156 6051 sen-

2272 4800 2397 4853 licet
2419 4814 2487 4853 ex
2508 4814 2612 4866 qua
2635 4806 2789 4867 parte
2818 4797 3070 4850 bestiales
3092 4805 3215 4851 sunt
3234 4797 3453 4863 subditi,
3487 4812 3554 4851 ex
3579 4812 3643 4852 ea
3665 4797 3863 4853 debent

2269 4892 2431 4945 etiam
2488 4888 2757 4941 formidini
2810 4888 2993 4955 jacere
3049 4889 3326 4943 substrati.
3386 4888 3493 4945 Sed
3545 4890 3863 4960 plerumque

2267 4991 2448 5038 rector
2476 4997 2542 5036 eo
2570 4981 2687 5049 ipso
2715 4995 2823 5048 quo
2852 4980 3059 5035 cmteris
3087 4982 3418 5051 praeeminet,
3453 4981 3688 5036 elatione
3714 4983 3861 5051 cogi-

2230 5084 2235 5087 '
2270 5074 2488 5129 talionis
2518 5072 2844 5127 intumescit.
2894 5070 2962 5125 Et
2999 5072 3125 5126 dum
3156 5072 3221 5127 ad
3253 5089 3406 5127 usum
3447 5081 3643 5129 cuncta
3671 5074 3858 5144 subjas

2268 5175 2413 5233 cent,
2442 5166 2569 5220 dum
2588 5165 2654 5218 ad
2681 5173 2866 5219 votum
2890 5163 3149 5217 velociter
3166 5162 3311 5231 jussa
3336 5164 3696 5234 complentur,
3727 5165 3854 5219 dum

2269 5273 2456 5315 omnes
2484 5257 2701 5322 subditi,
2735 5258 2779 5311 si
2802 5271 2908 5327 qua
2937 5256 3076 5310 bene
3104 5262 3254 5323 gesta
3281 5264 3425 5322 sunt,
3456 5254 3706 5310 laudibus
3735 5255 3859 5311 effe-

2268 5362 2423 5418 runt,
2470 5350 2611 5405 male
2640 5351 2805 5418 gestis
2834 5356 3017 5403 autem
3046 5348 3185 5401 nulla
3216 5348 3538 5402 auctoritate
3582 5346 3855 5402 contradi-

2266 5456 2422 5512 cunt;
2464 5445 2591 5500 dum
2632 5444 2945 5514 plerumque
2974 5442 3191 5496 laudant
3219 5442 3380 5495 etiam
3410 5456 3529 5510 qua:
3557 5448 3733 5511 reprof
3760 5456 3852 5496 are

2268 5539 2583 5601 debuerant,
2608 5535 2859 5591 seductus
2879 5535 2948 5588 ab
2964 5535 3046 5588 his
3067 5549 3186 5603 quae
3206 5533 3341 5587 infra
3361 5542 3672 5605 suppetunt,
3695 5549 3856 5604 super

2267 5647 2327 5686 se
2354 5631 2561 5684 animus
2592 5628 2827 5692 tollitur;
2859 5636 2913 5679 et
2939 5624 3063 5679 dum
3096 5624 3225 5679 foris
3252 5626 3515 5680 immenso
3544 5626 3727 5681 favore
3751 5627 3855 5681 cir-

2263 5722 2575 5790 cumdatur,
2606 5720 2751 5774 intus
2778 5717 3005 5773 veritate
3034 5727 3323 5786 vacuatur,
3352 5728 3514 5788 atque
3540 5719 3742 5774 oblitus
3771 5720 3852 5773 sui

2265 5814 2318 5870 in
2337 5828 2501 5868 voces
2521 5826 2578 5869 se
2600 5808 2803 5879 spargit
2824 5808 3045 5871 alienas,
3074 5810 3342 5879 talemque
3362 5826 3421 5864 se
3442 5810 3613 5865 credit
3637 5812 3853 5880 qualem

2264 5903 2394 5960 foris
2422 5903 2587 5967 audit,
2617 5916 2725 5955 non
2751 5898 2965 5970 qualem
2991 5898 3133 5954 intus
3161 5900 3469 5957 discernere
3492 5900 3695 5957 debuit.
3726 5902 3854 5957 Sub-

2257 5996 2433 6063 jectos
2480 5994 2736 6064 despicit,
2782 6005 2984 6060 eosque
3026 5993 3260 6061 aequales
3289 5992 3388 6047 sibi
3422 6002 3623 6047 natura:
3660 5994 3850 6049 onliue
