4138 6468
242 438 349 494 195

827 430 1262 491 S.'GREGORll
1301 431 1519 491 MAGNI
1558 430 1739 501 VlTA,
1782 427 1986 489 AUCT.
2035 426 2301 485 JOANNE
2339 427 2657 485 DlACONO.
2697 427 2826 484 LIB.
2867 426 2957 483 Π.

3427 427 3530 486 194

236 566 347 604 non
376 545 651 617 agnoscit;
683 555 738 600 et
758 560 894 615 quos
914 555 1061 602 sorte
1092 547 1245 619 143
1268 549 1553 618 potestatis
1574 562 1825 604 excesse—
1849 547 1906 607 Α
1928 543 2246 598 humilitatis
2282 543 2583 600 custodiam
2611 543 2844 613 aequales
2884 558 2943 599 se
2981 542 3110 614 ipsis
3138 542 3393 600 fratribus
3430 543 3527 614 qui

234 644 336 708 rit,
373 639 766 697 transcendisse
795 656 853 696 se
881 641 1043 696 etiam
1074 642 1196 697 vita:
1223 643 1430 698 meritis
1458 642 1648 698 credit.
1680 638 1824 693 Cttn-

235 736 341 793 ctis
360 750 421 790 se
434 734 666 788 :estimat
681 733 909 802 amplius
931 750 1123 804 sapere
1138 735 1332 805 quibus
1352 750 1411 791 se
1431 734 1575 790 videt
1595 733 1826 804 amplius

234 840 418 896 posse.
447 824 505 879 In
533 823 767 893 quodam
796 827 996 896 quippe
1023 840 1084 882 se
1110 826 1392 881 constituit
1418 825 1652 881 culmine
1681 823 1825 894 apud

233 918 616 990 semetipsum,
645 925 702 972 et
733 921 824 988 qui
865 933 1015 988 tequa
1043 919 1253 974 ueteris
1281 927 1487 973 naturae
1516 918 1828 975 conditione

233 1013 621 1083 constringitur
641 1028 707 1068 ex
735 1029 891 1084 aequo
919 1022 1142 1068 caeteros
1174 1013 1446 1083 respicere
1473 1012 1824 1081 dedignatur,

232 1108 420 1176 sicque
462 1121 631 1175 usque
668 1105 734 1160 ad
774 1107 890 1175 ejus
930 1106 1336 1161 similitudinem
1375 1106 1588 1160 ducitur
1625 1103 1828 1185 dequo

231 1201 493 1271 scriptum
523 1208 604 1253 est
630 1217 643 1252 :
679 1198 845 1253 Omne
865 1198 1082 1254 sublime
1102 1199 1259 1263 videt,
1291 1207 1340 1252 et
1368 1199 1479 1259 ipse
1505 1206 1582 1250 est
1604 1194 1717 1249 Rea:
1743 1212 1829 1248 su-

230 1309 324 1365 per
351 1292 618 1346 universos
644 1292 783 1360 ﬁlios
821 1291 1074 1362 superbia:
1098 1290 1239 1361 (Job.
1272 1307 1379 1355 xu,
1412 1287 1536 1359 25).
1582 1288 1684 1355 Qui
1713 1289 1827 1343 sin-

231 1382 419 1452 gulare
437 1382 648 1438 culmen
670 1390 950 1452 appetens,
975 1394 1029 1437 et
1049 1383 1304 1438 socialem
1327 1382 1639 1450 angelorum
1661 1381 1825 1438 vitam

231 1473 565 1543 despiciens,
597 1474 673 1528 ait
702 1490 719 1528 :
751 1473 959 1528 Ponam
986 1475 1159 1528 sedem
1186 1492 1353 1529 meam
1384 1475 1454 1527 ad
1483 1474 1789 1543 Aquilonem
1809 1513 1826 1539 ,

230 1572 277 1617 et
306 1580 395 1617 ero
426 1564 614 1617 similis
641 1563 908 1619 Altissimo
937 1562 1094 1636 (Isai.
1127 1582 1237 1631 xxv,
1274 1566 1380 1636 l5).
1418 1564 1553 1619 Miro
1582 1578 1711 1634 ergo
1737 1564 1827 1633 ju-

230 1652 371 1709 dicio
401 1655 550 1733 intus
590 1654 800 1711 foveam
828 1656 1147 1725 dejectionis
1186 1657 1419 1719 invenit,
1457 1656 1583 1711 dum
1615 1656 1742 1711 foris
1769 1672 1829 1712 se

230 1743 284 1799 iu
321 1744 559 1801 culmine
596 1746 884 1815 potestatis
924 1746 1154 1801 extollit.
1202 1746 1478 1817 Apostatae
1505 1746 1703 1817 quippe
1732 1761 1830 1799 an-

229 1839 349 1908 gelo
379 1839 574 1895 similis
602 1840 865 1906 ematur,
909 1852 1035 1896 dum
1060 1846 1226 1896 homo
1256 1840 1564 1895 hominibus
1604 1854 1723 1894 esse
1751 1839 1826 1893 si-

1926 638 2274 705 corriguntur
2317 646 2653 705 agnoscant,
2703 636 2946 706 quamvis
2990 636 3307 707 plerumque
3358 638 3524 695 etiam

1926 726 2145 796 dignum
2182 736 2265 783 est
2308 737 2368 784 ut
2411 729 2632 784 eosdem
2662 744 2798 799 quos
2827 729 3147 800 corrigimus
3176 732 3341 787 tacita
3375 733 3531 791 nobis

1928 820 2261 890 cogitatione
2275 810 2642 891 praeferamus.
2664 821 2885 879 Illorum
2908 838 3140 894 namque
3160 840 3259 893 per
3280 842 3377 882 nos
3398 826 3531 882 vitia

1927 911 2223 983 disciplinae
2268 914 2455 981 vigore
2502 913 2799 978 feriuntur;
2852 915 2907 968 in
2955 914 3039 972 his
3087 932 3216 972 vero
3263 934 3381 988 quae
3428 918 3529 988 ipsi

1931 1005 2319 1062 committimus
2362 1022 2431 1062 ne
2468 1005 2620 1062 verbi
2659 1005 2878 1075 quidem
2908 1006 2976 1061 ab
3013 1007 3192 1078 aliquo
3224 1009 3531 1065 invectione

1930 1100 2258 1156 laceramur.
2291 1099 2466 1155 'Ianto
2507 1114 2635 1169 ergo
2663 1099 2804 1169 apud
2845 1099 3014 1154 Deum
3045 1100 3396 1169 obligatiores
3439 1118 3530 1157 su-

1930 1209 2069 1260 mus,
2102 1204 2306 1264 quanto
2341 1193 2499 1266 144
2520 1192 2661 1264 apud
2691 1192 2938 1248 homines
2962 1192 3130 1247 inulte
3159 1209 3468 1263 peccamus.
3506 1214 3526 1248 ι

1930 1286 1999 1341 Et
2023 1288 2251 1357 reliqua.
2289 1287 2447 1359 (Reg.
2474 1287 2688 1343 Pastor.
2717 1306 2770 1357 ρ.
2800 1304 2856 1351 tt,
2888 1304 3003 1357 cap.
3033 1286 3115 1356 6.)

1918 1402 1923 1406 ·
2003 1381 2090 1435 50.
2134 1380 2249 1438 Hac
2292 1381 2582 1453 Gregorius
2627 1383 2936 1454 aequalitate
2988 1391 3235 1449 servata,
3286 1382 3533 1443 Romano

1931 1471 2204 1529 delensori
2234 1473 2433 1530 Siciliae
2463 1474 2680 1541 scribit,
2713 1475 2899 1530 dicens
2932 1491 2945 1527 :
2984 1494 3003 1526 r
3037 1472 3292 1530 Pervenit
3319 1475 3388 1530 ad
3412 1492 3533 1542 nos,

1932 1567 2076 1638 quod
2101 1567 2145 1623 si
2168 1568 2289 1638 quis
2308 1579 2498 1624 contra
2524 1568 2795 1638 quoslibet
2815 1569 3042 1625 clericos
3063 1584 3281 1625 causam
3306 1569 3525 1637 habeat,

1930 1656 2197 1718 despectis
2235 1673 2422 1714 eorum
2467 1658 2766 1729 episcopis,
2811 1659 3033 1715 eosdem
3079 1660 3305 1715 clericos
3343 1660 3399 1715 in
3431 1667 3526 1715 tuo

1931 1748 2097 1803 facias
2120 1748 2327 1817 judicio
2357 1750 2623 1805 exhiberi.
2649 1748 2802 1817 Quod
2848 1752 2893 1805 si
2933 1751 3007 1805 ita
3054 1760 3167 1815 est,
3210 1752 3337 1821 quia
3374 1750 3535 1807 valde

1931 1850 2147 1899 constat
2172 1858 2291 1899 esse
2317 1844 2693 1914 incongruum,
2725 1846 2827 1900 hac
2858 1844 2955 1900 tibi
2985 1845 3313 1900 auctoritate
3341 1845 3535 1916 prteci-

233 1932 371 1987 milis
399 1932 745 2003 dedignatur.
776 1934 867 1990 Sic
894 1933 1022 1990 Saul
1052 1944 1175 2005 post
1203 1933 1522 1989 humilitatis
1550 1933 1834 2004 meritum,
1866 1939 1914 2000 B
1940 1936 2119 2005 pimus
2162 1944 2221 1989 ut
2266 1936 2372 1991 hoc
2414 1936 2596 1991 denuo
2627 1936 2806 1993 facere
2835 1953 2944 1992 non
2968 1952 3295 2007 prassunras;
3343 1936 3442 1992 sed
3490 1935 3537 1994 si

232 2021 283 2078 in
303 2033 575 2082 tumorem
597 2028 863 2099 superbia:
882 2028 1115 2082 culmine
1137 2028 1421 2098 potestatis
1439 2026 1701 2082 excrevit.
1730 2025 1831 2080 Per

233 2114 590 2174 humilitatem
621 2120 821 2189 quippe
859 2119 1112 2190 prrelatus
1147 2129 1265 2187 est,
1306 2126 1359 2172 et
1398 2133 1496 2188 per
1523 2116 1829 2188 superbiam

233 2208 583 2278 reprobatus,
613 2209 843 2266 Domino
867 2219 1187 2277 attestante,
1223 2210 1317 2279 qui
1346 2210 1460 2264 ait:
1494 2208 1685 2264 Nonne
1714 2225 1831 2262 cum

231 2314 360 2379 9ses
386 2303 640 2370 parvulus
663 2301 718 2356 in
746 2302 909 2357 oculis
940 2306 1074 2369 tuis,
1116 2310 1271 2373 caput
1302 2309 1351 2355 te
1383 2303 1624 2356 constitui
1652 2303 1706 2355 in
1738 2301 1831 2354 tri-

230 2390 385 2445 bubus
423 2391 639 2446 Israel?
670 2392 726 2464 (Ι
756 2392 885 2465 Reg.
917 2410 1008 2458 xv,
1044 2394 1157 2464 17.)
1192 2392 1481 2449 Parvulum
1512 2408 1572 2450 se
1600 2394 1748 2464 prius
1775 2394 1830 2449 in

232 2482 334 2538 suis
360 2483 540 2540 oculis
568 2484 795 2552 viderat,
829 2485 928 2541 sed
948 2486 1115 2541 fultus
1145 2486 1429 2557 temporali
1454 2487 1696 2557 potentia
1716 2485 1828 2556 jam

232 2588 284 2631 se
311 2577 602 2646 parvulum
632 2593 743 2633 non
774 2578 1009 2633 videbat.
1041 2578 1372 2634 Caeterorum
1413 2594 1645 2649 namque
1681 2594 1833 2634 com—

232 2668 505 2736 parationi
552 2683 612 2723 se
654 2667 979 2737 praeferens,
1029 2670 1151 2739 quia
1183 2669 1303 2737 plus
1330 2670 1539 2725 cunctis
1580 2677 1827 2739 poterat,

231 2773 490 2831 magnum
540 2777 599 2817 se
645 2778 755 2833 pra:
800 2764 1049 2818 omnibus
1092 2764 1412 2819 aestimabat.
1461 2762 1597 2819 Miro
1646 2772 1827 2820 autem

230 2850 384 2906 modo
407 2891 428 2917 ,
457 2868 580 2908 cum
620 2853 762 2923 apud
794 2869 852 2908 se
882 2854 1154 2924 parvulus,
1188 2853 1333 2925 apud
1361 2854 1531 2909 Deum
1560 2869 1785 2924 magnus
1811 2873 1826 2923 ;

230 2960 346 3002 cum
364 2963 507 3003 vero
534 2949 673 3019 apud
694 2964 753 3004 se
776 2963 1001 3018 magnus
1031 2951 1299 3021 apparuit,
1328 2950 1471 3021 apud
1500 2950 1671 3007 Deum
1702 2966 1829 3022 par-

231 3036 376 3092 vulus
436 3036 553 3093 fuit.
611 3036 935 3109 Plerumque
989 3052 1119 3107 ergo
1170 3039 1299 3093 dum
1347 3054 1414 3094 ex
1463 3038 1829 3109 subjectorum

229 3129 507 3187 afﬂuentia
544 3132 754 3187 animus
801 3131 1056 3198 inﬂatur,
1112 3132 1166 3187 in
1207 3133 1391 3187 luxum
1423 3132 1687 3203 superbize
1714 3131 1831 3203 ipso

229 3225 491 3295 potentia:
519 3225 732 3294 fastigio
759 3223 1105 3279 lenocinante
1130 3225 1511 3295 corrumpitur.
1550 3223 1722 3291 Quam
1752 3224 1832 3278 vi-

1935 2031 2057 2099 quis
2104 2040 2294 2086 contra
2344 2031 2640 2101 quemlibet
2686 2030 2945 2086 clericum
2993 2046 3214 2087 causam
3262 2030 3536 2099 habuerit,

1935 2121 2248 2191 episcopum
2291 2122 2461 2193 ipsius
2503 2122 2694 2191 adeat,
2728 2130 2789 2177 ut
2817 2132 2911 2176 aut
2941 2122 3056 2191 ipse
3084 2131 3407 2192 cognoscat,
3441 2128 3537 2177 aut

1935 2219 2086 2266 certe
2111 2212 2178 2267 ab
2210 2212 2328 2283 ipso
2346 2213 2557 2284 judices
2586 2212 2931 2283 deputentur.
2965 2214 3073 2268 Aut
3109 2214 3156 2268 si
3186 2215 3255 2269 ob
3284 2213 3390 2270 hoc
3423 2211 3536 2268 for-

1935 2311 2081 2359 tasse
2110 2305 2177 2359 ad
2208 2305 2441 2362 arbitros
2469 2305 2702 2361 eundum
2730 2313 2845 2371 est,
2891 2314 3072 2374 partes
3115 2305 3184 2359 ad
3228 2305 3536 2375 eligendum

1929 2397 2166 2468 judicem
2195 2402 2264 2455 ab
2287 2401 2405 2470 ipso
2430 2400 2680 2455 executio
2706 2398 2962 2469 deputata
2988 2397 3299 2469 compellat.
3329 2395 3387 2451 Si
3412 2396 3537 2467 quis

1933 2507 2082 2559 vero,
2115 2493 2201 2548 vel
2229 2493 2475 2561 clericus,
2508 2494 2597 2548 vel
2623 2493 2812 2558 laicus,
2846 2500 3040 2549 contra
3061 2491 3375 2561 episcopum
3402 2504 3537 2544 cau-

1932 2600 2048 2639 sam
2072 2585 2343 2652 habuerit,
2369 2593 2499 2641 tunc
2523 2595 2576 2640 te
2603 2585 2949 2656 interponere
2978 2584 3165 2648 debes,
3194 2590 3253 2637 ut
3271 2582 3414 2636 inter
3435 2594 3534 2636 eos

1933 2685 2029 2733 aut
2056 2678 2170 2748 ipse
2193 2692 2510 2747 cognoscas,
2542 2686 2637 2733 aut
2663 2687 2834 2744 certe,
2866 2685 2920 2731 te
2941 2677 3287 2739 admonente,
3319 2673 3417 2729 sibi
3443 2673 3534 2741 ju--

1932 2769 2080 2826 dices
2110 2770 2327 2839 eligant.
2372 2770 2506 2824 Nam
2545 2771 2591 2825 si
2631 2786 2729 2825 sua
2770 2769 3060 2838 unicuique
3089 2767 3349 2837 episcopo
3370 2764 3536 2834 juris-

1932 2862 2097 2917 dictio
2126 2878 2235 2918 non
2279 2872 2557 2930 servatur,
2588 2862 2719 2933 quid
2759 2861 2903 2917 aliud
2931 2862 3140 2930 agitur,
3188 2859 3320 2925 nisi,
3356 2866 3413 2913 ut
3439 2873 3537 2928 per

1932 2969 2070 3024 quos
2099 2956 2497 3012 ecclesiasticus
2524 2954 2783 3011 custodiri
2814 2953 2948 3009 ordo
2978 2952 3275 3017 debuerat,
3305 2949 3535 3006 confun-

1931 3048 2087 3104 datur
2108 3050 2139 3102 ξ’
2169 3069 2187 3101 ι
2222 3049 2445 3122 (Regist.
2478 3049 2570 3104 lib.
2598 3066 2673 3115 ιι,
2701 3066 2785 3118 ep.
2815 3047 2928 3116 '57.)

2006 3141 2094 3198 51.
2126 3140 2276 3196 Sicut
2296 3142 2603 3197 convictum
2626 3141 2693 3196 de
2716 3140 2943 3196 crimine
2963 3139 3079 3195 sine
3105 3137 3340 3193 vindicta
3365 3153 3533 3193 cano-

1936 3232 2057 3287 nica
2105 3230 2397 3302 Gregorius
2426 3233 2696 3288 neminem
2737 3230 3108 3300 relinquebat,
3157 3230 3234 3285 sic
3278 3229 3532 3284 nimirum

232 3316 429 3375 (ιθὶίοεῖ
458 3317 761 3389 potentiam
789 3318 929 3373 bene
952 3319 1112 3387 regit,
1145 3317 1237 3388 qui
1262 3326 1317 3371 et
1346 3327 1530 3373 tenere
1559 3317 1702 3371 illam
1730 3332 1832 3371 ηο·
1860 3314 1907 3379 C
1938 3327 2214 3383 falsarium
2243 3327 2541 3384 delatorem
2567 3327 2801 3397 regulari
2833 3328 3045 3381 tramite
3072 3326 3348 3396 puniebat.
3384 3323 3539 3379 Unde

237 3411 396 3477 verit,
446 3419 506 3467 et
544 3412 879 3483 impugnare.
912 3411 1059 3467 Bene
1089 3412 1230 3466 hanc
1259 3410 1432 3479 regit,
1481 3410 1573 3481 qui
1602 3411 1705 3466 scit
1732 3425 1831 3481 per

240 3498 378 3557 illam
421 3519 587 3574 super
627 3504 813 3575 culpas
855 3503 1021 3573 erigi,
1071 3504 1175 3558 scit
1213 3511 1269 3558 et
1317 3519 1439 3559 cum
1487 3503 1577 3557 illa
1622 3502 1831 3558 caeteris

240 3595 545 3663 aequalitate
582 3597 856 3669 componi.
904 3595 1150 3653 Humana
1181 3597 1380 3652 etenim
1411 3612 1563 3652 mens
1592 3597 1829 3667 plerum-

240 3700 340 3755 que
368 3689 678 3756 extollitur,
730 3690 893 3745 etiam
936 3706 1059 3746 cum
1095 3690 1239 3745 nulla
1269 3698 1541 3761 potestate
1572 3690 1786 3745 fulcitur
1816 3707 1829 3743 :

240 3790 440 3849 quanto
462 3783 632 3852 magis
660 3782 714 3837 in
738 3783 906 3838 altum
934 3798 995 3838 se
1021 3783 1211 3852 erigit,
1242 3799 1363 3838 cum
1393 3797 1453 3837 se
1481 3782 1646 3837 etiam
1675 3789 1833 3852 pote-

240 3879 348 3928 stas
401 3877 455 3927 ei
510 3872 787 3941 adjungit?
836 3872 1011 3939 Quam
1068 3882 1248 3928 tamen
1304 3882 1630 3944 potestatem
1685 3881 1836 3929 recte

240 3959 549 4032 dispensat,
591 3962 685 4030 qui
719 3962 952 4017 sollicite
991 3964 1201 4019 noverit
1244 3973 1299 4019 et
1344 3979 1622 4019 assumere
1650 3978 1717 4019 ex
1745 3964 1837 4019 illa

242 4052 385 4119 quod
414 4051 657 4122 adjuvat,
687 4060 743 4107 et
769 4066 1078 4124 expugnare
1100 4053 1246 4123 quod
1270 4063 1462 4122 tentat,
1492 4063 1547 4110 et
1574 4055 1836 4126 aequalem

244 4155 299 4199 se
318 4160 443 4200 cum
475 4144 566 4200 illa
594 4145 803 4201 caeteris
834 4161 1081 4213 cernere,
1108 4155 1164 4203 et
1192 4156 1371 4204 tamen
1402 4163 1461 4204 se
1490 4148 1840 4219 peccantibus

244 4236 358 4293 zelo
378 4237 601 4293 ultionis
621 4237 911 4295 anteferre.
936 4237 1046 4295 Sed
1065 4239 1206 4295 hanc
1228 4239 1606 4297 discretionem
1628 4241 1841 4312 plenius

246 4329 619 4397 agnoscimus,
661 4330 706 4386 si
756 4331 993 4402 pastoris
1040 4331 1199 4402 primi
1241 4332 1489 4404 exempla
1532 4347 1836 4388 cernamus.

248 4415 439 4478 Petrus
480 4437 747 4493 namque,
775 4434 997 4481 auctore
1025 4425 1172 4495 Deo,
1221 4434 1422 4483 sancta:
1461 4426 1557 4481 Dei
1585 4426 1841 4483 Ecclesiae

249 4512 611 4586 principatum
640 4523 852 4583 tenens,
885 4533 917 4572 a
943 4517 1083 4574 bene
1109 4526 1303 4588 agente
1340 4517 1615 4587 Cornelio,
1642 4528 1698 4573 et
1721 4534 1843 4575 sese

250 4603 301 4659 ei
330 4605 607 4663 humiliter
634 4617 1011 4678 prosternente
1041 4610 1449 4666 immoderatius
1474 4610 1725 4666 venerari
1753 4625 1839 4665 re-

1934 3419 2228 3475 Anthemio
2269 3420 2603 3477 subdiacono
2631 3418 2907 3485 scribens,
2954 3418 3030 3473 ait
3071 3436 3083 3470 :
3136 3436 3154 3469 ‹
3186 3417 3321 3472 Cum
3346 3415 3539 3471 fortius

1934 3511 2206 3582 punienda
2235 3512 2344 3566 sint
2372 3513 2599 3567 crimina
2624 3526 2744 3582 quae
2775 3510 3079 3567 insontibus
3104 3518 3161 3564 et
3185 3508 3418 3563 maxime
3448 3522 3538 3562 sa-

1936 3604 2044 3659 cris
2065 3602 2347 3660 ordinibus
2367 3606 2702 3675 ingeruntur,
2726 3620 2888 3674 quam
2904 3603 3021 3658 sitis
3041 3600 3338 3671 culpabiles
3351 3612 3542 3654 omnes

1936 3695 2027 3764 qui
2069 3694 2123 3748 iu
2165 3710 2328 3750 causa
2356 3694 2583 3751 Joannis
2612 3695 2825 3751 diaconi
2854 3694 3157 3759 resedistis,
3192 3690 3453 3747 attendite
3479 3698 3541 3745 ut

1937 3786 2233 3852 Hilarium,
2271 3787 2678 3842 criminatorem
2718 3787 2864 3856 ejus,
2919 3786 3064 3839 nulla
3110 3783 3541 3860 ex_detiaitione

1938 3886 2118 3934 vestra
2145 3893 2305 3948 ptena
2333 3879 2559 3933 veniens
2591 3878 2902 3946 castigaret.
2934 3875 3044 3931 Nec
3071 3876 3201 3930 illud
3231 3876 3296 3929 ad
3318 3890 3543 3929 excusa-

1940 3970 2143 4024 tionem
2172 3976 2410 4024 vestram
2439 3983 2560 4025 esse
2600 3968 2833 4024 credatis
2864 3968 3146 4033 idoneum,
3198 3965 3339 4033 quod
3366 3965 3543 4031 vobis,

1941 4060 2095 4131 quasi
2119 4059 2369 4129 judicare
2399 4060 2723 4126 volentibus,
2756 4060 2903 4115 solus
2924 4058 3091 4114 frater
3112 4066 3167 4114 et
3193 4057 3545 4128 coepiscopus

1946 4160 2134 4211 noster
2154 4151 2479 4210 Paschasius
2511 4152 2703 4209 dicitur
2726 4152 3020 4209 distulisse.
3062 4151 3197 4205 Nam
3226 4150 3272 4205 si
3311 4149 3460 4206 zelus
3489 4147 3546 4207 in

1944 4246 2101 4304 vobis
2129 4246 2466 4303 rectitudinis
2492 4246 2782 4316 viguisset,
2824 4245 3035 4301 facilius
3065 4245 3158 4300 uni
3196 4260 3227 4299 a
3253 4244 3436 4299 multis
3464 4258 3547 4299 ra-

1944 4339 2277 4396 tionabiliter
2303 4338 2518 4394 suaderi
2547 4352 2710 4407 quam
2737 4336 2893 4392 multi
2920 4336 2987 4392 ab
3013 4352 3123 4392 uno
3150 4343 3402 4407 poterant
3427 4336 3547 4391 sine

1948 4444 2111 4485 causa
2139 4428 2361 4485 differri.
2391 4428 2527 4497 Quia
2555 4442 2689 4498 ergo
2717 4436 2878 4483 tantze
2915 4428 3169 4498 nequitia:
3196 4428 3399 4482 malum
3430 4427 3547 4483 sine

1946 4521 2108 4591 digna
2136 4538 2245 4579 non
2273 4522 2436 4577 debet
2460 4521 2663 4577 ultione
2693 4521 2951 4584 transire,
2981 4519 3410 4591 suprascriptum
3439 4518 3548 4572 tra-

1949 4624 2087 4673 trem
2134 4622 2379 4672 nostrum
2428 4612 2776 4670 Paschasium
2824 4612 3071 4669 volumus
3117 4608 3439 4677 admoneri,
3489 4617 3549 4664 ut

252 4703 481 4767 cusavit,
510 4717 679 4773 seque
698 4703 776 4758 illi
795 4703 1024 4759 similem
1044 4705 1383 4774 recognovit,
1408 4704 1629 4761 dicens:
1657 4705 1848 4779 Surge,
1880 4709 1935 4771 D
1959 4709 2207 4766 eumdem
2251 4708 2514 4763 Hilarium
2559 4708 2705 4778 prius
2744 4704 3108 4769 subdiaconii,
3154 4717 3263 4772 quo
3300 4699 3548 4770 indignus

253 4800 319 4841 ne
345 4791 563 4861 feceris;
602 4801 653 4847 et
688 4810 783 4864 ego
811 4795 921 4863 ipse
950 4794 1100 4849 homo
1130 4811 1244 4849 sum
1271 4795 1420 4867 (Act.
1453 4812 1518 4861 x,
1546 4794 1615 4849 26
1634 4796 1672 4855 ).
1714 4794 1844 4861 Sed,

255 4892 375 4937 cum
394 4884 619 4941 Anania:
638 4895 692 4941 et
712 4885 986 4957 Sappbirae
1012 4889 1223 4959 culpam
1244 4889 1617 4961 reperit,‘_'mox
1644 4899 1847 4961 quanta

257 4976 497 5038 potentia
523 4992 686 5048 super
714 4986 938 5034 cancros
966 4980 1300 5036 excrevisset
1328 4981 1565 5038 ostendit
1590 4982 1733 5051 (Act.
1764 4984 1844 5053 v).

259 5054 435 5123 Verbo
473 5083 707 5141 namque
745 5085 934 5125 eorum
957 5069 1122 5124 vitam
1151 5072 1410 5141 perculit,
1454 5087 1616 5142 quam
1654 5071 1844 5142 spiritu

259 5168 629 5225 perscrutante
650 5162 1031 5234 deprehendit;
1055 5171 1110 5219 et
1132 5180 1401 5220 summum
1422 5181 1482 5221 se
1503 5167 1642 5222 intra
1663 5165 1846 5224 Eccle-

262 5250 394 5309 siam
419 5266 607 5312 contra
637 5264 860 5327 peccata
886 5256 1149 5325 recoluit;
1179 5257 1356 5329 quod,
1388 5258 1597 5315 honore
1622 5259 1723 5315 sibi
1753 5274 1846 5315 ve-

264 5340 542 5404 hementer
570 5349 845 5420 impenso,
887 5364 1072 5406 coram
1111 5349 1253 5405 bene
1283 5349 1567 5418 agentibus
1594 5350 1850 5407 fratribus

265 5446 372 5491 non
400 5440 635 5510 agnovit.
677 5440 790 5495 lllic
828 5441 1026 5513 auippe
1066 5443 1501 5496 communionem
1530 5441 1852 5512 aequalitatis

266 5533 458 5587 meruit
484 5534 740 5590 sanctitas
766 5536 1023 5604 actionis,
1064 5534 1153 5590 hic
1180 5534 1327 5590 zelus
1355 5534 1574 5590 ultionis
1597 5534 1687 5604 jus
1717 5551 1851 5607 ope-

268 5621 373 5676 ruit
418 5628 718 5696 potestatis.
749 5646 769 5681 s
815 5625 883 5683 Et
916 5628 1076 5699 paulo
1102 5637 1224 5700 post
1267 5646 1281 5682 :
1336 5649 1354 5680 ι
1382 5627 1489 5684 Sed
1519 5645 1641 5685 cum
1676 5629 1850 5685 delin-

271 5726 492 5782 quentes
512 5721 755 5778 subditos
784 5724 1056 5794 przepositi
1084 5725 1381 5794 corrigunt,
1412 5735 1597 5793 restat,
1629 5741 1853 5784 necesse

270 5817 365 5875 cst,
394 5823 458 5870 ut
475 5815 1018 5883 solliciteattendant,
1037 5825 1302 5887 quatenus
1327 5834 1424 5890 per
1446 5819 1741 5893 disciplina:
1760 5821 1855 5878 de-

262 5894 441 5963 bitum
468 5909 652 5981 culpas
679 5908 894 5979 quidem
924 5909 1046 5980 jure
1070 5912 1353 5983 potestatis
1375 5913 1607 5985 feriant,
1637 5916 1731 5973 sed
1760 5931 1858 5987 per

1951 4802 2206 4872 fungitur,
2238 4801 2412 4871 privet
2438 4798 2618 4855 oflicio
2634 4840 2649 4864 ,
2681 4806 2846 4866 atque
2870 4794 3185 4851 verberibus
3211 4792 3423 4863 publice
3452 4808 3547 4848 ca-

1950 4895 2205 4963 stigatum
2232 4890 2396 4947 faciat
2419 4891 2474 4944 in
2503 4888 2750 4944 exsilium
2777 4885 3075 4955 deportari,
3117 4892 3176 4939 ut
3202 4884 3361 4940 unius
3381 4899 3547 4957 paena

1952 4985 2247 5041 multorum
2272 4977 2445 5053 possit
2467 4994 2587 5035 esse
2611 4977 2899 5033 correctio.
2927 4974 3091 5045 Cujus
3117 4977 3164 5031 si
3191 4976 3331 5032 torte
3356 4977 3552 5032 lenita-

1952 5087 2061 5135 tem
2085 5076 2299 5133 diaconi
2320 5075 2401 5130 sui
2422 5073 2598 5128 adhuc
2617 5070 2800 5141 opinio
2821 5069 3055 5126 lacerata
3086 5085 3194 5126 non
3221 5078 3550 5138 commovet,

1954 5179 2009 5227 et
2033 5171 2086 5225 in
2112 5169 2217 5224 hoc
2238 5165 2385 5237 quod
2407 5180 2515 5219 non
2543 5162 2810 5219 credimus
2830 5170 3052 5235 torpens
3068 5163 3358 5231 exstiterit,
3383 5179 3523 5235 expc

1951 5263 2146 5322 rientia
2175 5270 2263 5316 tua
2290 5260 2406 5315 haec
2434 5272 2555 5328 quae
2580 5257 2814 5312 diximus
2845 5255 3024 5323 faciat,
3058 5265 3114 5313 et
3139 5257 3207 5313 de
3228 5256 3371 5312 illius
3393 5253 3551 5309 nobis

1954 5358 2201 5429 neglectu
2228 5353 2523 5411 renuntiet.
2557 5370 2578 5405 ι
2622 5350 2848 5422 (Regist.
2878 5350 2967 5405 lib.
3002 5366 3076 5418 ru,
3106 5367 3188 5421 ep.
3224 5348 3338 5420 7i.)

2029 5452 2231 5507 idcirco
2258 5446 2551 5516 Gregorius
2580 5461 2687 5501 non
2716 5444 3039 5515 probantem
3081 5443 3226 5513 quod
3276 5440 3553 5508 obiecerat

1956 5543 2344 5602 subdiaconum
2374 5538 2553 5596 ofﬁcio
2577 5537 2732 5607 jubet
2762 5537 2987 5607 privari,
3021 5536 3167 5605 quia,
3192 5533 3349 5603 juxta
3379 5544 3551 5587 cano-

1960 5637 2111 5692 nicas
2140 5633 2360 5690 Patrum
2387 5630 2705 5694 sententias,
2735 5629 2825 5698 qui
2855 5626 3178 5684 calumniam
3208 5624 3413 5679 illatam
3444 5638 3553 5682 non

1959 5728 2154 5801 probat
2180 5742 2397 5798 ptenam
2425 5724 2586 5781 debet
2612 5722 2918 5783 incurrere,
2949 5732 3143 5789 quam,
3169 5715 3215 5770 si
3245 5716 3554 5785 probasset,

1962 5838 2087 5880 reus
2109 5821 2295 5892 utique
2332 5817 2645 5875 sustineret.
2678 5812 2756 5867 Ac
2782 5825 2880 5882 per
2905 5809 3011 5863 hoc
3038 5806 3163 5877 quia
3193 5804 3556 5863 subdiaconus

1964 5914 2166 5999 eritnpu
2188 5911 2416 5968 diacono
2440 5906 2670 5980 probare
2692 5916 2799 5958 non
2822 5896 3017 5969 potuit,
3046 5895 3302 5968 quoniam
3332 5894 3556 5967 imposi-
