4138 6450
274 430 375 489 197

843 429 901 486 S.
943 428 1274 487 GREGORII
1314 431 1529 488 MAGNI
1571 429 1734 489 VITA
1796 426 1997 485 AUCT.
2042 429 2305 501 JOANNE
2351 430 2661 485 DIACONO.
2705 429 2835 487 LIB.
2877 429 2963 487 IV.

3447 434 3550 492 198

271 560 377 618 qua
419 550 548 599 sunt
591 542 694 598 alia
724 542 1091 603 eailesiastico‘
1119 544 1227 614 juri
1269 544 1651 616 competentia,
1700 551 1757 607 et
1790 541 1858 597 ab
1887 543 1938 621 Α
1962 541 2215 598 donensis
2245 540 2496 597 Ecclesiae
2528 544 2919 615 presbyterum,
2954 558 2982 597 a
3011 544 3165 599 vobis
3204 544 3422 599 fuerant
3462 546 3558 601 de-

182 628 195 637 \
272 639 547 696 extraneis
588 636 828 694 indebite
853 636 1188 707 detinentur,
1214 653 1338 696 cum
1366 638 1517 695 omni
1541 636 1720 697 Studia
1746 650 1863 697 ser-

214 746 223 795 !
270 744 395 787 vata
420 729 699 794 civilitate,
732 728 786 783 in
825 727 913 798 jus
939 729 1184 785 ecclesias
1230 738 1334 785 tuas
1371 743 1625 799 reparare
1650 726 1863 797 festina,

270 830 331 878 ut
360 825 637 893 negligens
664 822 928 909 in‘aliquo
956 822 1126 879 videri
1156 838 1263 881 non
1295 821 1496 883 valeas.
1528 820 1586 877 Si
1616 820 1743 893 quid
1768 834 1865 881 ve-

271 930 334 969 ro
362 914 431 971 de
464 929 804 984 quocumque
842 915 1042 970 clerico
1070 914 1138 968 ad
1166 929 1326 970 aures
1371 920 1492 971 tuas
1538 910 1865 989 pervenerit,

272 1008 416 1077 quod
445 1015 498 1063 te
519 1009 665 1078 juste
692 1007 861 1077 possit
886 1005 1179 1072 otTendere,
1204 1005 1360 1061 facile
1387 1020 1495 1061 non
1523 1004 1733 1071 credas,
1767 1016 1869 1073 nec

271 1098 336 1153 ad
362 1098 654 1153 vindictam
678 1106 732 1154 te
759 1114 851 1155 res
869 1098 1133 1154 accendat
1158 1098 1462 1168 incognita;
1493 1096 1608 1165 sed,
1633 1110 1867 1168 praesen-

272 1190 415 1245 tibus
450 1191 694 1247 ecclesia:
742 1199 846 1246 tua:
889 1190 1211 1255 senioribus,
1243 1189 1527 1261 diligenter
1556 1197 1639 1246 est
1667 1188 1866 1249 veritas

270 1282 674 1351 perscrutanda,
716 1291 773 1337 et
798 1292 927 1339 tunc
968 1282 1015 1339 si
1042 1281 1276 1352 qualitas
1304 1280 1384 1336 rei
1416 1280 1746 1351 poposcerit,
1773 1294 1867 1334 ca-

268 1373 460 1428 nonica
488 1373 759 1429 districtio
784 1373 974 1443 culpas
1002 1372 1161 1429 feriat
1188 1371 1570 1441 delinquentis.
1605 1369 1731 1425 Haec
1760 1367 1864 1423 ita-

270 1482 371 1537 que
400 1469 580 1523 omnia
614 1469 693 1525 sic
719 1468 951 1525 sollicite
978 1484 1043 1525 ac
1072 1478 1354 1525 mansuete
1377 1466 1542 1523 studii
1567 1466 1645 1523 tui
1672 1467 1743 1521 sit
1772 1480 1865 1519 cu-

266 1562 489 1627 stodire,
539 1572 806 1631 quatenus
854 1577 954 1619 nec
996 1570 1053 1617 tu
1082 1561 1459 1632 promissionis
1489 1570 1592 1615 tuas
1632 1558 1865 1615 videaris

269 1652 553 1708 immemor
570 1654 869 1721 exstitisse,
886 1669 987 1711 nec
1012 1653 1089 1710 illi
1110 1654 1313 1723 justam
1337 1661 1526 1710 contra
1548 1660 1602 1709 te
1624 1651 1865 1709 occasio-

268 1759 392 1801 nem
440 1745 684 1802 invenire
727 1746 950 1803 valeant
994 1747 1384 1807 murmurandi.
1415 1766 1435 1799 ι
1490 1750 1512 1818 (
1536 1745 1738 1818 Regist.
1769 1744 1861 1800 lib.

275 1850 388 1902 xm,
416 1854 500 1906 ep.
522 1836 612 1890 44.
640 1842 657 1904 )

1966 632 2159 705 putati,
2212 632 2544 703 negligentes
2571 634 2874 700 veritatem,
2915 634 3153 703 opinioni
3194 634 3561 705 crediderunt,

1968 735 2025 782 et
2069 726 2291 782 credere
2337 725 2578 780 districte
2625 725 2900 796 profitenti
2959 728 3293 783 noluerunt:
3330 731 3564 786 maxime

1970 834 2092 873 cum
2128 827 2470 893 accusatores
2506 818 2673 893 ipsius
2703 828 2730 856 ι
2760 818 3225 876 Marcionistarum
3257 838 3415 892 quam
3448 840 3564 878 me-

1968 912 2253 968 morabant
2282 912 2549 979 haeresim,
2584 911 2722 965 unde
2753 928 2875 965 eum
2906 928 3056 967 reum
3088 910 3454 969 moliebantur
3484 916 3566 969 ef-

1969 1002 2152 1074 ficere,
2199 1004 2512 1076 interrogati
2560 1020 2677 1079 quae
2708 1012 2886 1069 esset,
2921 1007 3128 1062 nescire
3176 1022 3233 1060 se
3262 992 3565 1081 manifesta

1967 1094 2303 1173 professione
2332 1096 2726 1175 responderint.
2762 1095 2840 1149 Ex
2870 1112 2974 1166 qua
3006 1112 3063 1151 re
3090 1098 3368 1152 evidenter
3399 1113 3564 1167 agno-

1967 1188 2136 1245 scitur
2162 1189 2287 1261 quia
2317 1205 2601 1259 personam
2650 1190 2816 1260 ipsius
2852 1190 2968 1245 sine
3016 1189 3110 1243 Doi
3160 1203 3407 1261 respectu
3456 1209 3565 1249 non

1962 1280 2128 1351 juste,
2161 1279 2258 1339 sed
2286 1290 2472 1336 contra
2502 1283 2709 1336 animas
2736 1297 2860 1337 suas
2890 1283 3004 1336 sola
3035 1295 3263 1351 gravare
3291 1286 3567 1341 voluntate

1968 1374 2340 1453 tantummodo
2387 1375 2689 1455 voluerunt.
2737 1374 2844 1429 Nos
2875 1376 3074 1443 itaque,
3128 1375 3268 1430 facto
3308 1378 3562 1449 concilio,

1967 1467 2108 1521 sicut
2146 1475 2420 1534 gestorum
2451 1454 2591 1541 apud
2621 1483 2721 1543 nos
2750 1454 3057 1521 habitorum
3100 1476 3257 1522 tenor
3300 1470 3557 1535 ostendit,

1969 1564 2159 1611 cuncta
2190 1572 2309 1627 qua:
2339 1566 2494 1612 erant
2524 1559 2829 1639 necessaria
2859 1559 3129 1614 subtiliter
3160 1568 3567 1629 perscrutantes

1969 1666 2032 1706 ac
2061 1657 2373 1719 tractantes,
2405 1653 2660 1723 quoniam
2692 1653 2743 1706 in
2776 1652 2928 1707 nullo
2968 1653 3294 1707 antedictum
3338 1654 3565 1724 presby-

1967 1750 2142 1805 terum
2172 1758 2320 1797 reum
2352 1744 2594 1817 invenire
2624 1745 2917 1815 potuimus,
2962 1746 3230 1815 prmeipue
3259 1746 3383 1816 quia
3414 1746 3556 1801 libel.

1970 1834 2052 1889 Ius
2092 1850 2251 1907 Quem
2282 1834 2542 1905 delegatis
2586 1852 2617 1889 a
2655 1836 2807 1893 vobis
2851 1830 3133 1904 judicibus‘
3167 1838 3361 1893 obtulit
3406 1846 3563 1893 recta:

333 1926 469 1981 Item
496 1926 841 1995 Maximiano,
889 1929 1235 1998 Syracusano
1264 1930 1544 2003 episcopo,
1576 1935 1699 1998 post
1723 1943 1859 1997 pan-
1888 1924 1936 1995 Β
1964 1923 2085 1980 fidei
2115 1942 2214 1997 per
2241 1928 2418 1982 omnia
2446 1928 2740 1983 sinceritati
2770 1930 3081 1993 concordat,
3134 1940 3425 2001 eapropter
3463 1946 3561 1986 eo-

264 2033 325 2075 ca
353 2035 371 2073 :
405 2037 425 2071 ι
451 2019 819 2089 Cognovimus
836 2021 918 2077 'de
944 2023 1204 2079 reditibus
1229 2022 1483 2079 Ecclesia:
1514 2022 1726 2077 noviter
1766 2037 1863 2075 ac-

263 2111 477 2181 quisitis
506 2114 825 2169 canonicam
853 2113 1263 2184 dispositionem
1300 2123 1614 2184 quartarum
1644 2112 1865 2167 minime

263 2203 571 2272 provenire,
593 2204 690 2260 sed
714 2204 999 2275 episcopos
1019 2204 1264 2261 locorum
1287 2204 1663 2261 tantummodo
1684 2203 1864 2259 distri-

262 2289 431 2348 buere
476 2302 725 2363 quartam
774 2295 1123 2364 antiquorum
1173 2295 1447 2353 redituum
1475 2336 1490 2361 ,
1540 2310 1685 2352 nunc
1732 2310 1864 2349 vero

262 2385 488 2452 quaesita
532 2386 646 2442 suis
693 2388 878 2443 usibus
922 2388 1181 2444 retinere.
1228 2387 1589 2453 Quamobrem
1640 2400 1863 2457 pravam

258 2474 727 2534 subintroductam
754 2479 1203 2537 consuetudinem
1234 2479 1541 2541 fraternitas
1572 2488 1663 2537 tua
1714 2480 1865 2535 viva-

259 2566 401 2621 citer
426 2569 715 2625 emendare
741 2570 981 2637 festinet,
1014 2580 1092 2635 ut,
1122 2572 1239 2628 sive
1263 2571 1332 2628 de
1361 2571 1649 2641 praeteritis
1674 2571 1863 2627 rediti-

258 2655 384 2726 bus,
412 2659 531 2714 sive
555 2660 622 2716 de
648 2661 733 2716 bis
758 2676 879 2731 quae
908 2662 1120 2718 noviter
1146 2663 1437 2727 obvenere,
1465 2663 1552 2718 vel
1579 2662 1866 2718 obvenien-

259 2751 426 2817 tibus,
480 2765 671 2823 quarta
716 2756 1017 2811 secundum
1060 2756 1495 2813 distributionem
1543 2756 1863 2813 canonicam

259 2845 628 2917 dispensetur.
687 2850 839 2921 147
886 2849 1242 2921 Incongruum
1291 2864 1527 2919 namque
1570 2857 1653 2905 est
1703 2864 1863 2907 unam

260 2938 637 3009 eamdemque
672 2940 929 2997 Ecclesiae
979 2941 1333 2997 substantiam
1381 2940 1583 3011 duplici
1630 2940 1864 3009 quodam

259 3031 430 3086 modo
453 3032 573 3100 jure
600 3035 833 3101 censeri,
864 3034 918 3089 id
942 3042 1027 3091 est
1048 3034 1413 3104 usurpationis
1442 3042 1497 3090 et
1515 3048 1806 3090 canonum.
1838 3052 1857 3088 ι

259 3120 404 3193 (Lib.
436 3139 511 3188 Ill,
544 3141 626 3195 ep.
659 3124 771 3195 II.)

328 3214 425 3269 55.
465 3216 545 3270 Ab
574 3217 693 3272 aliis
733 3218 1002 3289 episcopis
1046 3222 1428 3277 communione
1458 3220 1698 3290 privatos
1726 3219 1862 3277 Gre-

1968 2018 2210 2075 rumdem
2227 2019 2467 2088 judicum
2486 2022 2839 2090 reprobantes
2860 2004 3205 2087 sententiam,
3232 2032 3414 2097 nostra
3438 2036 3563 2075 eum

1968 2109 2281 2167 definitione
2309 2113 2656 2177 catholicum,
2703 2122 2757 2167 et
2786 2114 2851 2167 ab
2882 2100 3026 2168 omni
3059 2115 3309 2191 barretico
3341 2114 3564 2169 crimine

1967 2202 2196 2257 liberum
2228 2219 2369 2271 esse,
2401 2203 2597 2259 Christi
2630 2204 2721 2259 Dei
2756 2203 3134 2275 Redemptoris
3165 2206 3331 2260 nostri
3364 2205 3563 2260 miseri-

1966 2294 2152 2350 cordia
2182 2303 2235 2350 et
2260 2296 2430 2365 gratia
2461 2296 2757 2362 revelante,
2789 2282 3240 2352 denuntiavimus.
3266 2316 3282 2348 ι
3315 2296 3452 2367 (Lib.
3486 2313 3583 2366 VI,‘

1965 2403 2046 2457 ep.
2083 2386 2204 2458 I5.)

2038 2482 2169 2537 Item
2223 2481 2479 2537 Mauricio
2528 2483 2843 2552 imperatori
2885 2490 3009 2554 post
3038 2497 3249 2552 pauca;
3284 2500 3301 2531 ι
3331 2480 3564 2536 Relectis

1967 2582 2021 2636 in
2052 2579 2283 2635 concilio
2312 2594 2431 2648 quae
2459 2587 2649 2635 contra
2678 2577 2960 2641 Joannem,
2993 2577 3235 2635 ecclesiae
3264 2574 3563 2631 Chalcedo-

1968 2675 2151 2729 nensis
2180 2674 2576 2743 presbyterum,
2594 2681 2714 2726 acta
2737 2680 2881 2735 sunt,
2906 2672 3062 2725 simul
3086 2679 3140 2726 et
3162 2670 3301 2727 serie
3320 2667 3563 2737 judicati,

1967 2763 2229 2832 majorem
2270 2763 2418 2816 illum
2466 2761 2781 2829 injustitiam
2821 2762 3139 2817 sustinuisse
3180 2760 3562 2828 cognovimus,

1967 2858 2167 2927 quippe
2196 2869 2355 2925 quem
2384 2856 2708 2910 clamantem
2741 2869 2797 2908 se
2829 2861 2989 2923 atque
3018 2860 3411 2907 monstrantem
3442 2865 3563 2905 esse

1971 2950 2322 3013 catholicum,
2356 2964 2461 3003 non
2493 2954 2678 3002 reatus
2707 2946 2883 3015 culpa,
2929 2944 3022 3000 sed
3061 2945 3150 3001 diu
3182 2944 3454 3000 accusatio
3484 2941 3564 2996 in-

1967 3050 2117 3098 certa
2164 3040 2437 3105 contrivit,
2485 3040 2537 3094 in
2585 3048 2813 3103 tantum,
2843 3037 2968 3107 quia
2999 3046 3341 3107 accusatores
3371 3035 3562 3104 ipsius,

1970 3131 2434 3187 Marcionistarnm
2475 3145 2636 3200 quam
2678 3130 3049 3184 memorabant
3080 3128 3326 3195 haeresim
3359 3127 3565 3183 nescire

1969 3240 2030 3282 se
2058 3234 2242 3294 aperta
2275 3224 2627 3293 responsione
2656 3223 2884 3293 professi
2927 3231 3072 3287 sunt,
3117 3229 3171 3276 et
3196 3221 3288 3290 qui
3319 3221 3464 3277 illico
3511 3222 3565 3277 in

255 3305 447 3376 gorius
467 3307 834 3362 communioni
857 3308 1096 3376 pristinae
1143 3309 1490 3373 reformabat.
1522 3309 1868 3379 Quapropter
1894 3312 1940 3372 C
1971 3314 2155 3383 judicii
2189 3316 2400 3369 fuerant
2428 3314 2613 3369 limine
2641 3313 2935 3382 repellendi
2980 3313 3033 3366 in
3076 3313 3421 3377 accusatione
3449 3311 3566 3383 ejus

256 3396 478 3468 Magno,
511 3400 829 3471 presbytero
860 3401 1273 3459 Mediolanensis
1304 3403 1567 3463 ecclesiae.
1600 3404 1859 3467 scribens,

258 3493 331 3546 ait
356 3509 372 3546 :
408 3510 426 3542 ι
455 3489 624 3557 Sicut,
649 3494 899 3562 exigente
928 3494 1105 3563 culpa,
1135 3494 1293 3564 digne
1317 3497 1437 3564 quis
1464 3511 1493 3549 a
1522 3505 1863 3552 sacramento

259 3580 657 3637 communionis
710 3585 979 3651 abigitur,
1036 3586 1109 3638 ita
1150 3584 1453 3639 insontibus
1500 3586 1649 3639 nullo
1699 3584 1865 3640 modo

254 3675 382 3731 talis
421 3678 647 3743 irrogari
676 3677 839 3731 debet
865 3678 1122 3733 vindicta.
1173 3678 1551 3746 Comperimus
1598 3677 1865 3746 siquidem

255 3765 407 3835 quod
436 3766 777 3826 Laurentius,
805 3768 1077 3835 quondam
1108 3766 1275 3823 frater
1304 3777 1361 3823 et
1386 3768 1745 3837 coepiscottus
1774 3782 1867 3821 no-

251 3866 397 3920 ster,
431 3857 591 3913 nullis
621 3866 673 3912 te
703 3858 877 3925 culpis
905 3858 1241 3914 exstantibus
1269 3858 1651 3914 communione
1682 3858 1863 3925 priva-

254 3949 423 4011 verit,
455 3947 683 4016 ideoque
714 3947 870 4015 hujus
902 3949 1157 4017 pmzcepti
1184 3950 1354 4004 nostri
1385 3948 1708 4003 auctoritate
1743 3963 1861 4001 mu-

256 4041 432 4106 nitus,
462 4036 696 4093 cilicium
726 4046 877 4092 tuum
906 4053 1131 4093 securus
1167 4054 1384 4111 perage,
1432 4049 1488 4094 et
1532 4039 1865 4094 communio-

258 4147 391 4189 nem
420 4130 541 4185 sine
570 4129 746 4199 aliqua
776 4146 930 4186 sume
960 4130 1261 4188 formidine.
1292 4152 1312 4185 ›
1356 4132 1497 4203 (Lib.
1530 4148 1605 4199 III,
1637 4149 1719 4203 ep.
1738 4131 1868 4199 '26.)

329 4223 423 4279 56.
464 4223 761 4292 Purgantes
780 4239 841 4279 se
865 4240 894 4278 a
918 4225 1145 4281 crimine
1170 4225 1460 4294 cujuslibet
1487 4225 1711 4280 bzcrcsis
1732 4223 1868 4279 Gre-

258 4318 448 4387 gorius
478 4333 585 4372 non
614 4317 789 4372 solum
848 4318 1165 4386 recipiebat,
1216 4320 1324 4374 imo
1352 4320 1516 4374 etiam
1569 4318 1868 4373 catholicos

261 4411 594 4466 declarabat.
646 4408 798 4466 Unde
846 4408 1061 4476 Joanni,
1111 4411 1715 4482 Constantinopolitano
1744 4412 1865 4481 epi-

262 4518 455 4571 scopo,
484 4503 690 4568 scribit,
724 4503 947 4559 dicens:
979 4505 1161 4559 «Sicut
1204 4506 1585 4561 haereticorum
1631 4507 1869 4574 pravitas

250 4595 385 4655 zelo
414 4604 577 4649 recta:
625 4594 745 4650 fidei
776 4597 1201 4665 comprimenda,
1230 4598 1305 4653 ita
1334 4614 1475 4653 verre
1518 4597 1870 4653 confessionis

1971 3408 2158 3461 incerti
2192 3421 2506 3475 permanere
2538 3405 2782 3474 permissi
2813 3413 2957 3459 sunt.
2989 3402 3118 3470 Sed,
3164 3420 3232 3459 ne
3269 3403 3411 3465 dicta
3444 3418 3565 3467 eum

1975 3499 2133 3571 148
2162 3500 2351 3553 saltem
2381 3498 2621 3554 lacerare
2649 3498 2914 3568 potuisset
2939 3498 3145 3566 opinio,
3175 3494 3412 3555 libellum
3444 3494 3565 3552 fidei

1967 3592 2185 3659 obtulit,
2213 3591 2265 3644 in
2297 3606 2405 3659 quo
2432 3605 2491 3644 se
2519 3596 2769 3658 patenter
2793 3587 3081 3643 ostendere
3109 3586 3230 3643 ﬁdei
3257 3593 3420 3642 recte
3443 3600 3566 3655 pro-

1967 3680 2226 3735 fessorem
2254 3680 2458 3735 studuit
2484 3687 2541 3735 et
2568 3693 2876 3746 sequacem.
2915 3675 3022 3732 Sed
3050 3678 3195 3733 hunc
3226 3692 3256 3730 a
3286 3676 3566 3732 sanctissi-
3632 3734 3635 3735 ν

1969 3788 2059 3827 mo
2088 3772 2313 3835 Joanne,
2362 3771 2524 3823 fratre
2550 3780 2605 3823 et
2633 3768 2957 3837 coepiscopo
2986 3775 3192 3831 nostro,
3232 3765 3441 3833 judices
3469 3765 3537 3819 de

1969 3864 2161 3934 putati,
2192 3863 2385 3929 injuste
2415 3878 2479 3914 ac
2508 3858 2947 3913 irrationabiliter
2969 3856 3324 3925 negligentes,
3356 3856 3483 3909 dum
3508 3855 3564 3909 in

1970 3956 2088 4025 ejus
2117 3970 2175 4009 se
2205 3955 2304 4009 nisi
2335 3960 2460 4008 sunt
2504 3966 2773 4020 occupare
2810 3950 3143 4017 gravamine,
3173 3963 3234 4001 se
3276 3948 3455 4017 potius
3480 3961 3565 4002 re-

1971 4046 2361 4118 prcbensibiles
2387 4042 2761 4099 ostenderunt.
2809 4040 2942 4095 Nam
2970 4039 3148 4094 nullus
3179 4038 3400 4106 ambigit
3441 4038 3565 4093 infi-

1969 4140 2245 4195 delitatem
2274 4152 2413 4203 esse,
2448 4135 2603 4190 fidem
2634 4133 2877 4189 fidelibus
2893 4148 2999 4187 non
3025 4132 3249 4188 habere.
3280 4150 3297 4183 ι
3319 4129 3469 4200 (Lib.
3491 4146 3565 4198 v1,

1968 4252 2052 4303 ep.
2087 4232 2208 4301 16.)

2043 4318 2173 4372 Item
2198 4312 2637 4370 Narsi-comitide
2665 4313 2854 4367 eodem
2888 4320 3010 4381 post
3038 4310 3141 4364 alia
3168 4328 3180 4363 :
3215 4328 3233 4361 ι
3254 4309 3330 4364 De
3356 4308 3566 4365 Joanne

1972 4427 2103 4467 vero
2125 4410 2442 4480 presbytero
2467 4402 2775 4475 cognoscite
2804 4405 2927 4473 quia
2957 4403 3099 4458 illius
3126 4418 3287 4458 causa
3315 4418 3413 4473 per
3439 4418 3565 4474 syn-

1971 4505 2134 4560 odum
2174 4502 2355 4557 decisa
2385 4507 2487 4563 est,
2538 4500 2719 4569 inqua
2770 4505 2957 4566 aperte
3006 4494 3232 4565 cognovi
3278 4495 3402 4562 quia
3449 4493 3565 4561 ejus

1975 4595 2264 4651 adversarii
2307 4610 2431 4649 eum
2464 4591 2640 4647 facere
2670 4592 2980 4646 haereticum
3022 4587 3327 4652 voluerunt,
3374 4595 3429 4641 et
3473 4586 3564 4641 diu

264 4695 347 4742 εει
396 4686 672 4753 integritas
701 4688 1129 4757 complectenda.
1163 4689 1298 4743 Nam
1344 4690 1387 4743 si
1433 4690 1579 4745 credi
1628 4690 1858 4746 fideliter
1884 4698 1937 4758 ι)
1973 4686 2151 4741 conati
2198 4692 2343 4751 sunt,
2374 4681 2470 4738 sed
2519 4681 2739 4735 minime
2768 4685 3079 4751 potuerunt.
3108 4696 3128 4729 ι
3166 4676 3307 4747 (Lib.
3356 4692 3427 4743 vi,
3479 4694 3560 4747 ep.

265 4776 549 4832 confitenti
586 4777 895 4846 despicitur,
928 4788 1244 4835 cunctorum
1277 4782 1329 4835 in
1360 4781 1579 4836 dubium
1610 4782 1742 4839 fides
1768 4786 1834 4838 ad

265 4868 496 4933 ducitur,
528 4879 688 4941 atque
717 4886 929 4926 errores
958 4886 1025 4926 ex
1054 4872 1267 4927 incauta
1306 4874 1644 4930 districtione
1673 4876 1835 4931 morti

266 4959 365 5015 fcri
394 4972 747 5029 generantur,
781 4970 837 5016 et
864 4962 989 5017 hinc
1016 4978 1121 5017 non
1152 4965 1338 5031 solum:
1366 4973 1613 5020 errantes
1641 4982 1771 5021 oves
1798 4968 1866 5019 ad

266 5051 451 5105 caulas
488 5052 709 5107 minime
738 5049 1057 5106 Dominicas
1086 5061 1430 5117 revocantur,
1464 5054 1557 5109 sed
1590 5056 1754 5109 etiam
1784 5042 1867 5109 in-

231 5196 242 5221 \
274 5148 360 5196 tus
390 5142 577 5211 posita:
606 5140 790 5209 ferinis
812 5142 1061 5197 dentibus
1088 5141 1351 5196 lanianda:
1379 5144 1671 5200 crudeliter
1699 5162 1868 5216 expo-

234 5234 243 5283 i
269 5241 487 5287 nuntur.
530 5232 645 5288 Iloc
689 5247 818 5302 ergo
858 5234 1148 5299 subtiliter,
1183 5232 1347 5288 frater
1372 5235 1705 5301 charissime,
1740 5254 1865 5307 per-

268 5324 588 5395 pendamus,
612 5335 665 5379 et
694 5325 793 5379 sub
822 5333 1086 5394 praetextu
1116 5325 1337 5380 haeresis
1365 5323 1531 5393 aflligi
1557 5330 1867 5400 quempiam

267 5402 532 5471 veraciter
562 5414 901 5483 profitentem
928 5413 1086 5470 fidem
1116 5415 1435 5471 catholicam
1470 5432 1575 5471 non
1607 5419 1862 5485 sinamus,

267 5521 357 5571 ne,
388 5507 534 5576 quod
580 5490 739 5575 absit,
769 5508 1019 5563 haeresim
1050 5508 1167 5564 fieri
1192 5509 1292 5564 sub
1319 5510 1711 5566 emendationis
1748 5528 1864 5566 ma-

267 5601 347 5668 gis
365 5602 546 5672 specie
562 5603 957 5673 permittamus.
985 5602 1156 5659 Valde
1180 5612 1363 5659 autem
1392 5603 1515 5658 irati
1542 5620 1750 5673 sumus,
1773 5622 1869 5661 cur

268 5691 304 5748 ii
334 5694 423 5762 qui
448 5694 503 5749 in
530 5708 691 5750 causa
720 5690 842 5748 fidei
866 5693 1073 5762 judices
1102 5702 1293 5757 contra
1319 5694 1605 5761 Joannem,
1637 5696 1865 5753 Chalce-

1979 4779 2063 4833 16.

2045 4778 2179 4923 lt)em
2210 4865 2525 4929 Athanasio,
2560 4863 2875 4933 presbytero
2903 4859 2970 4913 de
2998 4858 3199 4913 Isauria
3225 4877 3238 4913 :
3271 4878 3289 4911 ‹
3316 4859 3468 4915 Sicut
3497 4860 3565 4915 de

1977 4965 2055 5020 eis
2080 4978 2217 5032 quos
2245 4962 2311 5015 ab
2341 4960 2545 5012 unitate
2591 4955 2842 5009 Ecclesize
2872 4953 3134 5008 bmreticae
3174 4953 3451 5022 pravitatis
3478 4968 3565 5008 er-

1974 5071 2068 5109 ror
2098 5051 2319 5107 abscidit
2346 5048 2631 5115 affligimur
2654 5054 2710 5099 et
2736 5045 3000 5111 dolemus,
3046 5046 3119 5099 ita
3146 5045 3231 5100 bis
3258 5061 3393 5114 quos
3423 5045 3565 5102 intra

1983 5146 2158 5199 sinum
2205 5155 2359 5195 suum
2399 5137 2678 5193 catbolicae
2714 5136 2835 5190 tidei
2874 5134 3137 5205 professio
3167 5137 3410 5191 continet
3434 5150 3566 5191 con-

1974 5233 2299 5304 gaudemus;
2339 5238 2396 5283 et
2423 5236 2481 5281 nt
2509 5226 2761 5297 pastorali
2802 5216 3162 5281 sollicitudine
3209 5228 3420 5281 illorum
3464 5240 3565 5279 nos

1974 5332 2191 5397 Oportet
2217 5320 2583 5392 impietatibus
2627 5320 2869 5385 obviare,
2899 5320 2977 5373 sic
3003 5320 3104 5389 piis
3136 5335 3322 5374 eorum
3353 5316 3563 5387 profes-

1974 5417 2217 5472 sionibus
2242 5412 2492 5484 congruit
2512 5410 2747 5467 favorem
2771 5412 3105 5481 impendere,
3131 5420 3186 5465 et
3215 5412 3421 5465 sincera
3444 5423 3565 5462 esse

1973 5524 2093 5581 qua!
2140 5508 2350 5577 sapiunt
2390 5506 2686 5561 declarare.
2718 5505 2895 5573 Atque
2943 5503 3084 5567 ideo,
3117 5503 3244 5556 dum
3275 5501 3367 5555 tibi
3397 5499 3565 5552 Atha-

1978 5606 2129 5659 nasio
2161 5602 2476 5673 presbytero
2512 5599 2822 5655 monasterii
2850 5598 3021 5651 sancti
3048 5596 3207 5660 Milze,
3238 5595 3323 5649 cui
3352 5602 3434 5648 est
3464 5610 3562 5649 vo-

1978 5698 2230 5753 cabulum
2281 5694 2556 5759 Tannaco,
2585 5693 2729 5763 quod
2783 5693 2834 5745 in
2884 5688 3149 5757 Lycaonia
3180 5694 3261 5768 est
3291 5687 3564 5769 provincia

341 5859 365 5885 ι
392 5848 452 5903 In
481 5848 602 5904 cod.
636 5848 980 5919 epistolarum
1010 5851 1224 5919 legitur,
1251 5850 1734 5908 Marcianistarum.
1768 5854 1968 5911 Verum
2001 5854 2207 5912 optima
2236 5859 2318 5908 est
2363 5850 2528 5910 lectio
2557 5850 3039 5907 'larciomstarum
3065 5882 3080 5908 ,
3105 5850 3165 5898 ut
3206 5842 3367 5897 etiam
3393 5846 3565 5902 inuui-

270 5932 391 5977 ntus
417 5920 473 5975 in
503 5920 645 5975 notis
672 5918 742 5974 ad
770 5920 908 5975 banc
937 5918 1092 5991 epist.
