4138 6448
592 464 691 522 199

584 585 953 645 constitutum,
978 594 1008 632 c

587 688 641 735 ut
672 671 1016 747 professionis
1045 675 1148 721 tua:
1194 663 1456 734 potuisset
1484 660 1758 727 integritas
1784 668 2066 747 apparere,
2098 649 2165 705 ad

581 746 929 841 apostolicam
974 758 1174 820 sedem,
1204 755 1289 811 cui
1319 751 1683 823 pitesidemus,
1730 746 1937 815 elegisti
1980 758 2165 841 recur-

581 834 719 925 rere,
749 869 997 912 asserens
1022 850 1183 906 etiam
1216 857 1268 902 te
1294 844 1649 915 corporaliter
1694 840 2032 895 verberatum
2069 834 2167 889 ali-

579 968 685 1024 qua
733 950 930 1019 injuste
974 962 1037 999 ac
1080 942 1345 996 violenter
1402 937 1610 992 fecisse.
1660 932 1724 987 Et
1762 945 2069 1000 quanquam
2100 943 2163 983 ea

579 1060 698 1116 qua:
743 1043 794 1097 vi
840 1036 1175 1112 impulsionis
1214 1032 1346 1087 ﬁunt
1391 1043 1659 1085 canonum
1690 1025 1910 1079 minime
1937 1036 2165 1076 censura

578 1113 819 1206 recipiat,
849 1141 905 1187 et
925 1130 1045 1199 jure
1074 1127 1375 1182 habeantur
1403 1121 1633 1183 inﬁrma,
1664 1117 1787 1187 quia
1815 1116 1930 1185 ipse
1959 1129 2021 1168 ca
2053 1113 2165 1206 dis--

576 1205 736 1287 solvit
775 1227 867 1298 qui
917 1222 1173 1291 iujustum
1222 1216 1374 1271 fateri
1420 1212 1714 1281 compellit,
1756 1208 1848 1263 sed
1880 1206 2047 1274 magis
2076 1205 2164 1259 illa

578 1332 660 1376 est
704 1314 1041 1386 suscipienda
1090 1320 1145 1367 et
1191 1304 1559 1378 amplectenda
1619 1301 1888 1357 confessio
1930 1314 2050 1367 qua:
2100 1313 2165 1351 ex

579 1420 878 1481 spontanea
893 1412 1223 1462 monstratur
1240 1402 1514 1455 voluntate
1529 1394 1843 1467 procedere,
1866 1393 2004 1448 sicut
2026 1391 2165 1459 apud

580 1522 680 1560 nos
710 1503 900 1558 fecisse
929 1495 1279 1569 dignosceris.
1328 1492 1404 1547 Ne
1431 1490 1559 1560 quid
1590 1497 1767 1543 tamen
1817 1485 1969 1540 nobis
1998 1484 2166 1537 ambis

580 1611 740 1667 guum
784 1593 1047 1665 potuisset
1084 1590 1335 1650 existere,
1364 1581 1701 1638 sanctissimo
1745 1578 1959 1645 Joanni,
1991 1592 2165 1645 quon-

579 1690 701 1744 dam
730 1686 880 1741 fratri
910 1692 1094 1739 nostro
1120 1675 1725 1746 Constantinopolitanze
1766 1671 1996 1727 civitatis
2026 1668 2168 1722 anti-

578 1781 712 1845 stiti,
747 1779 816 1835 de
844 1790 897 1832 te
922 1775 1262 1848 pmvidimus
1290 1770 1655 1829 scribendum,
1686 1775 1744 1820 ut
1772 1766 1881 1820 suis
1911 1781 2011 1819 nos
2039 1764 2167 1833 quid

579 1883 755 1927 actum
800 1877 940 1926 esset
986 1866 1224 1937 epistolis
1270 1860 1602 1917 informaret.
1636 1856 1737 1924 Qui
1781 1871 1922 1925 saepe
1950 1871 1979 1908 a
2012 1855 2167 1909 nobis

1130 457 1184 510 S.
1228 449 1561 505 GllEliORll
1603 448 1813 503 MAGNl
1861 446 2043 513 VITA,
2086 445 2293 500 AUCT.
2333 442 2594 498 JOANNE
2636 440 2947 498 DIACONO.
2989 440 3119 495 LIB.
3160 439 3248 496 IV.

1010 572 1242 632 ontraria
1273 572 1492 638 integra:
1521 567 1640 622 ﬁdei
1665 574 1781 622 orta
1811 562 2043 634 suspicio
2065 567 2170 626 est,
2197 562 2247 619 Α
2276 557 2436 612 tionis
2482 530 2722 623 stimulo,
2754 554 3003 611 satisﬁeri
3042 554 3196 608 vobis
3246 552 3513 607 veraciter
3548 551 3618 606 de
3664 550 3745 605 his
3793 552 3871 607 de

3753 439 3872 497 200

2270 648 2461 717 quibus
2482 658 2565 702 est
2584 648 2855 714 dubietas,
2880 645 3186 701 intendatis.
3214 642 3521 698 Remeantis
3536 656 3714 699 autem
3730 640 3868 698 Cas—

2269 740 2390 794 torii
2424 740 2618 794 notarii
2667 739 2772 793 mei
2813 738 3037 793 edoctus
3084 737 3348 791 relatione
3377 750 3515 802 sum,
3553 735 3866 789 fraternita-

2269 838 2376 885 tem
2405 840 2637 885 vestram
2686 830 2753 883 ad
2784 844 2871 883 me
2922 829 3123 883 habere
3165 827 3487 882 desiderium
3519 826 3784 892 veniendi,
3815 827 3868 881 si

2267 922 2592 991 promissum
2618 922 2777 977 fuerit
2809 923 2934 990 quia
2966 921 3165 976 nullam
3208 919 3511 975 molestiam
3548 918 3861 975 sustinebit.

2269 1011 2381 1067 Hoc
2408 1028 2509 1081 ego
2539 1026 2887 1079 cognoscens,
2937 1021 2993 1068 et
3020 1021 3181 1082 opto,
3223 1020 3300 1079 et,
3349 1025 3637 1067 succensus
3666 1010 3863 1065 ardore

2266 1104 2564 1165 charitatis,
2590 1105 2761 1159 invito
2783 1113 2840 1157 ut
2870 1104 2934 1157 ad
2964 1120 3052 1158 me
3081 1103 3333 1158 veniendi
3355 1101 3597 1157 debeatis
3619 1101 3861 1155 laborem

2268 1212 2542 1251 assumere
2574 1216 2584 1247 :
2617 1205 2882 1265 quatenus
2902 1197 3105 1264 pariter
3131 1194 3487 1257 conferentes,
3521 1208 3640 1262 quae
3660 1207 3783 1246 vera
3804 1200 3865 1247 et

2268 1288 2616 1356 Redemptori
2665 1297 2851 1341 nostro
2882 1292 3019 1355 isunt
3046 1286 3244 1355 placita
3262 1327 3277 1353 ,
3307 1293 3362 1339 et
3389 1284 3749 1339 communiter
3777 1282 3863 1336 lo—

2266 1395 2515 1449 quamur,
2544 1388 2599 1434 et
2627 1379 2803 1433 modis
2831 1380 3080 1433 omnibus
3108 1387 3408 1433 teneamus.
3436 1375 3551 1445 Ego
3578 1391 3730 1440 vero,
3780 1374 3864 1429 di-

2267 1473 2404 1524 vina:
2435 1470 2783 1539 protectionis
2805 1470 2977 1537 gratia
2999 1467 3346 1537 suffragante,
3371 1464 3684 1523 satisfacere
3709 1463 3865 1518 vobis

2267 1564 2335 1618 de
2354 1563 2549 1631 quibus
2576 1562 2833 1617 dubitatis
2865 1570 3084 1632 paratus
3105 1577 3243 1628 sum,
3269 1569 3324 1616 et
3352 1559 3565 1616 conﬁdo
3593 1558 3662 1613 de
3683 1558 3861 1613 omni-

2266 1655 2501 1724 potentis
2538 1654 2632 1709 Dei
2661 1655 2831 1709 nostri
2860 1654 3167 1719 clementia,
3196 1654 3325 1723 quia
3356 1653 3429 1707 ita
3459 1652 3617 1707 vobis
3644 1650 3862 1711 satisfae

2268 1748 2376 1801 ctio
2405 1764 2524 1802 mea
2556 1748 2779 1802 interius
2811 1748 3112 1825 inhaerebit,
3146 1756 3204 1801 ut
3232 1747 3362 1801 nihil
3392 1744 3642 1801 cbaritati
3670 1752 3865 1798 vestrae

2268 1838 2335 1893 de
2362 1848 2558 1895 cancro
2589 1840 2755 1908 possit
2784 1840 3092 1908 ambiguum
3121 1853 3423 1894 remanere.
3469 1836 3604 1892 Nam
3632 1837 3721 1892 illa
3744 1851 3863 1905 quze

578 1961 902 2024 admonitus,
954 1955 1279 2015 rescribens,
1332 1950 1563 2005 innotuit
1607 1946 1893 2018 quemdam
1923 1943 2165 2000 codicem

2272 1930 2620 1985 sanctissimae
2647 1939 2881 2000 quatuor
2907 1930 3096 2000 synodi
3122 1938 3417 2000 sapuerunt
3444 1938 3610 2000 atque
3636 1926 3862 1983 deﬁnie-

578 2050 719 2121 apud
770 2059 823 2104 te
867 2048 1029 2102 fuisse
1080 2046 1355 2099 inventum
1402 2056 1509 2110 quo
1554 2038 1705 2107 plura
1752 2035 2167 2090 continebantur

579 2141 849 2204 haeretica,
880 2147 935 2193 et
956 2138 1024 2192 ob
1046 2137 1149 2189 hoc
1178 2134 1433 2187 adversus
1461 2129 1803 2184 dilectionem
1832 2136 1977 2180 tuam
2005 2126 2169 2179 fuisse

578 2236 932 2287 commotum.
984 2226 1153 2292 Quem
1185 2223 1309 2291 quia
1339 2220 1407 2273 ad
1438 2234 1535 2273 nos
1579 2218 1781 2272 studuit
1824 2232 1919 2286 pro
1959 2214 2169 2268 satisfa-

582 2324 760 2378 ctione
800 2318 1187 2381 transmittere,
1216 2313 1426 2383 priores
1455 2311 1569 2379 ejus
1599 2318 1777 2378 partes
1821 2308 2048 2362 sollicita
2094 2307 2170 2361 le—

494 2426 499 2437 ‘
581 2412 761 2466 ctione
789 2406 1181 2478 percurrimus;
1215 2411 1269 2456 et
1296 2401 1551 2470 quoniam
1579 2398 1865 2453 manifesta
1890 2398 1942 2450 in
1969 2412 2034 2451 eo
2061 2397 2169 2450 bte-

584 2499 763 2554 reticzze
793 2495 1072 2568 pravitatis
1090 2508 1298 2548 venena
1320 2491 1637 2560 reperimus,
1668 2505 1734 2543 ne
1756 2489 1929 2542 denuo
1957 2486 2170 2541 debuis-

584 2597 665 2643 set
710 2587 814 2655 legi
858 2585 1145 2641 vetuimus.
1195 2583 1302 2637 Sed
1331 2583 1454 2651 quia
1486 2582 1627 2636 hunc
1659 2590 1710 2635 te
1738 2580 2049 2649 simpliciter
2090 2579 2168 2633 leo

583 2677 723 2743 gisse
756 2683 982 2729 testatus
1024 2689 1105 2741 es,
1128 2682 1183 2727 et
1207 2672 1273 2726 ad
1297 2674 1673 2740 amputandam
1704 2671 1963 2741 ambigua:
1994 2671 2170 2741 suspi-

584 2766 755 2819 cionis
788 2764 1066 2817 materiam
1099 2762 1338 2815 libellum
1369 2761 1525 2815 nobis
1554 2776 1713 2813 manu
1763 2768 1851 2813 tua
1880 2759 2172 2829 porrexisti

586 2854 960 2927 perscriptum,
1014 2852 1067 2907 in
1111 2866 1241 2922 quo,
1274 2850 1431 2903 ﬁdem
1463 2858 1605 2903 tuam
1635 2864 1933 2918 exponens,
1979 2862 2173 2903 omnes

586 2946 905 3015 generaliter
930 2946 1179 3006 hmreses,
1215 2940 1297 2997 vel
1323 2940 1578 3012 quidquid
1608 2947 1863 2995 adversus
1894 2939 2173 2995 catholica:

588 3033 936 3104 professionis
961 3032 1324 3101 integritatem
1354 3040 1453 3097 est,
1485 3030 1821 3100 apertissime
1848 3030 2175 3085 condemna-

585 3124 678 3192 sti,
708 3136 762 3179 et
784 3131 976 3180 cuncta
999 3138 1116 3192 qua:
1142 3130 1340 3177 sancta:
1368 3130 1601 3190 quatuor
1628 3119 1956 3175 universales
1984 3120 2172 3191 synodi

588 3213 857 3281 recipiunt
902 3222 955 3267 te
1000 3227 1212 3281 semper
1240 3210 1511 3280 recepisse
1549 3225 1614 3264 ac
1648 3211 1909 3279 recipere,
1957 3218 2013 3264 et
2057 3226 2176 3279 quae

2271 2030 2421 2087 runt,
2470 2020 2628 2075 sicuti
2675 2021 3045 2091 przedecessor
3096 2031 3282 2076 noster
3332 2020 3443 2076 Leo
3495 2020 3865 2075 sanctissimus

2271 2128 2429 2183 papa,
2474 2114 2544 2166 ita
2585 2128 2649 2166 ea
2675 2121 2729 2168 et
2757 2128 2856 2167 nos
2885 2114 3140 2183 sapimus,
3168 2113 3461 2182 sequimur,
3501 2126 3566 2167 ac
3595 2120 3864 2180 tenemus,

2271 2220 2371 2259 nec
2398 2206 2465 2259 ab
2488 2221 2673 2260 earum
2698 2203 2802 2259 fide
2829 2205 3011 2275 aliquo
3032 2205 3194 2261 modo
3217 2205 3578 2260 dissentimus.
3610 2203 3717 2260 Sed
3738 2206 3863 2273 quia

2270 2298 2391 2367 plus
2420 2313 2648 2367 persona
2687 2312 2923 2365 praesens
2948 2313 3110 2367 quam
3139 2298 3367 2367 epistola
3394 2296 3684 2362 satisfacit,
3735 2298 3865 2352 bor-

2270 2397 2377 2453 tor,
2411 2389 2740 2444 dilectissimi
2770 2391 2983 2456 fratres,
3018 2398 3079 2444 ut
3102 2387 3172 2443 ad
3203 2403 3291 2443 me
3318 2388 3529 2453 venire,
3562 2389 3703 2444 sicut
3730 2402 3864 2458 prm-

2271 2478 2413 2534 fatus
2442 2495 2582 2548 sum,
2615 2480 2878 2547 debeatis,
2923 2480 3235 2546 dummodo,
3280 2480 3488 2536 ratione
3513 2488 3790 2551 percepta,
3833 2498 3863 2536 a

2273 2571 2561 2627 concordia
2610 2583 2807 2627 sanctae
2838 2573 3155 2629 universalis
3200 2571 3452 2629 Ecclesia:
3480 2572 3743 2630 dissensio
3767 2589 3864 2631 vos

2274 2663 2420 2717 nulla
2451 2663 2725 2719 dissociet.
2758 2663 2873 2720 Hoc
2914 2674 3091 2719 tamen
3132 2672 3277 2719 certa
3315 2664 3384 2719 sit
3411 2673 3589 2719 vestra
3631 2664 3866 2721 cbaritas

2273 2756 2399 2824 quia
2419 2771 2517 2810 vos
2546 2765 2602 2812 et
2630 2773 2752 2811 cum
2783 2757 2979 2813 affectu
3012 2773 3119 2828 quo
3157 2757 3316 2813 decet
3341 2758 3628 2827 suscipiam
3659 2768 3716 2813 et
3743 2772 3865 2813 cum

2274 2848 2446 2915 gratia
2489 2848 2767 2915 relaxabo,
2818 2866 2914 2905 nec
2962 2850 3197 2920 aliquam
3243 2865 3340 2906 vos
3368 2851 3455 2906 vel
3495 2865 3867 2921 quoscumque

2276 2942 2410 2997 alios
2431 2942 2523 3012 qui
2544 2959 2642 3012 pro
2665 2944 2765 2998 hac
2790 2943 2857 2998 ad
2882 2958 2970 2999 me
2994 2958 3159 2999 causa
3190 2945 3371 2999 venire
3397 2943 3700 3009 voluerint‘,
3732 2943 3865 2999 afﬂi-

2276 3035 2511 3090 ctionem
2540 3038 2627 3091 vel
2652 3036 2956 3091 molestiam
2977 3037 3243 3091 sustinere
3263 3035 3533 3107 permitto,
3565 3034 3662 3091 sed
3682 3051 3780 3091 seu
3800 3035 3865 3091 ad

2275 3126 2717 3182 consentiendum
2762 3127 2893 3181 mihi
2942 3143 3039 3182 cor
3078 3136 3319 3184 vestrum
3359 3127 3729 3183 misericordia
3779 3127 3863 3182 di-

2276 3216 2400 3271 vina
2421 3219 2821 3287 compunxerit,
2853 3219 2987 3285 sive,
3019 3218 3165 3289 quod
3195 3218 3355 3286 absit,
3379 3219 3434 3273 in
3462 3234 3526 3274 ea
3546 3235 3644 3275 vos
3668 3218 3865 3275 durare

570 3294 1083 3356 rcondemnaverunt
1111 3299 1495 3353 condemnasse
1538 3299 2005 3370 condemnareque
2052 3313 2249 3375 pro-c
2285 3310 2620 3366 dissensione
2680 3312 3003 3382 contigerit,
3066 3312 3134 3367 ad
3200 3313 3418 3382 propria
3470 3328 3566 3368 vos
3624 3328 3863 3368 remeare

592 3390 765 3446 fessus
784 3400 873 3455 es;
898 3405 1018 3443 eam
1041 3404 1257 3458 quoque
1284 3388 1548 3459 synodum
1572 3404 1690 3459 quin
1717 3390 2058 3458 imperatoris
2077 3389 2173 3444 Ju-

593 3480 811 3535 stiniani
839 3481 1168 3551 temporibus
1193 3479 1261 3534 de
1288 3479 1457 3533 tribus
1484 3479 1732 3550 capitulis
1763 3478 1899 3533 facta
1929 3491 2013 3535 est
2040 3489 2093 3535 te
2122 3490 2177 3535 et

592 3570 864 3638 suscipere
908 3578 963 3622 et
997 3567 1269 3624 custodire
1319 3569 1640 3637 promisisti,
1694 3578 1764 3632 et,
1800 3570 2098 3640 prohibitus
2144 3573 2175 3626 ὸ

594 3658 750 3713 nobis
779 3656 1018 3713 codicem
1063 3658 1236 3727 ipsum
1269 3657 1447 3727 legere
1492 3660 1546 3714 iu
1588 3675 1695 3729 quo
1737 3661 2003 3730 pestifera:
2032 3663 2177 3721 virus

591 3746 797 3801 fraudis
826 3746 1079 3801 innexum
1110 3755 1213 3815 est,
1245 3747 1593 3804 libentissime
1618 3751 1957 3816 consensisti,
1986 3768 2174 3823 repro-

593 3834 726 3890 bans
753 3835 912 3889 etiam
942 3845 1105 3905 atque
1133 3836 1497 3892 condemnans
1526 3840 1705 3894 omnia
1729 3856 1846 3909 qua:
1871 3851 2057 3897 contra
2081 3858 2173 3898 ca-

594 3924 805 3981 tholicae
852 3925 973 3980 ﬁdei
1021 3926 1380 3996 integritatem
1428 3928 1481 3983 in
1522 3944 1589 3985 eo
1630 3931 1770 3987 dicta
1816 3933 1903 3988 vel
1950 3934 2177 3990 latenter

592 4017 790 4073 inserta
837 4025 978 4082 sunt,
1019 4031 1121 4072 nec
1148 4032 1271 4073 eum
1317 4026 1384 4073 te.
1416 4019 1593 4087 legere
1637 4020 1813 4078 denuo
1845 4026 2175 4092 promisisti:

590 4106 694 4161 bac
714 4106 922 4159 ratione
946 4108 1194 4176 permoti,
1222 4116 1505 4178 postquam
1539 4119 1565 4146 ει
1596 4110 1756 4164 etiam
1787 4127 1853 4166 ex
1893 4116 2177 4185 exprobati

593 4208 625 4249 a
669 4202 723 4248 te
764 4192 926 4246 libelli
960 4193 1119 4265 149
1147 4196 1338 4264 pagina
1363 4237 1377 4261 ,
1413 4197 1541 4253 ﬁdes
1570 4205 1660 4252 tua
1691 4201 1846 4256 nobis
1891 4204 2173 4273 catholica,

594 4278 706 4334 Deo
752 4280 1108 4347 custodiente,
1160 4285 1481 4353 perclaruit,
1531 4288 1598 4342 ab
1627 4290 1772 4343 omni
1813 4298 1865 4346 te
1911 4288 2176 4352 baereticaé

594 4370 960 4439 perversitatis
1008 4373 1215 4428 macula
1254 4374 1407 4444 juxta
1452 4377 1837 4447 professionem
1870 4391 2013 4439 tuam
2045 4387 2177 4443 libe-

590 4474 707 4513 rum
749 4475 869 4515 esse
898 4460 1253 4529 decernimus,
1283 4474 1335 4519 et
1363 4467 1705 4534 catholicum,
1753 4481 1913 4541 atque
1954 4476 2175 4532 sincera:

589 4548 641 4601 in
689 4548 937 4604 omnibus
982 4549 1104 4606 ﬁdei
1148 4551 1549 4622 professorem,
1601 4574 1666 4614 ac
1716 4576 1999 4630 sequacem
2048 4564 2176 4623 Jcsu

587 4636 784 4692 Christi
829 4638 1125 4698 Salvatoris
1150 4645 1318 4711 gratia
1345 4646 1599 4704 claruisse
1642 4656 2073 4725 pronuntiamus,
2107 4658 2170 4713 li-

586 4727 766 4783 beram
795 4745 1009 4801 quoque
1038 4734 1323 4789 tribuendo
1347 4736 1613 4793 licentiam
1635 4744 1701 4796 ad
1730 4753 1877 4800 tuum
1899 4759 2169 4805 monaste-

583 4818 722 4873 rium
752 4821 805 4874 in
849 4828 942 4878 tuo
972 4831 1027 4879 te
1069 4825 1191 4882 loco
1246 4828 1326 4882 vel
1355 4829 1540 4885 ordine
1570 4833 1912 4893 nihilominus
1958 4856 2169 4897 remea-

583 4924 661 4963 re.
689 4929 707 4960 ι
744 4908 889 4979 (Lib.
922 4929 993 4979 v1,
1018 4931 1099 4985 ep.
1133 4914 1254 4987 66.)

653 4996 744 5053 57.
767 4998 1147 5059 Schismaticos
1169 5006 1233 5060 ad
1258 5010 1618 5080 recipiendam
1636 5017 2056 5075 satisfactionem
2076 5038 2168 5079 ve-

584 5088 698 5183 nire
726 5089 1015 5161 Gregorius
1059 5094 1334 5164 invitabat,
1373 5103 1567 5170 quibus
1595 5107 1777 5175 etiam,
1823 5111 1867 5165 si
1900 5128 2165 5183 nusquam

581 5182 647 5237 ad
660 5184 921 5239 unitatem
945 5184 1199 5244 Ecclesiae
1218 5193 1396 5249 redire
1414 5197 1725 5265 voluissent,
1753 5204 1951 5260 nullam
1970 5182 2031 5262 se
2054 5210 2164 5266 fac-

588 5281 766 5330 turum
798 5276 1105 5333 violentiam
1122 5284 1485 5351 promittebat.
1525 5287 1672 5346 Unde
1701 5291 1862 5350 Petro
1890 5306 1944 5351 et
1972 5298 2163 5354 Provi-

576 5365 780 5461 dentio,
819 5369 1085 5441 episcopis
1110 5373 1177 5429 de
1202 5372 1375 5442 lstria,
1400 5380 1660 5449 scribens,
1695 5386 1770 5439 ait
1802 5404 1813 5440 :
1853 5406 1870 5439 ‹
1900 5388 2044 5448 Deus
2070 5390 2163 5461 qui

574 5456 783 5515 lretatur
804 5462 857 5516 in
887 5464 1092 5520 unitate
1116 5467 1347 5523 ﬁdelium
1370 5480 1423 5527 et
1453 5475 1656 5530 revelat
1680 5485 2045 5547 quaerentibus
2068 5456 2161 5545 ve-

573 5549 808 5615 ritatem,
866 5555 1011 5609 cordi
1063 5567 1263 5627 vestro,
1309 5562 1637 5621 dilectissimi
1688 5568 1897 5640 fratres,
1952 5581 2157 5649 aperiat

554 5653 777 5712 quanto
816 5661 911 5701 vos
938 5647 1205 5705 desiderio
1233 5651 1286 5706 in
1312 5656 1515 5721 gremio
1555 5661 1764 5729 cupiam
1795 5647 1999 5724 sanctae
2035 5674 2156 5729 uni-

573 5739 796 5794 versalis
819 5737 1075 5797 Ecclesiae
1096 5745 1377 5811 contineri,
1411 5757 1465 5802 et
1491 5751 1543 5805 in
1565 5752 1680 5821 ejus
1708 5773 1923 5816 manere
1955 5767 2159 5822 unitate

573 5830 886 5886 concordes.
916 5831 1070 5898 Quod
1112 5826 1228 5889 fore
1247 5852 1353 5892 non
1384 5839 1569 5898 dubito
1598 5847 1663 5913 si,
1686 5849 1896 5920 abjecto
1934 5868 2159 5914 conten-

643 5951 666 5979 ι
726 5940 923 6000 Excusi
940 5959 1055 6001 cum
1086 5946 1255 6004 tribus
1284 5950 1450 6011 Paris.
1483 5955 1633 6029 Mss.,
1659 5964 1811 6019 etiam
1840 5972 2148 6038 erp‘robrsm
2175 5991 2246 6035 est
2278 6000 2306 6035 α
2340 5993 2386 6037 te

172 6146 675 6432 Α

2280 3404 2496 3473 quando
2529 3405 2827 3471 volueritis,
2866 3407 3019 3476 juxta
3066 3408 3478 3476 promissionem
3522 3424 3721 3472 meam,
3754 3410 3863 3465 sine

2278 3494 2498 3551 laesione
2528 3497 2612 3552 vel
2654 3499 2912 3555 molestia
2942 3500 3187 3556 relaxare
3214 3502 3538 3559 curabimus.
3573 3522 3593 3555 ι
3645 3502 3784 3557 (Lib.
3813 3519 3861 3569 v,

2278 3602 2359 3655 ep.
2393 3585 2510 3653 51.)

2350 3675 2439 3731 '58.
2473 3677 2750 3746 Severum,
2788 3682 3182 3750 Aquileiensem
3213 3685 3547 3755 episcopum,
3593 3696 3756 3758 caput
3785 3696 3859 3743 to-

2282 3766 2387 3820 tius
2411 3768 2716 3823 schismatis
2747 3772 3085 3835 existentem,
3115 3773 3341 3830 Romam
3368 3777 3551 3831 venire
3572 3768 3859 3847 compellit,

2278 3858 2462 3915 dicens
2487 3879 2499 3914 :
2532 3881 2550 3913 ‹
2587 3862 2733 3917 Sicut
2758 3865 3086 3933 gradientem
3113 3882 3209 3936 per
3235 3868 3407 3935 devia,
3438 3880 3749 3941 carpentem
3776 3873 3859 3927 de-

2278 3964 2387 4004 nuo
2417 3960 2618 4007 rectum
2651 3954 2939 4021 tramitem,
2992 3964 3104 4011 tota
3134 3956 3394 4015 Dominus
3436 3960 3692 4017 aviditate
3720 3978 3858 4018 com-

2280 4041 2550 4111 plectitur,
2583 4046 2655 4099 ita
2685 4044 2899 4102 demum
2929 4047 2997 4103 de
3016 4048 3301 4106 deserente
3329 4054 3599 4122 cognitam
3630 4057 3859 4114 veritatis

2278 4134 2419 4187 viam
2463 4136 2650 4204 majori
2682 4153 2914 4193 maerore
2962 4156 3122 4209 quam
3155 4142 3349 4211 gaudio
3375 4158 3485 4213 quo
3532 4146 3600 4202 de
3645 4164 3859 4205 conver~

2278 4230 2425 4278 tentc
2448 4225 2658 4280 lmtatus
2687 4226 2861 4283 fuerat
2889 4231 3259 4299 contristatur,
3285 4235 3411 4304 quia
3438 4238 3664 4295 minoris
3685 4256 3859 4297 exces-

2277 4329 2369 4371 sus
2416 4325 2499 4369 est
2528 4318 2811 4373 veritatem
2851 4336 2959 4377 non
3006 4338 3335 4393 cognoscere
3378 4342 3540 4398 quam
3578 4332 3633 4387 in
3676 4334 3861 4390 eadem

2278 4408 2457 4477 agnita
2490 4425 2597 4463 non
2645 4426 2883 4485 manere,
2926 4414 3177 4485 aliudque
3224 4427 3311 4474 est
3343 4422 3488 4491 quod
3535 4424 3603 4478 ab
3646 4435 3860 4483 errante

2276 4500 2649 4569 committitur,
2696 4504 2840 4559 aliud
2881 4506 3024 4573 quod
3055 4524 3151 4577 per
3180 4510 3457 4566 scientiam
3498 4525 3857 4586 perpetratur.

2275 4586 2340 4641 Et
2364 4604 2462 4643 nos
2486 4591 2769 4659 siquidem,
2803 4596 2959 4666 150
2977 4606 3236 4664 quantum
3258 4600 3659 4672 incorporatum
3682 4616 3738 4663 te
3751 4609 3861 4678 jam

2275 4678 2478 4747 pridem
2524 4681 2686 4736 fuisse
2734 4683 2787 4737 in
2836 4685 3041 4740 unitate
3073 4686 3323 4745 Ecclesia:
3359 4693 3527 4760 gavisi
3566 4693 3858 4768 fueramus,

2275 4772 2630 4831 abundantius
2680 4793 2820 4833 nunc
2848 4780 3195 4837 dissociatum
3239 4802 3269 4839 a
3299 4788 3565 4844 catholica
3601 4792 3860 4860 societate

2274 4864 2673 4920 confundimur.
2720 4868 2825 4924 Pro
2850 4885 2955 4939 qua
2986 4888 3046 4927 re
3075 4874 3389 4933 imminente
3417 4880 3587 4937 latore
3624 4898 3860 4952 praesen-

2272 4954 2401 5008 tium
2420 4997 2434 5019 ,
2460 4955 2614 5024 juxta
2636 4958 3065 5017 christianissimi
3094 4976 3148 5020 et
3190 4968 3516 5025 serenissimi
3557 4988 3735 5028 rerum
3765 4975 3861 5030 do-

2271 5044 2401 5097 mini
2423 5044 2750 5114 jussionem,
2784 5051 2851 5106 ad
2898 5055 3039 5108 beati
3078 5054 3224 5111 Petri
3259 5062 3489 5131 apostoli
3531 5063 3714 5121 limina
3740 5082 3859 5127 cum

2273 5137 2379 5191 tuis
2416 5141 2736 5208 sequacibus
2770 5146 2954 5203 venire
2982 5156 3035 5204 te
3063 5150 3338 5222 volumus,
3367 5164 3447 5224 ut,
3472 5167 3696 5215 auctore
3726 5161 3858 5231 Deo,

2276 5240 2560 5300 aggregata
2590 5237 2816 5305 synodo,
2846 5239 2913 5295 de
2959 5256 3020 5296 ea
3051 5258 3169 5312 qum
3198 5245 3340 5301 inter
3369 5265 3466 5306 vos
3505 5254 3731 5309 vertitur
3758 5256 3858 5310 du-

2272 5320 2473 5420 bietate
2492 5326 2634 5394 quod
2652 5327 2855 5397 justum
2877 5331 3036 5388 fuerit
3056 5334 3344 5404 judicetur.
3366 5361 3385 5393 ι
3415 5342 3554 5414 (Lib.
3576 5362 3615 5414 ι,
3637 5364 3718 5416 ep.
3744 5348 3855 5420 16.)

2271 5410 2340 5465 At
2380 5413 2645 5482 Severus,
2691 5423 2987 5488 apostolica
3020 5426 3175 5481 simul
3211 5410 3858 5505 imperialique'jussione

2268 5510 2846 5604 coactus,_iniminente
2866 5515 3163 5591 Smaragdo
3187 5528 3440 5594 exarcho,
3463 5530 3729 5604 simulque
3750 5537 3858 5591 An-
3910 5518 3911 5521 Ἴ

2269 5595 2472 5695 tonino,
2504 5595 2757 5655 Ecclesiae
2787 5603 3043 5663 Romana:
3073 5610 3376 5680 defensore,
3396 5595 3705 5679 Ravennam
3737 5642 3858 5695 per-

2266 5682 2492 5740 ducitur.
2545 5687 2643 5744 Ubi
2675 5695 2873 5749 veritus
2901 5714 3020 5753 cum
3053 5702 3311 5771 Gregorio
3336 5711 3646 5781 synodalem
3676 5682 3854 5773 subire

2267 5778 2593 5846 conflictum,
2624 5786 2689 5839 ad
2723 5790 2982 5846 unitatem
3010 5808 3208 5853 sancta:
3235 5778 3551 5861 universalis
3575 5807 3848 5881 Ecclesirc,

2267 5873 2537 5929 mediante
2562 5874 2771 5934 Joanne
2800 5880 3097 5942 Ravennati
3128 5892 3399 5959 pontiﬁce,
3435 5904 3715 5959 remeavit.
3748 5873 3848 5960 Sed

2415 5986 2574 6043 libelli
2602 5992 2814 6063 pagina,
2844 6005 2891 6051 et
2918 5999 3064 6069 [ich
