4138 6496
287 493 379 548 illi

846 490 905 548 S.
945 489 1280 548 GREGORII
1320 491 1539 547 MAGNI
1574 491 1760 558 Vl‘l‘A,
1802 489 2006 548 AUCT.
2046 490 2311 548 JOANNE
2350 493 2665 551 DIACONO.
2709 493 2837 549 LIB.
2880 493 2966 550 IV.

3445 494 3555 551 203

283 623 400 665 cum
448 614 571 677 post
596 606 722 662 anni
762 596 994 678 spatium
1024 609 1091 665 ad
1128 607 1347 680 propria
1368 606 1631 672 rediisset,
1655 606 1722 661 ab
1742 605 1861 661 aliis
1888 608 1936 666 Α
1964 604 2188 659 rendum
2232 613 2315 660 est
2355 615 2448 673 ut,
2488 606 2531 660 si
2580 607 2625 661 is
2666 607 2758 677 qui
2789 613 2873 661 est
2914 606 2969 659 in
3006 605 3266 674 regimine
3305 614 3552 675 aegrotat,

283 696 631 757 schismaticis
655 713 967 769 persuasus,
1009 717 1118 757 non
1159 700 1334 757 solum
1364 699 1428 754 ad
1457 698 1740 769 pristinum
1770 713 1867 754 νου

282 791 467 847 mitum
496 790 677 860 rediit,
706 806 893 848 verum
919 793 1081 847 etiam
1107 791 1373 860 Mauricii,
1392 790 1505 846 Deo
1534 806 1747 860 semper
1765 790 1873 866 ad:

282 884 441 947 versi,
468 882 710 953 jussione
736 893 979 955 surrepta
1009 900 1113 956 qua
1138 883 1428 952 jubebatur
1454 892 1512 938 ut
1538 881 1862 937 schismatici

282 977 452 1033 redire
482 974 553 1031 ad
579 976 838 1032 unitatem
865 976 1116 1032 Ecclesia:
1145 977 1365 1032 minime
1396 986 1741 1046 cogerentur,
1773 992 1863 1032 res-

283 1070 438 1141 liquis
465 1070 731 1141 episcopis
754 1069 1006 1126 Ecclesite
1026 1086 1085 1126 se
1106 1069 1473 1141 jungentibus,
1500 1072 1760 1126 maximas
1781 1086 1863 1126 se-

283 1165 510 1220 ditiones
548 1163 835 1220 conﬁabat.
886 1163 1229 1234 Quapropter
1262 1161 1553 1232 Gregorius
1596 1164 1867 1219 neminem

283 1254 387 1327 jam
426 1255 812 1310 revertentium
863 1253 980 1308 sine
1033 1255 1284 1309 cautione
1334 1253 1597 1324 juratoria
1652 1254 1867 1324 penitus

282 1347 553 1416 suscipere
581 1346 876 1415 satagebat.
907 1344 1021 1411 Qua
1067 1345 1305 1415 prtestita
1338 1345 1642 1414 hujusmodi
1672 1347 1866 1402 litteris

280 1439 454 1495 eidem
493 1435 726 1494 Patricio
770 1437 1004 1493 exarcho
1036 1438 1489 1494 commendabat:
1528 1458 1545 1490 ι
1576 1438 1861 1505 Firminus,

279 1530 444 1586 frater
471 1538 526 1585 et
564 1530 916 1599 coepiscopus
942 1537 1146 1593 noster,
1182 1526 1496 1598 Trigestinze
1526 1530 1751 1585 antistes
1780 1544 1867 1584 ec-

278 1623 474 1687 clesias,
495 1632 623 1676 ante
645 1620 931 1675 adventum
954 1628 1146 1676 vestrae
1169 1620 1501 1695 excellentia:
1520 1621 1718 1676 salubri
1737 1637 1867 1677 con-

277 1714 390 1770 silio
424 1712 493 1767 ab
522 1712 834 1775 schismate,
870 1713 957 1767 cui
984 1711 1297 1780 iuhteserat,
1327 1712 1680 1782 resipiscens,
1706 1723 1868 1785 atque

278 1807 340 1860 ad
367 1806 633 1860 unitatem
661 1804 851 1860 matris
874 1803 1125 1861 Ecclesia:
1150 1804 1387 1873 rediens,
1418 1806 1613 1861 nostris
1641 1808 1866 1878 eswepi-

276 1897 430 1957 stolis
450 1893 823 1963 conﬁrmatus,
852 1903 1119 1964 quatenus
1142 1894 1197 1949 in
1225 1910 1367 1951 verte
1389 1910 1550 1966 quam
1573 1906 1870 1966 agnoverat

1965 693 2305 764 dispensator
2335 694 2411 748 illi
2434 694 2552 749 talis
2577 696 2903 763 requiratur,
2929 694 3019 764 qui
3042 696 3213 766 possit
3229 695 3345 765 ejus
3368 712 3551 752 curam

1966 798 2180 837 omnem
2211 798 2388 852 agere,
2434 771 2495 839 et‘
2519 784 2697 840 locum
2743 785 2884 839 illius
2916 786 2968 840 in
2998 788 3258 856 regimine
3286 788 3551 858 ecclesiae,

1965 876 2084 946 ipso
2113 893 2221 931 non
2266 877 2533 948 deposito,
2566 894 2630 933 ac
2674 879 2728 932 in
2756 880 2998 935 custodia
3042 881 3272 936 civitatis
3308 882 3551 953 implere,

1966 979 2025 1024 ut
2072 986 2246 1039 neque
2276 970 2417 1027 Deus
2463 973 2805 1042 omnipotens
2844 972 3167 1043 offendatur,
3218 990 3393 1046 neque
3422 976 3554 1031 civi-

1968 1069 2049 1115 tas
2096 1062 2400 1117 inveniatur
2426 1078 2545 1118 esse
2594 1062 2862 1132 neglecta.
2894 1062 2950 1116 Si
2977 1079 3107 1119 vero
3132 1064 3273 1119 idem
3301 1080 3558 1120 reveren-

1968 1154 2219 1210 dissimns
2249 1155 2489 1212 Joannes
2517 1156 2745 1213 fortasse
2793 1172 2891 1227 pro
2921 1157 3171 1212 molestia
3208 1173 3304 1212 sua
3340 1159 3559 1228 petierit

1967 1254 2027 1300 ut
2055 1247 2121 1301 ab
2155 1248 2498 1320 episcopatus
2530 1249 2734 1303 honore
2768 1250 2964 1303 debeat
2992 1264 3210 1316 vacare,
3240 1264 3305 1303 eo
3334 1252 3555 1321 petitio-

1965 1354 2088 1394 nem
2133 1339 2295 1395 dante
2341 1342 2562 1411 scripto,
2605 1340 3007 1396 concedendum
3043 1348 3144 1396 est.
3176 1341 3346 1395 Aliter
3377 1351 3556 1397 autem

1966 1448 2066 1486 nos
2088 1432 2139 1486 id
2162 1433 2341 1487 facere
2357 1450 2455 1503 pro
2479 1435 2871 1505 omnipotentis
2893 1435 2987 1490 Dei
3010 1436 3203 1490 timore
3224 1435 3369 1489 omni
3396 1436 3558 1490 modo

1967 1539 2076 1578 non
2104 1525 2367 1579 valemus.
2414 1525 2568 1592 Quod
2598 1527 2643 1581 si
2671 1527 2773 1581 hoc
2816 1534 3001 1596 petere
3038 1526 3127 1580 ille
3155 1526 3387 1580 noluerit
3416 1527 3560 1596 quod

1967 1615 2207 1684 piissimo
2230 1616 2542 1686 imperatori
2571 1618 2893 1687 cumplacet,
2927 1617 3179 1689 quidquid
3209 1618 3362 1687 jubet
3385 1616 3562 1673 facere

1968 1706 2021 1760 in
2071 1706 2189 1776 ejus
2232 1720 2314 1763 est
2359 1717 2628 1778 potestate
2672 1728 2685 1762 :
2730 1711 2867 1765 sicut
2896 1710 3063 1772 novit,
3096 1710 3209 1779 ipse
3247 1709 3558 1779 provideat;

1971 1817 2067 1856 nos
2097 1803 2467 1857 tantummodo
2496 1803 2547 1858 in
2578 1804 2977 1876 depositionem
3005 1804 3232 1859 insontis
3261 1819 3370 1857 non
3401 1803 3562 1858 faciat

1969 1894 2303 1962 permisceri.
2334 1894 2489 1962 Quod
2510 1912 2639 1951 vero
2661 1897 2775 1967 ipse
2803 1896 3009 1963 fecerit,
3035 1897 3080 1951 si
3107 1896 3425 1952 canonicum
3457 1904 3560 1961 cst,

277 1995 388 2045 Siuu
424 1988 611 2043 matris
632 1986 885 2043 Ecclesia:
911 1985 1228 2042 fortitudine
1249 1988 1415 2043 animi
1445 1987 1581 2044 fixus
1610 2004 1673 2044 ac
1701 1990 1865 2045 stabi-
1897 1992 1943 2054 Β
1971 1989 2244 2057 sequimur
2271 2008 2285 2055 ;
2329 1992 2375 2045 si
2417 2006 2545 2046 vero
2574 1992 2892 2046 canonicum
2942 2007 3051 2046 non
3082 1998 3184 2055 est,
3215 1990 3267 2044 in
3298 2003 3561 2059 quantum

276 2079 335 2135 lis
361 2087 727 2149 permaneret.
778 2078 896 2146 Quo
924 2079 1106 2133 audito
1133 2078 1388 2148 Severus,
1426 2080 1715 2136 Gradensis
1743 2082 1861 2152 epi-

274 2186 488 2240 scopus,
519 2170 759 2240 ejusdem
795 2177 955 2239 caput
981 2170 1306 2239 schismatis,
1354 2186 1476 2227 eum
1506 2171 1731 2227 diversis
1758 2173 1864 2244 pri-

273 2278 420 2317 mum
468 2262 633 2333 cepit,
663 2262 707 2316 si
749 2270 952 2331 posset,
983 2261 1323 2317 suasionibus
1361 2277 1391 2316 a
1430 2263 1575 2318 bono
1605 2278 1863 2319 revocare

272 2357 575 2428 proposito.
604 2354 757 2422 Quod
787 2353 912 2409 dum
936 2342 1223 2426 perlicere,
1245 2364 1466 2413 auctore
1489 2356 1622 2424 Deo,
1648 2357 1866 2414 minime

271 2440 546 2516 valuisset,
578 2448 894 2506 seditionem
917 2450 992 2509 illi
1020 2466 1239 2506 suorum
1267 2452 1463 2506 civium
1488 2453 1727 2507 excitare
1755 2469 1864 2508 non

271 2546 470 2600 timuit.
503 2544 716 2612 Quanta
759 2559 889 2599 vero
918 2544 1203 2614 praedictus
1231 2543 1398 2599 frater
1434 2554 1490 2599 et
1514 2547 1867 2617 coepiscopus

269 2648 459 2695 noster
500 2636 765 2692 Firminus
816 2652 883 2691 ex
928 2636 1121 2692 eadem
1172 2636 1504 2695 immissione
1557 2640 1860 2709 pertulerit,

268 2731 483 2803 plenius
512 2729 621 2785 illic
650 2744 714 2785 ac
744 2728 924 2784 verius
967 2744 999 2785 e
1029 2728 1209 2784 vicino
1257 2730 1505 2799 poteritis
1549 2745 1869 2799 agnoscere.

217 2875 222 2881 .
268 2823 508 2880 Directis
523 2824 706 2893 itaque
734 2822 1067 2879 excellentia:
1087 2830 1279 2877 vestrae
1302 2822 1654 2892 jussionibus,
1688 2824 1752 2880 iis
1776 2824 1869 2894 qui

266 2918 321 2977 in
344 2919 389 2974 Is
399 2918 523 2973 trite
551 2917 792 2988 partibus
820 2916 997 2973 locum
1021 2926 1260 2971 vestrum
1284 2930 1467 2985 agere,
1488 2899 1603 2970 beo
1624 2925 1867 2983 auctore,

267 3017 591 3073 noscuntur,
623 3009 916 3064 districtius
939 3008 1207 3077 jubetote,
1240 3015 1506 3077 quatenus
1535 3016 1590 3062 et
1616 3023 1759 3078 sepe
1785 3008 1869 3063 di-

266 3112 426 3159 ctum
445 3101 665 3157 fratrem
687 3110 927 3156 nostrum
940 3100 1008 3154 ab
1021 3100 1183 3154 illatis
1203 3100 1435 3156 debeant
1455 3099 1734 3155 defensare
1754 3115 1871 3156 mo-

265 3193 468 3259 lestiis,
501 3202 557 3250 et
586 3193 823 3264 quietem
872 3193 1013 3248 illius
1052 3191 1234 3247 multis
1281 3190 1352 3245 ad
1396 3190 1712 3246 imitandum
1740 3207 1869 3262 pro-

265 3287 513 3345 futuram
553 3286 728 3342 modis
775 3286 1024 3342 omnibus
1068 3300 1381 3356 procurare,
1442 3286 1636 3341 uthazc
1690 3294 1870 3341 vestra

1964 2080 2081 2135 sine
2109 2089 2335 2149 peccato
2378 2091 2566 2139 nostro
2603 2085 2862 2148 valemus,
2895 2092 3193 2155 portamus.
3225 2104 3244 2137 ι
3300 2084 3442 2156 (Lib.
3478 2101 3554 2150 ιιι,

1964 2190 2045 2242 ep.
2081 2171 2194 2241 47.)
2986 2244 2991 2255 ⁴

2042 2264 2393 2321 Pontificibus
2419 2266 2725 2325 voluntarie
2754 2271 2865 2325 suis
2888 2272 3319 2328 reuuntiantibus
3347 2272 3563 2327 sedibus

1966 2373 2310 2415 successores
2340 2358 2634 2429 Gregorius
2662 2364 2810 2418 nullo
2831 2363 2992 2419 modo
3017 2363 3338 2433 denegabat,
3361 2380 3563 2435 eosque

1967 2452 2313 2522 postmodum
2337 2453 2405 2508 de
2432 2454 2692 2510 reditibus
2723 2456 2925 2512 relicta
2955 2458 3199 2513 ecclesiae
3229 2457 3562 2514 sufficienter

1967 2545 2283 2602 nutriendos
2313 2563 2433 2603 esse
2479 2550 2755 2605 censebat.
2810 2549 2965 2607 Unde
2992 2552 3312 2619 Mariniano,
3348 2554 3563 2610 Raven-

1970 2638 2081 2691 nati
2110 2639 2389 2710 episcopo,
2421 2641 2751 2710 significans,
2786 2644 2863 2697 ait
2891 2661 2904 2697 :
2948 2663 2966 2695 ι
3003 2645 3249 2711 Qualiter
3272 2648 3507 2722 ordinati
3535 2664 3565 2703 a

1969 2729 2127 2786 nobis
2149 2732 2473 2797 sacerdotis,
2506 2735 2750 2804 corporis
2776 2750 2881 2805 qua
2908 2744 3096 2791 notum
3128 2747 3213 2793 est
3238 2739 3564 2809 impediente

1971 2824 2239 2888 molestia,
2270 2826 2625 2883 Ariminensis
2666 2828 2893 2884 ecclesia
2922 2831 3178 2898 pastorali
3208 2831 3469 2887 hactenus
3497 2834 3565 2888 sit

1971 2914 2233 2982 regimine
2248 2914 2525 2983 destituta,
2548 2916 2752 2971 dudum
2773 2916 3079 2974 fraternitas
3090 2928 3270 2974 vestra
3292 2922 3565 2990 cognovit.

1973 3005 2145 3073 Quem
2170 3007 2297 3062 dum
2326 3008 2691 3063 habitatorum
2728 3008 2835 3063 loci
2862 3010 3006 3065 illius
3053 3012 3305 3081 precibus
3336 3013 3565 3082 permoti

1974 3097 2171 3166 smpius
2194 3096 2541 3153 bortaremur
2561 3106 2639 3163 ut,
2670 3099 2715 3153 si
2747 3100 2813 3155 de
2844 3102 3032 3155 eadem
3060 3102 3254 3172 capitis
3282 3119 3388 3172 qua
3432 3104 3568 3158 deti-

1976 3191 2205 3248 nebatur
2250 3193 2497 3248 molestia
2542 3193 2884 3248 melioratum
2924 3210 2984 3250 se
3030 3211 3153 3252 esse
3209 3196 3454 3264 sentiret,
3501 3198 3565 3253 ad

1976 3299 2148 3349 suam,
2203 3284 2497 3339 auxiliante
2546 3285 2795 3352 Domino,
2842 3295 3206 3343 reverteretur
3246 3286 3565 3358 Ecclesiam,

269 3381 540 3454 provisio,
568 3388 624 3436 et
650 3395 1036 3436 conversorum
1063 3380 1132 3433 sit
1158 3384 1345 3449 optata
1381 3379 1663 3445 securitas,
1692 3388 1748 3434 et
1774 3395 1869 3435 oc-
1900 3378 1946 3441 C
1977 3378 2116 3433 datis
2146 3378 2373 3434 induciis
2393 3421 2408 3445 ,
2450 3379 2503 3433 in
2534 3378 2639 3434 hoc
2677 3378 3034 3449 quadriennio
3074 3390 3420 3451 exspectatus
3464 3391 3566 3438 est.

275 3475 425 3531 casio
457 3472 651 3528 oborta
679 3470 1041 3540 sequentium.
1073 3488 1094 3521 ι
1132 3468 1271 3539 (Lib.
1306 3485 1434 3535 xm,
1459 3487 1540 3541 ep.
1574 3468 1691 3539 35.)

343 3563 591 3633 Denique
616 3561 871 3631 Severus,
896 3561 1019 3632 quia
1044 3561 1111 3616 ad
1133 3561 1396 3616 unitatem
1426 3570 1625 3617 sanetae
1654 3562 1871 3617 univer-

272 3658 400 3719 salis
442 3657 701 3713 Ecclesia:
741 3658 919 3712 redire
962 3673 1071 3711 non
1132 3656 1348 3721 meruit,
1404 3656 1471 3710 ad
1526 3657 1872 3712 scindendam

277 3766 497 3821 quoque
551 3765 662 3806 sua:
712 3750 882 3819 ipsius
910 3749 1208 3804 dimceseos
1260 3749 1521 3803 unitatem
1570 3748 1873 3803 Romanum

270 3841 591 3914 pontificem
632 3855 730 3895 sua
770 3840 1023 3895 vecordia
1062 3838 1358 3905 suscitavit,
1403 3840 1540 3893 adeo
1568 3850 1627 3893 ut
1650 3841 1717 3895 ab
1757 3841 1875 3909 ipso

270 3934 420 3994 illius
464 3932 643 3987 obitus
671 3941 938 4003 tempore,
985 3930 1339 3999 Aquileiensis
1383 3929 1631 3985 dioecesis
1659 3930 1712 3984 in
1742 3931 1877 3984 duos

268 4023 755 4093 metropolitanos,
779 4021 1172 4078 catholicorum
1196 4021 1471 4089 videlicet,
1503 4022 1875 4078 schismatico-

276 4130 508 4187 rumque
550 4114 719 4168 divisa
747 4115 844 4179 sit,
875 4127 1050 4182 neque
1078 4113 1254 4183 potuit
1297 4113 1666 4182 postmodum,
1699 4123 1723 4149 ιι
1753 4113 1879 4169 licet

278 4222 472 4262 omnes
489 4205 814 4275 generaliter
840 4205 909 4259 ad
947 4206 1209 4259 unitatem
1239 4204 1307 4260 de
1332 4205 1623 4261 schismate
1650 4207 1877 4277 repeda-

278 4302 476 4371 vcrint,
504 4300 569 4355 ad
586 4298 827 4371 pristinae
846 4297 1246 4367 conjunctionis
1276 4297 1532 4353 unionem
1556 4312 1727 4368 usque
1748 4298 1877 4354 hac-

279 4407 436 4453 tenus
466 4394 774 4451 reformari.
1198 4386 1201 4387 ⁷

349 4490 439 4543 '59.
475 4486 627 4543 Sicut
654 4486 786 4541 nulli
815 4484 1134 4540 clericorum
1164 4500 1265 4555 pro
1292 4485 1608 4540 infirmitate
1635 4483 1878 4554 corporis

281 4589 596 4651 quat-tarum
640 4577 877 4633 subsidia
919 4576 1211 4646 Gregorius
1266 4578 1567 4644 minuebat,
1617 4576 1691 4631 ita
1746 4574 1877 4631 nulli

280 4673 597 4747 pontificum
620 4688 716 4743 pro
736 4671 1051 4740 aegritudine
1072 4672 1313 4742 qualibet
1340 4671 1734 4727 succedendum
1763 4671 1879 4726 fore

1977 3468 2146 3535 Quem
2169 3469 2296 3524 dum
2328 3484 2428 3525 nos
2457 3470 2795 3535 clericorum,
2826 3472 2913 3526 vel
2944 3472 3140 3533 civium
3170 3473 3316 3529 illinc
3342 3475 3567 3531 venien-

1977 3561 2107 3615 tium
2146 3559 2173 3599 δ
2205 3576 2409 3630 nosque
2436 3561 2687 3631 precibus
2716 3563 3042 3632 urgentium,
3074 3564 3358 3620 instantius
3384 3567 3568 3622 horta-

1975 3669 2159 3707 remur
2195 3661 2255 3707 ut
2281 3653 2326 3709 si
2355 3654 2580 3719 valeret,
2614 3655 2909 3710 auxiliante
2932 3655 3184 3722 Domino,
3219 3672 3343 3712 cum
3373 3658 3452 3713 eis
3479 3675 3569 3714 re-

1975 3752 2203 3809 mearet,
2233 3744 2356 3799 data
2377 3745 2590 3814 scriptis
2610 3746 3024 3816 supplicatione,
3056 3762 3154 3802 nos
3176 3748 3332 3816 petiit
3360 3758 3419 3802 ut
3446 3750 3569 3819 quia

1976 3832 2045 3886 ad
2073 3832 2311 3901 ejusdem
2343 3834 2583 3888 ecclesiae
2612 3835 2852 3901 regimen
2867 3836 2965 3897 Vel
2988 3845 3301 3906 susceptura
3331 3837 3568 3894 ofﬁcium
3648 3906 3651 3911 ν

1976 3939 2077 3994 pro
2122 3924 2308 3977 eadem
2338 3938 2444 3992 qua
2473 3924 2816 3980 detinebatur
2853 3927 3101 3983 molestia
3139 3942 3422 3998 assurgere
3451 3931 3569 3985 nul-

1978 4016 2191 4070 latenus
2214 4024 2418 4085 posset,
2451 4016 2689 4073 ecclesiae
2719 4018 2818 4088 ipsi
2845 4019 3099 4076 ordinare
3126 4022 3447 4093 episcopum
3473 4024 3570 4081 de-

1977 4114 2246 4168 beremus.
2280 4112 2431 4169 Unde
2458 4114 2578 4184 quia
2608 4123 2923 4170 cunctarum
2952 4116 3304 4173 ecclesiarum
3332 4118 3569 4189 injuncta

1978 4222 2079 4261 nos
2105 4206 2483 4262 sollicitudinis
2528 4222 2657 4263 cura
2688 4209 3031 4277 constringit,
3085 4226 3155 4266 ne
3204 4210 3403 4269 diutius
3428 4216 3571 4286 gregi

1976 4300 2214 4355 fidelium
2244 4300 2383 4357 desit
2411 4302 2656 4358 custodia
2685 4303 2995 4373 pastoralis,
3045 4303 3259 4360 illorum
3296 4308 3571 4378 precibus,

1978 4392 2246 4463 hujusque
2275 4410 2341 4449 ex
2383 4395 2466 4450 sui
2508 4396 2943 4466 impossibilitate
2992 4402 3393 4458 rennntiatione
3419 4419 3572 4458 com-

1978 4485 2143 4555 pulsi,
2163 4486 2336 4541 visum
2366 4488 2522 4543 nobis
2550 4496 2633 4544 est
2653 4489 2828 4544 eidem
2859 4489 3186 4547 Ariminensi
3217 4494 3459 4549 ecclesia:
3482 4495 3575 4549 de-

1980 4576 2108 4633 bere
2131 4579 2442 4650 episcopum
2465 4579 2738 4645 ordinari;
2764 4590 2818 4635 et
2840 4582 2979 4637 datis
3000 4597 3070 4638 ex
3091 4598 3243 4638 more
3262 4586 3569 4656 prmceptis,

1980 4669 2182 4724 clerum
2206 4671 2527 4740 plebemque
2562 4671 2803 4741 ejusdem
2835 4671 3087 4728 Ecclesiae
3116 4689 3224 4728 non
3265 4675 3571 4731 destitimus

281 4769 531 4826 docebat.
561 4765 714 4821 Unde
733 4764 1007 4830 Anatolio,
1030 4764 1633 4835 Constantinopolitano
1654 4765 1870 4819 subdia-
1898 4753 1947 4814 D
1973 4761 2289 4827 admonere,
2332 4772 2598 4833 quatenus
2646 4763 2714 4818 ad
2774 4762 3079 4832 eligendum
3127 4764 3228 4820 sibi
3257 4765 3571 4824 Antistitem

282 4877 441 4925 cono,
495 4858 812 4919 rescribens,
864 4858 937 4911 ait
973 4876 983 4909 :
1024 4877 1042 4908 ι
1070 4858 1295 4929 Scripsit
1340 4856 1471 4912 mihi
1517 4857 1732 4912 dilectio
1762 4865 1872 4923 tua,

283 4951 582 5021 piissimum
618 4948 897 5004 dominum
935 4954 1179 5002 nostrum
1222 4947 1675 5003 reverendissimo
1724 4946 1874 5001 fratri

284 5061 407 5101 meo
440 5045 626 5115 primae
645 5042 959 5097 Justinianaz
980 5042 1237 5113 episcopo
1261 5060 1356 5113 pro
1383 5045 1535 5116 151
1560 5044 1876 5113 aegritudine

286 5152 369 5205 ca,
392 5137 478 5192 itis
504 5151 665 5205 quam
686 5134 885 5205 patitur
915 5133 1208 5204 praecipere
1236 5137 1475 5199 succedi,
1502 5152 1569 5191 ne
1592 5137 1728 5190 forte
1749 5137 1873 5190 dum

282 5232 528 5301 episc0pi
552 5230 673 5299 jura
695 5228 882 5283 eadem
904 5227 1093 5281 civitas
1116 5242 1221 5281 non
1244 5227 1427 5291 habet,
1456 5226 1598 5296 quod
1620 5228 1779 5292 absit,
1812 5227 1879 5282 ab

289 5325 536 5380 hostibus
572 5331 781 5394 pereat.
833 5319 899 5375 Et
927 5320 1039 5375 haec
1084 5320 1302 5391 quidem
1348 5336 1611 5390 nusquam
1643 5336 1879 5375 canones

289 5416 625 5486 pnecipiunt,
657 5423 716 5469 ut
735 5429 832 5484 pro
857 5413 1173 5482 aegritudine
1199 5413 1460 5483 episcopi,
1481 5414 1737 5482 episcOpo
1758 5428 1883 5467 suc-

286 5510 545 5578 cedatur;
576 5518 632 5566 et
660 5509 882 5564 omnino
913 5508 1167 5577 injustum
1197 5516 1280 5562 est
1323 5518 1381 5563 ut
1409 5506 1453 5562 si
1485 5506 1731 5562 molestia
1758 5521 1881 5561 cor-

288 5601 439 5672 poris
475 5602 661 5665 irruit,
701 5601 909 5656 honore
954 5617 1053 5656 suo
1106 5600 1347 5671 privetur
1391 5608 1645 5669 aegrotus.
1700 5598 1878 5670 Atque

285 5690 414 5747 ideo
430 5691 539 5749 hoc
566 5709 662 5765 per
690 5708 789 5748 nos
811 5692 928 5748 ﬁeri
950 5693 1256 5748 nullatenus
1271 5701 1466 5765 potest,
1498 5708 1565 5748 ne
1594 5702 1876 5763 peccatum

285 5782 338 5838 in
363 5798 492 5841 mea
522 5786 698 5841 anima
720 5800 792 5840 ex
818 5784 935 5854 ejus
962 5785 1298 5856 depositione
1327 5785 1530 5842 veniat.
1559 5783 1666 5839 Sed
1684 5796 1879 5855 sugge-

355 5909 376 5933 ιι
413 5897 650 5957 Vivente
676 5898 941 5968 Gregorio
966 5900 1201 5956 schisma
1224 5898 1353 5955 illud
1379 5898 1603 5955 minime
1622 5895 1875 5963 cessavit,

280 5972 416 6027 utin
458 5972 517 6027 S.
549 5971 794 6028 Doctoris
821 5971 931 6026 vita
959 5972 1095 6027 infra
1116 5971 1479 6043 probabimus.

660 6067 929 6127 ΡΑτιιοι..
983 6064 1235 6125 LXXV.

1973 4854 2229 4909 concordi
2260 4855 2567 4923 provisione
2595 4864 2938 4909 concurrant.
2978 4872 2999 4906 ι
3036 4852 3175 4925 (Lib.
3210 4872 3305 4926 vn,
3331 4876 3413 4929 ep.
3453 4861 3568 4928 f9.)

2045 4960 2185 5016 Item
2216 4961 2437 5017 Etherio
2468 4963 2725 5032 episcopo
2762 4980 2775 5014 :
2809 4980 2827 5012 ι
2864 4961 3121 5028 Quamvis
3146 4964 3300 5020 triste
3328 4967 3483 5023 nobis
3511 4970 3576 5026 sit

1981 5053 2139 5107 valde
2168 5054 2311 5121 quod
2343 5054 2632 5123 loquimur,
2662 5064 2824 5122 atque
2847 5052 3080 5109 fraterna
3104 5072 3201 5111 nos
3223 5059 3401 5129 potius
3429 5076 3579 5117 com-

1981 5147 2232 5217 passione
2260 5153 2450 5215 urgeat
2470 5162 2630 5216 quant
2657 5146 2857 5215 aliquid
2881 5147 2948 5201 de
2974 5149 3170 5203 auditis
3199 5149 3425 5207 deﬁnire
3456 5169 3577 5223 per-

1981 5241 2180 5304 mittat,
2211 5238 2447 5307 suscepti
2494 5247 2671 5293 tamen
2703 5240 3009 5296 sollicitudo
3037 5242 3313 5310 regiminis
3343 5260 3439 5299 cor
3468 5261 3572 5300 no—

1980 5340 2151 5385 strum
2201 5330 2423 5383 instanti
2479 5330 2655 5400 pulsat
2684 5331 2895 5398 aculeo,
2946 5348 3137 5405 magna
3192 5351 3290 5389 nos
3335 5335 3577 5390 ecclesiis

1966 5437 2109 5498 cura
2139 5420 2468 5490 prospicere,
2510 5430 2565 5475 et
2605 5429 2893 5492 antequam
2925 5423 3110 5477 harum
3156 5425 3327 5492 possit
3376 5424 3579 5478 utilitas

1985 5510 2253 5579 deperire,
2285 5510 2410 5579 quid
2443 5510 2555 5565 ﬁeri
2598 5510 2811 5577 debeat,
2844 5512 2954 5566 Deo
2996 5520 3238 5579 auctore,
3268 5511 3574 5580 disponere.

1984 5598 2237 5657 Pervenit
2280 5601 2442 5669 igitur
2478 5600 2545 5655 ad
2587 5618 2705 5667 nos,
2753 5603 3038 5671 quemdam
3078 5606 3233 5674 152
3263 5600 3577 5670 episcopum

1985 5690 2059 5746 ita
2088 5691 2394 5761 passionem
2423 5691 2615 5761 capitis
2642 5693 2950 5757 incurrisse,
2994 5700 3052 5745 ut
3081 5693 3205 5760 quid
3236 5698 3413 5745 mente
3442 5692 3579 5748 alie-

1984 5788 2112 5837 nata
2154 5795 2315 5850 agere
2364 5781 2555 5847 soleat,
2597 5783 2827 5849 gemitus
2868 5791 2924 5836 et
2950 5780 3107 5835 ﬂetus
3152 5781 3337 5836 audire
3364 5781 3452 5836 sit.
3501 5782 3579 5840 Ne

2079 5892 2106 5932 ι’
2129 5894 2185 5948 lu
2218 5894 2387 5949 tribus
2418 5893 2540 5949 Mss.
2576 5894 2745 5950 Paris.
2769 5902 2822 5950 et
2845 5895 2897 5949 in
2925 5892 3170 5961 Excusis,
3200 5910 3391 5967 nosque
3412 5899 3577 5967 preci-

1985 5968 2074 6021 bus
2108 5967 2452 6041 arguentium.
2904 5998 2915 6005 -

3099 6062 3136 6121 7
