4138 6474
545 529 650 585 2υό

1158 510 1214 566 S.
1259 500 1583 563 GBEGORII
1622 496 1835 555 MAGNI
1876 493 2055 556 VITA,
2098 487 2298 545 AUCT.
2341 483 2603 543 JOANNE
2646 477 2964 537 DIACONO.
3008 472 3136 530 LIB.
3178 470 3269 527 IV.
3356 463 3365 466 Α

3714 460 3821 517 ιοι

546 659 676 715 ergo
696 648 980 711 languente
1008 641 1248 705 pastore,
1270 639 1421 696 grex,
1454 619 1598 693 quod
1619 619 1777 685 absit,
1804 610 2131 671 insidiatoris
2158 610 2211 669 Δ
2234 613 2446 662 suratus
2460 601 2782 661 estreddere
2793 592 3173 715 dereas,'omni
3191 586 3537 715 excpsgtione

1544 712 1554 715 -
1682 711 1694 715 _
1764 709 1775 715 -
1850 707 1860 715 .
1933 706 1943 715 .
2076 702 2109 715 ,ο
2310 700 2345 715 ον
2400 696 2487 715 -.Α
2529 700 2562 715 ει
2582 695 2685 715 νει
2721 707 2843 715 ...η-
2890 703 2988 715 ..ηυι
3041 696 3107 715 λιν
3150 695 3343 715 nmen
3446 687 3790 715 nmmum-1mm

547 702 1103 791 dentibus-lauandus
1126 724 1448 790 ex'ponatur,
1474 712 1559 773 vel
1586 709 1827 769 ecclesiae
1849 706 2013 779 ipsius
2036 702 2133 758 uti-

550 824 729 880 litates
758 822 1071 890 depereant,
1118 819 1273 869 cauta
1306 822 1405 863 nos
1440 816 1664 860 necesse
1708 808 1791 856 est
1829 792 2134 869 provisione

548 927 798 974 tractare.
828 884 895 970 iit
924 910 1044 966 ideo
1066 907 1212 979 quia,
1242 904 1458 957 vivente
1486 897 1742 968 episcopo
1764 906 1922 963 quem
1953 888 2019 943 ab
2050 884 2132 939 of-

546 1007 669 1063 ﬁcio
696 1020 795 1062 suo
825 977 1117 1058 necessitas
1161 989 1485 1050 inﬁrmitatis
1514 1003 1622 1042 non
1651 984 1857 1040 crimen
1899 977 2134 1041 abducit,

547 1098 712 1153 alium
753 1096 874 1151 loco
904 1092 1042 1161 ejus,
1066 1092 1349 1143 recusante
1379 1094 1465 1144 eo,
1501 1075 1644 1137 nulla
1673 1071 1801 1129 sinit
1828 1069 1967 1125 ratio
1989 1065 2135 1122 ordi-

546 1187 689 1253 nari,
710 1186 755 1240 si
787 1158 1064 1239 intervalla
1088 1170 1416 1246 aegritudinis
1438 1168 1636 1223 habere
1658 1171 1741 1219 est
1768 1160 1975 1225 solitus,
2001 1158 2133 1227 ipse,

548 1247 976 1345 data'petitione,
1007 1284 1105 1323 nec
1129 1282 1186 1321 se
1208 1261 1429 1318 ulterius
1459 1256 1527 1313 ad
1544 1256 1651 1311 hoc
1672 1250 2028 1308 ministerium
2057 1247 2139 1301 in-

550 1339 874 1422 tellectualia
916 1358 1120 1416 scilicet
1169 1351 1363 1416 ofﬁcia,
1415 1347 1759 1403 subvertente
1808 1339 2138 1403 inﬁrmitate,

550 1472 657 1511 non
688 1468 848 1525 posse
877 1450 1105 1505 fateatur
1135 1454 1438 1510 assurgere,
1490 1444 1545 1492 et
1573 1434 1733 1489 alium
1764 1432 1886 1487 loco
1915 1443 2015 1485 suo
2046 1442 2143 1483 ex-

551 1520 705 1616 petat
729 1539 1103 1599 ordinandum.
1135 1534 1254 1602 Quo
1283 1530 1447 1595 facto,
1481 1525 1722 1581 omnium
1749 1520 2015 1577 electione
2047 1532 2139 1572 so-

552 1636 735 1701 lemni,
778 1633 913 1688 alter
934 1629 1023 1700 qui
1056 1626 1245 1695 dignus
1268 1620 1429 1675 fuerit
1451 1617 1738 1688 episcopus
1766 1616 2137 1672 consecretur,

552 1728 632 1783 sic
678 1698 880 1790 tamen,
913 1698 971 1775 ut
999 1729 1280 1791 quousque
1326 1708 1572 1766 eumdem
1620 1705 1932 1775 episcopum
1964 1699 2016 1754 in
2041 1698 2146 1752 hoc

557 1813 758 1872 saeculo
789 1788 897 1867 vita
927 1788 1180 1872 tenuerit,
1212 1808 1456 1871 sumptus
1481 1797 1530 1852 ei
1546 1794 1711 1851 debiti
1741 1793 1809 1847 de
1839 1788 2025 1844 eadem
2057 1802 2145 1841 ec-

553 1907 717 1963 clesia
747 1905 1139 1961 ministrentur.
1190 1895 1499 1957 Enimvero,
1539 1891 1580 1943 si
1631 1887 1778 1942 nullo
1810 1894 2052 1952 tempore
2076 1879 2145 1935 ad

2236 700 2359 770 quia
2390 696 2490 754 etsi
2529 695 2686 768 153
2721 688 2992 747 mundana
3023 686 3111 742 lex
3148 678 3420 755 praecipit,
3446 670 3823 733 conversionis

2236 764 2428 862 gratia,
2450 764 2707 843 utrblibet
2726 783 2915 849 invito,
2944 778 3081 836 solvi
3110 788 3269 847 posse
3286 769 3617 841 conjugium,
3644 764 3826 862 divina

2237 854 2326 938 iex
2354 854 2468 937 ﬁeri
2510 894 2615 934 non
2664 872 2946 949 permittit.
2999 870 3131 925 Nam
3181 871 3405 934 excepta
3450 854 3828 917 fornicationis

2238 986 2422 1038 causa,
2449 971 2623 1027 virum
2646 981 2871 1023 uxorem
2898 963 3204 1031 relinquere
3231 955 3378 1013 nulla
3396 953 3606 1009 ratione
3623 962 3823 1005 concc-

2240 1067 2337 1135 dit,
2359 1065 2483 1138 quia
2506 1070 2790 1134 postquam
2807 1056 3149 1128 copulatione
3168 1049 3401 1122 conjugii
3420 1045 3521 1101 viri
3543 1053 3703 1112 atque
3717 1056 3835 1095 mn-

2241 1158 2384 1214 lieris
2406 1172 2572 1213 unum
2603 1168 2800 1225 corpus
2817 1149 3063 1214 efﬁcitur,
3093 1162 3200 1203 non
3229 1149 3409 1215 potest
3428 1156 3493 1197 ex
3516 1146 3671 1211 parte
3695 1150 3832 1192 con-

2238 1247 2397 1311 verti,
2428 1255 2483 1302 et
2511 1260 2578 1302 ex
2623 1250 2779 1314 parte
2806 1242 2861 1296 in
2903 1238 3102 1297 saeculo
3151 1246 3452 1293 remanere.
3501 1248 3520 1284 ι
3566 1227 3707 1299 (Lib.
3752 1242 3829 1291 xi,

2247 1359 2327 1412 ep.
2371 1338 2490 1407 50.)

2313 1431 2401 1489 42.
2449 1429 2754 1487 Iudaeorum
2795 1423 3073 1498 perﬁdiam
3108 1418 3409 1477 rationibus
3452 1414 3624 1485 magis
3658 1416 3834 1481 quam

2244 1524 2516 1581 violentiis
2537 1530 2795 1578 excutere
2815 1517 3109 1587 Gregorius
3130 1511 3464 1571 decertabat.
3490 1508 3839 1578 Quapropter

2245 1617 2468 1688 Virgilio
2498 1625 2553 1671 et
2583 1612 2871 1669 Theodoro
2891 1653 2905 1678 ,
2939 1606 3207 1681 episcOpis
3247 1600 3564 1668 Galliarum»
3593 1606 3717 1671 Ροεῑ
3742 1596 3837 1688 alii

2248 1687 2358 1780 qua
2395 1708 2652 1773 scribens,
2685 1705 2800 1760 ait:
2839 1720 2859 1757 ‹
2908 1700 3126 1757 Plurimi
3158 1696 3392 1753 Judaicae
3432 1693 3710 1763 religionis
3738 1687 3843 1745 viri

2248 1805 2300 1860 iu
2341 1805 2441 1858 hac
2468 1798 2742 1872 provincia
2771 1803 3196 1857 commanentes,
3229 1804 3291 1846 ac
3315 1786 3543 1844 subinde
3574 1786 3629 1839 in
3656 1780 3842 1837 Massi-

2252 1898 2336 1953 liae
2364 1895 2607 1969 partibus
2639 1908 2737 1963 pro
2759 1889 2985 1947 diversis
3008 1887 3237 1957 negotiis
3260 1882 3620 1948 ambulantes,
3655 1877 3720 1934 ad
3742 1892 3845 1933 no-

552 2010 697 2055 tante
726 1994 922 2050 mentis
951 1991 1089 2048 redit
1122 1988 1379 2052 ofﬁcium,
1410 1996 1638 2054 persona
1667 1988 1750 2034 est
1776 1976 1948 2031 ﬁdelis
1972 1989 2034 2029 ac
2066 1972 2145 2026 vi-
2179 1992 2223 2052 Β
2253 1998 2419 2045 εει-³η,
2466 1986 2767 2061 perduxere
2815 1982 3082 2049 notitiam,
3114 1978 3312 2034 ιηυιιοε
3351 1972 3761 2032 consistentia",
3790 1972 3847 2025 in

553 2097 621 2142 ta:
649 2084 943 2157 probabilis
965 2079 1229 2152 eligenda,
1252 2091 1370 2146 qua:
1396 2074 1463 2129 ad
1494 2072 1733 2141 regimen
1758 2066 2000 2123 ecclesia:
2028 2065 2145 2118 ido-

553 2195 653 2236 nea
683 2176 855 2248 possit
884 2173 1139 2237 existere,
1172 2177 1336 2239 atque
1364 2167 1431 2220 de
1461 2164 1760 2218 animarum
1787 2158 2019 2214 utilitate
2050 2170 2146 2209 co—

555 2247 753 2339 gitare,
785 2264 1060 2333 inquietos
1086 2260 1187 2316 sub
1215 2255 1512 2325 disciplina:
1538 2251 1771 2306 vindicta
1796 2247 2146 2313 restringere,

556 2355 1048 2413 ecclesiasticarum
1098 2362 1277 2404 rerum
1314 2358 1499 2400 curam
1528 2355 1736 2403 gerere,
1778 2346 1834 2393 et
1880 2343 2150 2391 maturum

558 2456 718 2518 atque
745 2443 1021 2502 efﬁcacem
1060 2454 1120 2495 se
1149 2440 1203 2493 in
1233 2434 1487 2491 omnibus
1515 2430 1812 2494 exhibere;
1841 2428 1932 2496 qui
1964 2426 2149 2491 etiam,

558 2540 605 2597 si
630 2515 911 2608 episcopo
968 2532 1061 2602 qui
1107 2542 1250 2583 nunc
1291 2531 1519 2594 aegrotat
1570 2527 1842 2589 superstes
1890 2515 2152 2584 extiterit,

560 2606 695 2687 loco
711 2628 828 2699 ejus
856 2626 1055 2681 debeat
1079 2617 1408 2677 consecrari.
1448 2636 1466 2667 ›
1504 2610 1644 2684 (Lib.
1679 2627 1789 2674 xm,
1816 2627 1897 2679 ep.
1931 2606 2010 2676 5.)

633 2718 722 2775 40.
741 2716 1017 2785 Virginem
1045 2719 1341 2779 stupratam
1372 2705 1665 2774 Gregorius
1685 2699 1908 2770 jubebat
1931 2711 2153 2753 uxore.u

560 2810 861 2881 percipere,
885 2813 978 2861 aut
990 2808 1351 2873 stupratorem
1374 2798 1488 2866 ejus
1503 2795 1822 2864 castigatum
1842 2787 2157 2845 verberibus

563 2878 615 2956 in
650 2878 984 2955 monasterio
1020 2895 1299 2963 deputare.
1333 2886 1489 2943 Unde
1517 2884 1704 2951 Felici,
1733 2882 2017 2952 Sipontino
2045 2878 2157 2948 epi-

562 3009 755 3063 scopo,
799 2989 1018 3053 scribit,
1046 2988 1270 3042 dicens:
1311 3002 1329 3034 ι
1364 2978 1821 3051 Exspectabamus
1850 2971 2158 3028 fraternita-

564 3097 670 3145 tem
703 3095 847 3141 tuam
869 3098 966 3139 sua
998 3080 1210 3150 aliquos
1238 3077 1304 3132 ad
1328 3074 1497 3130 Deum
1528 3070 1908 3143 praedicatione
1931 3080 2157 3121 conver-

564 3188 698 3244 tere,
730 3186 786 3232 et
815 3175 957 3230 male
986 3180 1208 3242 agentes
1238 3168 1311 3224 ad
1333 3164 1712 3223 rectitudinem
1732 3174 2007 3217 revocare.
2041 3156 2155 3223 Qua

566 3274 633 3327 de
668 3286 727 3325 re
758 3268 915 3324 nimis
942 3265 1352 3325 contristamur,
1385 3260 1509 3327 quia
1538 3273 1569 3312 e
1598 3257 1812 3312 diverso
1853 3254 1907 3307 in
1947 3250 2156 3321 nepotis

2250 2083 2354 2139 illis
2373 2083 2611 2153 partibus
2633 2078 2936 2135 Judzeorum
2970 2076 3022 2129 vi
3050 2072 3222 2141 magis
3242 2070 3307 2126 ad
3328 2069 3530 2125 fontem
3552 2067 3849 2137 baptisma—

2259 2178 2325 2233 tis
2349 2190 2509 2246 quam
2534 2172 2914 2246 pimdicatione
2943 2167 3250 2241 perductos.
3281 2162 3414 2218 Nam
3443 2161 3707 2217 intentum
3730 2156 3851 2227 qui-

2253 2268 2376 2322 dem
2405 2262 2811 2334 hujuscemodi,
2871 2267 2925 2315 et
2973 2257 3129 2313 laude
3177 2256 3397 2325 dignum
3442 2266 3663 2317 censeo,
3696 2254 3751 2303 et
3779 2246 3849 2301 de

2253 2358 2465 2414 Domini
2516 2355 2687 2411 nostri
2739 2351 3066 2408 descendere
3118 2346 3409 2403 dilectione
3436 2343 3725 2416 proﬁteor;
3757 2338 3853 2394 sed

2253 2452 2393 2508 hanc
2422 2447 2666 2503 eamdem
2696 2444 3068 2508 intentionem,
3095 2440 3199 2498 nisi
3225 2445 3541 2509 competens
3560 2434 3853 2503 Scriptum

2253 2556 2420 2601 sacra;
2466 2540 2756 2597 comitetur
2810 2532 3064 2600 eﬁ‘ectus,
3114 2533 3280 2588 timeo
3332 2544 3403 2586 ne
3450 2535 3543 2583 aut
3587 2522 3855 2580 mercedis

2258 2649 2390 2705 opus
2415 2630 2610 2686 exinde
2632 2644 2740 2684 non
2763 2626 3068 2697 proveniat,
3102 2633 3195 2678 aut
3221 2622 3376 2691 juxta
3405 2619 3607 2688 aliquid
3638 2616 3854 2671 anima-

2254 2740 2375 2780 rum
2404 2737 2541 2793 quas
2560 2720 2695 2790 eripi
2717 2714 3146 2786 volumus,quod
3170 2713 3329 2779 absit,
3354 2708 3633 2782 dispendia
3659 2707 3855 2764 subse-

2256 2822 2506 2887 quantur.
2540 2812 2675 2867 Dum
2705 2809 2846 2865 enim
2878 2807 3145 2878 quispiam
3175 2805 3241 2859 ad
3269 2800 3609 2874 baptismatis
3647 2798 3857 2854 fontem

2256 2922 2364 2962 non
2390 2902 2793 2976 praedicationis
2817 2898 3105 2967 suavitate,
3126 2896 3222 2954 sed
3248 2895 3568 2952 necessitate
3590 2904 3860 2963 pervene-

2260 2997 2349 3061 rit,
2381 2995 2447 3050 ad
2473 2994 2752 3065 pristinam
2783 2988 3224 3060 superstitionem
3254 2998 3522 3050 remeans,
3552 2984 3678 3039 inde
3702 2982 3859 3038 dete-

2257 3091 2368 3146 rius
2394 3090 2645 3152 moritur,
2676 3085 2823 3141 unde
2846 3090 3068 3139 renatus
3095 3096 3217 3138 esse
3238 3080 3543 3138 videbatur.
3572 3077 3854 3133 Fraterni-

2260 3192 2342 3237 tas
2372 3190 2501 3250 ergo
2532 3188 2710 3235 vestra
2735 3175 3042 3248 hujusmodi
3066 3174 3314 3231 homines
3343 3172 3611 3244 frequenti
3657 3169 3855 3241 praedio

2258 3274 2471 3329 catione
2502 3279 2792 3341 provocet,
2840 3278 3107 3339 quatenus
3152 3278 3363 3324 mutare
3410 3274 3650 3323 veterem
3678 3264 3852 3335 magis

566 3366 641 3419 tui
667 3362 863 3417 Felicis
885 3359 1155 3431 pravitate
1176 3364 1267 3409 tua
1294 3352 1592 3414 evidenter,
1617 3350 1711 3417 qui
1736 3347 1897 3400 talem
1919 3342 2155 3411 nutristi,
2182 3365 2231 3430 ο
2262 3366 2426 3419 vitam
2455 3364 2525 3420 de
2552 3362 2790 3419 doctoris
2822 3363 3097 3418 suavium
3126 3361 3455 3417 desiderem.
3504 3358 3594 3416 Sic
3630 3359 3777 3415 enim
3804 3362 3861 3413 et

569 3455 721 3525 culpa
748 3458 1047 3506 monstrata
1078 3457 1177 3502 est.
1207 3444 1457 3500 Pervenit
1480 3443 1660 3510 itaque
1684 3441 1748 3493 ad
1770 3454 1869 3493 nos
1894 3436 2039 3506 quod
2066 3451 2155 3489 su-

571 3546 903 3615 prascriptus
928 3539 1083 3596 Felix
1104 3536 1388 3604 Evangeli,
1416 3533 1628 3589 diaconi
1661 3531 1755 3592 tui,
1779 3529 1941 3583 ﬁliam
1972 3536 2159 3598 stupro

574 3636 870 3708 deceperit.
893 3633 1045 3701 Quod
1070 3632 1117 3686 si
1147 3643 1336 3684 verum
1353 3634 1455 3689 est,
1485 3624 1729 3694 quamvis
1752 3622 1898 3691 gravi
1928 3626 2072 3675 esset
2098 3619 2163 3674 de

568 3731 689 3799 lege
704 3742 863 3800 pinna
876 3725 1218 3797 plectendus,
1247 3734 1346 3776 nos
1365 3728 1544 3774 tamen
1559 3717 1898 3786 aliquatenus
1922 3713 2052 3780 legis
2073 3712 2166 3765 du-

573 3823 761 3879 ritiam
784 3820 1107 3881 mollientes,
1142 3810 1511 3885 hujuscemodi
1536 3808 1890 3879 disponendo,
1925 3804 2165 3876 prtecipi-

564 3931 690 3972 mus
714 3923 775 3969 ut
800 3921 894 3969 aut
908 3926 1071 3983 quam
1094 3907 1362 3979 stupravit
1386 3919 1608 3962 uxorem
1634 3902 1851 3965 habeat,
1880 3910 1972 3955 aut
1997 3906 2163 3960 certe,

566 4012 615 4066 si
641 4006 975 4065 renuendum
995 4002 1288 4075 putaverit,
1313 4000 1586 4056 districtus
1609 4012 1674 4052 ac
1700 3994 2051 4065 corporaliter
2077 4007 2169 4045 ca-

572 4101 817 4170 stigatus,
839 4096 1467 4161 excommunicatusque,
1486 4091 1542 4145 in
1568 4088 1958 4145 monasterium
1985 4087 2037 4139 in
2059 4100 2168 4154 quo

575 4190 949 4262 pmnitentiam
977 4196 1200 4257 peragat
1228 4184 1558 4249 retrudatur,
1612 4180 1680 4235 de
1704 4194 1817 4249 quo
1843 4180 1892 4233 ei
1925 4178 2070 4232 nulla
2101 4178 2169 4231 sit

575 4280 883 4354 egrediundi
895 4280 1015 4336 sine
1032 4286 1215 4335 nostra
1236 4276 1599 4349 pmceptione
1621 4274 1863 4330 licentia.
1889 4292 1909 4325 ι
1931 4269 2071 4344 (Lib.
2088 4285 2168 4338 ut,

578 4392 662 4443 ep.
697 4369 814 4443 ΑΒ.)

648 4466 737 4523 M.
767 4465 956 4523 Virum
991 4463 1111 4519 sine
1152 4465 1337 4518 uxoris
1372 4461 1605 4533 propria:
1634 4461 1912 4517 voluntate
1943 4473 2172 4515 conver-

578 4577 717 4630 sum,
740 4557 954 4615 etiamsi
984 4554 1173 4611 fuisset
1195 4553 1307 4623 jam
1332 4561 1668 4620 tonsuratus,
1692 4541 1986 4621 Gregorius
2015 4550 2169 4605 uxori

580 4651 732 4710 reddi
773 4651 1016 4723 jubebat.
1056 4648 1398 4718 Quapropter
1443 4646 1734 4709 Hadriano,
1787 4644 2171 4700 Panormitano

2264 3457 2492 3514 intentio
2539 3463 2718 3512 vestra
2753 3462 2903 3511 recte
2938 3453 3249 3525 perﬁcitur,
3279 3461 3334 3510 et
3366 3453 3614 3510 conversi
3643 3452 3857 3506 animus

2266 3551 2332 3605 ad
2356 3549 2591 3621 priorem
2624 3550 2800 3605 denuo
2827 3548 3090 3603 vomitum
3126 3563 3238 3603 non
3276 3554 3534 3603 mutatur.
3581 3544 3859 3601 Adhiben-

2266 3645 2368 3701 dus
2395 3656 2524 3713 ergo
2557 3642 2665 3698 illis
2693 3649 2775 3698 est
2802 3655 3007 3709 sermo,
3038 3641 3130 3711 qui
3157 3649 3211 3697 et
3237 3654 3480 3696 errorum
3510 3639 3567 3695 in
3588 3637 3718 3709 ipsis
3745 3637 3861 3707 spi-

2271 3753 2368 3795 nas
2398 3751 2556 3793 urere
2588 3737 2803 3799 debeat,
2835 3744 2890 3791 et
2936 3734 3285 3807 praedicando
3325 3733 3468 3805 quod
3507 3732 3564 3787 in
3602 3732 3683 3786 his
3710 3720 3862 3786 tene—

2264 3829 2464 3885 brescit
2497 3827 2788 3893 illuminet,
2842 3834 2900 3880 ut
2946 3841 3043 3896 pro
3088 3826 3169 3881 his
3196 3825 3562 3881 admonitione
3589 3820 3862 3893 frequenti

2268 3921 2570 3976 mercedem
2603 3918 2913 3973 fraternitas
2940 3926 3124 3972 vestra
3165 3917 3362 3985 capiat,
3392 3923 3449 3971 et
3472 3929 3662 3970 eorum
3690 3928 3862 3985 quan-

2272 4023 2357 4070 tos
2385 4014 2527 4069 Deus
2556 4011 2867 4079 donaverit,
2916 4010 2982 4066 ad
3029 4009 3497 4079 regenerationem
3544 4022 3696 4064 novae
3742 4008 3864 4063 vita

2270 4107 2551 4178 perducat.
2588 4124 2606 4157 ι
2645 4104 2786 4175 (Lib.
2823 4119 2865 4170 ι,
2891 4120 2975 4173 ep.
3007 4100 3123 4173 47.)

2342 4198 2478 4255 Item
2511 4196 2731 4263 Victori,
2764 4197 3022 4267 episcopo
3050 4195 3431 4250 Panormitano
3464 4211 3477 4247 :
3519 4210 3539 4247 ι
3573 4191 3727 4248 Sicut
3762 4190 3862 4249 Ju-

2273 4290 2402 4345 daeis
2435 4304 2543 4344 non
2569 4288 2729 4343 debet
2754 4302 2872 4344 esse
2918 4286 3136 4343 licentia
3179 4286 3472 4358 quidquam
3498 4286 3552 4342 in
3580 4284 3863 4359 synagogis

2274 4381 2386 4436 suis
2414 4380 2555 4435 ultra
2588 4394 2751 4450 quam
2782 4379 3101 4450 permissum
3132 4389 3213 4435 est
3250 4379 3369 4450 lege
3402 4393 3748 4451 praasumere,
3790 4378 3865 4435 ita

2275 4474 2329 4529 in
2358 4473 2445 4530 his
2473 4488 2594 4543 quae
2624 4473 2702 4528 eis
2725 4487 2981 4529 concessa
3013 4481 3159 4541 sunt,
3201 4474 3408 4529 nullum
3439 4473 3637 4531 debent
3674 4474 3867 4545 praeju-

2276 4566 2473 4622 dicium
2500 4566 2788 4621 sustinere.
2828 4584 2847 4618 ι
2886 4564 3025 4639 (Lib.
3057 4582 3166 4634 vin,
3199 4584 3281 4638 ep.
3303 4564 3420 4639 25.)

2347 4659 2438 4717 45.
2475 4658 2941 4727 Quemadmodum
3007 4658 3220 4717 Judaeos
3278 4659 3547 4717 violenter
3606 4658 3868 4732 baptizari

584 4743 820 4811 notario,
842 4744 1110 4804 scribens.
1134 4740 1209 4795 ait
1237 4757 1251 4793 :
1284 4756 1303 4791 ι
1332 4738 1625 4808 Agathosa,
1653 4738 1807 4793 latrix
1831 4738 2157 4808 praesentium

2277 4751 2570 4823 Gregorius
2587 4752 2907 4822 denegabat,
2938 4752 3013 4807 ita
3036 4751 3373 4808 Christianos
3399 4753 3477 4809 eis
3505 4768 3726 4824 quoquo
3753 4768 3869 4809 mo-

585 4846 774 4907 questa
798 4844 882 4891 est
910 4836 1161 4891 maritum
1191 4836 1349 4889 suum’
1372 4838 1560 4887 contra
1585 4831 1915 4885 voluntatem
1936 4845 2088 4886 suam
2118 4832 2171 4884 in

584 4926 911 4984 monasterio
933 4924 1115 4981 Urbici
1136 4925 1345 4981 abbatis
1362 4938 1482 4980 esse
1502 4938 1844 4979 conversum.
1868 4922 2025 4989 Quod
2049 4922 2173 4992 quia

512 5064 513 5067 η
587 5022 653 5075 ad
678 5017 921 5088 ejusdem
951 5016 1159 5073 abbatis
1188 5018 1402 5087 culpam
1450 5028 1506 5072 et
1535 5016 1791 5073 invidiam
1821 5033 1930 5073 non
1958 5024 2044 5071 est
2071 5015 2172 5071 du-

514 6006 531 6063 ι

585 5110 733 5165 bium
757 5108 1050 5178 pertinere,
1076 5108 1423 5176 experientia;
1462 5115 1566 5162 tua:
1595 5107 1933 5179 praecipimus
1961 5115 2020 5162 ut
2054 5106 2178 5161 dili-

587 5201 736 5272 genti
764 5199 1113 5269 inquisitione
1133 5198 1410 5268 discutiat,
1432 5216 1500 5255 ne
1528 5200 1667 5257 forte
1696 5217 1819 5256 cum
1841 5201 1957 5270 ejus
1983 5200 2175 5255 volun-

589 5301 703 5350 tate
727 5305 1024 5349 eenvereus
1038 5291 1134 5358 sit,
1169 5292 1251 5345 vel
1278 5292 1394 5361 ipsa
1422 5308 1482 5347 se
1508 5300 1717 5347 mutare
1747 5293 2057 5362 promiserit
2081 5310 2095 5358 ;
2118 5298 2178 5347 et

590 5384 638 5441 si
656 5381 1059 5455 bocrepererit,
1076 5390 1134 5437 et
1149 5381 1297 5437 illum
1315 5383 1369 5437 in
1378 5384 1711 5440 monasterio
1726 5399 2043 5453 permanere
2061 5399 2178 5453 pro-

588 5475 794 5545 videat,
822 5481 881 5531 et
910 5472 1072 5536 hanc,
1098 5473 1238 5528 sicut
1262 5472 1530 5541 promisit,
1554 5484 1763 5529 mutare
1782 5476 2091 5546 compellat.
2121 5459 2179 5531 Si

590 5585 724 5627 vero
748 5567 881 5626 nihil
910 5566 1106 5623 borum
1133 5574 1238 5632 est,
1270 5581 1372 5622 nec
1391 5567 1661 5635 quondam
1686 5567 2055 5626 fornicationis
2075 5570 2181 5626 cri-

2279 4845 2348 4900 do
2394 4844 2585 4914 subjici
2631 4844 2934 4900 nullatenus
2983 4846 3342 4914 permittebat.
3379 4843 3547 4902 'Uude
3595 4844 3870 4902 Libertin

2278 4939 2499 5011 praetori
2520 4938 2741 5006 Siciliae,
2793 4939 3060 5007 scribens,
3090 4940 3162 4995 ait
3187 4956 3201 4993 :
3240 4956 3258 4991 ι
3288 4937 3481 4995 Fertur
3504 4938 3651 5008 quod
3681 4937 3867 5007 Nasas,

2280 5031 2496 5102 quidam
2519 5030 2971 5088 sceleratissimus
2997 5030 3328 5101 Judieorum,
3356 5031 3456 5088 sub
3483 5032 3702 5087 nomine
3724 5030 3871 5088 beati

2281 5122 2410 5179 Elia:
2434 5122 2603 5179 altare
2631 5125 2898 5194 punienda
2931 5125 3237 5180 temeritate
3279 5123 3677 5188 construxerit,
3727 5121 3867 5177 mul-

2278 5222 2471 5283 tosque
2512 5214 2619 5271 illic
2665 5213 3093 5271 Christianorum
3143 5213 3208 5269 ad
3244 5211 3580 5268 adorandum
3610 5211 3871 5281 sacrilega

2281 5307 2599 5364 seductione
2628 5306 2930 5378 deceperit;
2974 5306 3069 5361 sed
3113 5312 3169 5361 et
3210 5303 3534 5372 Christiana,
3566 5312 3626 5361 ut
3650 5304 3868 5371 dicitur,

2284 5396 2552 5467 mancipia
2576 5398 2932 5467 comparavit,
2965 5405 3019 5452 et
3044 5394 3156 5452 suis
3182 5410 3247 5452 ea
3281 5396 3551 5467 obsequiis
3578 5410 3640 5452 ac
3667 5395 3872 5451 utilita-

2282 5492 2425 5549 tibus
2453 5491 2750 5564 deputavit.
2796 5491 2930 5546 Dum
2976 5490 3139 5561 igitur
3162 5491 3502 5548 severissime
3532 5492 3584 5546 in
3625 5504 3749 5547 eum
3772 5500 3876 5559 pro

2282 5584 2448 5641 tantis
2473 5584 2801 5640 facinoribus
2823 5581 3096 5639 debuisset
3116 5582 3324 5652 ulcisci,
3346 5583 3609 5654 gloriosus
3634 5580 3874 5637 Justinus

590 5675 740 5727 men,
766 5665 990 5731 propter
1007 5655 1150 5726 quod
1167 5655 1285 5711 viro
1305 5654 1432 5711 licet
1448 5671 1673 5712 uxorem
1694 5658 2019 5729 relinquere,
2046 5676 2157 5732 prie

2290 5678 2685 5736 medicamento
2715 5675 2974 5745 avaritia,
2999 5686 3060 5731 ut
3082 5675 3241 5732 nobis
3262 5676 3520 5746 scriptum
3547 5680 3650 5738 est,
3673 5670 3873 5727 delini-

593 5751 795 5806 dictsm
810 5748 1090 5805 mulierem
1105 5748 1440 5803 comisisse
1458 5750 1797 5818 cognoveris,
1820 5769 1886 5809 ne
1900 5755 2042 5810 illius
2051 5771 2183 5811 con-

2290 5780 2404 5836 tus,
2453 5770 2548 5825 Dei
2599 5767 2805 5823 distulit
2833 5766 3079 5837 injuriam
3114 5766 3411 5825 vindicare.
3459 5763 3645 5823 Gloria
3692 5770 3874 5818 autem

594 5841 773 5899 νει-ι.ἰο
787 5840 941 5897 uxori
956 5840 1158 5896 relictae
1174 5839 1226 5895 in
1239 5840 1436 5899 saeculo
1452 5840 1564 5898 ﬁeri
1582 5843 1754 5912 possit
1765 5846 2085 5914 perditionis
2096 5866 2157 5906 oc

2286 5872 2465 5917 vestra
2484 5861 2598 5915 haec
2618 5858 2796 5915 omnia
2810 5857 3058 5917 districta
3076 5858 3475 5915 exainiuatioue
3494 5855 3791 5929 perquirat,
3818 5860 3875 5909 et

595 5932 761 5999 casio,
778 5932 1025 5989 volumus
1051 5943 1110 5988 ut
1134 5934 1384 5991 maritum
1397 5950 1553 5992 suum
1576 5935 1674 6003 illi,
1700 5938 1907 5994 etiamsi
1925 5941 2036 6010 jam
2062 5951 2181 5999 ton-

2287 5953 2333 6009 si
2363 5951 2734 6022 hujuscemodi
2752 5949 3092 6011 msnifestum
3131 5966 3251 6010 esse
3274 5949 3559 6022 repererit,
3585 5949 3660 6006 ita
3687 5944 3873 6006 distri-
