4138 6520
366 454 484 534 eos

976 481 1041 539 S.
1082 482 1407 540 GREGORII
1450 482 1663 541 MAGNI
1702 477 1881 545 VlTA,
1924 479 2128 538 AUCT.
2170 476 2431 536 JOANNE
2476 480 2790 538 DIACONO.
2832 480 2961 536 LIB.
3001 474 3094 535 IV.

3564 481 3671 537 ΞΜ

377 592 617 648 etissime
645 607 708 648 ac
732 594 1086 664 corporaliter
1113 593 1169 650 in
1192 592 1440 651 eumdem
1466 594 1790 652 sceleratum
1817 591 1967 648 lesti-
1996 600 2041 653 Α
2072 592 2213 647 inter
2236 600 2433 648 cetera
2464 593 2737 660 scribens,
2767 594 2840 648 ait
2873 610 2885 647 :
2924 611 2943 646 ι
2975 590 3393 649 [fraternitatem
3422 601 3671 650 vestram
3730 580 3741 597 ³

376 691 472 739 net
503 683 779 739 vindicare
816 682 1088 753 Judaeum,
1139 696 1407 756 quatenus
1443 690 1546 742 hac
1592 702 1658 743 ex
1711 700 1872 741 causa
1916 693 1975 739 et

377 777 605 845 gratiam
629 777 729 831 sibi
758 776 853 832 Dei
882 779 1053 834 nostri
1072 780 1344 841 conciliet,
1369 787 1423 835 et
1442 778 1527 834 his
1541 792 1601 834 se
1624 776 1854 847 posteris
1876 792 1975 849 pro

376 883 475 923 sua
499 867 747 924 mercede
775 869 1096 926 imitandum
1123 878 1388 927 monstret
1405 871 1686 941 exemplis.
1711 868 1976 938 Mancipia

377 968 561 1015 autem
589 958 895 1018 Christiana
923 976 1279 1033 quaecumque
1322 977 1446 1018 eum
1484 976 1833 1033 comparasse
1881 974 1975 1030 pa-

378 1057 564 1124 tuerit,
593 1056 660 1111 ad
682 1056 988 1113 libertatem
1013 1058 1168 1127 juxta
1198 1058 1375 1128 legum
1395 1064 1667 1127 pmcepta
1689 1055 1807 1111 sine
1828 1052 1975 1110 omni

381 1149 735 1219 ambiguitate
758 1149 1059 1220 perducite,
1090 1166 1180 1217 ne,
1202 1149 1346 1219 quod
1376 1151 1536 1218 absit,
1565 1149 1868 1205 Christiana
1889 1161 1976 1204 re-

376 1240 508 1309 ligio
545 1238 743 1295 Judzeis
777 1240 934 1312 155
958 1255 1176 1312 quoquo
1197 1239 1358 1296 modo
1387 1240 1599 1297 subdita
1625 1239 1916 1309 polluatur.
1950 1256 1969 1291 ι

383 1329 520 1404 (Lib.
550 1346 631 1399 ιη,
661 1330 889 1403 917.38.)

449 1421 584 1481 item
612 1423 901 1492 Venantio,
932 1426 1189 1496 episcopo
1230 1423 1467 1481 Lunensi
1494 1443 1507 1479 :
1545 1443 1564 1476 ‹
1598 1423 1886 1478 Multorum
1909 1421 1979 1477 ad

385 1536 481 1575 nos
512 1521 781 1575 relatione
822 1522 1089 1590 pervenit,
1124 1535 1153 1574 a
1175 1518 1375 1574 Iudaeis
1406 1519 1462 1574 in
1492 1518 1710 1574 civitate
1740 1514 1978 1571 Lunensi

383 1609 700 1681 degentibus
730 1610 781 1664 in
806 1610 1084 1665 servitium
1106 1609 1409 1665 Christiana
1430 1607 1659 1663 detineri
1686 1604 1975 1674 mancipia.

380 1701 513 1768 Quae
540 1717 629 1757 res
658 1702 813 1758 nobis
840 1710 993 1757 tanto
1020 1702 1136 1757 visa
1162 1710 1247 1757 est
1280 1700 1526 1770 asperior
1563 1706 1766 1769 quanto
1812 1711 1843 1750 a
1882 1694 1983 1749 fra-

380 1794 641 1850 ternitate
686 1801 779 1848 tua
817 1795 1073 1865 patientia
1103 1794 1403 1864 operosior.
1443 1790 1744 1861 Oportebat
1780 1788 1981 1859 quippe

352 1892 355 1897 '
386 1895 465 1953 te,
496 1893 746 1958 respectu
771 1885 878 1941 loci
907 1887 1007 1955 tui,
1040 1895 1201 1956 atque
1239 1884 1556 1942 Christianae
1594 1881 1868 1951 religionis
1897 1880 1980 1934 in-

2078 692 2290 755 oportet
2320 699 2439 740 esse
2465 684 2747 741 sollicitam
2788 695 2847 740 ut
2891 686 2937 740 si
2983 684 3050 740 de
3089 682 3397 741 Judaeorum
3449 686 3675 745 servitio

2077 791 2185 832 non
2219 777 2392 834 solum
2443 776 2677 840 Iudaeus,
2706 777 2800 832 sed
2832 779 2996 832 etiam
3023 770 3311 850 quisquam
3340 791 3675 849 paganorum

2078 870 2193 926 tleri
2235 870 2466 925 voluerit
2502 869 2872 935 Christianus,
2922 878 3209 940 postquam
3247 869 3504 926 voluntas
3556 871 3675 941 ejus

2079 962 2241 1018 fuerit
2286 964 2593 1034 patefacta,
2636 978 2705 1017 ne
2748 961 2894 1016 hunc
2934 960 3033 1016 sub
3073 962 3316 1032 quolibet
3342 961 3561 1032 ingenio
3586 961 3677 1020 vel

2077 1062 2395 1124 argumento
2448 1053 2684 1123 cuipiam
2720 1048 3024 1107 Judzeorum
3053 1052 3415 1108 venumdandi
3445 1051 3676 1111 facultas

2077 1146 2165 1213 sit,
2191 1149 2283 1204 sed
2315 1148 2359 1204 is
2386 1148 2479 1219 qui
2508 1148 2572 1203 ad
2605 1147 2763 1203 [idem
2794 1146 3151 1202 Christianam
3192 1148 3437 1203 converti
3464 1148 3677 1204 deside-

2078 1248 2181 1307 rat,
2209 1239 2522 1299 defensione
2561 1247 2746 1299 vestra
2790 1240 2842 1294 in
2888 1238 3192 1294 libertatem
3222 1239 3395 1294 modis
3424 1240 3677 1296 omnibus

2080 1329 2396 1386 vindicetur.
2446 1328 2510 1386 Hi
2554 1346 2682 1389 vero
2729 1344 2865 1401 quos
2910 1327 3214 1401 hujusmodi
3240 1338 3459 1399 oportet
3487 1346 3676 1388 servos

2079 1421 2348 1490 amittere,
2392 1437 2460 1478 ne
2504 1423 2726 1479 forsitan
2766 1422 3027 1477 utilitates
3070 1436 3195 1477 suas
3237 1421 3678 1483 irrationabiliter

2078 1516 2348 1571 aestiment
2384 1515 2649 1585 impediri,
2677 1514 2909 1571 sollicita
2950 1529 3046 1569 vos
3076 1515 3180 1571 hoc
3214 1515 3470 1570 convenit
3499 1518 3677 1571 consi-

2081 1607 2360 1663 deratione
2397 1623 2615 1663 servare
2662 1625 2675 1661 :
2728 1617 2786 1663 ut
2813 1607 2859 1662 si
2899 1619 3140 1679 paganos
3162 1620 3306 1675 quos
3332 1606 3679 1662 mercimonii

2081 1711 2241 1753 causa
2271 1697 2339 1753 de
2366 1697 2605 1754 externis
2624 1695 2822 1754 ﬁnibus
2849 1697 3100 1763 emerint,
3133 1696 3274 1752 intra
3306 1705 3415 1752 tres
3438 1710 3677 1767 menses,

2083 1790 2211 1846 dum
2241 1801 2455 1863 emptor
2480 1793 2569 1849 cui
2603 1793 2760 1849 vendi
2790 1792 3023 1848 debeant
3048 1791 3372 1857 inveniatur,
3412 1793 3567 1865 155
3594 1792 3679 1847 fu-

2082 1902 2210 1957 gere
2239 1888 2307 1941 ad
2352 1885 2650 1944 Ecclesiam
2680 1887 2818 1943 forte
2865 1886 3173 1956 contigerit,
3212 1893 3267 1941 et
3307 1884 3447 1941 velle
3474 1901 3534 1941 se
3560 1884 3680 1942 ﬁeri

392 1979 553 2043 tuitu,
589 1979 787 2034 nullam
811 1980 1118 2049 relinquere
1139 1979 1479 2035 occasionem
1500 1976 1870 2048 superstitioni
1887 1972 1981 2029 διι-
2012 2002 2059 2062 Β
2086 1979 2318 2035 dixerint
2345 1980 2700 2048 Christianos,
2729 1980 2816 2035 vel
2839 1980 3001 2035 etiam
3038 1988 3189 2037 extra
3217 1977 3514 2033 Ecclesiam
3537 1978 3681 2035 hanc

386 2069 659 2137 daicmme
685 2070 958 2141 simplices
981 2071 1172 2126 animae
1193 2085 1303 2125 non
1325 2076 1437 2123 tam
1459 2067 1795 2124 suasionibus
1817 2081 1980 2134 quam

388 2160 672 2232 potestatis
715 2162 837 2231 jure
886 2160 1119 2230 quodam
1165 2163 1326 2216 modo
1369 2160 1724 2216 deservirent.
1775 2157 1979 2225 Quam-

354 2252 574 2308 obrem
611 2251 892 2307 hortamur
946 2252 1339 2307 fraternitatem
1386 2260 1556 2319 tuam,
1598 2258 1658 2305 ut
1685 2248 1983 2305 secundum

390 2346 751 2416 piissimarum
780 2344 956 2413 legum
979 2345 1247 2399 tramitem
1276 2340 1605 2399 nulliJudaeo
1626 2341 1788 2398 liceat
1824 2339 1983 2395 Chri-

392 2440 622 2495 stianum
655 2437 983 2507 mancipium
1017 2439 1068 2492 in
1112 2452 1210 2492 suo
1238 2436 1477 2492 retinere
1506 2434 1748 2490 dominio
1775 2450 1789 2500 ;
1813 2430 1909 2488 sed
1937 2432 1985 2488 si

394 2530 486 2599 qui
518 2544 683 2599 penes
705 2543 798 2583 eos
820 2528 1187 2589 inveniuntur.
1213 2527 1434 2582 libertas
1449 2526 1547 2591 eis,
1567 2524 1810 2579 tuitionis
1833 2523 1986 2578 auxi-

394 2622 493 2690 lio,
524 2636 591 2676 ex
616 2620 791 2691 legum
822 2620 1103 2675 sanctione
1133 2627 1397 2675 servetur.
1430 2637 1449 2671 ι
1480 2616 1619 2688 (Lib.
1650 2633 1726 2683 tv,
1753 2633 1836 2688 ep.
1866 2614 1983 2685 ει.)

358 2708 363 2711 ’
468 2713 555 2768 44.
597 2712 817 2783 Siquos
840 2711 1270 2767 Christianorum
1317 2727 1415 2781 pro
1466 2709 1797 2782 longitudine
1826 2709 1989 2763 itine-

396 2807 470 2863 ris
500 2822 597 2876 per
624 2805 926 2875 provincias
974 2805 1042 2859 ab
1072 2803 1421 2859 Hebraeorum
1451 2801 1675 2858 servitio
1714 2815 1813 2871 per
1850 2799 1992 2867 lega-

400 2897 505 2952 lem
532 2897 845 2952 violentiam
874 2895 1167 2966 Gregorius
1189 2895 1422 2950 liberare
1462 2909 1569 2949 non
1616 2901 1849 2963 poterat,
1881 2891 1992 2948 suis

400 2992 586 3063 pretiis
614 2989 959 3047 redimendos
985 3005 1107 3046 esse
1132 2989 1406 3045 censebat.
1434 2984 1590 3043 Unde
1617 2984 1856 3042 Candido
1873 3000 1993 3056 pre-

404 3083 622 3154 sbytero
666 3096 764 3151 per
810 3080 1012 3137 Gallias
1064 3079 1351 3136 scribens:
1392 3099 1409 3131 ι
1434 3078 1767 3143 Dominicus,
1798 3076 1991 3147 inquit,

403 3174 747 3245 praesentium
796 3174 1026 3244 portitor
1068 3170 1487 3244 lacrymabiiiter
1540 3171 1696 3226 nobis
1738 3168 1993 3236 innotuit,

408 3276 637 3339 quatuor
666 3268 861 3323 fratres
887 3282 1013 3323 suos
1040 3266 1106 3322 de
1135 3266 1450 3336 captivitate
1486 3279 1516 3318 a
1550 3261 1747 3319 Judmis
1785 3260 1995 3318 redem-

2088 2072 2251 2126 talem
2304 2071 2638 2127 voluntatem
2693 2072 3061 2143 prodiderint,
3116 2072 3349 2143 pretium
3404 2087 3594 2128 eorum
3642 2087 3677 2129 a

2084 2162 2394 2219 Christiano
2443 2164 2654 2220 scilicet
2700 2174 2945 2236 emptore
2999 2162 3320 2235 percipiant.
3374 2163 3431 2218 Si
3494 2171 3678 2220 autem

2085 2265 2209 2326 post
2264 2254 2560 2327 praeﬁnitos
2618 2265 2728 2313 tres
2778 2272 2993 2312 menses
3038 2255 3319 2326 quisquam
3367 2255 3680 2326 hujusmodi

2086 2361 2365 2402 servorum
2404 2344 2753 2402 Judaicorum
2800 2346 2939 2402 velle
2982 2361 3137 2401 suum
3182 2345 3428 2413 edixerit,
3480 2355 3534 2402 et
3562 2344 3680 2404 ﬁeri

2088 2439 2320 2496 voluerit
2362 2437 2733 2508 Christianus,
2782 2454 2885 2495 nec
2936 2439 3128 2508 aliquis
3177 2454 3299 2494 eum
3334 2438 3681 2510 postmodum

2089 2549 2292 2603 emere,
2307 2549 2408 2590 nec
2428 2532 2680 2589 dominus
2699 2532 2937 2602 qualibet
2957 2531 3260 2588 'occasionis
3279 2532 3462 2603 specie
3483 2532 3681 2588 audeat

2088 2628 2438 2693 venumdare,
2461 2625 2558 2681 sed
2578 2625 2643 2679 ad
2667 2625 2929 2681 libertatis
2952 2624 3304 2696 proculdubio
3321 2624 3540 2696 praemia
3555 2642 3680 2698 per-

2090 2719 2333 2785 ducatur,
2349 2718 2473 2789 quia
2493 2717 2637 2772 hunc
2655 2733 2760 2771 non
2783 2716 2849 2769 ad
2868 2715 3226 2782 vendendum,
3245 2716 3338 2770 sed
3358 2716 3424 2769 ad
3440 2717 3682 2772 servien-

2092 2811 2215 2865 dum
2245 2810 2345 2865 sibi
2394 2809 2708 2878 intelligitur
2752 2821 3083 2863 reservasse.
3120 2825 3140 2860 ι
3178 2805 3318 2879 (Lib.
3351 2823 3425 2875 vr,
3448 2824 3530 2877 ep.
3562 2805 3682 2877 52.)

2163 2898 2253 2955 47.
2296 2898 2509 2968 Pagana
2557 2898 2826 2969 mancipia
2878 2896 3094 2955 Iudaeos
3136 2895 3387 2953 videlicet
3437 2896 3686 2953 dominos

2096 3009 2222 3050 suos
2270 2994 2335 3049 ad
2390 2993 2548 3049 ﬁdem
2599 2991 2989 3065 praecedentia,
3041 2990 3094 3046 in
3140 3006 3326 3046 eorum
3374 2990 3683 3059 servitium,

2096 3088 2305 3142 etiamsi
2336 3086 2437 3155 ipsi
2465 3100 2558 3141 eos
2584 3084 2649 3139 ad
2680 3082 3136 3139 Christianitatem
3183 3082 3685 3151 subsequebantur,

2096 3179 2247 3235 nullo
2270 3177 2430 3233 modo
2457 3176 2766 3233 revocabat.
2794 3171 2947 3229 Unde
2965 3172 3181 3242 Joanni,
3210 3173 3549 3243 Syracusano
3571 3173 3688 3242 epi-

2098 3289 2263 3344 sc0p0
2297 3291 2309 3326 :
2358 3291 2377 3324 ε
2411 3269 2587 3340 Felix,
2618 3268 2810 3339 inquit,
2834 3266 3175 3337 praesentium
3220 3266 3451 3336 portitor
3470 3272 3691 3335 questus

408 3372 530 3434 ptos
559 3378 696 3427 esse,
730 3372 893 3432 atque
924 3376 1016 3418 eos
1046 3369 1174 3417 tunc
1200 3359 1466 3416 Narbona:
1487 3358 1541 3414 in
1564 3357 1876 3414 eorumdem
1901 3355 1996 3413 Ju-

2101 3367 2254 3423 nobis
2284 3373 2385 3427 est,
2419 3378 2540 3419 cum
2566 3360 2635 3415 sit
2664 3359 2733 3415 de
2768 3356 3089 3414 Christianis
3116 3355 3428 3428 parentibus
3455 3364 3628 3423 natus,
3660 3369 3693 3411 a

410 3456 645 3511 dzeorum
668 3454 887 3511 servitio
919 3453 1167 3509 detineri.
1199 3450 1268 3507 Et
1294 3452 1420 3522 quia
1449 3452 1669 3507 omnino
1696 3463 1856 3520 grave
1876 3464 1999 3505 exe-

410 3546 773 3615 crandumque
816 3554 899 3602 est
934 3544 1268 3602 Christianos
1300 3544 1350 3598 in
1382 3544 1601 3599 servitio
1629 3558 1747 3599 esse
1786 3541 2000 3597 Judmo-

411 3653 560 3704 rum,
593 3639 935 3696 dilectionem
968 3646 1114 3693 tuam
1146 3638 1360 3707 scriptis
1405 3635 1761 3707 praesentibus
1802 3635 2002 3691 adhor-

413 3738 607 3798 tumur,
640 3739 698 3785 ut
718 3746 840 3787 cum
866 3731 1013 3786 omni
1054 3730 1352 3785 subtilitate
1397 3736 1452 3783 et
1494 3726 1856 3783 sollicitudine
1884 3736 2000 3782 stu-

415 3819 538 3875 deat
566 3821 923 3892 perscrutari;
954 3828 1009 3876 et
1030 3821 1074 3875 si
1097 3836 1285 3877 revera
1306 3821 1377 3875 ita
1408 3827 1511 3885 est,
1537 3829 1700 3890 atque
1721 3818 2003 3875 manifesta

415 3914 643 3967 veritate
666 3913 760 3967 tibi
788 3915 1090 3968 constiterit
1118 3916 1241 3983 quia
1272 3930 1448 3982 neque
1478 3914 1579 3984 ipsi
1625 3913 1767 3968 unde
1814 3928 1873 3967 se
1920 3928 2005 3967 re-

417 4002 641 4066 dimant,
674 4016 847 4071 neque
876 4004 1268 4073 suprascriptus
1298 4005 1529 4074 portitor
1556 4004 1737 4072 habet,
1768 4019 1863 4060 eos
1891 4012 2005 4059 stu-

418 4092 491 4146 dii
520 4093 597 4147 tui
625 4093 695 4147 sit
722 4092 1009 4160 redimere,
1056 4095 1232 4149 sciens
1262 4096 1388 4165 quia
1426 4094 1685 4165 quidquid
1722 4096 1775 4150 in
1805 4096 1883 4150 eis
1911 4095 2008 4150 de-

419 4183 587 4250 deris,
621 4185 725 4239 luis
754 4184 871 4240 sine
898 4184 1062 4241 dubio
1093 4186 1393 4243 rationibus
1415 4186 1785 4258 imputabitur.
1817 4207 1835 4240 ι
1866 4184 2007 4259 (Lib.

419 4290 507 4339 vn,
539 4293 619 4346 ep.
653 4273 770 4346 24.)

494 4366 576 4422 45.
610 4367 917 4427 Iudaeorum
946 4373 1215 4444 mancipia
1246 4373 1411 4429 semel
1443 4372 1806 4442 confugientia
1830 4374 1894 4428 ad
1918 4371 2014 4429 Ec-

421 4460 661 4533 clesiam,
688 4479 962 4533 nunquam
1009 4466 1339 4535 quibuslibet
1383 4466 1724 4522 suasionibus
1748 4466 1898 4521 reddi
1924 4466 2013 4535 ju-

421 4551 602 4609 bebat.
641 4552 791 4611 Unde
813 4557 1082 4627 januario,
1113 4557 1417 4614 Caralitano
1440 4559 1718 4629 episcopo,
1744 4558 1883 4612 inter
1913 4572 2015 4611 ca:-

423 4653 539 4701 tera
570 4648 827 4713 scribens,
864 4650 976 4704 ait:
1017 4670 1035 4703 ‹
1070 4648 1323 4706 Pervenit
1361 4652 1427 4707 ad
1464 4668 1583 4718 nos,
1627 4666 1813 4709 servos
1847 4651 2015 4707 ancil—

423 4734 611 4809 lasquc
638 4737 942 4795 Iudaeorum
964 4784 977 4808 ,
1029 4739 1151 4796 ﬁdei
1198 4758 1361 4798 causa
1406 4744 1469 4797 ad
1500 4742 1796 4798 Ecclesiam
1827 4742 2015 4797 confu-

424 4830 659 4898 gientes,
707 4840 800 4884 aut
831 4829 1131 4886 inﬁdelibus
1155 4832 1391 4888 dominis
1420 4831 1647 4899 restitui,
1679 4842 1772 4886 aut
1800 4846 2008 4898 eorum,

427 4938 495 4976 ne
512 4922 880 4989 restituantur,
904 4923 1130 4992 pretium
1154 4924 1289 4978 dari.
1315 4922 1603 4979 Hortamur
1623 4924 1783 4993 igitur
1804 4932 1863 4978 ut
1890 4925 2012 4978 nul-

426 5013 637 5068 latenus
667 5022 777 5068 tam
806 5028 1023 5084 pravam
1054 5015 1500 5071 consuetudinem
1542 5031 1760 5071 manere
1790 5017 2011 5087 permit-

426 5117 531 5173 tas,
563 5107 655 5163 sed
679 5123 800 5163 cum
831 5106 1055 5178 quilibet
1080 5106 1383 5163 Judaeorum
1413 5124 1600 5164 servus
1642 5110 1706 5163 ad
1735 5109 2014 5165 venerabi-

426 5200 496 5255 lia
521 5200 638 5256 loca
670 5197 793 5255 ﬁdei
838 5215 998 5254 causa
1038 5196 1361 5269 confugerit,
1400 5199 1707 5255 nullatenus
1742 5215 1864 5255 eum
1918 5216 2014 5271 pa-

427 5292 633 5348 tiamini
671 5291 1039 5364 praejudicium
1082 5292 1373 5360 sustinere,
1420 5291 1513 5346 sed
1548 5291 1660 5347 sive
1707 5291 1835 5347 olim
1865 5292 2019 5348 Chri-

388 5392 393 5397 ‘
424 5386 658 5450 stianus,
686 5397 801 5452 sive
826 5397 971 5438 nunc
1000 5380 1161 5438 fuerit
1185 5380 1568 5452 baptizandus,
1600 5379 1716 5436 sine
1744 5380 1856 5437 ullo
1882 5398 2018 5453 pau-

388 5502 393 5505 η
426 5492 618 5548 perum
642 5474 1075 5533 Christianorum
1117 5474 1330 5541 damno,
1359 5472 1613 5543 religioso
1641 5472 2021 5531 ecclesiasticae

431 5568 647 5638 pietatis
667 5567 966 5639 patrocinio
1010 5568 1062 5623 in
1090 5567 1392 5623 libertatem
1444 5566 1617 5624 modis
1647 5568 1895 5625 omnibus
1922 5567 2018 5625 de-

430 5659 697 5714 fendatur.
734 5678 752 5709 ι
781 5657 921 5729 (Lib.
952 5674 1023 5724 lv,
1054 5674 1136 5730 ep.
1167 5656 1248 5727 9.)

502 5749 591 5802 46.
624 5748 744 5805 Non
773 5749 946 5805 solum
975 5746 1275 5804 Christiana
1316 5748 1586 5818 mancipia
1622 5745 1920 5817 Gregorius
1965 5750 2019 5805 in

430 5842 733 5902 libertatem
753 5844 1031 5916 pristinam
1054 5842 1297 5911 legaliter
1318 5843 1630 5909 revocabat,
1648 5858 1833 5897 verum
1856 5842 2017 5896 etiam

422 5953 640 6008 pagana
663 5938 729 5994 ad
756 5936 914 5992 ﬁdem
941 5936 1127 5992 venire
1151 5934 1410 6000 volentia,
1455 5936 1614 5991 vendi
1662 5934 1809 5991 nullo
1854 5932 2019 5990 modo

407 6031 795 6101 ‘permittebat.
832 6027 985 6085 Unde
1004 6026 1324 6095 Fortunato,
1356 6029 1709 6099 Neapolitano
1736 6031 2014 6102 episcopo,

2101 3460 2332 3531 quodam
2352 3456 2663 3513 Christiano
2691 3455 2985 3521 Samaraco,
3009 3452 3154 3526 quod
3176 3451 3279 3507 dici
3306 3451 3482 3508 scelus
3504 3461 3609 3519 est,
3634 3465 3695 3508 se

2101 3567 2220 3608 esse
2264 3550 2549 3617 donatum;
2589 3557 2643 3603 et
2697 3548 2823 3603 dum
2866 3544 3240 3617 hujuscemodi
3290 3543 3692 3615 superstitionis

2099 3643 2349 3699 homines
2376 3639 2679 3697 Christiana
2708 3638 2950 3710 quolibet
3002 3639 3162 3693 modo
3209 3636 3478 3705 mancipia
3510 3634 3686 3705 possi-

2105 3733 2255 3799 dere,
2286 3747 2386 3787 nec
2406 3732 2547 3788 ratio
2569 3730 2722 3800 legis,
2754 3746 2854 3786 nec
2882 3728 3183 3785 reverentia
3212 3727 3484 3798 religionis
3505 3726 3697 3783 admit-

2106 3833 2206 3890 tat,
2233 3838 2292 3878 se
2320 3832 2498 3878 tamen
2528 3838 2628 3894 per
2656 3821 2841 3878 decem
2873 3828 2926 3876 et
2951 3830 3075 3876 octo
3102 3835 3276 3875 annos
3302 3821 3358 3874 in
3405 3819 3522 3888 ejus
3550 3835 3697 3874 asse-

2109 3916 2179 3970 rit
2206 3914 2428 3970 servitio
2452 3913 2835 3984 permansisse.
2868 3911 2975 3967 Sed
3000 3920 3360 3982 cognoscente
3381 3911 3484 3965 hoc
3509 3910 3698 3966 deces-

2109 4021 2235 4062 sore
2282 4013 2460 4061 vestro
2504 4011 2705 4061 sanctze
2750 4003 3042 4069 memoriae,
3074 4001 3422 4067 Maximiano,
3454 4001 3520 4056 ab
3549 4015 3615 4056 eo
3640 4015 3699 4055 se

2114 4098 2255 4169 zelo,
2284 4098 2424 4155 sicut
2447 4096 2648 4165 decuit,
2674 4094 2994 4153 sacerdotali
3020 4101 3312 4159 commoto,
3341 4092 3409 4148 de
3440 4091 3701 4148 Samami

2114 4184 2322 4250 nefario
2351 4192 2572 4248 servitio
2594 4190 2862 4247 liberavit.
2887 4186 2995 4244 Sed
3023 4188 3146 4258 quia
3173 4186 3412 4258 ejusdem
3443 4185 3699 4241 Samanei

2117 4283 2256 4339 ﬁlius
2287 4292 2409 4354 post
2430 4283 2667 4355 quinque
2706 4295 2878 4338 annos
2912 4278 3084 4335 factus
3118 4279 3313 4335 dicitur
3340 4278 3701 4346 Christianus,

2118 4388 2171 4435 et
2202 4378 2563 4449 supradictum
2590 4375 2825 4432 Felicem
2857 4375 2908 4429 in
2955 4373 3070 4445 ejus
3113 4373 3412 4440 servitium,
3443 4383 3701 4443 quantum

2118 4471 2234 4542 ipse
2260 4470 2405 4536 dicit,
2430 4469 2646 4539 quidam
2669 4468 2915 4524 nituntur
2941 4466 3205 4536 redigere,
3239 4463 3495 4519 sanctitas
3527 4472 3702 4517 vestra

2118 4564 2233 4623 haec
2255 4579 2374 4633 quae
2400 4562 2575 4619 edocti
2609 4577 2812 4629 sumus,
2844 4560 3124 4629 diligenter
3164 4557 3429 4627 inquirat;
3474 4563 3527 4610 et
3555 4554 3598 4610 si
3629 4554 3703 4609 ita

2121 4654 2169 4708 ei
2210 4668 2330 4710 esse
2359 4650 2684 4721 constiterit,
2713 4667 2835 4708 eum
2860 4652 2993 4707 tueri
3024 4648 3256 4716 studeat,
3288 4655 3341 4703 et
3369 4664 3399 4702 a
3426 4646 3573 4703 nullo
3602 4646 3704 4703 sub

2122 4746 2361 4817 qualibet
2383 4744 2673 4800 occasione
2700 4746 2912 4814 gravari
2941 4743 3216 4815 permittat
3246 4760 3259 4796 :
3288 4742 3411 4811 quia
3455 4742 3583 4797 dum
3610 4759 3703 4800 su-

2122 4839 2443 4911 perstitiosae
2480 4846 2642 4893 secta:
2672 4837 2936 4908 mancipia
2972 4836 3219 4890 dominos
3262 4850 3388 4890 suos
3433 4834 3502 4890 ad
3544 4833 3705 4891 ﬁdem

2122 4931 2506 5003 praecedentia,
2538 4930 2760 4986 servitio
2791 4944 2979 4984 eorum
3010 4936 3194 4998 aperte
3236 4927 3400 4998 redigi
3431 4927 3553 4999 jura
3581 4944 3707 5000 pro-

2120 5026 2363 5095 hibeant,
2390 5034 2593 5094 quanto
2630 5022 2801 5093 magis
2830 5023 2917 5077 hic
2956 5022 3026 5079 de
3053 5022 3369 5080 Christianis
3398 5023 3707 5094 parentibus

2120 5126 2304 5189 natus,
2335 5128 2386 5173 et
2418 5118 2586 5173 factus
2615 5132 2645 5171 a
2673 5117 2894 5187 parvulo
2921 5116 3275 5183 Christianus,
3305 5118 3444 5173 hanc
3475 5134 3580 5172 non
3610 5118 3705 5173 de-

2121 5212 2215 5268 bet
2241 5212 2592 5281 quaestionem
2617 5210 2797 5281 aliquo
2820 5211 2981 5267 modo
3002 5210 3304 5266 sustinere?
3328 5210 3557 5267 Maxime
3579 5211 3702 5281 quia

2129 5321 2229 5362 nec
2250 5305 2415 5376 patris
2442 5319 2561 5361 esse
2599 5320 2785 5361 servus
2815 5305 3009 5376 potuit,
3042 5320 3204 5376 quem
3252 5305 3419 5377 liquet
3449 5321 3517 5362 ex
3544 5322 3705 5378 prava

2128 5399 2307 5471 potius
2336 5400 2753 5470 praesumptione
2781 5414 2996 5468 plenam
3025 5413 3182 5468 posse
3204 5399 3509 5455 venientem
3539 5398 3606 5454 de
3626 5398 3705 5453 le-

2124 5492 2279 5562 gibus
2302 5492 2588 5547 sustinere.
2628 5510 2646 5544 »
2682 5489 2821 5563 (Lib.
2851 5506 2964 5560 Vill,
2993 5508 3076 5563 ep.
3100 5488 3215 5557 21.)

2199 5581 2289 5637 48.
2328 5581 2649 5638 Circumcidi
2680 5582 2869 5640 saltem
2908 5595 3234 5653 paganorum
3283 5580 3546 5635 neminem
3574 5577 3706 5634 Gle-

2128 5673 2310 5743 gorius
2355 5672 2720 5744 permittebat.
2769 5670 3129 5739 Quamobrem
3179 5670 3378 5735 Leoni,
3421 5665 3706 5726 Catanensi

2129 5768 2383 5840 episcopo
2411 5784 2423 5819 :
2467 5784 2484 5816 ι
2521 5761 2645 5831 Res,
2677 5764 2867 5835 inquit,
2901 5764 2966 5816 ad
3008 5780 3105 5817 nos
3135 5762 3355 5817 onilrino
3385 5762 3709 5819 detestabilis

2128 5871 2182 5918 et
2202 5860 2408 5931 legibus
2456 5858 2669 5913 inimica
2698 5858 2970 5928 pervenit,
3003 5870 3139 5925 quae,
3170 5856 3212 5909 si
3242 5871 3364 5909 vera
3397 5864 3497 5917 cst.
3524 5858 3705 5914 frater-

2131 5956 2351 6011 nitatem
2383 5963 2531 6008 tuam
2553 5952 2909 6006 vehementer
2948 5960 3182 6021 accusat,
3212 5953 3334 6022 quia
3367 5970 3482 6006 eam
3524 5953 3589 6008 de
3616 5954 3708 6010 mi-

2126 6048 2245 6107 nori
2292 6042 2653 6103 sollicitudine
2694 6042 2887 6106 probat
2912 6058 3029 6099 esse
3060 6045 3402 6109 culpabilem.
3432 6044 3702 6109 Comperi-
