4138 6458
88 6040 871 6434 Α

536 399 631 455 ...07

1121 393 1180 450 S.
1222 390 1548 451 GREGORII
1588 393 1802 451 MACNI
1841 391 2019 457 VITA,
2064 386 2266 445 AUCT.
2307 386 2568 443 JOANNE
2608 383 2923 441 DIACONO.
2964 380 3088 437 LIB.
3128 379 3219 438 ιν.

3701 383 3808 439 208

536 526 654 569 mus
679 514 862 563 autem
890 507 1034 578 quod
1074 505 1332 561 Samarari
1369 505 1625 577 degentes
1649 505 1888 570 Catanaa,
1919 516 2125 573 pagana
2154 506 2201 562 A
2231 516 2307 566 se,
2328 502 2396 556 ita
2414 509 2473 556 ut
2492 500 2578 555 die
2590 499 2798 555 sabbati
2816 495 3014 567 aliquid
3036 495 3249 565 operari
3269 494 3639 559 proniberent.
3663 494 3812 562 Quos

534 604 801 676 mancipia
828 602 1077 667 emerint,
1133 610 1296 671 atque
1346 616 1411 657 ea
1456 600 1844 657 circumcidere
1872 614 2004 653 ausu
2035 605 2116 652 te-

533 699 764 755 merario
789 696 1246 769 praesumpserint.
1281 695 1453 764 Atque
1488 694 1686 750 idcirco
1708 707 1932 748 necesse
1953 698 2036 746 est
2059 697 2119 745 ut

532 794 683 850 omni
710 792 873 849 modo
903 791 1077 847 zelum
1106 790 1159 844 in
1187 790 1291 843 hac
1336 802 1495 843 causa
1525 786 1913 842 sacerdotalem
1959 798 2119 838 exer-

534 898 680 948 ceas,
712 892 766 937 et
813 898 940 937 cum
990 879 1137 937 omni
1183 879 1293 934 hoc
1336 877 1624 932 vivacitate
1653 892 1718 933 ac
1760 874 2119 931 sollicitudine

532 973 754 1029 studeas
805 970 1163 1042 perscrutari;
1210 976 1266 1023 et
1310 967 1357 1022 si
1400 967 1475 1021 ita
1503 966 1806 1037 repereris,
1853 962 2119 1033 mancipia

530 1064 653 1134 ipsa
679 1063 795 1118 sine
824 1076 976 1117 mora
1000 1062 1052 1114 in
1082 1058 1386 1113 libertatem
1415 1057 1592 1112 modis
1613 1057 1861 1113 omnibus
1886 1053 2117 1118 vindica,

536 1163 594 1214 et
621 1154 1039 1211 ecclesiasticam
1070 1151 1147 1207 eis
1170 1150 1453 1206 tuitionem
1492 1150 1773 1220 impende,
1824 1164 1927 1203 nec
1963 1145 2121 1217 quid-

534 1261 701 1316 quam
730 1243 978 1300 dominos
999 1256 1187 1297 eorum
1215 1240 1285 1295 de
1314 1240 1488 1311 pretio
1514 1240 1755 1309 quolibet
1795 1237 1956 1293 modo
1985 1236 2124 1290 reci-

533 1352 662 1409 pere
690 1335 930 1407 patiaris,
959 1334 1047 1405 qui
1076 1320 1187 1389 non
1227 1333 1400 1388 solum
1439 1335 1542 1388 hoc
1572 1331 1772 1386 damno
1799 1327 2120 1393 mulctandi,

533 1428 628 1484 sed
673 1426 837 1481 etiam
883 1424 988 1479 alia
1036 1431 1195 1479 erunt
1241 1438 1402 1493 paena
1448 1422 1518 1477 de
1563 1422 1770 1491 legibus
1813 1419 2058 1476 feriendi.
2096 1436 2116 1470 ι

534 1519 672 1591 (Lib.
705 1536 778 1587 vr,
801 1536 882 1591 ep.
907 1517 1021 1587 55.)

604 1612 694 1669 49.
734 1614 878 1669 Sane
905 1612 1029 1682 quia
1051 1606 1356 1667 Iudaeorum
1389 1608 1617 1680 perﬁdia
1647 1608 1821 1663 zelum
1862 1605 2125 1661 Christia-

542 1722 737 1764 norum
784 1704 925 1761 datis
951 1710 1138 1760 contra
1168 1717 1227 1758 se
1256 1702 1568 1757 muneribus
1591 1698 1866 1755 ludiﬁcare
1886 1698 2121 1763 solebat,

541 1814 651 1853 non
673 1795 849 1853 solum
874 1794 948 1850 nil
968 1794 1186 1865 penitus
1215 1796 1282 1846 ab
1311 1792 1389 1847 eis
1408 1790 1674 1860 capiebat,
1706 1788 2005 1858 quinimmo
2034 1803 2127 1842 eo-

2219 592 2345 662 quid
2375 591 2521 647 aliud
2545 591 2643 645 nisi
2677 588 2990 644 Antichristi
3021 586 3397 657 prtedicatores
3420 585 3685 641 dixerim?
3708 586 3813 654 Qui

2217 688 2462 753 veniens,
2493 686 2635 741 diem
2665 686 2945 740 sabbatum
2974 691 3135 752 atque
3165 680 3521 745 Dominicum.
3551 682 3619 737 ab
3664 682 3813 737 omni

2218 779 2379 834 faciet
2407 793 2574 847 opere
2603 775 2885 833 custodiri.
2926 774 3061 841 Quia
3093 773 3237 828 enim
3281 774 3417 828 mori
3458 788 3520 829 se
3559 773 3720 828 simul
3759 781 3815 829 et

2220 886 2500 940 resurgere
2525 870 2759 935 simulat,
2793 867 2979 922 haberi
3027 866 3083 920 in
3112 865 3469 921 veneratione
3508 865 3623 919 vult
3670 866 3814 921 diem

2220 966 2576 1021 Dominicum.
2608 962 2674 1017 Et
2693 964 2817 1033 quia
2847 962 3133 1017 Judaizare
3159 960 3417 1032 populum
3436 959 3731 1029 compellit,
3756 970 3815 1013 ut

2220 1062 2544 1118 exteriorem
2576 1060 2735 1113 ritum
2783 1057 2940 1125 Legis
2987 1064 3244 1117 revocet,
3279 1062 3336 1108 et
3378 1053 3478 1108 sibi
3504 1051 3815 1107 Iudaeorum

2221 1149 2500 1223 perﬁdiam
2524 1150 2737 1216 subdat,
2756 1149 2861 1205 coli
2884 1148 2998 1202 vult
3018 1146 3336 1202 Sabbatum.
3368 1144 3482 1200 Hoc
3505 1146 3643 1199 enim
3670 1144 3817 1213 quod

2224 1261 2321 1315 per
2350 1244 2670 1314 prophetam
2711 1240 2910 1296 dicitur
2942 1258 2955 1293 :
2992 1237 3078 1293 Ne
3104 1239 3346 1309 inferatis
3382 1253 3543 1291 onera
3573 1254 3664 1307 per
3688 1253 3816 1307 por-

2226 1345 2305 1390 tas
2333 1343 2527 1389 vestras
2557 1334 2642 1387 die
2674 1330 2893 1387 Sabbati
2922 1329 3055 1403 (Jer.
3088 1346 3216 1394 xvu,
3245 1329 3334 1400 22)
3372 1347 3384 1382 :
3420 1328 3607 1384 tandiu
3647 1328 3819 1384 teneri

2223 1426 2420 1499 potuit,
2452 1425 2707 1497 quamdiu
2747 1422 2945 1492 Legem
2978 1422 3126 1478 licuit
3172 1422 3326 1491 juxta
3373 1422 3606 1475 litteram
3636 1432 3820 1477 custo-

2226 1519 2346 1574 diri.
2382 1520 2451 1572 At
2472 1526 2760 1588 postquam
2790 1515 2962 1584 gratia
2984 1514 3370 1593 omnipotentis
3398 1513 3607 1568 Domini
3648 1515 3820 1570 nostri

2225 1608 2354 1665 Jesu
2382 1607 2578 1664 Christi
2611 1607 2882 1679 apparuit,
2911 1615 3177 1677 prmcepta
3208 1606 3384 1675 Legis,
3413 1621 3534 1675 qua:
3565 1622 3659 1676 per
3688 1606 3819 1674 ﬁgu-

2226 1716 2343 1756 ram
2373 1701 2517 1755 dicta
2544 1708 2692 1765 sunt,
2720 1700 2873 1767 juxta
2907 1699 3140 1752 litteram
3173 1698 3378 1753 servari
3424 1714 3531 1751 non
3573 1707 3818 1769 possunt,

2228 1792 2361 1848 Nam
2388 1792 2432 1847 si
2456 1792 2577 1861 quis
2605 1792 2735 1846 dicit
2760 1793 2865 1847 hoc
2888 1790 2955 1845 de
2972 1791 3212 1861 Sabbato
3235 1805 3353 1846 esse
3373 1791 3718 1859 servandum,
3737 1793 3819 1847 di-

534 1906 654 1946 rum
698 1904 921 1944 munera
964 1887 1256 1957 Gregorius
1300 1884 1623 1941 execrabilia
1644 1883 1937 1953 judicabat.
1969 1880 2121 1936 Unde
2148 1891 2197 1950 Β
2223 1891 2311 1939 cat
2338 1900 2561 1940 necesse
2584 1894 2665 1938 est
2686 1884 2848 1938 etiam
2871 1883 3104 1938 carnalia
3135 1882 3397 1939 sacriﬁcia
3430 1885 3815 1953 persolvenda;

535 1980 841 2043 Recaredo,
879 1978 994 2049 regi
1039 1977 1484 2046 Wisigothorum,
1532 1982 1653 2046 post
1699 1980 1892 2027 caetera
1921 1970 2122 2036 scribit,

533 2072 717 2127 dicens
740 2089 752 2124 :
784 2090 802 2123 ι
826 2071 1095 2126 Praeterea
1116 2070 1317 2133 indico,
1334 2067 1460 2137 quia
1482 2065 1654 2121 crevit
1673 2064 1741 2119 de
1761 2072 1941 2119 vestro
1962 2077 2128 2132 opere

533 2163 590 2217 in
612 2163 857 2219 laudibus
885 2163 981 2217 Dei
1009 2163 1114 2218 hoc
1142 2161 1285 2231 quod
1313 2159 1664 2215 dilectissimo
1696 2158 1806 2213 ﬁlio
1834 2172 1958 2212 meo
1988 2154 2127 2212 Pro-

533 2255 681 2321 bino,
712 2258 1054 2327 presbytero,
1084 2261 1361 2319 narrante,
1388 2253 1545 2324 153
1568 2250 1818 2319 cognovi,
1850 2250 1974 2319 quia
2004 2263 2128 2303 cum

535 2358 713 2404 vestra
741 2345 1085 2404 dexcellentia
1123 2345 1564 2402 constitutionem
1605 2342 1889 2414 quamdam
1937 2346 2126 2396 contra

533 2440 841 2497 Judteorum
873 2440 1150 2510 perﬁdiam
1190 2439 1460 2503 dedisset,
1509 2438 1543 2492 ii
1582 2437 1651 2491 de
1696 2435 1888 2505 quibus
1916 2435 2125 2506 prolata

534 2533 709 2588 fuerat
731 2532 1103 2609 rectitudinem
1126 2539 1317 2587 vestrae
1336 2531 1532 2586 mentis
1554 2527 1847 2593 inﬂectere,
1871 2527 2125 2599 pecunia-

535 2640 654 2679 rum
681 2640 948 2679 summam
970 2623 1267 2691 oﬁ'erendo,
1294 2623 1468 2679 moliti
1494 2629 1639 2686 sunt,
1669 2637 1829 2691 quam
1859 2621 2125 2677 excellen-

534 2717 608 2772 tia
636 2724 812 2773 vestra
854 2717 1195 2789 contempsit,
1248 2726 1305 2773 et
1340 2716 1722 2787 omnipotentis
1768 2716 1863 2773 Dei
1913 2717 2127 2787 placere

530 2810 732 2880 judicio
761 2812 1065 2880 requirens,
1094 2828 1228 2866 auro
1257 2810 1619 2867 innocentiam
1650 2810 1900 2879 prmtulit.
1930 2808 2043 2875 Qua
2071 2810 2125 2864 in

536 2920 596 2960 re
636 2905 768 2960 mihi
796 2905 962 2961 David
1005 2906 1147 2975 regis
1177 2905 1375 2959 factum
1406 2904 1475 2958 ad
1504 2904 1818 2959 memoriam
1840 2903 2005 2967 venit,
2038 2902 2125 2959 cui

532 2995 661 3051 dum
690 2996 975 3065 concupita
1005 3011 1142 3064 aqua
1171 2994 1239 3049 de
1268 2996 1500 3050 cisterna
1520 2993 1981 3056 Bethleltemitica,
2006 3007 2126 3063 qua:

533 3086 673 3142 inter
706 3086 930 3143 hostiles
972 3102 1174 3142 cuneos
1218 3087 1542 3153 habebatur,
1591 3086 1657 3139 ab
1707 3086 2125 3153 obsequentibus

532 3178 788 3245 militibus
810 3177 997 3232 fuisset
1025 3178 1227 3243 oblata,
1257 3177 1501 3245 protinus
1530 3176 1665 3230 dixit
1692 3194 1703 3228 :
1729 3177 1874 3230 Absit
1895 3194 1927 3229 a
1946 3194 2046 3243 me,
2069 3185 2125 3231 ut

2230 1974 2371 2029 dicat
2396 1981 2721 2044 prazceptum
2752 1988 2968 2042 quoque
3004 1972 3073 2028 de
3119 1974 3531 2029 circumcisione
3574 1978 3818 2045 corporis

2232 2065 2408 2120 adhuc
2455 2080 2625 2135 usque
2686 2065 3049 2121 retinendum.
3097 2064 3201 2119 Sed
3254 2075 3439 2119 contra
3490 2083 3549 2122 se
3596 2066 3817 2122 Paulum

2229 2158 2531 2229 apostolum
2549 2158 2731 2213 audiat
2759 2158 3026 2213 dicentem
3052 2176 3064 2213 :
3091 2158 3152 2214 Si
3179 2159 3639 2225 circumcidamini,
3670 2159 3820 2215 Chri-

2228 2260 2338 2305 stus
2366 2251 2506 2305 vobis
2534 2252 2666 2305 nihil
2691 2250 2901 2320 prodest
2928 2249 3071 2322 (Gal.
3095 2267 3147 2318 v,
3206 2250 3283 2321 2).
3332 2250 3442 2306 Nos
3491 2253 3675 2321 itaque
3716 2252 3818 2309 hoc

2228 2343 2373 2413 quod
2402 2342 2469 2397 de
2497 2341 2739 2398 Sabbato
2768 2343 3030 2413 scriptum
3059 2354 3139 2398 est
3168 2344 3482 2413 spiritaliter
3504 2345 3819 2415 accipimus,

2229 2432 2545 2504 spiritaliter
2563 2433 2879 2488 retinemus.
2910 2432 3203 2488 Sabbatum
3231 2442 3411 2488 autem
3442 2436 3656 2505 requies
3683 2434 3819 2491 dici-

2231 2536 2336 2582 tur.
2386 2524 2581 2580 Verum
2623 2533 2803 2580 autem
2841 2524 3133 2580 Sabbatum
3186 2525 3358 2596 ipsum
3406 2525 3818 2598 Redempturem

2229 2627 2472 2674 nostrum
2498 2616 2682 2677 Iesum
2706 2616 2863 2689 [57
2894 2616 3169 2672 Christum
3202 2617 3483 2672 Dominum
3531 2620 3818 2687 habemus;

2228 2718 2288 2766 et
2313 2710 2409 2781 qui
2433 2710 2608 2766 lucem
2639 2701 3089 2778 ﬁdei'cognoscit,
3117 2709 3162 2763 si
3185 2717 3404 2780 peccata
3433 2712 3820 2781 concupiscen-

2230 2803 2317 2857 tim
2338 2803 2405 2857 ad
2424 2810 2662 2859 mentem
2694 2817 2791 2873 per
2814 2801 3003 2858 oculos
3027 2801 3210 2869 trahit,
3237 2801 3293 2856 in
3329 2802 3415 2858 die
3439 2802 3660 2859 Sabbati
3690 2820 3820 2859 one-

2229 2911 2289 2953 ra
2319 2910 2418 2967 per
2461 2905 2649 2967 portas
2691 2896 3003 2952 introducit.
3046 2896 3163 2952 Non
3202 2912 3333 2966 ergo
3372 2898 3426 2952 in
3477 2898 3565 2953 die
3602 2898 3820 2965 Sabbati

2230 3004 2396 3044 onera
2434 3004 2533 3059 per
2571 2998 2757 3060 portas
2805 2989 3215 3055 introducimus,
3260 2991 3306 3045 si
3348 2991 3402 3046 in
3445 2990 3819 3060 Redemptoris

2230 3082 2401 3137 nostri
2427 3081 2600 3150 gratia
2626 3082 2942 3148 constituti,
2990 3081 3225 3151 pondera
3254 3084 3459 3153 peccati
3494 3084 3559 3137 ad
3587 3084 3818 3139 animam

2231 3188 2328 3243 per
2372 3189 2561 3229 sensus
2592 3188 2887 3243 corporeos
2914 3189 3023 3228 non
3054 3174 3348 3231 trabamus.
3378 3174 3509 3230 Nam
3542 3176 3681 3233 idem
3712 3176 3819 3232 Do-

534 3269 845 3337 sanguinem
884 3269 1103 3321 istorum
1149 3267 1415 3320 hominum
1463 3265 1634 3320 bibam
1664 3267 1868 3336 (Parat.
1912 3266 2119 3335 xt,19).
2152 3289 2198 3352 ε
2234 3266 2410 3322 minus
2432 3280 2496 3320 ac
2522 3264 2852 3335 Redemptor
2880 3274 3068 3320 noster
3094 3265 3261 3320 multa
3287 3266 3341 3321 in
3369 3265 3457 3322 die
3493 3265 3715 3322 Sabbati
3738 3268 3818 3323 le-

531 3357 704 3425 Quam
728 3360 853 3427 quia
878 3358 1011 3414 fudit
1041 3368 1096 3413 et
1117 3359 1300 3414 bibere
1324 3359 1517 3425 noluit,
1537 3359 1792 3428 scriptum
1816 3367 1897 3413 est
1924 3377 1935 3411 :
1966 3358 2121 3413 Liba-

531 3452 601 3504 vit
630 3467 744 3505 eam
771 3449 995 3506 Domino
1029 3450 1191 3517 (Ibid.
1223 3450 1335 3520 18).
1382 3450 1438 3505 Si
1478 3451 1639 3520 igitur
1667 3450 1735 3504 ab
1763 3457 1971 3504 armato
1999 3464 2124 3520 rege

531 3542 585 3596 in
606 3542 924 3597 sacriﬁcium
955 3541 1051 3596 Dei
1078 3557 1231 3598 versa
1275 3550 1357 3597 est
1399 3556 1539 3611 aqua
1574 3547 1900 3609 contempta,
1934 3554 2127 3610 pense-

531 3648 652 3688 mus
672 3632 830 3703 quale
871 3632 1193 3689 sacriﬁcium
1230 3633 1589 3703 omnipotenti
1629 3633 1740 3687 Deo
1769 3648 1863 3687 rex
1907 3631 2119 3697 obtulit,

529 3724 623 3794 qui
649 3738 748 3795 pro
767 3739 953 3780 amore
974 3725 1140 3795 ipsius
1164 3741 1270 3780 non
1300 3741 1514 3794 aquam,
1546 3725 1641 3780 sed
1663 3739 1851 3779 aurum
1877 3724 2123 3794 accipere

530 3817 888 3889 contempsit?
902 3814 1110 3887 Itaque,
1125 3816 1200 3872 ﬁli
1216 3818 1686 3887 excellentissime,
1701 3817 1927 3873 ﬁdenter
1947 3818 2119 3874 dicam

529 3908 656 3977 quia
680 3909 858 3965 libasti
881 3925 1067 3965 aurum
1100 3910 1349 3974 Domino,
1381 3911 1526 3980 quod
1550 3918 1739 3966 contra
1768 3926 1889 3965 cum
1922 3910 2122 3966 habere

526 4001 675 4056 nullo
701 4001 865 4057 modo
887 4002 1121 4057 voluisti.
1150 4021 1168 4053 ›
1203 4000 1271 4055 Et
1297 4009 1513 4057 caetera.
1543 4000 1683 4073 (Lib.
1716 4017 1791 4065 rx,
1816 4018 1898 4071 ep.
1932 4000 2083 4072 HQ.)

602 4090 690 4144 50.
732 4084 870 4144 Hinc
897 4097 981 4144 est
1005 4090 1152 4159 quod
1198 4091 1337 4146 sicut
1380 4106 1409 4144 a
1462 4090 1759 4160 majoribus
1786 4089 2034 4157 traditur,
2067 4099 2123 4146 et

528 4200 628 4240 nos
648 4197 819 4251 usque
847 4181 912 4236 ad
936 4190 1179 4253 tempora
1201 4193 1407 4250 nostra,
1440 4184 1566 4237 dum
1591 4182 1766 4237 adhuc
1793 4182 2120 4252 pubescere-

529 4290 672 4340 mus,
704 4274 877 4329 oculis
900 4274 1098 4330 nostris
1127 4276 1540 4347 conspeximus,
1591 4275 1928 4330 consuetudo
1968 4283 2120 4331 vetus

527 4366 762 4422 obtinuit
789 4374 848 4421 ut
867 4381 1053 4423 omnes
1081 4368 1223 4423 illius
1251 4366 1648 4438 superstitionis
1671 4366 1918 4421 homines
1937 4381 2115 4437 quan-

528 4468 852 4529 tumcunque
924 4459 1286 4530 pulcherrima
1344 4457 1696 4515 mercimonia
1766 4457 2112 4526 detulissent,

526 4567 817 4624 numquam
829 4551 1227 4622 pontiﬁcalibus
1238 4551 1487 4620 alloquiis
1502 4549 1824 4619 fruerentur,
1841 4558 2112 4623 nunquam

2228 3357 2372 3426 gitur
2398 3364 2673 3425 Operatus,
2704 3357 2775 3410 ita
2805 3363 2862 3410 ut
2889 3354 3104 3413 Judteos
3131 3357 3572 3425 reprehenderet,
3597 3358 3778 3413 dicens
3803 3376 3818 3412 :

2229 3446 2357 3512 Quis
2377 3456 2597 3503 vestrum
2627 3447 2818 3513 bovem,
2844 3457 2933 3502 aut
2955 3450 3158 3503 asinam
3180 3466 3330 3503 suum
3357 3466 3459 3504 non
3489 3451 3637 3505 soluit
3663 3451 3715 3504 in
3740 3450 3817 3503 die

2228 3540 2465 3607 Sabbati,
2499 3550 2547 3593 et
2599 3542 2741 3594 ducit
2784 3540 3049 3613 adaquare
3109 3539 3262 3609 (Luc.
3306 3557 3420 3604 xttt,
3462 3540 3578 3609 15)?
3606 3540 3662 3596 Si
3693 3556 3819 3611 ergo

2226 3632 2339 3701 ipsa
2369 3648 2468 3702 per
2496 3647 2555 3687 se
2584 3632 2799 3687 Veritas
2829 3647 2938 3687 non
2970 3632 3228 3688 custodiri
3252 3632 3408 3702 juxta
3437 3632 3668 3687 litteram
3691 3632 3818 3688 δίη).

2223 3724 2411 3779 batum
2441 3725 2727 3793 praecepit,
2775 3723 3017 3794 quisquis
3064 3724 3235 3779 otium
3266 3723 3483 3780 Sabbati
3525 3725 3817 3780 secundum

2226 3813 2385 3882 Legis
2408 3804 2647 3871 litteram
2694 3814 2952 3881 custodit,
3000 3814 3088 3870 cui
3137 3814 3289 3869 alteri
3333 3814 3431 3869 nisi
3474 3814 3573 3884 ipsi
3596 3813 3817 3871 Veritati

2223 3905 2585 3960 contradicit?
2609 3906 2767 3959 Aliud
2795 3921 3013 3976 quoque
3042 3905 3109 3960 ad
3131 3922 3217 3962 me
3236 3907 3501 3977 perlatum
3530 3917 3633 3973 est,
3665 3909 3816 3965 vobis

2222 4014 2253 4053 a
2283 4000 2551 4069 perversis
2574 4000 2881 4056 hominibus
2908 4015 3029 4056 esse
3057 4002 3430 4072 praedicatum,
3454 4011 3512 4057 ut
3536 4002 3815 4060 Dominico

2220 4091 2307 4146 die
2334 4091 2511 4147 nullus
2531 4092 2728 4147 debeat
2752 4092 2940 4147 lavari.
2974 4091 3040 4146 Et
3059 4093 3276 4163 quidem
3305 4096 3348 4151 si
3374 4112 3471 4167 pro
3500 4098 3629 4153 luxu
3650 4099 3816 4154 animi

2222 4194 2383 4255 atque
2414 4185 2695 4256 voluptate
2718 4186 2837 4255 quis
2866 4185 3032 4240 lavari
3059 4188 3285 4259 appetit,
3317 4188 3421 4245 hoc
3450 4189 3567 4245 ﬁeri
3594 4206 3697 4246 nec
3721 4207 3812 4248 re-

2218 4279 2366 4351 liquo
2394 4280 2638 4351 quolibet
2664 4279 2753 4336 die
2776 4280 3145 4338 concedimus.
3178 4282 3237 4337 Si
3267 4291 3447 4340 autem
3491 4300 3590 4356 pro
3625 4301 3815 4349 neces-

2220 4372 2383 4428 sitate
2413 4372 2681 4443 corporis,
2713 4373 2821 4429 hoc
2846 4389 2949 4428 nec
2988 4372 3270 4431 Dominico
3313 4373 3401 4431 die
3443 4376 3810 4446 prohibemus.

2218 4461 2485 4530 Scriptum
2513 4463 2716 4533 quippe
2743 4472 2864 4520 est:
2898 4463 3069 4520 Nemo
3112 4483 3356 4540 umquam
3404 4484 3613 4523 carnem
3659 4486 3810 4524 suam

2218 4554 2337 4609 odio
2369 4555 2551 4622 habet,
2592 4559 2685 4609 sed
2712 4558 2906 4625 nutrit,
2950 4566 3001 4612 et
3042 4560 3177 4630 fovet
3216 4577 3333 4615 eam
3362 4559 3581 4633 (Ep/tes.
3612 4577 3665 4629 ν,
3694 4561 3809 4631 30).

526 4643 798 4698 obtutibus
843 4644 1161 4715 apostolicis
1212 4644 1536 4713 potirentur,
1587 4643 1684 4699 sed
1738 4651 1889 4699 extra
1932 4645 2111 4701 velum
2142 4687 2191 4745 ο
2216 4643 2282 4698 Ει
2310 4662 2521 4700 rursum
2550 4647 2809 4716 scriptum
2839 4658 2923 4704 est
2950 4668 2959 4701 :
2986 4648 3175 4704 Carnis
3211 4667 3388 4705 curam
3409 4669 3473 4706 ne
3500 4653 3727 4724 feceritis
3754 4653 3811 4708 in

525 4734 847 4803 longissimte
879 4736 1141 4807 porticus,
1173 4752 1281 4791 non
1323 4735 1538 4805 quidem
1564 4736 1617 4790 in
1649 4738 1902 4802 scamnis,
1933 4738 2027 4793 sed
2056 4738 2111 4793 in

526 4843 830 4884 marmoreo
855 4830 1164 4900 pavimento
1210 4830 1481 4893 sedentes,
1514 4838 1763 4900 suscepta
1797 4831 1969 4900 pretia
2012 4848 2113 4887 nu-

524 4922 835 4989 merabant,
882 4938 950 4977 ne
975 4923 1228 4979 videlicet
1262 4923 1572 4977 viderentur
1613 4924 1812 4995 aliquid
1853 4924 1920 4980 de
1948 4941 2111 4981 manu

522 5010 792 5081 pontiﬁcis
819 5012 1108 5082 accepisse.
1152 5014 1285 5068 Nam
1318 5014 1628 5070 reverenda
1655 5017 1930 5071 memoria:
1951 5016 2113 5072 Nico-

521 5103 636 5159 laus
676 5104 934 5174 pontifex,
992 5104 1314 5170 Arsenium,
1371 5108 1639 5176 quondam
1678 5108 1935 5165 Hortante
1976 5110 2109 5164 civi-

521 5198 645 5253 tatis
713 5198 1063 5270 episcopum,
1109 5198 1356 5255 Jutlaicas
1420 5209 1545 5257 tunc
1586 5204 1817 5272 primum
1866 5203 2105 5273 pellicias

520 5288 861 5346 introducere
891 5290 1223 5355 molientem,
1255 5295 1390 5347 adeo
1416 5303 1693 5349 aversatus
1722 5303 1820 5360 est,
1850 5302 1908 5349 ut
1928 5296 1977 5349 ei
2007 5312 2101 5364 pa-

518 5380 741 5439 latinam
770 5384 1170 5453 processionem
1203 5384 1361 5440 vellet
1392 5386 1651 5453 adimere,
1698 5387 1797 5440 nisi
1845 5388 2104 5456 supersti-

518 5472 670 5530 tiosa:
710 5474 884 5544 gentis
918 5482 1096 5529 vestes
1142 5474 1464 5543 abjurando,
1514 5493 1633 5531 cum
1680 5476 2102 5535 sacerdotalibus

516 5562 696 5621 infulis
735 5565 1250 5622 consuetudinalitcr
1276 5569 1569 5639 procedere
1598 5566 1909 5623 studuisset.

589 5654 677 5712 5L
713 5659 1027 5714 Antichristi
1063 5658 1421 5731 prtecursores
1445 5661 1717 5714 observari
1749 5660 1946 5715 debere
1976 5663 2101 5719 sab-

514 5749 701 5804 batum
715 5751 1087 5822 praedicantes,
1111 5754 1403 5823 Gregorius
1426 5753 1604 5807 taliter
1632 5754 1915 5813 refutavit:
1943 5777 1959 5809 ι
1979 5757 2102 5815 Per-

513 5846 663 5900 venit
686 5847 752 5902 ad
780 5862 869 5904 me
894 5850 1151 5922 quosdam
1174 5848 1413 5921 perversi
1444 5848 1661 5917 spiritus
1689 5851 1953 5921 homines,
1979 5870 2100 5925 pra-

516 5953 584 5994 va
611 5939 750 6003 inter
772 5960 870 6002 vos
898 5945 1097 6013 aliqua,
1125 5951 1182 5999 et
1207 5948 1402 6005 sanctae
1430 5939 1553 5997 ﬁdei
1580 5943 1803 6003 adversa
1842 5949 2102 6003 seminas-

2216 4738 2642 4807 concupiscentiis
2674 4737 2850 4808 (Rom.
2885 4757 2998 4807 xm,
3031 4741 3145 4812 M).
3176 4741 3278 4809 Qui
3307 4743 3467 4813 igitur
3511 4746 3688 4801 carnis
3714 4761 3811 4802 cu-

2217 4842 2331 4881 ram
2360 4828 2415 4881 in
2437 4830 2888 4897 concupiscentiis
2918 4833 3033 4887 ﬁeri
3055 4834 3324 4903 prohibet,
3349 4835 3592 4905 profecto
3622 4838 3678 4893 in
3708 4853 3806 4894 ne-

2215 4920 2557 4977 cessitatibus
2585 4922 2851 4979 concedit.
2899 4924 3034 4979 Nam
3083 4926 3129 4980 si
3167 4927 3447 4983 Dominico
3484 4928 3573 4985 die
3611 4945 3810 5002 corpus

2214 5013 2395 5067 lavare
2416 5023 2697 5082 peccatum
2721 5026 2822 5083 est,
2850 5016 3017 5072 lavari
3040 5033 3170 5088 ergo
3196 5019 3281 5074 die
3302 5021 3493 5075 eodem
3516 5037 3616 5077 nec
3643 5020 3810 5078 facies

2212 5105 2390 5161 debet.
2424 5105 2480 5161 Si
2506 5115 2683 5163 autem
2707 5110 2811 5165 hoc
2835 5112 2885 5165 in
2902 5113 3146 5181 corporis
3170 5122 3323 5183 parte
3347 5116 3679 5179 conceditur,
3709 5134 3807 5173 cur

2214 5196 2337 5265 hoc,
2359 5200 2605 5269 exigente
2635 5204 2954 5259 necessitate
2976 5206 3075 5260 toti
3103 5206 3320 5276 corpori
3349 5188 3676 5277 denegetur‘!
3698 5208 3800 5265 Do-

2212 5292 2409 5348 minico
2431 5309 2561 5349 vero
2599 5294 2686 5350 die
2727 5313 2755 5350 a
2780 5297 2966 5353 labore
2996 5306 3211 5353 terreno
3231 5298 3553 5355 cessandum
3580 5308 3690 5369 est,
3718 5308 3806 5356 at-

2208 5398 2313 5454 que
2342 5388 2486 5440 omtti
2526 5387 2689 5442 modo
2742 5390 3076 5446 orationibus
3113 5391 3484 5457 insistendum,
3516 5398 3577 5447 ut
3603 5392 3649 5447 si
3674 5391 3805 5462 quid

2208 5478 2548 5548 negligentia
2581 5496 2675 5549 per
2694 5495 2786 5535 sex
2813 5481 2926 5537 dies
2946 5483 3141 5551 agitur,
3160 5499 3259 5553 per
3277 5484 3419 5539 diem
3446 5486 3803 5542 resurrectio-

2190 5558 2288 5625 Inis
2329 5571 2619 5627 Dominicte
2650 5574 2896 5642 precibus
2924 5574 3192 5644 expietur.
3233 5594 3252 5627 ›
3289 5574 3428 5646 (Lib.
3465 5593 3685 5648 xtu,ep.
3722 5576 3801 5648 1.)

2275 5665 2362 5721 52.
2404 5667 2575 5722 Tanta
2611 5668 3001 5737 compassionis
3042 5670 3215 5739 gratia
3258 5671 3403 5727 circa
3446 5686 3638 5727 omnes
3667 5672 3804 5727 Gre-

2204 5760 2388 5828 gorius
2400 5760 2737 5815 redundabat
2749 5799 2764 5824 ,
2783 5770 2842 5817 ut
2861 5762 3083 5818 alterius
3099 5761 3464 5819 inﬁrmitatem
3487 5765 3542 5820 in
3559 5779 3659 5819 suo
3676 5778 3800 5819 cor-

2206 5869 2337 5925 pore
2359 5855 2847 5919 ltuncsustinuissc,
2875 5856 2918 5911 si
2958 5856 3110 5923 velis,
3134 5857 3384 5928 aspicias.
3411 5855 3796 5921 UndeJoanni,

2210 5947 2508 6002 Ravennati
2539 5947 3086 6022 cpiscopo,scribens,
3117 5952 3191 6005 ait
3221 5967 3233 6002 :
3264 5971 3279 6001 ‹
3314 5950 3605 6007 Dominicis
3634 5964 3792 6005 man-
