4138 6470
348 502 449 559 209

974 504 1035 561 S.
1078 503 1412 564 GREGORII
1450 506 1661 563 MAGNI
1702 507 1883 577 VITA,
1922 505 2127 564 AUCT.
2169 506 2431 565 JOANNE
2469 508 2783 568 DIACONO.
2827 509 2954 566 LIB.
2995 480 3081 569 IV.

3516 518 3622 573 210

349 619 487 677 datis
534 618 875 689 praecipimur
915 621 1194 691 proximos
1239 622 1378 678 sicut
1423 624 1783 693 nosmetipsos
1820 622 1940 677 dili-
1966 625 2019 685 Α
2043 620 2363 677 invenerunt
2381 639 2712 694 percussum,
2742 626 2867 697 quia
2889 627 3277 687 fraternitatem
3301 642 3449 689 tuam
3476 643 3630 691 retu-

350 725 505 781 gere,
537 722 834 778 eorumque
864 709 1216 782 languoribus
1246 720 1498 780 tanquam
1529 712 1759 781 propriis
1789 711 1936 766 infir-

350 801 623 859 mitatibus
651 800 963 857 condolere.
1014 801 1254 869 Quorum
1296 819 1504 858 memor
1535 812 1713 858 vestra
1745 804 1939 859 frater-

350 894 491 948 nitas
538 891 869 960 competenti
919 892 1018 947 sibi
1069 908 1220 948 more
1269 892 1571 949 Castorium
1622 894 1840 949 fratrem
1885 903 1942 950 et

350 985 732 1054 coepiscopum
763 992 1041 1052 neStrum,
1088 993 1143 1037 et
1181 984 1330 1054 prius
1376 1000 1475 1054 per
1511 986 1939 1055 compassionem

351 1076 550 1130 studuit
604 1075 866 1140 visitare,
920 1083 975 1130 et
1028 1089 1151 1129 eum
1202 1075 1545 1146 postmodum
1595 1084 1944 1132 excrescente

352 1167 597 1222 molestia
620 1166 884 1237 corporis,
914 1166 965 1220 in
993 1168 1288 1222 Ravennati
1316 1168 1447 1223 urbe
1472 1168 1764 1239 suscipere.
1791 1167 1945 1223 Unde

356 1276 458 1314 non
489 1258 664 1313 solum
692 1273 789 1313 nos
818 1257 1075 1327 impenszn
1106 1258 1419 1324 charitatis,
1450 1258 1544 1314 sed
1574 1266 1629 1313 et
1655 1258 1820 1313 Deum
1846 1273 1945 1313 vo-

354 1354 436 1409 bis
486 1352 689 1409 fecistis
738 1351 1094 1422 proculdubio
1146 1352 1482 1420 debitorem,
1530 1351 1616 1406 cui
1664 1353 1718 1407 in
1768 1350 1947 1405 fratris

353 1442 670 1500 infimitate
699 1443 1041 1499 condoluisse
1069 1443 1371 1513 probamini
1391 1488 1408 1511 ,
1439 1444 1720 1514 ipsumque
1746 1458 1948 1513 aegrum

356 1540 408 1593 in
430 1538 509 1592 sui
533 1537 759 1592 membri
784 1537 1031 1593 molestia
1056 1554 1164 1592 non
1186 1538 1359 1593 solum
1380 1538 1644 1603 visitasse,
1669 1538 1762 1593 sed
1784 1539 1949 1594 etiam

352 1632 671 1701 suscepisse.
712 1629 881 1698 Quem
912 1631 1125 1702 quidem
1171 1632 1286 1701 ipse
1322 1646 1421 1701 pro
1462 1648 1560 1686 sua
1605 1631 1951 1702 simplicitate

355 1724 461 1779 illic
488 1723 742 1778 ordinare
779 1724 999 1780 omnino
1034 1725 1362 1791 renuebam;
1393 1724 1485 1779 sed
1524 1725 1821 1794 petentium
1850 1726 1953 1780 im-

355 1817 662 1888 portunitas
691 1816 819 1873 fecit
844 1859 859 1882 ,
892 1824 953 1872 ut
993 1818 1364 1874 contradicere
1393 1819 1699 1873 nullatenus
1742 1819 1925 1888 potnis

353 1925 483 1964 sem.
518 1909 576 1964 Si
605 1918 786 1965 autem
810 1910 926 1965 fieri
955 1918 1155 1981 potest,
1187 1910 1414 1965 multum
1445 1911 1579 1965 mihi
1606 1919 1662 1967 et
1690 1911 1792 1980 ipsi
1816 1927 1949 1967 con-

2041 713 2220 768 lerunt
2246 714 2313 770 de
2332 716 2538 770 vomitu
2564 718 2837 787 sanguinis
2864 731 3147 792 aegrotare.
3182 723 3260 779 Ex
3289 740 3394 794 qua
3424 744 3484 783 re
3516 731 3617 787 sol-

2042 804 2206 869 licite,
2241 814 2295 860 et
2320 806 2623 875 singulatim
2655 823 2749 863 eos
2776 824 2911 878 quos
2938 812 3026 867 hic
3052 813 3242 871 doctos
3265 816 3498 873 lectione
3527 835 3627 875 no-

2045 897 2222 952 vimus
2246 898 2485 953 medicos
2508 897 2729 953 fecimus
2750 902 2970 970 requiri,
2999 912 3054 958 et
3075 905 3202 974 quid
3226 907 3416 977 singuli
3444 926 3630 966 sé‘nse-

2042 990 2179 1057 rint,
2231 991 2429 1060 quidve
2456 992 2804 1061 dictaverint,
2851 997 3122 1051 sanctitati
3150 1008 3342 1054 vestrae
3370 1002 3628 1068 scriptum

2044 1084 2308 1151 misimus,
2338 1085 2429 1153 qui
2463 1093 2639 1139 tamen
2669 1086 2903 1154 quietem
2933 1095 2987 1141 et
3015 1089 3281 1146 silentium
3309 1109 3418 1163 pra:
3448 1096 3630 1150 omni-

2045 1176 2145 1231 bus
2170 1175 2393 1232 dictant.
2426 1175 2597 1243 Quam
2627 1177 2672 1232 si
2703 1184 2792 1232 tua
2814 1177 3123 1235 fraternitas
3162 1182 3218 1236 in
3257 1199 3354 1239 sua
3400 1186 3631 1243 ecclesia

2048 1267 2218 1337 possit
2254 1266 2454 1323 habere
2477 1309 2492 1334 ,
2546 1268 2700 1323 valde
2740 1286 2855 1324 sum
2895 1270 3087 1327 dubius
3126 1289 3145 1327 :
3188 1283 3245 1328 et
3272 1276 3392 1331 ideo
3420 1278 3634 1334 videtur

2048 1362 2179 1418 mihi
2203 1371 2262 1417 ut
2286 1362 2532 1418 ordinata
2563 1363 2670 1419 illic
2698 1365 2960 1431 ecclesia,
3000 1366 3087 1421 vel
3111 1367 3200 1438 qui
3232 1368 3513 1425 missarum
3539 1386 3635 1426 so-

2050 1456 2247 1511 lemnia
2290 1456 2581 1523 celebrent,
2632 1456 2718 1511 vel
2764 1457 2855 1527 qui
2900 1459 3157 1530 episcopii
3194 1476 3378 1516 curam
3424 1476 3635 1532 gerere,

2050 1546 2473 1617 hospitalitatem
2490 1556 2544 1601 et
2560 1549 2958 1618 susceptionem
2982 1550 3151 1619 possit
3179 1551 3452 1618 exhibere,
3475 1552 3639 1622 quive

2052 1636 2391 1693 monasteriis
2419 1638 2784 1694 custodiendis
2814 1655 3074 1708 praeesse,
3117 1650 3207 1696 tua
3234 1642 3542 1698 fraternitas
3570 1643 3641 1699 ad

2053 1744 2140 1784 me
2155 1737 2279 1784 ante
2298 1729 2539 1784 aestivum
2556 1739 2768 1800 tempus
2788 1731 2983 1786 debeat
3003 1733 3206 1798 venire,
3230 1741 3289 1788 ut
3309 1733 3641 1803 egritudinis

2054 1832 2159 1878 tua:
2187 1838 2285 1893 ego
2311 1823 2635 1893 specialiter,
2676 1824 2991 1894 inquantum
3018 1825 3194 1889 valeo,
3227 1842 3411 1882 curam
3433 1841 3637 1896 geram,

2055 1915 2399 1984 quietemque
2446 1923 2591 1969 tuam
2630 1914 2958 1981 custodiam,
3010 1916 3133 1985 quia
3175 1917 3302 1974 huic
3336 1918 3644 1987 aegritudini

353 2002 526 2057 sulitis
552 2002 602 2057 si
651 2016 775 2058 eum
805 2002 873 2056 ad
904 2018 990 2058 me
1038 2002 1124 2057 vel
1169 2017 1269 2073 per
1319 2000 1557 2057 Siciliam
1611 2002 1947 2057 transmitta-
1978 2013 2024 2074 Β
2051 2007 2293 2060 aestivum
2324 2012 2533 2074 tempus
2556 2005 2753 2060 modici
2784 2008 3132 2062 vehementer
3150 2008 3336 2065 dicunt
3360 2025 3479 2065 esse
3499 2010 3644 2081 peri-

357 2094 441 2147 tis.
478 2112 497 2145 ι
537 2091 675 2165 (Lib.
701 2108 762 2161 ιι,
792 2110 877 2164 ep.
908 2090 1021 2163 35.)

421 2181 557 2236 Item
598 2181 829 2238 Leontio
854 2225 869 2250 ,
909 2183 1168 2253 episcopo
1210 2180 1453 2238 Urbinati
1494 2200 1507 2235 :
1555 2201 1574 2235 ι
1600 2182 1944 2249 Castorium,

356 2272 581 2327 fratrem
623 2270 1112 2343 coepiscopumque
1158 2281 1400 2328 nostrum
1421 2315 1436 2339 ,
1488 2273 1674 2329 Romm
1702 2290 1800 2344 pro
1829 2290 1950 2330 cor-

356 2366 502 2435 poris
528 2367 613 2421 sui
641 2366 891 2436 molestia
916 2366 1244 2434 retinemus;
1275 2375 1331 2422 et
1357 2368 1481 2436 quia
1519 2383 1663 2423 nunc
1692 2367 1759 2422 ad
1796 2384 1946 2424 suam

357 2474 465 2512 non
494 2458 639 2512 valet
666 2433 951 2512 ecclesiam
980 2472 1242 2522 remeare,
1266 2467 1576 2528 propterea,
1611 2474 1677 2514 eo
1703 2459 1947 2526 absente,

244 2582 257 2587 —
357 2548 604 2603 ecclesiae
648 2548 815 2618 ipsius
852 2548 1171 2603 fraternitati
1218 2557 1323 2602 tua:
1363 2549 1684 2607 visitationis
1728 2565 1949 2621 operam

358 2639 703 2710 providemus
729 2638 1131 2708 delegandam.»
1168 2637 1308 2708 (Lib.
1343 2655 1421 2708 nr,
1453 2656 1536 2710 ep.
1566 2639 1683 2711 24.)
1910 2638 1917 2643 ’

428 2734 559 2790 Item
590 2734 853 2791 universis
881 2733 1275 2789 habitatoribus
1301 2733 1527 2788 Arimini
1553 2751 1567 2787 :
1606 2752 1625 2785 ι
1655 2732 1713 2789 Si
1737 2733 1950 2804 culpam

357 2834 611 2891 vestram,
648 2825 739 2881 filii
768 2825 1123 2895 dilectissimi,
1153 2826 1412 2881 intentius
1440 2826 1621 2881 velitis
1649 2826 1952 2895 attendere,

359 2918 573 2973 assidua
617 2933 718 2974 vos
765 2918 908 2990 apud
937 2917 1108 2973 Deum
1148 2918 1358 2973 debetis
1401 2918 1650 2973 oratione
1686 2932 1949 2989 purgare,

359 3012 500 3082 quod
530 3013 843 3083 episcopum
870 3019 1112 3068 vestrum
1140 3026 1251 3067 non
1279 3011 1476 3067 devota
1502 3019 1705 3077 mente,
1741 3026 1861 3077 nec,
1892 3019 1955 3066 ut

362 3104 474 3170 lilii,
504 3106 852 3177 suscepistis;
885 3120 1049 3175 quem
1074 3104 1390 3175 inquietudo
1415 3110 1471 3159 et
1498 3103 1776 3160 tribulatio
1801 3119 1831 3158 a
1852 3114 1953 3158 vo-

362 3199 444 3254 bis
469 3199 618 3253 illata
646 3198 713 3253 ad
742 3199 846 3254 hoc
874 3214 1045 3269 usque
1072 3197 1362 3268 perduxit,
1404 3203 1465 3251 ut
1493 3196 1797 3252 molestiam
1828 3211 1954 3251 cor-

361 3290 601 3359 poralem
630 3288 948 3356 incurreret,
981 3288 1227 3358 quamvis
1252 3288 1306 3342 in
1335 3302 1403 3343 eo
1431 3288 1589 3359 158
1616 3286 1748 3341 nihil
1775 3286 1843 3341 de
1870 3286 1957 3343 his

2050 2094 2316 2152 culosum.
2349 2093 2414 2149 Et
2441 2095 2598 2150 valde
2641 2098 2998 2165 pertimesco,
3043 2113 3112 2152 ne
3156 2100 3201 2153 si
3240 2115 3397 2154 curas
3434 2101 3645 2170 aliquas

2051 2204 2171 2244 cum
2202 2189 2525 2244 adversitate
2548 2190 2810 2260 temporis
2839 2192 3065 2261 ceperis,
3098 2193 3328 2263 amplius
3356 2208 3424 2249 ex
3452 2193 3644 2248 eadem

2051 2280 2299 2335 molestia
2331 2281 2669 2350 pericliteris.
2704 2280 2817 2348 Ego
2847 2280 2990 2335 enim
3020 2280 3134 2351 ipse
3160 2282 3316 2337 valde
3343 2298 3461 2338 sum
3488 2282 3645 2338 debi-

2050 2371 2148 2438 lis,
2185 2379 2238 2425 et
2266 2372 2487 2426 omnino
2515 2380 2597 2426 est
2624 2372 2755 2426 utile
2787 2381 2845 2425 ut
2875 2388 2998 2426 cum
3042 2372 3137 2428 Dei
3178 2374 3349 2442 gratia
3386 2390 3550 2429 sanus
3576 2374 3646 2430 ad

2055 2472 2199 2517 tuam
2241 2462 2529 2517 ecclesiam
2571 2462 2795 2531 redeas,
2840 2471 2934 2517 aut
2973 2472 3123 2519 certe
3169 2465 3215 2519 si
3259 2465 3534 2522 vocandus
3564 2481 3643 2533 es,

2052 2552 2194 2607 inter
2231 2569 2422 2608 manus
2453 2562 2666 2608 tuorum
2694 2553 2908 2609 voceris
2930 2595 2945 2619 ,
2987 2562 3041 2608 et
3070 2568 3203 2623 ego,
3236 2556 3327 2625 qui
3356 2571 3444 2612 me
3483 2557 3648 2612 morti

2054 2644 2358 2713 proximum
2384 2643 2560 2711 video,
2596 2644 2641 2699 si
2672 2660 2758 2699 me
2781 2644 3122 2714 omnipotens
3144 2645 3288 2701 Deus
3309 2654 3434 2701 ante
3457 2661 3651 2703 vocare

2052 2738 2303 2803 voluerit,
2329 2737 2471 2792 inter
2491 2744 2609 2791 tuas
2629 2752 2820 2791 manus
2841 2734 3069 2791 debeam
3089 2738 3337 2794 transire.
3369 2757 3389 2791 ι
3419 2738 3647 2808 (Regist.

2054 2830 2146 2884 Hb.
2175 2844 2249 2894 ιι,
2281 2847 2361 2900 ep.
2395 2828 2509 2898 55.)

2132 2919 2217 2974 55.
2258 2918 2364 2975 Pro
2392 2918 2747 2974 barbarorum
2777 2917 3175 2974 incursionibus
3221 2919 3302 2975 bis
3341 2920 3396 2975 in
3442 2920 3650 2978 hebdo-

2057 3012 2213 3068 mada
2244 3012 2361 3068 fieri
2388 3010 2603 3065 litanias
2625 3009 2919 3079 Gregorius
2944 3009 3288 3065 decernebat.
3314 3010 3651 3082 Quapropter

2057 3107 2321 3164 universis
2369 3104 2637 3175 episcopis
2682 3102 2878 3159 Sicilire
2927 3103 3198 3170 scribens,
3249 3104 3323 3157 ait
3365 3122 3376 3156 :
3426 3122 3443 3155 ι
3481 3102 3653 3173 Super

2057 3200 2377 3256 afflictiones
2405 3205 2462 3254 et
2485 3197 2717 3266 gemitus
2738 3212 2875 3268 quos
2904 3212 3109 3253 annosa
3134 3196 3225 3252 hic
3247 3198 3654 3255 continuatione

2059 3292 2125 3347 de
2153 3289 2398 3345 hostibus
2427 3287 2784 3354 sustinemus,
2818 3286 2994 3356 major
3023 3302 3124 3343 nos
3152 3289 3654 3352 metus'excruciat,

363 3396 480 3449 qua:
508 3380 662 3436 nobis
682 3387 808 3436 sunt
833 3380 1032 3450 scripta
1054 3379 1428 3449 cognovimus,
1460 3378 1555 3432 sed
1577 3378 1747 3433 solam
1778 3377 1954 3433 inesse
1980 3401 2027 3464 ρ
2056 3385 2203 3458 quod
2233 3385 2484 3440 inimicos
2524 3391 2742 3438 nostros
2771 3382 2919 3437 omni
2948 3382 3143 3438 annisu
3171 3381 3239 3437 ad
3274 3381 3472 3438 Siciliae
3501 3382 3653 3437 inva-

364 3472 690 3527 debilitatem
721 3472 973 3539 vidimus,
1006 3488 1103 3542 pro
1131 3487 1237 3542 qua
1268 3486 1394 3527 eum
1424 3470 1511 3525 hic
1538 3470 1774 3526 retinere
1799 3483 1956 3526 cura-

364 3569 554 3621 Vimus.
588 3586 607 3619 ι
645 3565 811 3640 (Ibid.
840 3563 1067 3638 ep..25.)

432 3660 565 3716 Item
588 3658 810 3728 Eulogio
834 3659 1157 3730 patriarchae
1187 3655 1550 3712 Alexandrino
1574 3673 1588 3709 :
1630 3674 1650 3707 ι
1685 3655 1824 3710 Ante
1851 3656 1960 3712 hoc

364 3756 625 3823 temporis
653 3752 914 3808 Bonifacii
936 3751 1249 3808 cbartularii
1275 3748 1603 3820 responsalis
1629 3748 1758 3817 mei,
1790 3749 1882 3818 qui
1904 3748 1961 3803 in

364 3846 497 3901 urbe
516 3845 662 3914 regia
685 3845 1017 3907 demoratur,
1051 3844 1402 3897 vehementer
1430 3855 1516 3894 me
1544 3840 1746 3909 scripta
1774 3827 1960 3893 turba—

364 3946 590 4003 verunt,
633 3951 754 4005 qua:
795 3936 1044 3990 dicebant
1070 3933 1436 3989 dulcissimam
1484 3931 1615 3985 mihi
1645 3940 1807 4001 atque
1838 3946 1962 3985 sua-

364 4029 641 4084 vissimam
698 4026 1037 4081 sanctitatem
1096 4032 1331 4079 vestram
1389 4020 1661 4077 defectum
1704 4023 1957 4092 corporei

366 4119 584 4175 luminis
611 4116 918 4189 pertulisse.
965 4115 1047 4171 Ex
1088 4114 1283 4185 quibus
1309 4112 1525 4183 scriptis
1552 4113 1702 4183 gravi
1728 4126 1961 4168 maerore

366 4211 647 4285 perculsus
675 4225 825 4273 sum,
857 4210 951 4265 sed
979 4208 1159 4264 subito
1188 4206 1461 4263 Creatoris
1489 4221 1553 4261 ac
1581 4205 1959 4276 Redemptoris

367 4306 535 4362 nostri
558 4306 729 4374 gratia
751 4312 1131 4375 prosperante,
1161 4302 1509 4357 beatitudinis
1528 4311 1723 4357 vestra:
1746 4302 1958 4371 suscepi

367 4399 650 4470 epistolam
676 4439 693 4467 ,
738 4403 793 4451 et
819 4384 1010 4453 sanum
1036 4398 1102 4451 de
1142 4410 1205 4450 ea
1244 4395 1487 4465 corporis
1518 4393 1768 4450 molestia
1797 4393 1958 4464 quam

369 4495 643 4551 audieram
701 4507 1029 4562 agnoscens,
1077 4489 1346 4545 exsultavi
1390 4490 1780 4558 vehementer,
1833 4490 1958 4561 quia

370 4596 518 4642 tanta
549 4585 728 4642 cordis
758 4584 940 4639 laetitia
982 4590 1167 4639 secuta
1199 4588 1281 4637 est
1306 4590 1504 4650 quanta
1546 4582 1691 4647 prius
1727 4581 1957 4637 tristitim

371 4680 672 4735 amaritudo
702 4684 1072 4749 praecesserat.
1118 4674 1329 4730 Scimus
1360 4674 1501 4727 enim
1543 4675 1666 4741 quia
1697 4673 1751 4727 in
1785 4673 1959 4728 omni-

371 4771 606 4843 potentis
671 4769 766 4824 Dei
833 4767 1101 4837 adjutorio
1165 4765 1457 4820 multorum
1514 4763 1660 4820 salus
1716 4772 1798 4818 est
1848 4763 1958 4819 vita

372 4872 571 4918 vestra.
610 4881 629 4914 ι
675 4860 816 4930 (Lib.
848 4876 961 4923 xm,
991 4875 1071 4929 ep.
1105 4856 1219 4927 42.)

441 4952 573 5008 Item
600 4950 924 5006 Rusticiana:
949 4947 1186 5018 patriciae
1211 4963 1225 4999 :
1264 4965 1282 4997 ι
1314 4945 1540 5012 Quoties
1563 4944 1630 4999 de
1655 4944 1787 5000 urbe
1815 4946 1961 5014 regia

372 5048 437 5101 ad
464 5060 563 5100 nos
582 5043 775 5113 aliquis
799 5041 969 5107 venit,
1001 5052 1142 5094 cura:
1165 5036 1322 5090 nobis
1342 5045 1425 5092 est
1444 5036 1511 5090 de
1530 5038 1775 5106 corporis
1796 5037 1962 5091 vestri

370 5139 633 5209 sospitate
653 5134 950 5203 requirere.
980 5129 1086 5186 Sed
1113 5128 1351 5199 peccatis
1373 5129 1507 5182 meis
1536 5126 1875 5194 facientibus,
1907 5137 1963 5183 et

371 5246 586 5301 semper
613 5227 774 5284 audio
800 5240 920 5296 quae
948 5239 1034 5280 me
1080 5220 1241 5277 tmdet
1287 5220 1504 5284 audire,
1557 5221 1683 5291 quia
1719 5222 1774 5276 in
1814 5229 1961 5297 tanta

375 5324 655 5380 tenuitate.
685 5328 848 5389 atque
886 5315 1163 5373 debilitate
1205 5312 1383 5367 adhuc
1430 5312 1483 5366 in
1526 5312 1678 5367 vobis
1724 5312 1967 5368 referunt

373 5415 629 5487 podagrze
656 5412 875 5468 dolores
902 5420 1236 5465 excrescere.
1274 5403 1380 5460 Sed
1408 5419 1505 5459 oro
1536 5404 1967 5474 omnipotentem

375 5508 687 5575 Dominum,
716 5514 778 5561 ut
807 5504 987 5560 omnia
1014 5515 1133 5571 quae
1161 5500 1215 5553 in
1244 5507 1426 5554 vestro
1453 5513 1686 5568 corpore
1716 5506 1968 5567 aguntur,

377 5604 444 5657 ad
486 5601 715 5657 salutem
768 5598 960 5653 animae
1006 5594 1337 5665 dirigantur,
1389 5590 1600 5661 ﬂagella
1653 5593 1970 5660 temporalia

375 5703 635 5751 mternam
654 5691 810 5748 vobis
830 5689 1066 5758 quietem
1086 5692 1413 5756 praeparent,
1445 5692 1499 5739 et
1522 5698 1619 5752 per
1638 5698 1732 5738 eos
1753 5682 1967 5739 dolores

320 5840 327 5847 ,
380 5788 471 5860 qui
501 5800 625 5847 cum
653 5784 760 5838 ﬁne
786 5789 914 5837 sunt
939 5778 1134 5850 gaudia
1162 5778 1313 5834 vobis
1339 5779 1454 5833 sine
1483 5774 1590 5831 ﬁne
1620 5774 1902 5831 concedat.
1942 5796 1961 5830 ι

340 5912 349 5920 .
383 5876 550 5950 (Ibid.
580 5894 664 5949 ep.
693 5871 809 5937 ea.)
1877 5912 1893 5925 .

454 5968 587 6024 Item
615 5964 937 6029 Mariniano,
965 5962 1267 6017 Ravennati
1296 5963 1552 6032 episcopo
1578 5974 1593 6013 :
1633 5976 1653 6012 ι
1679 5958 1973 6018 Venientes

388 6048 607 6127 suum
633 6044 976 6117 devenustet
1002 6040 1251 6111 homines
1275 6048 1597 6123 mvnnnto
1622 6052 1712 6110 me
1739 6048 1973 6109 muro“

2062 3481 2271 3537 sionem
2300 3475 2677 3546 cognoscimus
2707 3474 2987 3530 festinare.
3016 3473 3123 3529 Sed
3152 3488 3241 3538 ne,
3275 3473 3382 3529 hoc
3409 3472 3513 3553 illis
3542 3487 3658 3529 mo-

2059 3571 2333 3636 lientibus,
2357 3568 2774 3640 prosperitatem
2793 3565 3079 3621 multitudo
3095 3574 3404 3621 nostrorum
3422 3565 3660 3636 praebeat

2060 3674 2439 3737 peccatorum,
2486 3669 2604 3716 toto
2631 3676 2731 3715 nos
2757 3659 2923 3715 corde
2972 3659 3040 3713 ad
3085 3659 3462 3729 Redemptoris
3489 3661 3663 3715 nostri

2060 3755 2299 3811 remedia
2330 3754 2693 3818 conferamus,
2730 3761 2785 3806 et
2814 3751 3011 3820 quibus
3040 3751 3295 3807 resistere
3324 3753 3522 3808 virtute
3550 3769 3662 3809 non

2063 3859 2370 3915 possumus,
2421 3842 2676 3913 lacrymis
2702 3842 3006 3896 obviemus.
3057 3841 3190 3895 Nam
3220 3841 3351 3910 quid
3378 3842 3532 3896 vobis
3562 3858 3657 3897 ca-

2063 3935 2323 3999 vendum,
2372 3932 2565 4002 quidve
2604 3932 2674 3985 sit
2715 3931 3090 3986 vehementius
3117 3930 3554 3998 formidandum,
3589 3948 3660 3989 ex

2063 4027 2216 4082 istius
2257 4025 2547 4095 provincia:
2591 4024 2750 4095 159
2780 4023 2988 4078 debetis
3016 4023 3353 4079 desolatione
3380 4024 3659 4093 colligere.

2060 4117 2247 4187 Itaque
2280 4118 2491 4183 hortor,
2530 4115 2729 4171 fratres
2773 4105 3098 4180 chariss'imi,
3149 4123 3225 4182 ut,
3271 4116 3418 4171 omni
3459 4117 3664 4176 hebdo-

2061 4210 2219 4263 mada
2239 4250 2254 4275 ,
2301 4218 2491 4278 quarta
2514 4215 2571 4262 et
2596 4216 2750 4262 sexta
2779 4206 2910 4260 feria
2953 4206 3194 4261 litaniam
3222 4207 3665 4266 inexcusabiliter

2062 4300 2329 4368 indicatis,
2360 4308 2415 4355 et
2444 4308 2632 4355 contra
2663 4300 2764 4355 hos
2792 4294 3102 4355 barbaricae
3117 4300 3450 4357 crudelitatis
3478 4302 3661 4358 incur-

2061 4406 2151 4447 sus
2204 4408 2451 4463 supernae
2512 4392 2867 4462 protectionis
2932 4392 3193 4448 auxilium
3255 4394 3574 4467 imploretis.
3637 4415 3656 4446 ι

2064 4482 2202 4555 (Lib.
2236 4500 2313 4551 x1,
2345 4501 2424 4552 ep.
2453 4480 2569 4554 5|.)
2854 4504 2861 4509 ·
3024 4484 3027 4489 ’

2133 4575 2221 4630 54.
2265 4575 2504 4631 Tandem
2530 4574 2771 4630 Siciliam
2797 4576 3093 4631 simoniaca
3116 4576 3307 4631 haeresi
3336 4576 3665 4648 libidineque

2062 4668 2373 4722 sordentem
2396 4666 2711 4737 Gregorius,
2737 4667 2878 4721 sicut
2903 4666 3065 4721 modo
3087 4665 3343 4732 cernitur,
3367 4667 3663 4736 perituram

1988 4800 2041 4860 Β
2065 4762 2334 4833 praedixit,
2359 4760 2707 4828 Maximiano,
2730 4760 2990 4829 episcopo
3006 4757 3367 4828 Syracusano,
3388 4762 3660 4817 scribens:

2074 4871 2092 4905 ι
2126 4852 2297 4906 Tanta
2324 4851 2481 4906 nobis
2509 4850 2737 4905 subinde
2765 4848 2905 4902 mala
2932 4863 3051 4917 qua:
3078 4858 3307 4917 aguntur
3332 4851 3385 4906 in
3417 4852 3505 4906 illa
3535 4868 3666 4923 pro-

2065 4943 2241 4996 vincia
2295 4941 2640 5007 nuntiantur,
2690 4945 2777 5003 ut,
2833 4938 3068 5006 peccatis
3114 4939 3463 5009 facientibus,
3520 4944 3666 5014 quod

2066 5044 2275 5090 avertat
2317 5035 2661 5103 omnipotens
2706 5031 2874 5092 Deus,
2931 5032 3179 5088 celeriter
3219 5049 3338 5090 eam
3369 5038 3666 5107 perituram

2062 5129 2364 5184 credamus.
2398 5148 2416 5179 ι
2455 5126 2644 5199 (ιῠὶά.)

2138 5219 2222 5275 55.
2272 5219 2377 5276 Sed
2410 5228 2464 5274 et
2496 5219 2679 5289 pejora
2710 5219 2980 5289 prioribus
3011 5235 3135 5278 esse
3162 5220 3372 5300 futura,
3423 5234 3667 5292 praesago

2067 5317 2257 5386 spiritu
2279 5358 2294 5381 ,
2328 5314 2592 5379 Maximo,
2626 5312 2947 5369 Salonitano
2976 5314 3267 5386 episcopo,
3318 5316 3536 5380 scribit,
3586 5314 3668 5370 di-

2069 5422 2197 5463 cens
2226 5425 2238 5460 :
2270 5426 2289 5457 (
2317 5406 2398 5460 Ad
2422 5405 2720 5460 Romanam
2744 5405 2935 5461 urbem
2955 5407 3178 5461 veniens
3204 5408 3505 5463 communis
3526 5407 3667 5462 filius

2072 5501 2355 5574 presbyter
2383 5500 2690 5555 Veteranus
2719 5500 2793 5554 ita
2822 5514 2909 5555 me
2933 5499 3184 5571 podagra:
3211 5500 3486 5555 doloribus
3512 5499 3665 5555 debi-

2072 5592 2179 5647 lem
2210 5591 2428 5661 reperit,
2462 5601 2522 5645 ut
2550 5589 2906 5645 fraternitatis
2936 5601 3037 5644 tuae
3064 5589 3307 5660 epistolis
3336 5604 3434 5658 per
3463 5605 3550 5644 me
3578 5605 3666 5645 re-

2072 5681 2340 5752 spondere
2368 5680 2670 5735 nullatenus
2697 5680 3008 5735 valuissem.
3061 5678 3129 5733 Et
3173 5678 3390 5749 quidem
3419 5678 3486 5735 de
3511 5679 3664 5737 Scia-

2075 5789 2262 5829 vorum
2292 5782 2481 5843 gente,
2526 5787 2645 5842 quae
2669 5772 2823 5827 vobis
2861 5771 3019 5826 valde
3058 5769 3330 5839 imminet,
3370 5781 3422 5827 et
3458 5772 3667 5845 afﬂigor

2073 5865 2423 5920 vehementer
2448 5872 2501 5917 et
2530 5863 2845 5919 conturbor.
2881 5860 3103 5932 Amigor
3129 5862 3182 5916 in
3212 5861 3297 5917 his
3325 5878 3443 5935 quae
3468 5862 3579 5934 jam
3609 5865 3664 5922 in

2075 5956 2229 6013 vobis
2250 5958 2459 6027 patior;
2486 5954 2780 6011 conturbor
2802 5961 2980 6009 autem
3003 5955 3137 6027 quia.
3152 5970 3251 6027 per
3270 5954 3438 6011 Istria:
3461 5957 3663 6015 aditum

2072 6037 2183 6120 tam
2213 6043 2279 6106 ad
2316 6037 2523 6104 Italiam
2554 6036 2760 6103 intraro
2784 6050 3085 6115 euenerant.
3124 6045 3202 6106 De
3244 6045 3457 6108 Iuliano
3483 6038 3663 6103 autem
