4138 6452
498 443 603 501 2H

1083 432 1146 496 S.
1183 431 1509 492 GREGURII
1546 432 1764 495 MAGNI
1801 434 1988 502 VlTA,
2030 432 2113 491 AU

2222 471 2233 483 .
2275 426 2539 486 JOANNE
2577 421 2894 483 DIACONO.
2933 421 3066 481 LIB.
3104 418 3197 479 IV.

3676 417 3787 472 2ιὲ

498 558 762 618 Scribone
780 553 905 626 quid
934 552 1143 609 dicam?
1172 551 1399 621 Quando
1430 553 1625 623 ubique
1653 554 1811 609 video
1831 554 1955 623 quia
1989 569 2087 610 no-
2116 554 2169 615 Λ
2194 555 2433 603 mentum
2462 548 2529 601 ab
2560 547 2641 601 bis
2670 559 2898 615 quorum
2938 543 3162 598 interest
3188 538 3257 594 de
3285 538 3551 595 servanda
3571 534 3691 607 lege
3722 543 3780 591 ct

500 653 583 715 bis
604 658 826 725 peccata
848 658 1030 706 nostra
1052 647 1436 719 respondeant,
1466 654 1526 701 ιιι
1546 653 1601 700 et
1618 644 1744 701 foris
1767 661 1796 700 a
1820 646 2087 716 gentibus,

502 756 560 804 et
584 748 728 803 intus
753 761 783 800 a
811 742 1081 817 perversis
1095 741 1371 812 .judicibus
1400 739 1818 796 conturbemur?
1856 738 1964 795 Sed
1994 755 2092 794 no-

503 839 598 895 lite
628 839 695 894 de
725 836 920 892 talibus
945 834 1258 891 omnimodo
1297 832 1607 889 contristari
1633 872 1650 897 ,
1696 831 1821 902 quia
1849 832 1940 901 qui
1972 838 2094 901 post

504 950 602 990 nos
627 932 861 989 vixerint
889 931 1161 987 deteriora
1191 936 1433 999 tempora
1471 926 1762 992 videbunt,
1813 927 1887 981 ita
1938 935 1995 979 ut
2040 927 2093 981 in

503 1024 912 1095 comparatione
940 1022 1023 1078 sui
1052 1020 1311 1092 temporis
1339 1019 1522 1075 felices
1550 1034 1650 1073 nos
1684 1018 1953 1073 aestiment
1979 1016 2095 1072 dies

505 1114 780 1171 habuisse.
830 1109 889 1169 1n
915 1120 1176 1182 quantum
1203 1125 1334 1165 vero
1364 1108 1670 1163 fraternitas
1699 1116 1786 1162 tua
1820 1106 2093 1177 praevalet,

503 1219 780 1277 opponere
809 1218 868 1258 se
896 1217 993 1275 pro
1021 1201 1297 1273 oppressis
1327 1198 1523 1266 debet;
1554 1212 1695 1267 qum,
1728 1199 1937 1253 etiamsi
1968 1214 2097 1268 pro-

504 1298 661 1354 desse
689 1296 911 1351 minime
935 1293 1195 1356 valuerit,
1230 1292 1343 1362 ipsa
1373 1292 1731 1361 omnipotenti
1763 1290 1874 1346 Deo
1903 1290 2098 1347 mentis

504 1392 721 1448 devotio
762 1388 994 1457 sufficit,
1038 1403 1199 1458 quam
1245 1386 1407 1442 dedit.
1454 1385 1724 1457 Scriptum
1773 1395 1856 1441 est
1894 1388 2036 1442 enim
2080 1405 2093 1441 :

510 1483 671 1557 Eripe
689 1501 775 1539 eos
803 1483 892 1556 qui
910 1482 1168 1535 ducuntur
1196 1478 1266 1533 ad
1293 1486 1530 1547 mortem,
1553 1488 1603 1532 et
1623 1479 1709 1549 qui
1734 1479 2008 1533 trahuntur
2030 1479 2098 1533 ad

508 1574 775 1629 interitum
802 1572 1023 1627 liberare
1051 1586 1116 1625 ne
1141 1586 1307 1625 cesses
1338 1569 1524 1641 (Prov.
1552 1586 1697 1635 xxiv,
1730 1568 1840 1640 ll).
1874 1567 2027 1635 Quod
2056 1570 2099 1624 si

509 1666 711 1739 dixeris
740 1683 751 1718 :
783 1665 939 1721 Vires
965 1680 1072 1720 non
1102 1670 1416 1734 suppetunt,
1448 1664 1538 1733 qui
1565 1663 1841 1733 inspector
1870 1673 1951 1717 est
1980 1679 2101 1717 cor-

507 1756 588 1813 dis
614 1758 727 1828 ipse
756 1756 1025 1825 intelligit.
1055 1754 1113 1810 In
1137 1755 1283 1810 omni
1314 1768 1442 1823 ergo
1473 1754 1619 1823 quod
1651 1755 1764 1823 agis
1783 1798 1798 1824 ,
1830 1755 2101 1825 inspecto-

508 1861 622 1903 rem
664 1847 842 1903 cordis
906 1854 1101 1917 appete
1145 1846 1347 1901 habere
1388 1845 1680 1916 placatum.
1710 1844 1977 1916 Quidquid
2020 1852 2102 1901 est

2193 639 2401 710 justitia
2449 640 2821 709 promittatur,
2871 644 2925 690 et
2974 650 3069 705 per
3115 630 3293 685 omnia
3344 634 3783 686 commoueantur

2196 731 2367 797 exire,
2400 738 2565 798 atque
2589 744 2809 783 suorum
2840 736 3051 782 actuum
3081 724 3307 780 reddere
3338 721 3625 777 rationem.
3655 719 3788 786 Qui-

2195 822 2296 877 bus
2338 820 2500 876 etiam
2536 820 2778 875 ecclesize
2808 827 2998 873 vestrae
3039 814 3376 871 defensorem
3406 812 3666 883 deputare
3692 825 3792 867 vos

2196 914 2477 977 convenit,
2511 912 2663 980 cujus
2686 910 3045 966 sollicitudine
3072 923 3136 963 ea
3163 922 3281 978 quae
3308 907 3413 962 illis
3442 904 3638 960 fuerint
3664 920 3793 975 pro-

2198 1008 2360 1063 missa
2390 1016 2693 1063 serventur.
2727 1026 2744 1057 ι
2784 1003 2923 1077 (Lib.
2956 1020 3009 1068 ιι,
3042 1020 3124 1073 ep.
3155 1000 3269 1069 '58.)

2271 1097 2359 1153 58.
2388 1096 2612 1166 Quanta:
2654 1096 2965 1151 humilitatis
3015 1092 3307 1165 Gregorius
3336 1092 3526 1157 fuerit,
3573 1104 3692 1145 cum
3726 1104 3792 1144 ex

2199 1190 2401 1257 multis,
2427 1200 2536 1245 tum
2561 1205 2629 1245 ex
2650 1190 2731 1245 his
2753 1186 3189 1243 manifestissime
3213 1184 3413 1256 poterit
3436 1180 3789 1254 deprehendi,

2200 1284 2345 1353 quod
2373 1297 2561 1337 omnes
2588 1279 2803 1350 quidem
2835 1278 3144 1335 sacerdotes
3162 1320 3177 1344 ,
3208 1275 3403 1332 fratres
3430 1284 3487 1331 et
3512 1271 3793 1331 commini-

2202 1386 2379 1437 stros,
2428 1375 2655 1430 clericos
2700 1382 2879 1430 autem
2922 1371 3122 1427 diversi
3167 1368 3369 1425 ordinis
3419 1366 3796 1422 dilectissimos

2202 1469 2364 1535 ﬁlios,
2395 1476 2451 1524 at
2478 1483 2607 1523 vero
2631 1467 2798 1523 laicos
2824 1466 2971 1521 viros
2997 1462 3266 1529 dominos,
3298 1469 3352 1517 et
3374 1458 3603 1516 feminas
3622 1456 3795 1513 domi-

2202 1578 2326 1629 nas,
2381 1562 2433 1616 in
2465 1562 2575 1617 suis
2605 1560 2796 1617 litteris
2824 1556 3183 1620 nominabat,
3218 1569 3392 1624 neque
3419 1551 3487 1607 ab
3528 1550 3707 1619 aliquo
3738 1564 3798 1604 se

2202 1670 2472 1709 summum
2502 1652 2813 1723 pontificem
2862 1657 2954 1703 aut
2995 1644 3350 1702 universalem
3381 1642 3494 1699 sive
3522 1639 3798 1697 dominum

2201 1747 2384 1804 vocari
2434 1743 2807 1815 :cquanimiter
2854 1738 3218 1811 permittebat.
3267 1733 3401 1790 Nam
3449 1740 3510 1787 ut
3561 1746 3624 1787 ea
3676 1745 3797 1801 qua:

2203 1857 2366 1912 super
2411 1838 2719 1910 hujusmodi
2760 1834 3155 1907 comprehensa
3199 1841 3325 1888 sunt
3371 1826 3798 1901 praetermittam,

512 1938 657 1995 unde
702 1939 776 1993 illi
808 1938 1021 2008 placeas
1050 1934 1227 1993 facere
1269 1952 1376 1992 non
1421 1937 1656 1992 omittas.
1706 1936 1838 1991 Nam
1884 1938 2101 1993 humani
2133 1950 2181 2010 Β
2208 1932 2534 1989 Rusticiana?
2560 1927 2798 1999 patricia:
2823 1927 3091 1990 scribens,
3124 1922 3198 1977 ait
3231 1941 3240 1976 :
3284 1940 3301 1973 ι
3331 1917 3682 1976 Excellentite
3710 1930 3803 1970 ve-

516 2039 755 2085 terrores
785 2038 841 2084 et
886 2029 1101 2098 gratiae,
1136 2027 1283 2083 fumo
1313 2035 1437 2083 sunt
1465 2028 1693 2093 similes,
1715 2029 1806 2097 qui
1834 2028 1941 2083 leni
1972 2044 2101 2083 aura

513 2128 701 2192 raptus
748 2121 1039 2176 evanescit.
1070 2120 1183 2176 Hoc
1210 2121 1511 2177 certissime
1537 2121 1672 2176 scito
1690 2162 1705 2189 ,
1728 2120 1849 2191 quia
1893 2119 2106 2191 placere

513 2212 628 2269 Deo
649 2213 766 2268 sine
786 2213 966 2285 pravis
985 2213 1292 2268 horninibus
1314 2212 1488 2266 nullus
1510 2219 1705 2282 potest.
1734 2212 1787 2266 In
1805 2219 1956 2266 tanto
1977 2226 2106 2281 ergo

514 2319 574 2359 se
597 2304 830 2358 aestimet
858 2295 1163 2357 fi'aternitas
1188 2311 1277 2357 tua
1300 2302 1654 2373 omnipotenti
1684 2300 1795 2357 Deo
1822 2302 2104 2372 placuisse,

515 2406 722 2467 quanto
752 2412 809 2451 se
848 2395 1116 2466 perversis
1142 2396 1447 2449 hominibus
1475 2393 1809 2464 displicuisse
1839 2408 2108 2464 cognove-

516 2488 607 2543 rit.
636 2487 750 2558 lpst
775 2496 955 2543 tamen
977 2486 1217 2543 defensio
1241 2479 1533 2559 pauperum
1556 2486 1831 2543 moderata
1858 2496 1912 2543 et
1934 2486 2110 2556 gravis

518 2583 626 2648 sit,
656 2597 723 2636 ne
742 2623 760 2651 ,
790 2581 833 2635 si
860 2580 988 2651 quid
1018 2580 1173 2635 nimis
1201 2579 1371 2649 rigide
1399 2580 1574 2650 agitis,
1608 2596 1675 2635 ex
1700 2580 1981 2649 juventute
2010 2596 2108 2636 vos

519 2675 848 2731 arbitrentur
885 2673 1132 2729 homines
1160 2673 1459 2743 superbire.
1500 2671 1607 2728 Sed
1636 2672 1755 2730 talis
1783 2688 2003 2730 necesse
2028 2684 2110 2730 est

521 2773 581 2821 ut
606 2765 909 2820 inveniatur
930 2780 1029 2834 pro
1058 2764 1327 2834 oppressis
1356 2770 1531 2818 vestra
1553 2760 1813 2829 defensio,
1845 2772 2109 2833 quatenus

522 2864 579 2910 et
599 2856 829 2910 humiles
852 2856 1244 2926 protectionem
1271 2855 1528 2922 sentiant,
1557 2864 1612 2911 et
1634 2870 1981 2927 oppressores
2001 2873 2109 2912 non

524 2946 683 3004 facile
707 2948 982 3003 inveniant
1021 2948 1165 3018 quod
1198 2964 1264 3003 ex
1303 2947 1566 3003 malevola
1603 2955 1782 3004 mente
1812 2950 2109 3019 reprehen-

526 3042 674 3097 dant.
726 3040 959 3097 Attende
1005 3057 1133 3113 ergo
1179 3042 1322 3112 quod
1366 3040 1437 3096 ad
1487 3041 1819 3097 lizechielem
1867 3042 2107 3098 dicitur:

527 3133 639 3190 Fili
658 3135 999 3194 hominis.....
1026 3134 1276 3190 increduli
1299 3144 1347 3189 et
1368 3133 1689 3190 subversores
1714 3144 1833 3190 sunt
1855 3145 2043 3205 tecum,
2063 3147 2113 3192 et

530 3243 646 3281 cum
676 3224 1031 3297 scorpionibus
1060 3226 1258 3279 habitas
1291 3225 1502 3294 (Ezech.
1532 3243 1591 3295 ιι,
1612 3225 1686 3295 6).
1718 3225 1781 3280 Et
1804 3227 1989 3283 beatus
2008 3225 2110 3283 Job

2203 2035 2328 2083 stne
2348 2026 2543 2093 scripta
2567 2022 2799 2090 suscepi,
2822 2035 2941 2089 qute
2963 2032 3051 2073 me
3072 2017 3125 2072 in
3148 2014 3461 2085 gravissima
3486 2009 3801 2082 aegritudine

2204 2117 2438 2188 positum
2458 2157 2476 2183 ,
2514 2114 2581 2168 de
2620 2113 2827 2179 salute,
2870 2112 2938 2166 de
2968 2108 3292 2174 devotione,
3335 2122 3400 2162 ac
3426 2106 3495 2162 de
3518 2104 3802 2160 dulcedine

2205 2225 2299 2267 sua
2331 2207 2551 2264 omnino
2581 2205 2906 2262 relevarunt.
2934 2201 3112 2257 Unum
3134 2216 3261 2257 vero
3283 2212 3425 2269 aegre
3444 2196 3657 2266 suscepi
3679 2196 3802 2264 quia

2206 2302 2258 2356 in
2290 2300 2492 2356 eisdem
2523 2297 2764 2369 epistolis
2795 2296 2861 2351 ad
2893 2310 2980 2351 me
3008 2294 3175 2366 (quod
3206 2293 3374 2349 semel
3415 2306 3537 2347 esse
3566 2290 3802 2360 poterat)

2206 2395 2401 2466 sepius
2429 2393 2707 2449 dicebatur
2735 2412 2747 2446 :
2780 2390 2987 2447 Ancilla
3014 2396 3212 2455 vestra,
3242 2386 3439 2443 ancilla
3462 2393 3661 2441 vestra.
3692 2381 3803 2451 Ego

2208 2488 2377 2554 enim,
2408 2486 2502 2556 qui
2531 2499 2627 2557 per
2646 2484 2987 2554 episcopatus
3007 2496 3173 2538 onera
3202 2494 3389 2537 servus
3414 2493 3535 2535 sum
3556 2475 3801 2532 omnimn

2208 2578 2397 2643 factus,
2425 2592 2531 2649 qua
2561 2575 2769 2631 ratione
2790 2583 2843 2629 te
2874 2574 3001 2629 mihi
3029 2572 3280 2629 ancillam
3306 2570 3458 2633 dicis,
3490 2566 3647 2637 cuius
3677 2573 3805 2620 ante

2210 2680 2517 2742 susceptum
2547 2670 2920 2740 episcOpatum
2964 2666 3214 2739 proprius
3243 2665 3355 2720 fui?
3403 2661 3471 2719 Et
3512 2662 3634 2719 ideo
3676 2676 3806 2731 rogo

2211 2780 2309 2837 per
2330 2764 2756 2836 omnipotentem
2780 2761 2948 2817 Deum
2971 2776 3036 2816 ue
3060 2761 3165 2816 hoc
3188 2759 3409 2815 verbum
3430 2756 3720 2831 aliquando
3742 2754 3809 2809 ad

2211 2874 2299 2915 me
2329 2859 2382 2913 in
2407 2858 2621 2928 scriptis
2648 2858 2844 2913 vestris
2874 2855 3195 2911 inveniama
3226 2852 3371 2927 (Lib.
3404 2867 3479 2918 xi,
3506 2868 3593 2921 ep.
3623 2848 3737 2921 64.)

2285 2951 2371 3006 59.
2401 2950 2570 3020 Hujus
2592 2950 2911 3005 humilitatis
2940 2948 3349 3005 mansuetudine
3380 2943 3676 3013 Gregorius
3704 2957 3811 2997 non

2213 3044 2387 3103 solum
2407 3041 2795 3099 Theudelindze
2810 3044 3007 3111 regina:
3026 3038 3618 3110 Langobardorum'pro
3642 3035 3811 3091 tribus

2214 3136 2493 3209 capitulis,
2525 3152 2712 3192 verum
2752 3136 2948 3204 etiam,
2981 3135 3121 3190 inter
3151 3133 3315 3198 alios,
3345 3131 3545 3189 Saviuo
3570 3144 3810 3201 quoque,

2214 3247 2313 3288 suo
2364 3230 2728 3296 subdiacono,
2783 3224 3097 3285 satisfacere
3152 3243 3259 3281 non
3312 3226 3527 3297 renuit,
3581 3225 3813 3281 dicens:

532 3321 645 3374 ait:
680 3317 868 3373 Frater
900 3319 975 3389 [ui
1005 3317 1320 3385 draconum,
1350 3329 1395 3371 et
1425 3319 1592 3371 socius
1622 3320 1965 3373 struthionum
1991 3320 2119 3392 (Job
2148 3326 2197 3389 C
2233 3345 2251 3377 ι
2309 3323 2582 3380 Exeuntes
2636 3322 2853 3392 maligni
2900 3322 3149 3378 homines
3201 3320 3555 3375 turbaverunt
3608 3318 3812 3372 animos

535 3422 663 3475 nx,
687 3407 801 3480 29).
828 3406 891 3463 Et
913 3406 1110 3464 Paulus
1130 3406 1403 3479 discipulis
1424 3408 1555 3464 dicit
1578 3427 1591 3465 :
1618 3407 1683 3462 In
1705 3412 1871 3465 medio
1892 3414 2116 3469 nationis

535 3518 707 3575 prava:
731 3508 779 3555 et
805 3516 1087 3582 perverse},
1118 3502 1250 3554 inter
1278 3517 1404 3573 quos
1444 3501 1651 3565 lucetis,
1682 3503 1811 3555 sicut
1841 3503 2117 3560 luminaria

536 3599 587 3650 in
616 3594 807 3649 mundo
840 3592 1005 3665 (Phil.
1036 3609 1091 3655 ιι,
1126 3590 1236 3663 15).
1268 3590 1441 3648 Tanto
1471 3606 1599 3664 ergo
1626 3593 1883 3650 debemus
1913 3598 2119 3653 cautius

538 3687 813 3741 ambulare
833 3728 848 3755 ,
879 3692 1083 3755 quanto
1112 3701 1210 3739 nos
1238 3687 1433 3740 scimus
1474 3688 1611 3741 inter
1639 3687 1731 3744 Dei
1768 3688 2011 3747 inimicos
2039 3691 2119 3746 vi-

536 3795 682 3835 vere.
725 3798 743 3831 ι
789 3778 1007 3849 (Regist.
1041 3777 1132 3831 lib.
1164 3794 1217 3843 x,
1242 3794 1321 3849 ep.
1353 3776 1469 3848 56.)

611 3872 697 3929 56.
730 3871 897 3943 Hujus
924 3873 1147 3927 cautela:
1176 3886 1285 3926 suae
1310 3873 1557 3928 conscius
1588 3870 1831 3930 Romano
1857 3873 2124 3934 defensori

537 3970 828 4038 Gregorius
856 3966 931 4021 ait
958 3983 971 4019 ι
1008 3984 1027 4018 ι
1067 3964 1317 4020 Pervenit
1342 3966 1407 4020 ad
1435 3981 1534 4022 nos
1556 3968 1682 4036 quia
1710 3966 1925 4039 quidam
1946 3970 2123 4026 homi-

538 4074 667 4121 nes,
720 4058 983 4111 minorem
1015 4055 1327 4111 omnimodo
1355 4056 1731 4113 discretionem
1763 4068 2040 4129 tenentes,
2073 4062 2125 4119 in

538 4152 649 4207 suis
678 4165 774 4205 uos
797 4147 1051 4219 periculis
1077 4148 1342 4218 implicari
1372 4148 1713 4215 desiderant,
1742 4160 1903 4223 atque
1928 4153 2001 4208 ita
2029 4169 2128 4212 vo-

537 4242 658 4297 lunt
686 4241 751 4296 ab
781 4237 1160 4295 ecclesiasticis
1194 4240 1437 4310 personis
1467 4237 1680 4295 defendi
1701 4282 1716 4308 ,
1750 4250 1807 4297 ut
1836 4244 1964 4314 ipsa:
1991 4260 2129 4315 quo-

538 4350 645 4404 que
668 4333 1049 4389 ecclesiasticae
1077 4348 1324 4403 persona:
1344 4349 1411 4388 ex
1438 4348 1625 4390 eorum
1648 4336 1803 4407 culpa
1824 4344 2129 4395 teneantur.

537 4423 744 4481 Idcirco
775 4424 1026 4495 praesenti
1056 4430 1108 4478 te
1136 4424 1499 4494 praaceptioue
1542 4425 1802 4483 admoneo
1826 4469 1840 4494 ,
1874 4436 1929 4483 et
1958 4444 2053 4499 per
2083 4439 2135 4486 te

538 4519 760 4576 fratrem
784 4528 839 4574 et
865 4518 1247 4588 coepiscopum
1280 4526 1521 4573 nostrum
1548 4519 1803 4576 domuum
1830 4519 2091 4579 Joannem
2117 4561 2133 4589 ,

537 4610 623 4664 vel
647 4616 873 4665 caeteros
900 4607 1055 4681 160
1077 4606 1168 4678 qui
1196 4607 1453 4662 interesse
1479 4618 1720 4677 possunt,
1754 4619 1810 4665 ut
1836 4614 2133 4682 patrocinia

2220 3424 2451 3482 vestros,
2482 3432 2589 3471 non
2620 3414 2978 3485 intelligentes
3006 3427 3180 3482 neque
3208 3426 3328 3481 quae
3365 3409 3675 3478 loquuntur,
3718 3421 3814 3460 ne-

2221 3524 2325 3580 que
2350 3508 2417 3563 de
2441 3507 2633 3576 quibus
2658 3504 2945 3570 affirmant,
2979 3504 3320 3559 adstruentes
3345 3500 3492 3572 quod
3517 3499 3721 3570 aliquid
3750 3499 3814 3553 de

2222 3607 2409 3658 sancta
2429 3598 2859 3655 Chalcedoneusi
2883 3596 3089 3669 synodo
3106 3599 3207 3666 pia:
3230 3593 3504 3650 memoriae
3523 3589 3810 3648 Justiniani

2224 3692 2558 3763 temporibus
2585 3690 2655 3747 sit
2682 3689 3042 3755 imminutum,
3074 3690 3236 3759 quam
3268 3701 3367 3741 nos
3394 3684 3544 3741 omni
3574 3682 3674 3737 fide
3700 3698 3813 3737 om-

2226 3788 2387 3859 nique
2428 3784 2716 3841 devotione
2756 3797 3107 3846 veneramur;
3141 3788 3196 3835 et
3218 3780 3295 3834 sic
3320 3783 3551 3849 quatuor
3581 3773 3815 3846 synodos

2225 3886 2428 3937 sanctre
2483 3874 2800 3931 universalis
2854 3872 3112 3929 Ecclesim
3166 3872 3308 3928 sicut
3358 3877 3592 3939 quatuor
3646 3866 3815 3920 libros

2226 3969 2400 4030 sancti
2420 3966 2695 4038 Evangelii
2723 3966 3030 4037 recipimus.
3077 3964 3154 4021 De
3180 3962 3424 4035 personis
3449 3976 3578 4017 vero
3607 3959 3673 4015 de
3699 3959 3816 4029 qui-

2229 4064 2331 4120 bus
2377 4070 2500 4133 post
2528 4058 2817 4116 terminum
2869 4056 3061 4129 synodi
3113 4053 3311 4124 aliquid
3367 4062 3545 4109 actum
3603 4050 3816 4117 fuerat,

2230 4154 2469 4225 ejusdem
2498 4155 2599 4224 pia:
2628 4152 2899 4207 memoria:
2920 4148 3200 4204 Iustiniani
3232 4145 3561 4217 temporibus
3583 4151 3668 4199 est
3690 4157 3817 4197 ven-

2234 4248 2472 4314 tilatum;
2512 4246 2585 4301 ita
2616 4252 2793 4299 tamen
2826 4250 2884 4297 ut
2918 4256 3019 4296 nec
3045 4240 3174 4296 fides
3200 4240 3253 4295 in
3284 4239 3465 4309 aliquo
3500 4236 3813 4300 violaretur,

2233 4356 2333 4396 uec
2360 4339 2429 4395 de
2456 4337 2658 4393 eisdem
2682 4335 2923 4407 personis
2952 4332 3155 4402 aliquid
3182 4323 3327 4389 aliud
3347 4338 3626 4401 ageretur,
3658 4342 3817 4397 quam

2235 4432 2375 4505 apud
2422 4430 2666 4487 eamdem
2727 4436 2966 4485 sanctam
3013 4426 3504 4484 Chalcedonensem
3554 4421 3817 4496 synodum

2235 4522 2412 4579 fuerat
2438 4522 2807 4578 constitutum.
2850 4518 3372 4575 Anathematizamus
3400 4526 3597 4583 autem,
3629 4515 3673 4570 si
3703 4514 3819 4584 quis

2236 4628 2303 4671 ex
2333 4612 2643 4669 definitione
2672 4611 2791 4666 fidei
2813 4626 2929 4681 qua:
2953 4611 3005 4665 in
3033 4609 3221 4667 eadem
3246 4609 3453 4681 synodo
3484 4608 3691 4679 prolata
3718 4616 3817 4671 est,

539 4701 921 4767 ecclesiastica,
956 4700 1068 4755 sive
1098 4714 1218 4754 mea
1246 4699 1550 4769 suscipiatis
1570 4699 1795 4771 scripta,
1826 4702 1938 4757 sive
1967 4704 2128 4759 etiam
2157 4738 2212 4799 D
2239 4703 2439 4772 aliquid
2468 4703 2782 4759 imminuere
2812 4702 3149 4773 prmsumpsit
3167 4742 3181 4768 ,
3216 4701 3299 4756 vel
3327 4701 3479 4771 quasi
3504 4698 3820 4767 corrigendo

542 4806 606 4846 ea
658 4792 873 4845 minime
922 4792 1118 4845 fuerint
1157 4790 1389 4856 directa,
1435 4790 1534 4845 sub
1574 4797 1723 4846 tanto
1759 4793 2127 4851 moderamine

541 4881 784 4935 debeatis
805 4880 1133 4952 impendere,
1154 4889 1438 4952 quatenus,
1462 4882 1503 4936 si
1529 4881 1620 4950 qui
1643 4881 1696 4937 in
1726 4882 1877 4939 furtis
1898 4886 2125 4955 publicis

538 4972 796 5043 implicati
820 4979 965 5040 sunt,
992 4989 1022 5026 a
1053 4973 1206 5028 nobis
1233 4990 1340 5027 non
1370 4972 1650 5028 videantur
1672 4974 1862 5045 injuste
1888 4976 2121 5046 defendi,

537 5082 608 5121 ne
650 5065 958 5135 Opinionem
1003 5065 1141 5120 male
1186 5065 1455 5133 agentium
1494 5082 1559 5121 ex
1600 5066 1899 5123 indiscreta:
1939 5070 2123 5126 defen—

535 5157 705 5212 sionis
732 5172 863 5209 ausu
889 5155 941 5210 in
968 5171 1065 5211 nos
1085 5155 1196 5210 ullo
1223 5156 1383 5210 modo
1406 5155 1807 5225 transferamus,
1834 5159 1928 5215 sed
1949 5174 2121 5228 quan-

534 5255 648 5304 tum
689 5248 873 5313 decet,
923 5248 1207 5304 ecclesiam
1252 5248 1588 5306 admonendo
1620 5258 1675 5305 et
1701 5251 1921 5305 verbum
1953 5251 2119 5307 inter-

533 5341 794 5396 cessionis
823 5339 1143 5407 adhibendo,
1186 5340 1379 5410 quibus
1413 5340 1601 5396 valetis
1629 5344 1947 5413 succurrite,
1981 5352 2039 5398 ut
2067 5352 2123 5399 et

533 5431 641 5487 illis
668 5446 824 5502 opem
856 5430 1062 5501 feratis,
1090 5438 1144 5486 et
1172 5432 1477 5502 opinionem
1504 5438 1701 5489 sancta:
1730 5431 1982 5490 Ecclesia:
2013 5451 2121 5491 non

536 5525 846 5595 inquinetis.
884 5543 902 5576 ι
948 5520 1087 5594 (Lib.
1119 5540 1192 5592 ix,
1222 5542 1302 5596 ep.
1334 5523 1449 5598 27.)

604 5614 693 5670 5‘7.
726 5617 859 5672 Item
882 5614 1158 5681 Januario,
1189 5618 1462 5688 episcopo,
1494 5627 1614 5690 post
1642 5616 1819 5687 aliqua
1848 5636 1862 5671 .
1900 5637 1917 5669 ι
1950 5617 2007 5673 Si
2029 5619 2122 5689 qui
2162 5641 2171 5649 ·

510 5721 721 5791 (eorum
752 5710 818 5763 de
844 5708 1039 5778 quibus
1060 5716 1141 5764 est
1170 5708 1349 5779 aliqua
1374 5709 1600 5781 quaestio
1622 5710 1675 5763 in
1703 5708 1985 5765 ecclesiam
2015 5710 2124 5766 for-

533 5808 676 5859 tasse
706 5802 1027 5869 refugerinf,
1056 5801 1128 5855 ita
1162 5800 1323 5859 debet
1348 5819 1509 5857 causa
1538 5801 1782 5874 disponi,
1816 5812 1874 5860 ut
1899 5820 1998 5862 nec
2022 5807 2122 5878 ipsi

531 5893 843 5949 violentiam
885 5895 1185 5968 patiantur,
1237 5911 1335 5950 nec
1376 5894 1431 5947 hi
1462 5894 1550 5967 qui
1589 5894 1839 5958 dicuntur
1877 5899 2120 5969 oppressi

512 5986 725 6091 1damna
750 5987 1066 6045 sustineant.
1097 5984 1254 6042 Curae
1278 5999 1406 6057 ergo
1434 5995 1627 6043 vestra:
1656 5987 1725 6049 sit
1751 5998 1808 6047 ut
1835 5990 1912 6047 eis
1938 6003 2118 6050 sacra-

2231 4795 2347 4866 ejus
2372 4812 2587 4851 sensum
2630 4805 2868 4861 mutare,
2900 4794 2997 4852 sed
3023 4795 3160 4849 sicut
3204 4792 3317 4850 illic
3343 4792 3552 4863 prolata
3575 4798 3695 4858 est,
3726 4806 3820 4859 per

2230 4888 2408 4942 omnia
2437 4886 2788 4943 custodimus.
2817 4886 2893 4943 Te
2915 4900 3063 4956 ergo,
3096 4885 3171 4941 fili
3195 4883 3532 4951 charissime,
3563 4881 3725 4937 decet
3753 4880 3818 4935 ad

2229 4978 2491 5033 unitatem
2521 4975 2640 5032 fidei
2672 4992 2944 5042 remeare,
2999 4977 3151 5049 161
3185 4984 3242 5031 ut
3270 4975 3429 5030 finem
3459 4982 3606 5029 tuum
3637 4973 3821 5029 valeas

2226 5070 2280 5126 in
2312 5084 2447 5140 pace
2475 5068 2821 5133 concludere,
2853 5084 2920 5126 ne
2951 5070 3215 5138 malignus
3243 5067 3485 5139 spiritus,
3515 5066 3607 5135 qui
3636 5074 3821 5122 contra

2225 5168 2278 5216 te
2309 5175 2405 5230 per
2426 5160 2529 5217 alia
2556 5154 2718 5239 opera
2749 5161 3043 5231 praevalere
3071 5176 3179 5217 non
3208 5166 3407 5232 potest,
3439 5173 3506 5214 ex
3534 5158 3632 5214 hac
3658 5172 3819 5212 causa

2226 5252 2463 5309 inveniat
2490 5252 2630 5309 unde
2655 5254 2747 5308 tibi
2780 5255 2831 5309 in
2854 5254 2939 5309 die
2966 5254 3141 5309 exitus
3169 5252 3249 5306 tui
3286 5252 3339 5306 in
3365 5250 3512 5323 aditu
3522 5248 3684 5327 regni
3714 5265 3821 5305 cm-

2227 5343 2376 5400 lestis
2405 5346 2653 5401 obsistat.
2680 5365 2698 5399 ι
2737 5345 2882 5416 (Lib.
2914 5362 2992 5413 ιιι,
3021 5363 3101 5414 ep.
3130 5343 3241 5414 10.)

2297 5437 2385 5492 60.
2412 5436 2543 5492 Item
2575 5438 2874 5505 Gregorize.
2907 5436 3243 5492 cubicularis:
3266 5434 3515 5503 Augusta:
3533 5472 3549 5499 ,
3572 5438 3696 5502 post
3720 5443 3824 5484 cae-

2229 5538 2342 5583 tera
2372 5546 2384 5582 :
2422 5549 2439 5581 ι
2459 5529 2613 5599 Quod
2646 5530 2874 5585 dulcedo
2906 5538 2997 5585 tua
3029 5529 3081 5584 in
3109 5529 3220 5583 suis
3248 5525 3488 5598 epistolis
3514 5522 3819 5594 subjunsit,

2234 5619 2595 5690 importunam
2625 5636 2683 5675 se
2713 5621 2843 5674 mihi
2866 5620 3097 5675 existere
3128 5632 3409 5689 quousque
3433 5615 3665 5672 scribam
3688 5612 3818 5669 mihi

2228 5730 2349 5771 esse
2377 5714 2675 5771 revelatum
2705 5714 2829 5782 quia
2855 5721 3075 5787 peccata
3100 5721 3189 5766 tua
3217 5711 3434 5767 dimissa
3464 5709 3589 5775 sint,
3618 5722 3732 5764 rem
3765 5713 3819 5761 et

2224 5805 2495 5860 difﬁcilem
2528 5815 2582 5859 et
2633 5806 2876 5860 inutilem
2929 5803 3233 5875 postulasti.
3260 5800 3539 5858 Difﬁcilem
3569 5799 3812 5871 quidem,

2222 5898 2346 5968 quia
2376 5912 2483 5965 ego
2505 5896 2749 5969 indignus
2777 5916 2917 5964 sum,
2940 5900 3023 5955 cui
3056 5899 3313 5973 revelatio
3334 5896 3449 5955 fieri
3477 5894 3707 5961 debeat;
3734 5894 3800 5948 ίιὶο

2221 5989 2407 6053 utilem
2432 6001 2583 6053 νεῖον.
2603 5989 2729 6071 quia
2751 6006 2945 6051 secura
2965 5992 3033 6049 de
3052 5992 3293 6067 peccatis
3309 5990 3412 6049 tuis
3435 5990 3550 6065 fieri
3577 6005 3690 6047 non
3710 5990 3809 6051 αθ-
