4138 6472
367 360 475 415 εὖ

962 362 1027 422 S.
1063 362 1393 424 GREGORII
1432 365 1644 425 MAGNI
1686 364 1873 436 VITA,
1915 360 2117 431 AUCT.
2158 365 2419 424 JOANNE
2459 367 2775 427 DIACONO.
2824 369 2949 428 LIB.
2995 371 3085 429 IV.

3546 379 3642 433 ΞΗ

363 484 475 554 bes,
500 483 602 543 nisi
622 497 746 543 eum
772 483 882 556 iam
907 482 960 541 in
989 481 1075 540 die
1100 483 1221 539 vitae
1244 492 1348 540 tuae
1373 484 1564 541 ultimo
1585 484 1840 557 plangere
1860 497 1951 539 ea-
1980 486 2026 547 Α
2054 483 2280 555 halaret,
2314 485 2607 543 Sabiniano
2636 503 2733 543 suo
2772 489 3003 545 diacono
3032 487 3642 562 Constantinopolitano

363 579 485 636 dem
516 582 739 651 peccata
769 574 991 634 minimc
1010 575 1246 644 valebis;
1274 591 1396 649 qua:
1414 576 1530 633 dies
1551 590 1834 648 quousque
1864 590 1955 631 ve-

360 671 493 735 niat,
520 685 736 743 semper
762 677 1036 741 suspecta,
1067 684 1281 742 semper
1309 669 1536 742 trepida,
1570 676 1815 723 metuere
1835 667 1954 722 cul-

361 776 459 835 pas
498 761 686 831 debes,
725 773 889 834 atque
939 778 1031 820 eas
1074 761 1401 833 quotidianis
1438 760 1650 816 ﬂetibus
1687 759 1887 815 lavare.
1928 778 1947 811 ι

361 853 502 929 (Lib.
535 869 628 920 vn,
660 851 763 926 Ερ.
798 851 914 927 ss.)

430 945 488 1002 6i
504 984 518 999 .
536 944 667 1001 Item
686 944 996 1014 Anastasio,
1014 944 1327 1016 presbytero
1348 942 1580 1008 Isauriae,
1600 949 1723 1014 post
1739 942 1915 1012 aliqua
1938 959 1953 994 :

362 1054 386 1093 ι
417 1035 531 1092 Tua
560 1037 743 1106 itaque
768 1035 1081 1093 fraternitas
1119 1043 1376 1107 quantum
1411 1037 1466 1091 in
1489 1035 1753 1091 charitatc
1779 1033 1957 1108 perfe-

359 1140 446 1190 cta
476 1131 569 1200 sit,
593 1132 735 1188 scio:
767 1139 824 1188 et
860 1132 948 1202 qui
978 1131 1404 1203 omnipotentem
1434 1129 1601 1186 Deum
1619 1129 1846 1185 multum
1876 1129 1955 1184 di-

358 1224 495 1296 ligit,
520 1233 739 1297 oportet
770 1233 828 1281 ut
848 1225 920 1281 de
946 1225 1194 1297 proximo
1239 1226 1466 1281 multum
1498 1232 1806 1295 praesumat.
1836 1223 1953 1279 Non

357 1319 503 1375 enim
546 1319 667 1375 loca
698 1318 783 1376 vel
811 1318 1031 1375 ordines
1059 1318 1305 1375 Creatori
1356 1326 1542 1374 nostro
1571 1318 1847 1388 proximos
1876 1315 1955 1371 fa-

358 1410 533 1479 ciunt,
574 1411 669 1467 sed
697 1410 748 1467 ei
796 1427 895 1469 eos
925 1420 1019 1467 aut
1046 1412 1239 1469 merita
1279 1412 1421 1469 bona
1451 1409 1818 1481 conjungunt,
1860 1420 1953 1466 aut

357 1504 500 1561 mala
542 1502 873 1575 disiungunt.
897 1504 1032 1574 Quia
1059 1519 1187 1577 ergo
1218 1505 1390 1561 adhuc
1413 1505 1675 1561 incertum
1699 1513 1809 1573 est,
1833 1508 1953 1577 quis

359 1594 588 1651 interius
604 1595 778 1665 qualis
795 1594 889 1665 sit,
903 1611 1000 1651 cur
1016 1611 1124 1652 non
1146 1595 1347 1651 audeas
1375 1596 1634 1661 scribere,
1661 1612 1783 1652 cum
1812 1598 1954 1654 inter

357 1708 447 1751 me
477 1701 533 1751 et
560 1702 615 1751 te
638 1693 762 1764 quis
789 1694 862 1749 sit
886 1693 1136 1765 superior
1157 1694 1397 1763 ignores?
1413 1693 1480 1750 Et
1499 1694 1715 1765 quidem
1739 1694 1877 1751 bene
1900 1703 1955 1752 te

358 1792 544 1849 vivere
567 1794 705 1861 scio,
730 1806 820 1847 me
845 1798 1024 1847 autem
1065 1790 1248 1846 multis
1277 1799 1560 1846 oneratum
1595 1791 1831 1862 peccatis
1857 1807 1954 1849 co-

2060 576 2321 643 scribens,
2362 578 2438 632 ait
2480 597 2492 630 :
2543 598 2561 630 ι
2598 578 2775 635 Unum
2816 588 2899 637 est
2936 581 3081 653 quod
3117 582 3355 639 breviter
3392 598 3651 655 suggeras

2058 668 2413 724 serenissimis
2450 668 2679 725 dominis
2723 672 2953 740 nostris,
2985 674 3111 743 quia
3133 674 3177 731 si
3206 688 3306 745 ego
3336 690 3524 734 servus
3552 693 3649 734 eo-

2057 776 2174 816 rum
2199 761 2250 815 in
2281 769 2459 817 morte
2483 760 2958 831 Langobardorum
2987 780 3077 821 me
3106 764 3334 823 miscere
3355 769 3647 826 voluissem

2057 852 2217 909 hodie
2259 852 2737 923 Langobardorum
2781 868 2913 923 gens
2945 870 3045 911 nec
3071 870 3276 927 regem,
3308 873 3410 915 nec
3459 858 3645 929 duces,

2058 960 2160 1002 nee
2188 946 2413 1001 comites
2440 946 2688 1009 haberet,
2721 946 2963 1014 atquein
2994 960 3201 1003 summa
3232 950 3548 1008 confusiOne
3575 952 3650 1007 di-

2057 1037 2171 1092 visa
2201 1046 2362 1095 esset.
2397 1037 2504 1093 Sed
2525 1038 2651 1108 quia
2679 1037 2847 1093 Deum
2874 1037 3060 1104 timeo,
3085 1040 3139 1095 in
3167 1050 3343 1097 morte
3360 1042 3650 1113 cujuslibet

2057 1131 2291 1186 hominis
2316 1146 2404 1186 me
2433 1131 2661 1186 miscere
2707 1128 2958 1186 formido.
2992 1129 3235 1187 Malchus
3281 1141 3460 1190 autem
3505 1134 3647 1192 idem

2057 1223 2340 1294 episcopus
2368 1237 2543 1293 neque
2572 1222 2626 1277 in
2646 1221 2894 1279 custodia
2923 1220 3044 1292 fuit,
3069 1238 3249 1294 neque
3272 1225 3329 1279 in
3356 1226 3537 1297 aliqua
3561 1227 3645 1282 ai-

2055 1313 2312 1382 tlictione,
2364 1316 2457 1372 sed
2489 1315 2577 1371 die
2623 1331 2727 1386 qua
2759 1331 2979 1372 causam
3008 1315 3145 1371 dixit
3173 1324 3229 1372 et
3272 1318 3519 1377 addictus
3538 1329 3643 1389 est,

2055 1408 2331 1464 nesciente
2378 1422 2487 1476 me,
2520 1423 2547 1463 a
2581 1406 2857 1465 Bonifacio
2912 1410 3127 1465 notario
3156 1410 3211 1465 in
3259 1411 3479 1467 domum
3530 1413 3648 1483 ejus

2056 1500 2374 1565 ductus‘est,
2400 1500 2580 1571 ibique
2601 1501 2908 1572 prandidit,
2936 1509 2993 1558 et
3021 1503 3323 1559 honoratus
3350 1511 3437 1559 est
3461 1504 3531 1559 ab
3556 1520 3645 1571 eo,

2056 1601 2111 1650 et
2160 1602 2320 1650 nocte
2366 1594 2546 1650 subito
2596 1601 2843 1652 mortuus
2899 1604 2982 1651 est
3027 1596 3299 1654 inventus.
3329 1614 3350 1651 ι
3380 1594 3533 1671 (Lib.
3573 1613 3646 1667 Iv,

2054 1706 2133 1759 ep.
2165 1672 2283 1757 47.)
3358 1700 3383 1709 “

2126 1779 2215 1836 65.
2245 1780 2412 1851 Igitur
2431 1781 2486 1836 in
2515 1781 2765 1838 omnibus
2794 1782 2905 1838 suis
2933 1782 3092 1840 dictis
3112 1785 3197 1840 vel
3220 1785 3494 1858 operibus,
3513 1785 3651 1843 ϐινο-

355 1899 582 1954 gnos“,
613 1884 722 1942 Sed
760 1884 862 1941 eisi
891 1883 1008 1954 ipse
1043 1890 1299 1953 peccator
1327 1898 1409 1951 es,
1437 1890 1617 1939 tamen
1647 1898 1736 1939 me
1781 1884 1951 1940 multo
1982 1878 2028 1940 B
2055 1875 2238 1945 gorius
2276 1874 2647 1930 imminentem
2692 1873 2883 1931 futurae
2910 1876 3282 1932 retributionis
3328 1877 3473 1933 diem
3518 1876 3649 1934 ulti-

356 1976 551 2033 melior
569 1991 648 2041 es,
674 1976 801 2046 quia
829 1984 920 2033 tua
947 1982 1006 2029 tu
1034 1974 1424 2041 tantummodo,
1470 1989 1572 2046 ego
1598 1990 1729 2031 vero
1759 1982 1813 2032 et
1856 1990 1951 2031 eo—

359 2082 485 2124 rum
511 2067 604 2137 qui
652 2066 782 2123 mihi
813 2066 1087 2123 commissi
1115 2075 1240 2122 sunt
1264 2074 1486 2137 peccata
1528 2074 1707 2138 porto.
1740 2066 1798 2122 In
1843 2067 1950 2125 hoc

355 2173 489 2228 ergo
533 2168 585 2214 te
613 2159 803 2226 altum,
829 2158 883 2215 in
924 2159 1027 2216 hoc
1055 2166 1109 2214 te
1138 2172 1393 2227 magnum
1419 2158 1646 2230 aspicio,
1675 2158 1799 2229 quia
1823 2166 1949 2216 ante

355 2254 626 2311 humanos
652 2253 840 2310 oculos
865 2252 918 2308 in
942 2265 1137 2322 magno
1169 2260 1335 2323 atque
1361 2252 1415 2307 in
1445 2252 1554 2308 alto
1584 2252 1705 2308 loco
1728 2252 1949 2310 minime

356 2345 633 2417 proiecisti
665 2364 679 2399 :
707 2345 760 2401 iu
791 2361 900 2414 quo
942 2360 1083 2417 saepe
1114 2344 1241 2402 dum
1270 2344 1510 2401 exterius
1533 2344 1602 2399 ab
1642 2344 1949 2401 hominibus

358 2436 537 2493 honor
561 2435 834 2503 tribuitur,
853 2434 922 2490 ad
949 2434 1059 2489 ima
1080 2433 1290 2490 animus
1317 2434 1598 2504 mergitur,
1639 2434 1764 2505 quia
1806 2435 1949 2492 curis

356 2529 792 2600 discerpentibus
811 2542 1083 2597 gravatur.
1100 2526 1219 2583 Tibi
1240 2534 1420 2583 autem
1441 2528 1787 2597 omnipotens
1808 2528 1949 2585 Deus

355 2623 507 2693 juxta
535 2621 639 2678 hoc
659 2620 805 2691 quod
826 2621 1086 2690 scriptum
1115 2627 1217 2686 est,
1240 2620 1495 2675 Ascensus
1516 2622 1568 2674 in
1592 2620 1747 2675 corde
1773 2620 1949 2692 dispo-

355 2716 459 2771 suit
488 2717 543 2770 in
563 2715 693 2771 ualle
721 2716 1069 2786 lacrumarum
1097 2713 1271 2786 (Psal.
1300 2729 1449 2781 xxxi,
1476 2712 1555 2783 6).
1579 2712 1745 2769 Multo
1767 2722 1949 2769 autem

354 2807 489 2863 mihi
511 2806 694 2874 altior,
725 2805 895 2863 multo
922 2805 1203 2863 sublimior
1228 2803 1403 2863 videri
1432 2812 1672 2876 poteras,
1699 2806 1745 2861 si
1774 2820 1950 2877 neque

355 2896 610 2953 ducatum
635 2897 949 2954 monasterii
976 2896 1123 2968 quod
1149 2896 1291 2953 Neas
1311 2896 1512 2954 dicitur
1540 2897 1889 2970 suscepisses.
1923 2917 1942 2952 ι

356 2987 503 3058 (Lib.
530 3006 623 3058 vii,
654 3006 737 3060 ep.
762 2988 879 3060 59..)

2051 1984 2200 2023 mum
2228 1967 2614 2040 perpendebat,
2647 1977 2908 2039 tantoque
2950 1972 3160 2025 cautius
3189 1979 3384 2027 cuncta
3424 1981 3651 2031 cuncto-
3688 2028 3701 2038 _

2052 2077 2171 2117 rum
2225 2062 2441 2132 negotia
2481 2062 2817 2134 ponderabat
2862 2071 3064 2132 quanto
3112 2064 3463 2136 propinquius
3487 2065 3650 2123 tinem

2051 2155 2233 2211 mundi
2251 2156 2521 2220 insistere,
2553 2155 2723 2211 ruinis
2748 2154 2863 2225 ejus
2884 2155 3371 2222 crebrescentibus,
3398 2156 3650 2215 adverte-

2050 2248 2160 2303 bat.
2194 2247 2535 2319 Quapropter
2574 2248 2626 2302 in
2666 2248 2903 2303 homiliis
2932 2247 3270 2318 Evangelicis
3286 2249 3538 2321 perhibet
3561 2250 3647 2309 di-

2052 2356 2180 2396 cens
2212 2360 2223 2392 :
2262 2359 2279 2391 ι
2310 2338 2579 2409 Exsurget
2599 2355 2731 2412 gens
2759 2349 2948 2397 contra
2970 2350 3185 2411 gentem
3215 2350 3271 2397 et
3298 2357 3520 2414 regnum
3548 2342 3649 2400 ad-

2051 2448 2238 2488 versus
2262 2446 2511 2501 regnum,
2540 2441 2597 2487 et
2616 2439 2774 2489 erunt
2801 2441 2958 2488 terrae
2981 2441 3158 2489 motus
3182 2434 3362 2505 magni
3381 2451 3480 2508 per
3504 2435 3648 2510 loca,

2051 2525 2369 2596 pestilentiae
2398 2532 2453 2580 et
2478 2524 2664 2581 fames.
2699 2546 2718 2578 ι
2747 2524 2815 2579 Et
2840 2526 3161 2597 quibusdam
3193 2528 3525 2600 interpositis
3552 2530 3650 2587 ad-

2046 2602 2224 2686 iunxit
2255 2634 2265 2669 :
2308 2634 2325 2668 ι
2362 2614 2430 2670 Ει
2458 2626 2613 2672 erunt
2652 2618 2804 2688 signa
2833 2618 2887 2673 in
2913 2619 3029 2674 sole
3058 2627 3114 2674 et
3138 2619 3263 2676 luna
3291 2628 3346 2677 et
3369 2621 3559 2691 stellis,
3588 2631 3647 2680 et

2051 2707 2105 2762 in
2136 2707 2295 2763 terris
2330 2722 2580 2778 pressura
2631 2711 2870 2779 gentium
2918 2725 3031 2781 prae
3074 2711 3393 2769 confusione
3436 2715 3647 2772 sonitus

2050 2799 2215 2854 maris
2244 2806 2298 2854 et
2324 2797 2606 2855 ﬂuctuum.
2639 2799 2718 2855 Ex
2748 2801 2942 2873 quibus
2972 2802 3222 2873 profecto
3252 2805 3503 2862 omnibus
3540 2807 3645 2863 alia

2047 2890 2159 2960 jam
2190 2889 2331 2945 facta
2354 2891 2645 2958 cernimus,
2676 2892 2780 2947 alia
2811 2893 2865 2947 in
2908 2895 3157 2965 proximo
3195 2902 3424 2951 ventura
3454 2896 3647 2954 formi-

2051 2982 2260 3037 damus.
2293 2982 2423 3036 Nam
2470 2991 2685 3052 gentem
2732 2995 2922 3041 contra
2964 2995 3181 3056 gentem
3210 2979 3523 3061 exsurgere,
3557 3007 3648 3048 ca-

430 3081 517 3136 62.
553 3084 682 3138 Item
715 3081 993 3153 Stephano
1019 3084 1300 3154 episcopo,
1322 3082 1463 3138 inter
1492 3081 1597 3137 alia
1624 3100 1639 3135 :
1674 3100 1693 3135 ι
1722 3080 1947 3139 Multum
2052 3090 2282 3145 rumque
2310 3080 2618 3147 preSsm'am
2669 3079 2829 3134 terris
2859 3080 3136 3147 insistere,
3170 3084 3292 3154 plus
3309 3085 3422 3154 jam
3465 3085 3519 3140 in
3551 3102 3649 3141 ησ-

360 3173 516 3242 uilli,
545 3182 601 3228 et
642 3173 782 3229 ultra
810 3189 974 3245 quam
1002 3174 1253 3244 indiguus
1279 3174 1465 3230 audire
1495 3173 1677 3243 debui,
1705 3173 1948 3232 favorem
2053 3169 2179 3224 stris
2208 3169 2645 3225 tribulationibus
2674 3172 2946 3228 cernimus
2975 3189 3137 3244 quam
3184 3175 3239 3230 in
3268 3177 3545 3234 codicibus
3572 3179 3639 3235 le.

359 3268 413 3322 in
446 3267 688 3336 epistolis
715 3258 1221 3324 demonstratis'Et
1240 3269 1500 3339 scriptum
1530 3265 1743 3323 estzNe
1772 3268 1949 3324 laudes
1975 3269 2023 3335 C
2056 3260 2249 3329 Simus-
2283 3258 2435 3328 Quod
2484 3268 2643 3316 terra!
2681 3270 2861 3319 motus
2891 3263 3051 3319 urbes
3091 3263 3402 3321 innumeras
3430 3268 3652 3337 obruat,

356 3359 614 3413 hominem
642 3359 889 3431 quamdiu
910 3360 1028 3415 vivit
1061 3359 1247 3429 (Eccli.
1274 3376 1351 3428 ιι,
1380 3357 1495 3413 50).
1519 3360 1587 3412 At
1606 3360 1822 3415 tametsi
1850 3375 1949 3416 au-
2053 3367 2120 3407 ex
2150 3352 2271 3407 aliis
2292 3350 2487 3406 mundi'
2507 3354 2749 3423 Partibus
2767 3394 2781 3419 ν
2811 3355 2996 3423 scitis,
3024 3370 3187 3426 quam
3212 3356 3526 3428 frequenter
3552 3374 3639 3416 au-

358 3450 472 3506 dire
496 3450 622 3505 talia
646 3450 839 3520 dignus
864 3467 974 3508 non
1026 3451 1117 3518 iui,
1152 3451 1487 3509 orationibus
1514 3450 1708 3505 vestris
1735 3461 1865 3522 peto
1892 3460 1951 3508 ut

356 3543 545 3612 dignus
590 3543 834 3611 alliciar,
866 3552 929 3600 ut
967 3544 1014 3602 si
1059 3544 1202 3601 bona
1229 3545 1283 3599 in
1313 3558 1401 3599 me
1431 3559 1541 3600 non
1584 3543 1705 3599 ideo
1741 3544 1950 3601 dixistis

356 3630 479 3700 quia
510 3638 669 3696 sunt,
697 3630 822 3686 ideo
844 3630 953 3688 sint
980 3630 1106 3702 quia
1137 3630 1368 3687 dixistis.
1404 3649 1423 3683 ι
1455 3628 1597 3701 (Lib.
1622 3646 1727 3696 vn,
1751 3647 1833 3702 ep.
1866 3628 1946 3702 8.)

432 3717 519 3773 63.
549 3718 655 3774 Sed
686 3735 754 3775 ne
783 3720 914 3776 solis
940 3720 1123 3777 verbis
1148 3721 1284 3776 tanti
1306 3720 1547 3791 praesulis
1568 3720 1842 3776 humilitas
1868 3721 1951 3778 in-

357 3810 557 3867 culcari
589 3810 858 3880 credatur,
883 3820 1131 3882 superest
1152 3821 1211 3866 ut
1238 3827 1307 3867 ex
1332 3810 1644 3867 Graecorum
1669 3811 1947 3869 relationi-

356 3901 458 3958 bus
485 3900 555 3954 ad
582 3916 666 3954 me
688 3916 860 3971 nuper
879 3902 1250 3971 interpretatis
1269 3901 1458 3957 eadem
1479 3900 1655 3956 Patris
1674 3900 1949 3958 humilitas

358 3990 494 4048 vivis
523 3992 774 4062 operibus
816 3992 1237 4058 demonstretur,
1264 3992 1319 4046 in
1358 3990 1551 4063 quibus
1586 3990 1836 4046 videlicet
1873 3991 1947 4045 ita

357 4086 608 4142 telcrtur.
634 4084 924 4141 Enarravit
942 4083 1099 4138 nobis
1126 4083 1293 4138 abbas
1321 4082 1579 4147 Joannes,
1615 4082 1800 4149 Persa,
1825 4098 1949 4139 sau-

359 4187 476 4235 rtus
504 4186 559 4233 et
587 4176 915 4233 reverendus
936 4176 1017 4231 vir
1057 4176 1322 4244 existens,
1353 4175 1421 4231 de
1452 4188 1648 4244 magno
1685 4174 1949 4247 Gregorio

358 4272 669 4328 beatissimo
699 4285 838 4343 papa
880 4284 1131 4336 romano,
1161 4268 1386 4324 dicens:
1418 4267 1557 4324 Olim
1600 4268 1670 4325 ivi
1719 4268 1945 4324 Romam

356 4363 423 4419 ad
459 4362 793 4418 adorandum
818 4361 1024 4418 loculos
1052 4369 1361 4420 sanctorum
1401 4361 1771 4434 apostolorum
1800 4360 1947 4419 Petri

356 4464 412 4512 ct
441 4453 614 4522 Pauli;
636 4464 691 4510 et
716 4470 819 4511 una
850 4455 1077 4516 dierum,
1101 4470 1223 4509 cum
1253 4462 1454 4510 starem
1478 4454 1533 4508 in
1553 4454 1729 4510 medio
1760 4454 1949 4510 civita-

357 4548 443 4613 tis,
468 4548 626 4603 video
658 4562 848 4619 papam
891 4546 1213 4616 Gregorium
1233 4562 1333 4618 per
1356 4562 1443 4603 me
1488 4548 1861 4616 transiturum,
1892 4555 1947 4605 et

2052 3444 2301 3499 divimus.
2336 3442 2680 3500 Pestilentias
2709 3446 2829 3501 sine
2853 3449 3159 3504 cessatione
3197 3450 3452 3520 patimur.
3484 3451 3649 3523 Signa

2049 3552 2181 3593 vero
2210 3538 2265 3592 in
2294 3537 2430 3604 sole,
2465 3545 2520 3593 et
2548 3538 2694 3605 luna,
2727 3546 2784 3594 et
2811 3533 2993 3595 stellis'
3009 3540 3185 3597 adhuc
3213 3551 3402 3614 aperte
3426 3545 3649 3602 minime

2049 3628 2314 3695 vidimus;
2348 3628 2443 3685 sed
2482 3630 2607 3699 quia
2639 3631 2755 3686 hare
2784 3646 2893 3686 non
2922 3631 3084 3701 longe
3110 3633 3221 3689 sint
3242 3676 3257 3701 ,
3289 3650 3356 3690 ex
3398 3636 3511 3706 ipsa
3536 3637 3647 3707 jam

2052 3721 2192 3778 aeris
2239 3720 2618 3777 immutatione
2665 3723 2984 3793 colligimus.
3021 3725 3278 3792 Quamvis
3306 3729 3456 3799 prius
3483 3744 3649 3799 quam

2048 3810 2199 3866 Italia
2245 3813 2429 3881 gentili
2484 3813 2661 3883 gladio
2709 3813 2947 3869 ferienda
3003 3818 3330 3888 traderetur,
3363 3822 3550 3889 igneas
3591 3824 3648 3879 in

2049 3904 2188 3959 coelo
2218 3904 2362 3958 acies
2383 3903 2634 3971 vidimus,
2665 3905 2949 3975 ipsumque
2967 3909 3059 3975 qui
3088 3916 3277 3978 postea
3306 3911 3527 3967 humani
3554 3927 3648 3983 ge-

2052 3993 2198 4048 neris
2236 3991 2387 4049 t‘usus
2430 4000 2531 4059 est,
2585 3994 2898 4064 sanguinem
2955 4006 3354 4056 coruscantem.
3384 4001 3644 4061 Confusio

2016 4093 2232 4140 autem
2274 4086 2440 4143 maris
2468 4094 2524 4143 et
2550 4085 2813 4143 ﬂuctuum
2842 4090 3071 4146 necdum
3120 4107 3261 4148 nova
3298 4104 3487 4151 exorta
3537 4105 3639 4166 est,

2048 4176 2143 4232 sed
2170 4193 2291 4233 cum
2320 4178 2489 4233 multa
2512 4178 2623 4249 jam
2662 4182 3020 4249 prauuntiata
3068 4184 3177 4238 sint
3221 4188 3511 4258 completa,
3542 4189 3643 4247 du-

2048 4268 2195 4323 bium
2224 4284 2331 4324 non
2383 4279 2465 4325 est
2493 4270 2620 4339 quin
2651 4279 2947 4340 sequantur
2973 4273 3138 4328 etiam
3170 4290 3343 4347 pauca
3389 4293 3510 4349 qua:
3555 4294 3643 4337 re-

2048 4367 2214 4424 stant,
2246 4362 2369 4431 quia
2410 4363 2750 4432 sequentium
2776 4378 2955 4419 rerum
2987 4366 3257 4422 certitudo
3284 4380 3368 4424 est
3399 4371 3643 4438 praeteri-

2050 4460 2235 4508 tarum
2265 4453 2687 4525 exhibitio.§»|Et
2715 4455 2879 4525 paulo
2900 4465 3021 4526 post
3050 4474 3062 4509 :
3093 4475 3114 4509 ε
3132 4456 3291 4525 Ecce,
3308 4460 3500 4517 fratres
3513 4464 3639 4530 mei,

2045 4546 2159 4614 jam
2207 4546 2479 4600 cernimus
2502 4545 2645 4615 quod
2676 4546 3048 4604 audiebamus.
3092 4532 3263 4607 Novis
3295 4554 3538 4622 quotidie
3587 4565 3646 4614 et

357 4638 589 4708 cogitavi
618 4654 703 4694 me
742 4638 956 4694 mittere
994 4647 1118 4693 ante
1156 4654 1300 4696 eum.
1331 4636 1467 4694 Cum
1497 4652 1627 4707 ergo
1656 4642 1946 4711 appropiu-
1974 4652 2029 4713 Β
2051 4636 2517 4693 crebrescentibus
2541 4636 2698 4691 malis
2725 4638 2958 4693 mundus
2987 4648 3229 4707 urgetur.
3259 4638 3335 4695 Ex
3365 4643 3456 4697 illa
3483 4644 3643 4715 plebe

355 4738 576 4802 quasset
606 4730 737 4786 mihi
762 4746 930 4802 papa,
962 4731 1155 4786 videns
1189 4731 1313 4801 quia
1347 4744 1624 4800 pergerem
1657 4741 1716 4787 ut
1763 4732 1944 4790 mitte-

264 4843 273 4852 ·
356 4838 473 4879 rem
502 4837 587 4878 me
609 4830 736 4879 ante
758 4823 1058 4891 eum,sicut
1086 4838 1269 4878 coram
1292 4822 1402 4877 Deo
1426 4823 1569 4890 dico,
1598 4823 1815 4895 fratres,
1838 4826 1947 4897 pri-

354 4931 475 4972 mus
504 4916 650 4973 misit
668 4931 728 4973 se
748 4924 876 4970 ante
902 4931 990 4970 me
1018 4930 1180 4985 super
1208 4923 1430 4986 terram,
1454 4924 1510 4973 et
1534 4932 1643 4973 non
1675 4926 1799 4973 ante
1829 4934 1947 4975 sur-

351 5008 496 5064 rexit
516 5023 679 5079 quam
727 5021 827 5079 ego
844 5006 1006 5078 'prior
1046 5021 1355 5075 surgerem,
1380 5016 1437 5063 et
1480 5009 1820 5079 amplexatus
1861 5025 1947 5066 me

350 5114 475 5155 cum
506 5100 674 5155 multa
703 5097 1043 5167 humilitate,
1071 5096 1257 5153 tribuit
1292 5097 1422 5151 mibi
1460 5113 1556 5167 per
1594 5114 1811 5154 manum
1853 5116 1945 5155 nu-

350 5191 600 5249 tuismata
627 5191 763 5260 tria,
794 5198 849 5246 et
866 5189 1025 5261 jussit
1053 5188 1181 5243 mihi
1219 5187 1335 5242 dari
1362 5188 1595 5243 casulam
1628 5200 1682 5243 et
1709 5194 1945 5249 necessi-

351 5289 493 5339 tates
522 5297 671 5341 meas
697 5295 911 5338 omnes.
936 5278 1244 5335 Glorilicavi
1273 5292 1402 5347 ergo
1439 5279 1631 5345 Deum,
1663 5281 1752 5353 qui
1776 5282 1946 5338 dona-

352 5374 429 5428 vit
458 5376 509 5431 ei
537 5375 705 5431 talem
742 5374 1101 5429 humilitatem
1124 5371 1267 5429 circa
1308 5386 1498 5427 omnes
1517 5413 1535 5439 ,
1564 5382 1618 5428 et
1645 5374 1943 5448 eleemosy-

350 5481 476 5519 nam
500 5473 554 5519 et
574 5464 913 5520 charitatem.
950 5463 1124 5532 (Prat.
1154 5464 1347 5533 spirit.,
1380 5479 1424 5516 c.
1461 5461 1608 5535 151.)

429 5555 591 5633 ’[62
612 5555 713 5610 64-
730 5554 866 5613 Hinc
887 5564 969 5615 est
998 5556 1143 5623 quod
1168 5555 1585 5625 patientissimus
1616 5565 1800 5627 pastor
1825 5556 1955 5614 Gre-

350 5641 540 5719 gorius'
557 5660 722 5716 penes
742 5646 1122 5723 imperatorem
1155 5644 1592 5717 Mauricium,sibi
1621 5663 1841 5719 prorsus
1871 5651 1951 5705 in-

356 5737 589 5801 fensum,
619 5734 820 5794 dudum
851 5746 1133 5795 accusatus
1153 5736 1295 5807 quod
1317 5736 1581 5794 Malchum
1614 5740 1944 5812 episcopum,

354 5831 439 5888 sui
486 5829 793 5902 patrimonii
832 5830 1191 5899 provisorem,
1216 5844 1317 5903 pro
1344 5834 1571 5888 retentis
1600 5833 1949 5904 pensionibus

356 5920 548 5979 tamdiu
590 5920 647 5978 in
674 5921 937 5981 custodiis
961 5918 1241 5976 aiilixisset
1269 5935 1550 5991 quousque
1574 5923 1821 5991 spiritum
1846 5940 1946 5983 ex-

2053 4727 2332 4780 iunumera
2360 4728 2547 4797 quanti
2577 4729 2946 4784 remanseritis
2973 4730 3230 4800 aspicitis,
3254 4742 3310 4789 et
3339 4742 3518 4791 tamen
3548 4738 3644 4793 ad-

2052 4818 2159 4874 huc
2197 4819 2441 4888 quotidie
2478 4817 2687 4890 ﬂagella
2732 4831 2943 4892 urgent,
2973 4825 3243 4891 repentini
3270 4840 3429 4883 casus
3466 4833 3644 4901 oppri-

2051 4922 2225 4981 munt,
2250 4926 2403 4966 nova:
2431 4928 2529 4968 nos
2568 4921 2624 4968 et
2656 4914 2963 4983 improvisae
2991 4914 3171 4973 clades
3192 4916 3456 4990 amigunt.
3489 4922 3643 4981 Sient

2049 5004 2191 5058 enim
2241 5004 2295 5057 in
2320 5006 2602 5071 juventute
2631 5006 2776 5075 viget
2820 5020 3038 5076 corpus,
3094 5008 3239 5066 forte
3276 5020 3331 5067 et
3369 5012 3642 5074 incolume

2050 5103 2237 5151 manet
2265 5104 2473 5165 pectus,
2506 5105 2687 5152 torosa
2713 5099 2915 5166 cervix,
2945 5101 3104 5171 plena
3133 5113 3264 5161 sunt
3306 5107 3557 5177 brachia;
3587 5112 3643 5167 in

2052 5188 2208 5241 annis
2236 5193 2416 5241 autem
2438 5187 2699 5244 senilibus
2726 5198 2935 5246 statura
2960 5202 3239 5261 curvatur,
3262 5200 3448 5255 cervix
3468 5203 3643 5259 exsic-

2053 5285 2172 5331 cata
2201 5277 2508 5345 deponitur,
2538 5278 2916 5350 frequentibus
2959 5286 3205 5356 suspiriis
3248 5298 3442 5359 pectus
3479 5303 3642 5362 urge-

2054 5378 2161 5439 tur,
2178 5370 2347 5423 virtus
2373 5369 2577 5441 deﬁcit,
2607 5373 2879 5443 loquentis
2900 5378 3063 5433 verba
3084 5380 3359 5437 anhelitus
3383 5382 3641 5441 interclu-

2055 5462 2133 5515 dit
2155 5462 2304 5532 (nam
2325 5462 2370 5518 si
2392 5462 2619 5533 languor
2647 5466 2806 5533 desit,
2838 5467 3151 5542 plerumque
3170 5473 3389 5530 senibus
3408 5474 3523 5544 ipsa
3550 5491 3640 5531 sa-
3680 5528 3685 5534 .

2054 5556 2135 5609 lus
2163 5556 2425 5625 mgritudo
2452 5558 2555 5627 est)
2589 5576 2601 5613 :
2643 5560 2717 5616 ita
2752 5570 2809 5617 et
2837 5564 3067 5620 mundus
3094 5567 3149 5620 iu
3177 5567 3332 5619 annis
3370 5568 3641 5636 prioribus
3670 5627 3679 5642 ,

2055 5648 2201 5701 velut
2225 5646 2279 5701 in
2322 5646 2608 5715 juventute
2646 5651 2839 5723 viguit,
2863 5655 2935 5710 ad
2972 5654 3373 5727 propagandam
3420 5659 3641 5720 humani

2050 5740 2267 5811 generis
2310 5742 2514 5811 prolem
2565 5744 2823 5801 robustus
2868 5747 2989 5813 fuit,
3017 5747 3193 5801 salute
3220 5760 3506 5816 corporum
3561 5757 3641 5810 vi-

2052 5834 2180 5888 ridis
2205 5834 2479 5905 opulentia
2526 5852 2704 5894 rerum
2730 5841 2972 5911 pinguis;
2995 5849 3050 5895 at
3092 5851 3239 5892 nunc
3266 5840 3383 5908 ipsa
3426 5861 3523 5902 sus
3559 5864 3643 5904 σε.

2050 5936 2269 5985 itectute
2318 5927 2661 5995 deprimitur,
2708 5942 2763 5987 et
2814 5930 2969 5993 quasi
3018 5930 3087 5985 ad
3137 5926 3373 5986 vicinam
3423 5946 3643 5993 morm
