4138 6448
580 389 678 447 £15

1163 388 1217 442 S.
1262 386 1583 442 GREGORH
1626 385 1837 442 MAGNI
1881 386 2058 453 VITA,
2101 382 2306 443 Αυατ.
2348 384 2608 442 JOANNE
2648 385 2961 443 DIACONO.
3001 388 3131 445 LIB.
3170 388 3258 446 IV.

3742 396 3849 453 216

576 507 839 563 molestiis
884 503 1341 559 crebreecentibus
1384 512 1621 572 urgetur.
1681 523 1698 555 ι
1757 504 1981 575 (llomil.
2034 517 2049 555 t
2097 503 2130 556 ii

2257 498 2452 555 dicitur
2472 519 2484 555 :
2501 498 2759 570 E/ferbuit
2785 505 2947 558 coctio
2968 503 3098 575 ejus,
3116 514 3167 561 st
3191 505 3403 561 decocta
3423 518 3545 563 sunt
3566 526 3686 565 ossa
3703 512 3846 569 illius

576 599 806 670 Euang.)
831 595 897 649 Et
918 595 1107 649 iterum
1134 612 1145 646 :
1185 613 1203 645 ι
1237 593 1433 648 Euntes
1461 596 1756 666 prwdicate,
1793 597 2013 651 dicentes
2035 598 2154 669 quia

574 690 1004 763 appropinquabit
1040 689 1192 759 163
1234 706 1446 760 regnum
1484 693 1726 745 caelorum
1769 690 1948 761 (Matt.
1984 709 2039 757 ι,
2073 692 2149 760 7).

574 782 690 839 Hoc
712 784 846 853 jam,
874 782 1068 837 fratres
1110 782 1433 848 charissimi,
1465 783 1673 838 etiamsi
1697 781 2039 853 Evangelium
2073 791 2155 837 ta-

572 868 735 943 ceat,
767 878 996 931 mundus
1030 876 1245 930 clamat.
1299 875 1487 931 Ruina:
1533 892 1763 947 namque
1812 877 1954 932 illius
1994 894 2155 934 voces

571 978 718 1027 sunt.
745 968 844 1035 Qui
887 969 1031 1023 enim
1060 976 1140 1021 tot
1180 969 1397 1023 attritus
1444 969 1879 1039 percussionibus
1906 987 1936 1024 a
1983 970 2153 1039 gloria

572 1079 667 1123 sua
688 1063 907 1129 cecidit,
929 1062 1081 1130 quasi
1098 1063 1208 1130 jam
1237 1061 1392 1117 nobis
1413 1077 1442 1115 e
1468 1062 1712 1133 proximo
1735 1077 1955 1131 regnum
1985 1062 2153 1129 aliud,

570 1154 714 1225 quod
738 1162 1020 1222 sequatur,
1048 1152 1298 1207 ostendit.
1325 1152 1459 1223 Ipsis
1481 1153 1593 1223 jam
1632 1162 1686 1208 et
1727 1170 1755 1207 a
1786 1155 1977 1223 quibus
2006 1170 2155 1209 ama-

571 1255 661 1301 tur
682 1260 896 1310 amarus
924 1253 1025 1299 est.
1045 1244 1163 1314 Ipse
1192 1244 1335 1298 enim
1363 1244 1477 1313 ejus
1499 1246 1665 1299 ruina:
1692 1244 1979 1315 praedicant
2008 1247 2153 1315 quod

570 1338 835 1394 amandus
860 1353 969 1392 non
998 1345 1105 1393 est.
1131 1336 1189 1392 Si
1217 1338 1361 1393 enim
1389 1339 1599 1394 ruinam
1643 1338 1725 1393 sui
1771 1338 1964 1394 domus
1992 1354 2155 1408 quas-

568 1439 687 1488 sata
717 1431 1042 1497 minaretur,
1073 1430 1312 1500 quisquis
1339 1432 1390 1484 in
1421 1431 1511 1485 illa
1541 1432 1811 1486 habitaret
1834 1433 2069 1502 fugeret,
2101 1443 2155 1487 et

571 1524 665 1592 qui
693 1529 927 1577 stantem
950 1522 1213 1577 dilexerat
1238 1522 1493 1578 recedere
1522 1524 1843 1591 quantocius
1871 1538 1900 1577 a
1929 1524 2155 1578 cadente

572 1602 872 1669 festinaret.
900 1614 955 1670 Si
978 1614 1138 1682 igitur
1166 1615 1393 1670 mundus
1422 1613 1586 1682 cadit,
1611 1623 1666 1669 et
1696 1631 1792 1669 nos
1823 1630 1947 1669 eum
1968 1630 2156 1670 aman-

566 1706 636 1759 do
666 1708 1093 1775 complectimur,
1123 1706 1352 1776 opprimi
1378 1706 1624 1761 volumus
1662 1706 1841 1774 potius
1866 1721 2027 1775 quam
2058 1707 2155 1760 ha-

561 1796 896 1865 bitare,quia
921 1796 1064 1850 nulla
1087 1812 1184 1851 nos
1215 1798 1352 1853 ratio
1374 1814 1403 1851 a
1434 1798 1587 1853 ruina
1612 1798 1753 1851 illius
1780 1807 1996 1867 separat
2020 1814 2155 1869 quos

2256 591 2311 644 in
2341 592 2506 646 medio
2558 594 2668 664 ejus
2701 612 2716 645 :
2747 596 2872 664 quia
2900 597 3047 665 prius
3075 596 3289 666 quidem
3322 599 3376 653 in
3406 614 3470 656 ea
3492 602 3847 661 vehementer

2257 683 2480 739 incaluit
2506 686 2650 741 actio
2680 686 2863 756 gloria:
2891 688 3161 744 saecularis
3180 734 3194 757 ,
3229 690 3325 746 sed
3352 694 3696 762 postmodum
3729 698 3847 768 ipsa

2256 775 2425 845 gloria
2448 792 2569 832 cum
2599 779 2711 834 suis
2751 779 3075 848 sequacibus
3102 781 3316 838 defecit.
3342 783 3447 840 Per
3475 801 3600 843 ossa
3645 790 3847 846 etenim

2255 876 2506 939 potentes
2534 870 2734 936 saaculi,
2761 886 2856 941 per
2883 887 3073 928 carnes
3093 889 3223 929 vero
3251 875 3434 946 populi
3462 876 3845 950 designantur:

2256 960 2382 1028 quia
2411 961 2552 1016 sicut
2580 978 2771 1018 carnes
2800 964 3011 1020 ossibus
3037 976 3341 1036 portantur,
3371 968 3443 1023 ita
3472 986 3572 1041 per
3597 981 3847 1043 potentes

2256 1052 2461 1120 saeculi,
2488 1052 2772 1109 infirmitas
2815 1056 3015 1124 regitur
3053 1059 3397 1129 populorum.
3428 1060 3535 1118 Sed
3562 1077 3691 1120 ecce
3732 1064 3847 1135 jam

2254 1144 2322 1200 de
2342 1146 2432 1200 illa
2459 1161 2647 1203 onmes
2668 1148 2826 1218 hujus
2863 1151 3042 1206 saeculi
3073 1162 3324 1223 potentes
3359 1156 3524 1212 ablati
3551 1167 3677 1214 sunt
3708 1178 3722 1213 :
3752 1176 3847 1216 os-

2255 1251 2316 1292 sa
2339 1252 2467 1308 ergo
2504 1248 2726 1297 excocta
2756 1252 2899 1297 sunt.
2946 1242 3084 1300 Ecce
3118 1246 3304 1317 populi
3338 1247 3653 1305 defecerunt
3682 1267 3847 1308 :car-

2256 1344 2352 1384 nes
2377 1330 2495 1399 ejus
2526 1333 2683 1404 164
2711 1333 3010 1405 liquefactae
3030 1346 3171 1391 sunt.
3205 1337 3425 1393 Dicatur
3444 1354 3573 1411 ergo
3604 1359 3618 1395 :
3644 1341 3848 1415 Conge-

2257 1437 2311 1473 re
2352 1438 2472 1476 ossa
2498 1440 2611 1493 qua:
2647 1425 2766 1495 igne
2806 1428 3139 1497 succendam,
3173 1441 3538 1486 consumentur
3566 1450 3765 1502 carnes,
3797 1444 3847 1489 et

2257 1520 2499 1583 coquetur
2526 1515 2764 1569 universa
2807 1519 3131 1588 compositio,
3173 1527 3223 1573 et
3271 1538 3388 1575 ossa
3418 1524 3696 1578 tabescent.
3743 1522 3847 1580 Ubi

2257 1606 2400 1660 enim
2422 1610 2676 1663 senatus?
2698 1608 2788 1664 ubi
2810 1610 2922 1679 jam
2964 1612 3233 1682 populus?
3263 1613 3667 1671 Contabuerunt
3696 1633 3846 1690 ossa,

2257 1704 2589 1766 consumptae
2615 1708 2739 1754 sunt
2767 1716 2979 1769 carnes,
3010 1704 3187 1759 omnis
3217 1706 3271 1760 in
3302 1722 3367 1761 ea
3395 1709 3734 1765 smcularium
3761 1710 3846 1767 di-

2258 1786 2519 1853 gnitatum
2561 1789 2695 1844 ordo
2742 1792 3011 1848 extinctus
3044 1804 3147 1850 est.
3190 1795 3425 1853 Excocta
3468 1809 3552 1855 est
3592 1802 3843 1858 universa

560 1889 618 1944 in
648 1891 765 1959 ejus
783 1891 1123 1962 passionibus
1153 1906 1304 1945 amor
1330 1892 1480 1960 ligat.
1513 1892 1692 1947 Facile
1731 1906 1859 1961 ergo
1898 1903 1980 1948 est
2007 1910 2149 1949 nunc
2180 1887 2225 1947 Β
2252 1881 2575 1949 composuit)
2613 1882 2754 1952 eius.
2785 1893 2840 1938 ει
2869 1893 3048 1941 tamen
3094 1888 3240 1957 ίΡεοε
3273 1906 3371 1945 “05
3400 1907 3599 1973 ρδυεοε
3627 1895 3720 1964 qui
3758 1910 3844 1951 ΐο-

558 1981 691 2052 jam,
722 1997 844 2037 cum
889 1982 1159 2037 destructa
1207 1985 1388 2038 omnia
1430 1985 1718 2047 cernimus,
1767 1986 2002 2039 animum
2048 2002 2147 2039 no-

554 2081 729 2126 strum
768 2073 835 2125 ab
861 2071 976 2139 ejus
1004 2073 1295 2128 dilectione
1329 2073 1652 2143 disjungerc.
1692 2074 1797 2130 Sed
1826 2078 1929 2132 hoc
1970 2078 2060 2132 illo
2089 2078 2143 2133 in

557 2170 803 2233 tempore
846 2164 1217 2219 difficillimum
1243 2165 1372 2231 fuit,
1429 2183 1537 2236 quo
1580 2168 1810 2237 apostoli
1853 2170 2144 2237 [medicare

452 2256 457 2257 ⁷
556 2256 778 2312 cmleste
822 2271 1048 2324 regnum
1093 2257 1361 2311 invisibile
1405 2258 1777 2324 mittebantur,
1810 2276 1930 2314 cum
1982 2261 2143 2328 longe

553 2348 770 2417 lateque
818 2350 998 2404 omnia
1041 2360 1327 2405 cernerent
1356 2350 1548 2405 ﬂorere
1581 2368 1743 2421 regna
1795 2363 2080 2411 terrarum.
2115 2375 2134 2407 ι

557 2438 781 2509 (llomil.
810 2440 843 2494 4
867 2443 920 2494 in
946 2441 1172 2514 Evang.)

622 2531 711 2587 66.
742 2530 870 2598 Quae
893 2543 1071 2590 autem
1102 2536 1169 2591 de
1188 2538 1341 2593 istius
1362 2540 1507 2593 urbis
1530 2538 1819 2609 Gregorius
1849 2542 2139 2599 incommo-

551 2624 721 2679 ditate
750 2625 1093 2697 descripserit
1121 2629 1392 2698 indicabo,
1422 2642 1689 2700 quatenus
1712 2634 1746 2688 ii
1774 2635 1885 2704 qui,
1918 2651 2061 2691 nunc
2084 2639 2137 2692 in

549 2718 720 2772 ruinis
748 2719 866 2788 ejus
903 2720 1227 2789 habitantes,
1253 2738 1370 2779 eam
1401 2725 1788 2782 ordinatiorem
1811 2744 1874 2781 ac
1902 2746 2000 2799 per
2033 2731 2138 2788 hoc

548 2812 902 2870 valentiorem
949 2816 1114 2873 fuisse
1168 2833 1278 2873 non
1330 2828 1642 2886 autumant,
1689 2825 2130 2880 contremiscant.

547 2902 637 2957 Ait
661 2905 804 2958 enim
838 2905 891 2961 in
934 2908 1295 2978 espositionis
1336 2908 1636 2966 Ezechielis
1666 2912 1883 2967 homilia
1941 2922 2133 2970 octava

545 2995 751 3053 decima
801 3000 925 3056 sic:
966 3018 985 3050 ς
1022 2999 1159 3066 Quid
1204 3010 1287 3057 est
1324 2997 1474 3070 jam’,
1520 3018 1675 3072 rogo,
1734 3005 1879 3075 quod
1927 3006 1982 3061 in
2030 3008 2135 3063 hoc

541 3094 745 3151 mundo
774 3094 976 3149 libeat?
1006 3092 1217 3164 Ubique
1260 3094 1434 3149 luctus
1463 3097 1768 3166 aspicimus,
1804 3098 2000 3168 ubique
2038 3116 2133 3171 ge-

544 3189 705 3243 mitus
726 3187 1044 3241 audivimus.
1063 3186 1359 3243 Destructaa
1378 3190 1556 3257 urbes,
1582 3206 1769 3247 eversa
1787 3202 1912 3247 sunt
1933 3202 2131 3262 castra,

2252 1973 2564 2040 mansimus,
2595 1975 2771 2032 adhuc
2798 1978 3039 2046 quotidie
3065 1980 3248 2049 gladii,
3288 1983 3467 2040 adhuc
3492 1987 3735 2055 quotidie
3761 1990 3844 2045 in-

2249 2080 2487 2119 numera:
2517 2066 2893 2124 tribulationes
2923 2081 3193 2141 premunt.
3226 2073 3444 2131 Dicatur
3469 2092 3599 2147 ergo
3633 2097 3647 2133 :
3696 2079 3843 2136 Pone

2247 2172 2443 2226 quoque
2472 2174 2585 2211 eam
2612 2164 2764 2229 super
2786 2178 2981 2229 prunas
3009 2179 3248 2221 vacuam.
3279 2166 3413 2234 Quia
3448 2171 3591 2224 enim
3621 2181 3842 2229 senatus

2247 2247 2427 2315 deest,
2459 2252 2687 2319 populus
2725 2252 2959 2321 interiit;
2989 2266 3043 2310 et
3080 2266 3260 2313 tamen
3293 2260 3346 2313 in
3378 2262 3566 2331 paucis
3588 2264 3680 2333 qui
3717 2274 3841 2321 sunt

2246 2339 2463 2395 dolores
2488 2350 2541 2396 et
2570 2344 2801 2410 gemitus
2829 2347 3070 2415 quotidie
3104 2352 3527 2423 multiplicantur
3556 2373 3569 2409 :
3597 2356 3707 2425 jam
3747 2374 3840 2413 va-

2246 2447 2346 2485 cua
2376 2433 2530 2487 ardet
2561 2432 2752 2488 Roma.
2777 2436 2912 2502 Quid
2940 2449 3119 2495 autem
3158 2443 3256 2497 ista
3288 2444 3356 2500 de
3378 2446 3682 2505 hominibus
3712 2449 3841 2505 dici-

2246 2536 2397 2587 mus,
2430 2539 2554 2577 cum
2587 2526 2756 2582 ruinis
2795 2530 3259 2589 crebrescentibus
3299 2536 3412 2605 ipsa
3462 2553 3679 2610 quoque
3722 2544 3837 2612 ejus

2243 2613 2446 2669 destrui
2472 2614 2695 2671 mdificia
2724 2618 3007 2675 videmus?
3038 2622 3188 2680 Unde
3214 2635 3339 2697 apte
3372 2628 3437 2683 de
3468 2632 3688 2688 civitate
3724 2634 3839 2703 jam

2239 2724 2409 2763 vacua
2434 2710 2715 2766 subditur:
2748 2712 3043 2771 Incalescat
3080 2730 3129 2773 et
3173 2722 3403 2793 liqueﬁat
3444 2741 3515 2780 (es
3542 2728 3676 2798 ejus.
3717 2726 3837 2785 Jam

2239 2802 2383 2856 enim
2414 2810 2470 2857 et
2497 2804 2611 2873 ipsa
2642 2805 2748 2859 olla
2777 2812 3130 2876 consumitur,
3166 2814 3219 2868 in
3246 2830 3353 2885 qua
3385 2818 3530 2888 prius
3558 2834 3753 2878 carnes
3781 2833 3835 2878 et

2238 2907 2363 2947 ossa
2395 2896 2851 2953 consumebantur
2880 2918 2892 2953 τ
2923 2902 3046 2970 quia
3078 2913 3362 2974 postquam
3394 2908 3707 2965 defecerunt
3736 2914 3833 2967 ho-
3904 2970 3907 2973 ἰ

2238 2984 2442 3051 mines,
2488 2985 2652 3039 etiam
2681 2989 2915 3056 parietes
2943 2993 3162 3048 cadunt.
3209 2996 3305 3051 libi
3334 3000 3478 3054 enim
3505 3010 3631 3056 sunt
3659 3003 3748 3072 qui
3779 3004 3832 3059 in

2238 3076 2355 3145 ejus
2379 3077 2669 3147 aliquando
2695 3082 2865 3150 gloria
2890 3084 3243 3145 lzetabantur?
3272 3092 3371 3147 Ubi
3392 3108 3578 3149 eorum
3602 3100 3830 3168 pompa?

2238 3171 2327 3225 ubi
2367 3174 2657 3242 superbia?
2709 3178 2800 3231 ubi
2853 3178 3104 3252 frequens
3154 3195 3208 3239 et
3249 3188 3661 3248 immoderatum
3702 3210 3829 3263 gau-

544 3279 855 3349 depopulati
892 3288 1019 3334 sunt
1066 3278 1209 3346 agri,
1241 3281 1295 3335 in
1336 3284 1681 3338 solitudinem
1721 3293 1865 3339 terra
1914 3260 2129 3341 redacta

2237 3260 2424 3316 dium?
2465 3263 2746 3334 lmpletum
2790 3279 2871 3324 est
2917 3272 2970 3326 in
3002 3288 3064 3329 ea
3095 3279 3241 3345 quod
3271 3290 3459 3336 contra
3501 3260 3829 3347 destructam

542 3380 645 3427 est.
689 3370 873 3427 Nullus
916 3374 970 3427 in
1004 3373 1146 3442 agris
1181 3375 1389 3443 incola,
1420 3392 1559 3446 pene
1600 3378 1778 3432 nullus
1815 3379 2130 3450 in,urbibus

544 3465 815 3519 habitator
842 3466 1127 3527 remansit;
1150 3475 1204 3521 et
1232 3476 1412 3523 tamen
1444 3469 1571 3538 ipsa:
1595 3484 1772 3539 parva:
1796 3471 2008 3537 generis
2034 3472 2129 3526 hu-

543 3559 692 3610 mani
738 3556 975 3626 reliquim
1010 3558 1184 3613 adhuc
1214 3560 1454 3628 quotidie
1493 3569 1549 3615 et
1584 3561 1697 3615 sine
1719 3562 2023 3618 cessatione
2052 3563 2129 3619 le-

541 3649 776 3715 riuutur,
808 3658 862 3703 et
893 3648 1052 3704 finem
1095 3666 1201 3705 non
1229 3651 1427 3706 habent
1457 3650 1665 3722 ﬂagella
1697 3656 1937 3711 caelestis
1978 3658 2130 3725 justi-

540 3740 658 3807 tite,
699 3741 824 3808 quia
866 3756 967 3795 nec
1006 3742 1145 3796 inter
1189 3741 1394 3810 ﬂagella
1436 3754 1693 3801 correcta:
1740 3758 1865 3803 sunt
1902 3751 2129 3807 actionis

538 3834 727 3904 culpas.
759 3834 908 3890 Alios
948 3836 1002 3890 in
1041 3838 1409 3906 captivitatem
1438 3838 1595 3906 duci,
1634 3841 1769 3897 alios
1797 3843 2125 3915 detruncari,

536 3930 673 3985 alios
700 3930 931 3987 interfici
962 3934 1222 3991 videmus.
1255 3934 1391 4002 Quid
1413 3944 1495 3991 est
1515 3950 1644 4005 ergo
1674 3938 1817 4007 quod
1840 3940 1891 3993 in
1918 3939 2021 3995 hac
2051 3942 2128 3996 vi-

535 4029 589 4075 ta
619 4022 803 4089 libeat,
835 4024 1027 4080 lratres
1048 4028 1189 4083 mei?
1219 4027 1276 4082 Si
1308 4031 1469 4084 talem
1513 4033 1769 4086 mundum
1798 4034 1973 4089 adhuc
2002 4035 2126 4089 dili-

535 4114 732 4181 gimus,
761 4131 869 4169 non
913 4117 1025 4186 jam
1073 4122 1265 4187 gaudia
1318 4125 1409 4177 sed
1445 4126 1666 4179 vulnera
1713 4142 1975 4183 amamus.
2008 4131 2125 4200 Ipsa

531 4213 716 4259 autem
740 4222 857 4275 quae
889 4209 1178 4277 aliquando
1209 4214 1389 4269 mundi
1432 4216 1648 4271 domina
1679 4234 1799 4273 esse
1826 4220 2124 4289 videbatur,

534 4296 707 4363 qualis
751 4302 1069 4355 remanserit
1106 4302 1277 4357 Roma
1308 4308 1702 4378 conspicimus,
1734 4311 2005 4370 immensis
2029 4317 2127 4371 do-

531 4384 741 4442 loribus
767 4390 1134 4461 multipliciter
1166 4398 1380 4466 attrita,
1405 4399 1743 4457 desolatione
1770 4405 1991 4477 civium,
2018 4409 2120 4463 im-

533 4476 812 4548 pressione
841 4484 1097 4555 hostium,
1122 4488 1424 4558 frequentia
1448 4494 1725 4552 ruinarum
1752 4518 1763 4550 :
1793 4499 1864 4552 ita
1894 4508 1951 4554 ut
1973 4501 2024 4555 in
2056 4517 2119 4557 ea

529 4575 857 4644 completum
886 4592 1005 4633 esse
1036 4580 1314 4638 videamus
1340 4588 1483 4654 quod
1505 4597 1693 4645 contra
1723 4592 1907 4649 urbem
1930 4595 2118 4650 Sama-

2234 3351 2459 3408 Niuiven
2490 3370 2587 3425 per
2612 3359 2931 3427 prophetam
2960 3363 3158 3420 dicitur
3199 3384 3213 3421 :
3263 3369 3359 3423 Ubi
3387 3380 3463 3426 est
3485 3374 3828 3434 habitaculum

2232 3440 2470 3509 leonum,
2516 3452 2567 3497 et
2602 3463 2801 3516 pascua
2845 3454 3131 3508 catulorum
3182 3458 3385 3514 leonum
3451 3462 3719 3532 (Na/tum.
3756 3486 3827 3537 ιι,

2233 3532 2365 3604 ll)?
2406 3536 2485 3588 An
2514 3536 2636 3605 ,ejus
2664 3538 2827 3595 duces
2856 3558 2920 3598 ac
2964 3546 3238 3618 principes
3280 3551 3465 3609 leones
3496 3571 3603 3610 non
3636 3532 3825 3627 erant,

2232 3626 2323 3693 qui
2352 3640 2450 3696 per
2480 3628 2718 3685 diversas
2746 3634 2930 3689 mundi
2970 3640 3271 3705 provincias
3298 3642 3661 3703 discurrentes
3690 3626 3823 3720 pnes

2232 3716 2354 3771 dam
2369 3720 2640 3775 saeviendo
2658 3733 2713 3779 et
2730 3724 2861 3782 inter
2874 3727 3103 3786 ficiendo
3120 3735 3434 3803 rapiebant?
3454 3738 3589 3796 Hinc
3610 3716 3824 3804 leo—num

2232 3809 2397 3863 catuli
2428 3811 2773 3871 inveniebant
2800 3833 2996 3887 pascua
3026 3839 3038 3874 :
3072 3826 3195 3893 quia
3225 3829 3397 3897 pueri,
3431 3835 3822 3906 adolescentes,

2226 3898 2453 3968 juvenes
2482 3906 2773 3962 saeculares
2802 3920 2858 3963 et
2896 3914 3229 3971 saecularium
3271 3918 3395 3987 filii,
3448 3922 3554 3979 huc
3594 3929 3823 4001 undique

2231 3996 2665 4065 concurrebant,
2709 4017 2830 4055 cum
2868 4005 3130 4073 prolicere
3169 4010 3220 4063 in
3253 4010 3358 4067 hoc
3396 4016 3594 4072 mundo
3620 3996 3820 4077 voluis-

2227 4094 2368 4138 sent.
2400 4084 2505 4142 Sed
2537 4104 2665 4145 ecce
2690 4092 2801 4161 jam
2833 4094 3105 4163 desolata,
3136 4115 3263 4157 ecce
3289 4108 3550 4174 contrita,
3580 4126 3707 4167 ecce
3732 4128 3820 4182 ge-

2228 4175 2445 4230 mitibus
2472 4193 2727 4248 oppressa
2760 4192 2859 4239 est.
2894 4184 3011 4240 Jam
3040 4206 3198 4246 nemo
3222 4194 3285 4248 ad
3313 4210 3432 4251 eam
3462 4201 3644 4268 currit,
3680 4175 3818 4261 utvin

2226 4265 2331 4323 huc
2360 4270 2561 4326 mundo
2601 4275 2869 4342 proficiat.
2899 4277 3017 4334 Jam
3049 4284 3224 4340 nullus
3250 4298 3445 4357 potens
3473 4302 3529 4349 et
3555 4265 3818 4356 violentus

2223 4363 2501 4428 remansit,
2526 4366 2618 4431 qui
2641 4370 3017 4440 opprimendo,
3047 4378 3282 4445 praedam
3305 4383 3541 4455 diripiat.
3569 4389 3817 4448 Dicamus

2223 4467 2352 4523 ergo
2380 4474 2392 4509 :
2432 4456 2529 4513 Ubi
2558 4470 2634 4514 est
2665 4463 3015 4522 habitaculum
3050 4469 3282 4539 leonum,
3316 4486 3365 4530 et
3392 4497 3586 4549 pascua
3616 4492 3816 4542 catulo-

2220 4564 2336 4600 rum
2385 4549 2625 4606 leonum?
2661 4552 2936 4626 Contingit
2973 4562 3021 4614 ei
3064 4565 3207 4630 quod
3249 4566 3316 4622 de
3349 4566 3529 4627 Judaza
3571 4579 3815 4635 novimus

528 4641 670 4717 riam
723 4681 820 4734 per
860 4666 1194 4727 Ezechielem
1236 4641 2111 4749 prophetamVipiraadictu-m‘esiﬁ:
2150 4660 2198 4719 ί)
2226 4641 2669 4749 Ρθνξπῗηῖξξεξθω
2918 4667 2951 4749 .²
2974 4744 2983 4749 .
3005 4651 3187 4749 .Duma
3218 4660 3483 4716 “uitium
3516 4675 3655 4722 mum
3686 4672 3814 4727 sm“

530 4750 677 4807 Pone
702 4757 883 4827 ollam,
910 4779 1064 4831 pone,
1096 4765 1329 4835 inquam,
1359 4778 1409 4821 et
1452 4770 1598 4824 mitte
1637 4774 1690 4825 in
1727 4790 1787 4827 ea
1819 4793 2032 4849 aquam,
2065 4790 2115 4834 et

529 4860 748 4916 congere
778 4851 945 4919 frusta
973 4856 1084 4923 ejus
1123 4857 1177 4910 in
1205 4875 1355 4924 eam;
1388 4870 1443 4914 et
1474 4862 1633 4931 paulo
1664 4874 1784 4933 post
1814 4884 1831 4921 :
1858 4867 2115 4936 E/ferbait

527 4941 692 4994 coctio
715 4945 846 5012 ejus,
879 4955 927 4997 et
958 4946 1169 5003 decocta
1194 4962 1318 5005 sunt
1356 4970 1474 5009 ossa
1510 4960 1623 5027 ejus
1650 4960 1702 5012 in
1732 4963 1901 5017 medio
1936 4965 2110 5031 illius;

527 5044 691 5103 atque
738 5036 973 5093 iterum:
1004 5040 1231 5113 Congere
1280 5063 1401 5099 ossa
1447 5064 1560 5119 quis
1611 5055 1731 5123 igne
1775 5060 2106 5128 succendunt,

523 5138 887 5181 consumantur
919 5146 1100 5185 carnes
1117 5172 1132 5197 ,
1159 5144 1208 5186 et
1238 5149 1479 5207 coquetur
1506 5142 1744 5198 universa
1773 5153 2072 5219 compositio
2091 5193 2105 5217 ,

521 5224 570 5269 et
600 5234 721 5270 ossa
747 5216 1025 5275 tabescent.
1055 5222 1201 5278 Pone
1229 5243 1424 5297 quoque
1452 5248 1568 5286 eam
1608 5252 1762 5306 super
1788 5256 1983 5308 prunas
2014 5260 2105 5296 va-

520 5324 690 5375 cuam,
722 5317 777 5362 ut
805 5310 1087 5366 incalescat
1114 5323 1161 5367 et
1190 5316 1423 5389 lique/int
1451 5339 1523 5376 res
1551 5326 1661 5394 ejus
1693 5325 1905 5397 (Ezeclt.
1956 5349 2102 5400 xxrv,

519 5398 586 5453 l0
606 5410 655 5455 et
673 5401 830 5473 εει).
848 5403 998 5460 Tunc
1023 5406 1165 5461 enim
1196 5410 1350 5466 nobis
1379 5413 1482 5467 olla
1510 5418 1682 5484 posita
1706 5429 1815 5487 est,
1841 5438 1961 5478 cum
1992 5398 2105 5483 haec

516 5502 598 5547 est
625 5495 815 5552 civitas
850 5499 1160 5556 constituta.
1196 5502 1345 5561 Tunc
1375 5511 1518 5564 enim
1565 5512 1617 5567 in
1658 5528 1720 5568 ea
1760 5532 1897 5586 aqua
1939 5522 2099 5579 missa

516 5598 619 5653 est,
674 5601 728 5646 et
781 5593 950 5647 lruSta
994 5597 1110 5663 ejus
1155 5611 1408 5669 congesta
1458 5616 1602 5669 sunt,
1636 5610 1850 5674 quando
1880 5614 1948 5667 ad
1979 5631 2097 5672 eam

515 5681 752 5751 undique
782 5684 966 5753 populi
996 5687 1356 5759 confluebant,
1391 5694 1504 5764 qui,
1535 5696 1682 5751 velut
1728 5715 1866 5770 aqua
1895 5705 2099 5775 calens,

514 5774 817 5829 actionibus
862 5779 1043 5834 mundi
1080 5780 1466 5851 fervescerent,
1493 5797 1547 5841 et
1566 5793 1719 5858 quasi
1758 5793 1925 5852 frusta
1977 5774 2101 5857 car;

519 5862 667 5921 tilum
696 5866 751 5923 ltt
779 5869 898 5935 ipso
926 5880 1027 5929 suo
1074 5871 1287 5933 fervore
1341 5877 1693 5945 liquarentn‘n
1724 5885 1801 5943 De
1830 5902 1932 5957 qua
1964 5894 2105 5953 bene

2224 4734 2400 4802 aquila
2423 4732 2607 4803 (Miclt.
2632 4752 2669 4801 ι,
2696 4737 2805 4807 10).
2836 4738 3121 4799 Calvitium
3143 4750 3343 4821 quippe
3364 4753 3597 4813 hominis
3621 4761 3675 4816 in
3698 4764 3813 4820 solo

2223 4824 2399 4891 capite
2441 4824 2553 4879 fieri
2586 4827 2753 4895 solet,
2787 4832 3059 4888 cal~itium
3096 4852 3227 4894 vero
3268 4845 3459 4913 aquila:
3497 4848 3551 4904 in
3594 4859 3711 4908 toto
3755 4856 3812 4910 lit

2220 4930 2478 4987 corpore,
2536 4918 2660 4988 quia
2710 4936 2830 4975 cum
2862 4924 3017 4979 valde
3061 4933 3331 5001 senuerit,
3376 4937 3571 5007 pluma:
3601 4943 3719 5012 ejus
3748 4962 3811 5001 ac

2218 5022 2408 5077 penna:
2444 5024 2511 5063 ex
2539 5012 2790 5069 omnibus
2817 5016 2956 5073 illius
2981 5024 3239 5081 membris
3268 5028 3485 5087 cadunt.
3524 5035 3810 5095 Calvitium

2219 5112 2350 5166 ergo
2382 5114 2537 5154 suum
2568 5102 2708 5158 sicut
2737 5108 2913 5175 aquila
2941 5111 3151 5182 dilatat,
3181 5120 3308 5187 quia
3338 5121 3547 5190 plumas
3575 5130 3807 5196 perdidit

2216 5190 2343 5245 dum
2377 5195 2637 5264 populum
2664 5200 2864 5256 amisit.
2898 5203 3113 5261 Alarum
3152 5211 3350 5281 quippe
3376 5190 3808 5283 pennae-cecide-

2213 5293 2339 5339 runt
2388 5302 2510 5341 cum
2560 5290 2753 5358 quibus
2801 5295 2982 5352 volare
3026 5301 3092 5354 ad
3143 5305 3378 5372 praedam
3429 5326 3805 5387 consueverat,

2212 5378 2335 5445 quia
2376 5379 2624 5438 homines
2668 5384 2786 5455 ejus
2814 5398 3065 5457 potentes
3108 5398 3330 5454 extincti
3376 5412 3501 5459 sunt
3537 5422 3633 5476 per
3670 5378 3805 5479 quos

2209 5469 2383 5524 aliena
2409 5474 2671 5542 rapiebat.

2280 5563 2412 5617 Item
2455 5563 2506 5618 in
2550 5566 2894 5635 Dialogorum
2938 5574 3075 5632 libro
3116 5580 3353 5638 secundo
3394 5602 3409 5638 :
3463 5604 3483 5639 ι
3511 5585 3802 5667 Praeterea,

2208 5651 2408 5722 inquit,
2458 5658 2685 5713 antistes
2727 5659 3009 5721 Canusina:
3056 5671 3297 5729 ecclesia:
3341 5676 3409 5732 ab
3448 5651 3800 5739 Benedictum

2209 5743 2419 5801 Domini
2467 5748 2724 5805 famulum
2757 5754 2938 5811 venire
2966 5774 3359 5834 consueverat,
3405 5786 3564 5841 queat
3597 5775 3679 5829 vir
3702 5775 3797 5833 Dei

2211 5852 2309 5940 pro
2489 5850 2831 5940 sitat‘merito
2860 5854 3015 5912 valde
3052 5858 3325 5931 diligebat.
3372 5839 3436 5925 lsi
3462 5869 3643 5940 itaque
3672 5874 3796 5931 dum

2212 5930 2332 5979 cum
2374 5922 2465 5986 illa
2506 5934 2572 5989 de
2614 5930 2855 6006 inst-essu
2885 5944 3027 6012 mis
3057 5922 3246 6010 Τσᾶια
3278 5956 3334 6012 st
3363 5922 3793 6025 humatis—svum;
