4138 6490
244 470 373 524 217

853 391 1285 518 {essanun
1322 456 1540 516 MAGNI
1578 455 1769 525 VITA,
1808 454 1854 514 Α

1958 454 2015 512 l‘.
2053 456 2318 518 JOANNE
2356 460 2671 522 DIACONO.
2715 464 2845 522 LIB.
2886 466 2976 525 IV.

3466 476 3574 535 218

248 580 588 656 perditione
614 575 943 647 colloquium
967 574 1225 644 haberet,
1262 574 1404 631 dixit
1433 591 1449 629 :
1492 572 1597 630 Per
1618 572 1764 628 hunc
1789 584 1851 626 re
1870 598 1880 609 -
1900 569 1958 631 Δ
1982 587 2092 630 non
2134 575 2335 633 sufficit
2352 615 2369 643 ,
2397 586 2623 649 pensata
2649 579 2780 651 quid
2808 595 2971 653 agere
2997 583 3197 655 poterit
3235 583 3424 645 divisa.
3456 587 3574 647 Sci-

245 690 396 745 gem
430 673 619 730 civitas
644 671 744 727 ista
773 670 1101 734 destruetur,
1132 675 1191 724 ut
1205 667 1319 739 jam
1339 666 1570 738 amplius
1591 681 1700 722 non
1720 665 1875 721 inha-

245 766 499 822 bitetur.
529 760 629 818 Cui
659 761 740 817 vir
768 761 866 817 Dei
890 760 1171 832 respondit
1197 777 1211 814 :
1242 760 1413 816 Roma
1437 775 1468 814 a
1489 757 1737 828 gentibus
1766 772 1876 813 non

244 854 752 920 exterminabitur,
780 853 874 910 sed
904 852 1330 924 tempestatibus,
1359 851 1618 918 coruscis,
1647 850 1877 906 turbini-

243 950 365 1005 bus
405 965 475 1005 ac
504 956 664 1006 terra:
692 956 845 1002 motu
879 945 1100 1014 fatigata
1136 952 1437 1001 marcescet
1468 944 1523 999 in
1561 945 1870 1013 semetipsa.

242 1041 444 1112 Cujus
486 1038 787 1111 prophetiae
815 1038 1073 1110 mysteria
1105 1037 1262 1092 nobis
1285 1036 1397 1106 jam
1427 1036 1567 1093 facta
1603 1044 1730 1091 sunt
1756 1036 1874 1091 luce

247 1135 544 1197 clariora,
577 1131 672 1203 qui
716 1131 770 1186 in
808 1131 912 1186 hac
939 1130 1073 1186 urbe
1100 1130 1360 1185 dissoluta
1389 1130 1619 1198 mcenia,
1656 1144 1873 1186 eversas

244 1224 501 1293 dumos,
529 1222 831 1279 destructas
862 1219 1124 1276 ecclesias
1153 1220 1365 1276 turbine
1400 1219 1698 1287 cernimus;
1729 1218 1872 1289 ejus-

242 1335 369 1390 que
399 1318 627 1375 aediticia
658 1318 820 1387 longo
844 1316 998 1373 senio
1029 1315 1246 1380 lassata,
1277 1315 1399 1387 quia
1430 1314 1600 1371 ruinis
1625 1313 1871 1370 crebres-

242 1410 521 1466 centibus
542 1415 975 1480 prosternamur,
997 1405 1294 1462 videmus.»
1329 1404 1498 1478 (Dial.
1526 1406 1565 1459 ι.
1592 1420 1652 1474 ιι,
1683 1403 1869 1477 c.15.)

324 1499 478 1556 Item
507 1500 561 1555 in
592 1498 820 1571 epistola
846 1496 1062 1564 Joanni,
1093 1497 1351 1568 episcopo
1382 1495 1713 1563 Ravennati,
1744 1496 1872 1567 past

244 1590 450 1660 aliqua
478 1608 492 1644 :
531 1609 551 1642 ι
579 1589 635 1644 Si
659 1604 770 1660 quo
796 1587 959 1644 modo
981 1596 1065 1644 est
1088 1587 1376 1659 aliquando
1396 1587 1547 1643 locus
1568 1588 1868 1657 obtinendi,

241 1690 387 1751 agat
410 1680 558 1752 apud
578 1681 869 1736 exarchum
895 1678 1208 1735 fraternitas
1231 1688 1432 1748 vestra,
1456 1688 1515 1734 ut
1534 1694 1724 1750 pacem
1745 1694 1870 1735 cum

245 1773 535 1845 Ariulplw
551 1814 566 1840 ,
610 1774 657 1830 si
679 1772 879 1842 aliquid
902 1787 1224 1843 possumus,
1252 1771 1541 1842 faciamus,
1567 1774 1692 1843 quia
1714 1774 1871 1831 miles

242 1864 319 1920 de
353 1863 613 1919 Romana
643 1863 777 1918 urbe
800 1874 826 1901 ει
854 1864 1015 1920 tullus
1042 1871 1155 1930 est,
1197 1864 1352 1937 165
1378 1864 1517 1920 sicut
1546 1866 1664 1936 ipse
1693 1865 1865 1923 novit.

1978 682 2101 725 mus
2144 678 2328 727 autem
2357 685 2546 729 omnes
2581 671 2707 741 quia
2736 683 2791 728 et
2819 672 3012 733 ﬂuvius
3037 678 3131 748 qui
3158 678 3212 734 in
3234 679 3417 739 multis
3441 683 3571 741 rivis

1978 761 2233 820 dividitur
2259 780 2291 819 a
2333 780 2433 821 suo
2462 764 2619 821 alveo
2646 765 2894 823 siccatur.

2048 854 2182 910 Item
2212 856 2267 911 in
2290 856 2531 926 ejusdem
2552 860 2830 929 propheta
2851 862 3187 930 tractatibus,
3215 863 3435 921 homilia
3465 866 3521 921 li
3553 886 3567 923 :

1984 962 2005 997 ι
2039 942 2184 1013 Sive,
2221 946 2412 1019 inquit,
2432 946 2608 1017 justus
2627 949 2681 1004 in
2702 949 2877 1021 culpa,
2908 952 3021 1008 sive
3048 964 3299 1024 peccator
3318 957 3372 1012 in
3395 968 3570 1017 morte

1977 1046 2225 1108 corruat,
2254 1039 2579 1112 speculatori
2628 1040 2923 1096 timendum
2966 1050 3049 1099 est
3094 1059 3162 1099 ne
3208 1045 3351 1102 hunc
3372 1063 3439 1102 ex
3468 1062 3567 1102 suo

1975 1127 2191 1184 silentio
2212 1139 2425 1186 reactus
2451 1131 2792 1201 peccantium
2831 1133 3034 1203 pariter
3056 1133 3312 1190 involvat.
3346 1135 3451 1192 Sed
3482 1138 3567 1191 in-

1976 1218 2321 1288 terim,dum
2365 1220 2590 1291 loquor,
2640 1231 2886 1277 avertere
2933 1237 2965 1277 a
3012 1226 3331 1296 memetipso
3381 1227 3568 1282 oculos

1974 1309 2135 1377 volo,
2176 1318 2233 1366 et
2277 1326 2404 1368 ecce
2430 1312 2624 1369 iterum
2653 1328 2831 1369 sermo
2869 1314 3080 1371 divinus
3108 1332 3197 1371 me
3237 1317 3481 1389 impingit
3510 1321 3565 1374 in

1974 1402 2381 1472 memetipsum,
2407 1414 2465 1457 nt
2489 1420 2660 1460 meam
2691 1406 3071 1477 negligentiam
3097 1407 3331 1473 videam,
3357 1419 3412 1465 et
3436 1411 3568 1466 mihi

1973 1492 2078 1548 dici
2116 1492 2230 1549 haec
2270 1510 2390 1564 quae
2420 1496 2578 1551 audio
2603 1497 3000 1567 pertimescam.
3037 1499 3188 1556 Sicut
3216 1501 3359 1556 enim
3404 1517 3567 1572 supe-

1973 1583 2085 1640 rius
2113 1585 2258 1650 dixi,
2288 1586 2441 1657 cujus
2470 1603 2565 1644 cor
2591 1589 2888 1645 innumeris
2916 1592 3059 1647 curis
3087 1607 3332 1664 sparsum
3351 1634 3366 1659 ,
3413 1607 3473 1649 se
3502 1596 3570 1649 ad

1970 1692 2032 1733 se
2055 1677 2309 1749 colligat?
2329 1679 2554 1746 Quando
2597 1683 2798 1737 etenim
2832 1700 3051 1754 possum
3090 1692 3147 1739 et
3186 1700 3248 1740 ea
3277 1700 3397 1756 quae
3424 1687 3568 1742 circa

1969 1762 2058 1826 m'e
2085 1781 2211 1827 sunt
2230 1773 2459 1830 sollicite
2485 1776 2902 1846 omniacurare,
2930 1785 2986 1833 et
3012 1779 3413 1850 memetipsum,
3437 1778 3568 1835 adu-

1969 1874 2100 1921 nato
2140 1882 2332 1933 sensu,
2362 1868 2710 1938 conspicere?
2737 1867 2963 1935 Quando
3010 1884 3228 1940 possum
3275 1885 3567 1940 pravorum

244 1954 631 2011 Theodosiani
661 1970 792 2011 vero
820 1955 915 2026 qui
955 1954 1043 2011 hic
1077 1964 1484 2022 remanserunt,
1533 1970 1719 2026 regam
1754 1972 1864 2013 non
1891 1976 1944 2041 Β
1971 1959 2237 2029 nequitias
2276 1959 2608 2029 insequendo
2646 1961 2947 2032 corrigere,
2979 1962 3241 2017 bonorum
3270 1970 3422 2017 actus
3450 1962 3567 2017 lau-

243 2047 624 2117 accipientes,
681 2046 770 2103 vix
810 2046 877 2103 ad
916 2061 1194 2102 murorum
1232 2046 1451 2117 quidem
1480 2049 1777 2105 custodiam
1800 2065 1866 2108 se

242 2139 705 2207 accommodant,
752 2147 809 2196 et
850 2139 1109 2196 destituta
1152 2141 1221 2197 ab
1257 2141 1509 2198 omnibus
1535 2143 1762 2208 civitas,
1817 2146 1863 2201 si

241 2248 454 2303 pacem
481 2232 597 2303 ejus
624 2248 732 2289 non
759 2232 944 2301 habet,
971 2232 1246 2303 quomodo
1265 2234 1601 2292 subsistet?»
1633 2236 1862 2310 (Regist.

243 2323 283 2378 ι.
316 2341 384 2393 η,
415 2341 504 2392 ep.
533 2322 649 2395 46.)

317 2413 414 2469 67.
454 2414 642 2471 Tantis
677 2432 928 2472 curarum
956 2416 1276 2474 tumultibus
1296 2433 1396 2489 pro
1436 2418 1739 2475 animarum
1762 2436 1864 2493 pa-

241 2507 384 2563 riter
434 2523 503 2564 ac
536 2508 771 2565 civitatis
800 2509 1040 2566 custodia
1080 2508 1375 2581 Gregorius
1418 2513 1774 2582 gravabatur,
1803 2522 1864 2569 ut

242 2599 303 2654 in
332 2600 457 2655 coli
483 2601 762 2657 molestias
786 2617 1069 2672 corruens,
1101 2618 1211 2659 non
1248 2604 1423 2659 solum
1452 2606 1469 2673 (
1498 2604 1637 2661 sicut
1657 2621 1861 2677 propo-

240 2692 466 2763 suerat)
495 2707 592 2763 per
609 2692 853 2748 ordinem
881 2692 1176 2750 Ezechielis
1201 2695 1458 2767 mysteria
1482 2696 1706 2753 minime
1734 2712 1861 2768 per-

238 2791 543 2850 tractaret,
575 2787 927 2843 verumetiam
950 2788 1236 2845 hostilibus
1263 2789 1692 2860 incursionibus,
1717 2794 1858 2847 ωηι-

237 2877 433 2946 tisque
473 2878 715 2949 corporis
770 2878 1135 2935 debilitatibus
1184 2890 1537 2951 aggravatus,
1587 2899 1619 2937 a
1679 2885 1860 2940 studio

236 2969 612 3041 expositionis
651 2972 873 3028 omnino
923 2972 1239 3041 desisteret,
1278 2983 1334 3030 et
1378 2975 1446 3030 ad
1488 2976 1604 3032 dies
1651 2978 1773 3035 illos
1798 2994 1860 3035 se

235 3064 568 3135 pervenisse
595 3063 840 3131 deﬁeret,
871 3074 1035 3136 atque
1062 3066 1470 3124 dissolutionem
1500 3069 1584 3124 sui
1613 3071 1860 3141 corporis

234 3157 367 3213 totis
429 3157 712 3214 conatibus
756 3156 1040 3229 flagitaret.
1088 3158 1432 3232 Quapropter
1459 3162 1635 3218 eidem
1660 3162 1857 3221 Joanni

232 3250 513 3320 e'pisc0po
552 3252 825 3320 queritur,
879 3252 1067 3308 dicens
1107 3269 1121 3307 :
1179 3272 1199 3307 ι
1232 3252 1387 3321 Quod
1432 3256 1617 3312 multis
1661 3266 1856 3313 vestra:

235 3342 575 3398 beatitudini
614 3344 836 3428 minime
882 3346 1170 3417 respondi,
1212 3362 1319 3403 non
1350 3347 1453 3403 hoc
1480 3351 1683 3419 torpori
1708 3366 1850 3420 meo,
1882 3366 1931 3432 ο

240 3436 340 3493 sed
389 3437 641 3506 languori
686 3437 988 3509 deputate:
1026 3441 1150 3510 quia
1195 3441 1433 3511 peccatis
1477 3444 1612 3499 meis
1649 3443 1856 3501 facien-

242 3528 411 3595 tibus,
439 3544 509 3584 eo
538 3537 781 3600 tempore
804 3544 912 3599 quo
936 3528 1228 3601 Ariulpbus
1249 3529 1318 3585 ad
1341 3530 1639 3588 Romanam
1668 3536 1857 3591 urbem

242 3623 475 3676 veniens
490 3661 504 3686 ,
530 3622 665 3677 alios
693 3620 919 3688 occidit,
940 3623 1075 3678 alios
1098 3624 1457 3689 detruncavit,
1479 3634 1627 3680 tanta
1651 3629 1856 3683 llltBSli-

242 3714 316 3769 tia
336 3714 570 3771 affectus
590 3730 731 3779 sum,
751 3725 812 3771 ut
833 3715 887 3770 in
904 3716 1009 3771 coli
1031 3716 1333 3772 molestiam
1350 3718 1617 3774 caderem.
1633 3718 1854 3790 »(Ιὸἰά.)

314 3805 453 3862 [tem
487 3807 540 3860 in
570 3805 907 3876 expositione
936 3807 1136 3861 ultima:
1157 3806 1377 3862 visionis
1403 3807 1703 3865 Ezechielis
1725 3826 1855 3881 pro-

240 3898 425 3968 phetae
453 3915 469 3951 :
506 3916 525 3949 ι
560 3898 696 3963 Quia
731 3896 916 3951 multis
942 3899 1086 3953 curis
1128 3899 1527 3967 prementibus,
1558 3899 1856 3958 Ezechielis

240 3990 531 4061 propheta:
568 3987 763 4042 librum
795 4003 979 4044 coram
1028 3989 1295 4044 charitate
1333 3998 1514 4045 vestra
1556 4000 1730 4047 totum
1756 4008 1857 4065 per

242 4080 495 4135 ordinem
524 4079 852 4151 perscrutari
881 4095 988 4135 non
1013 4079 1195 4146 licuit,
1235 4079 1392 4135 bonis
1419 4082 1613 4137 vestris
1639 4083 1853 4140 deside-

241 4174 338 4229 riis
361 4174 567 4243 placuit
595 4181 801 4244 petere,
828 4181 888 4228 ut
912 4174 1103 4229 saltem
1130 4181 1371 4229 extrema
1402 4173 1518 4245 ejus
1544 4170 1853 4247 visio,'quae

242 4267 291 4322 ei
319 4265 467 4322 facta
497 4275 578 4322 est
605 4266 674 4321 de
697 4266 924 4321 aedificio
979 4266 1033 4320 in
1078 4274 1261 4322 monte
1285 4266 1603 4334 constituto,
1649 4282 1769 4337 qua:
1797 4276 1856 4324 et

243 4360 461 4415 cunctis
488 4368 571 4415 est
595 4358 894 4415 visionibus
923 4358 1040 4429 ejus
1069 4358 1374 4423 obscurior,
1407 4361 1602 4430 exponi
1633 4360 1849 4417 debuis-

242 4464 345 4509 set.
397 4453 467 4508 Et
506 4455 723 4525 quidem
744 4454 1008 4510 voluntati
1040 4462 1231 4508 vestrae
1270 4467 1358 4508 me
1401 4468 1591 4524 parere
1623 4469 1850 4512 necesse

243 4552 344 4599 est.
378 4543 485 4599 Sed
512 4544 619 4599 duo
649 4552 775 4599 sunt
812 4559 931 4615 qua:
963 4543 1063 4599 hac
1103 4545 1157 4598 in
1181 4558 1243 4599 re
1264 4544 1581 4614 perturbant
1609 4545 1848 4600 animum

246 4649 447 4689 meum.
482 4633 680 4703 Unum,
712 4636 853 4705 quod
878 4636 993 4690 hrcc
1015 4634 1204 4690 eadem
1246 4635 1379 4691 visio
1406 4643 1569 4691 tanta:
1599 4637 1844 4695 obscuri-

1967 2048 2144 2105 dando
2173 2058 2229 2105 et
2255 2050 2595 2106 admonendo
2625 2053 2927 2122 custodire,
2969 2053 3086 2107 aliis
3116 2061 3376 2108 terrorem
3404 2063 3565 2122 atque

1967 2141 2087 2196 aliis
2116 2142 2456 2197 dulcedinem
2502 2142 2911 2199 demonstrare?
2953 2142 3178 2211 Quando
3199 2144 3355 2200 valeo
3374 2187 3389 2212 ,
3418 2152 3476 2199 et
3496 2145 3564 2200 de

1965 2234 2049 2290 his
2070 2249 2189 2304 quae
2213 2242 2339 2289 sunt
2358 2236 2661 2291 necessaria
2691 2236 2948 2291 fratribus
2967 2236 3207 2305 cogitare
3223 2276 3239 2302 ,
3282 2245 3337 2291 et
3366 2243 3559 2291 contra

1965 2327 2189 2401 hostiles
2217 2328 2428 2397 gladios
2470 2327 2537 2383 de
2571 2326 2727 2384 Urbis
2777 2329 2967 2398 vigiliis
3015 2327 3428 2385 sollicitudinem
3467 2342 3563 2399 ge-

1964 2436 2114 2488 rere,
2146 2437 2216 2478 ne
2241 2422 2548 2479 incursione
2585 2424 2742 2494 166
2774 2423 2949 2477 subita
2980 2423 3125 2480 cives
3162 2431 3385 2493 pereant
3434 2437 3563 2494 pro-

1966 2514 2174 2581 videre,
2207 2523 2262 2569 et
2290 2515 2432 2571 inter
2457 2515 2572 2571 haec
2610 2516 2791 2570 omnia
2820 2531 2918 2586 pro
2965 2516 3267 2570 animarum
3315 2514 3560 2571 custodia

1963 2604 2122 2677 plene
2148 2614 2309 2673 atque
2355 2604 2647 2660 efficaciter
2668 2605 2891 2660 verbum
2927 2604 3320 2662 exhortationis
3349 2605 3561 2676 impen-

1962 2697 2131 2753 dere?
2170 2696 2342 2767 Loqui
2380 2697 2580 2753 etenim
2619 2697 2688 2753 de
2732 2697 2843 2752 Deo
2893 2699 3085 2771 quietae
3112 2696 3268 2753 valde
3293 2703 3350 2752 et
3378 2697 3558 2753 liberae

1962 2791 2159 2848 mentis
2205 2799 2307 2846 est.
2359 2789 2513 2846 Tunc
2562 2804 2794 2860 namque
2838 2791 2977 2845 bene
3023 2789 3203 2858 lingua
3228 2788 3474 2858 dirigitur
3500 2789 3556 2843 in

1961 2896 2234 2949 sermone,
2263 2896 2387 2936 cum
2427 2894 2620 2936 secure
2645 2895 2836 2936 sensus
2860 2878 3125 2949 quieverit
3171 2879 3223 2934 in
3256 2878 3560 2949 tranquilli-

1961 2984 2073 3032 tate
2105 2994 2117 3030 :
2149 2975 2276 3046 quia
2307 2989 2407 3030 nec
2434 2988 2697 3029 concussa
2723 2988 2861 3042 aqua
2890 2972 3178 3040 imaginem
3216 2970 3558 3041 conspicien-

1962 3070 2030 3126 tis
2056 3068 2253 3135 reddit,
2280 3067 2374 3124 sed
2403 3075 2530 3123 tunc
2552 3066 2604 3121 in
2633 3081 2695 3121 ea
2716 3065 2897 3121 vultus
2919 3062 3247 3119 intendentis
3273 3063 3553 3134 aspicitur,

1959 3177 2081 3218 cum
2123 3176 2231 3215 non
2259 3167 2528 3216 movetur.
2558 3156 2729 3225 Quam
2772 3170 2902 3226 ergo
2933 3155 3366 3211 exhortationem
3405 3154 3558 3211 vobis

1958 3251 2266 3322 speculator
2309 3258 2513 3315 vester,
2563 3249 2756 3305 fratres
2785 3247 3117 3315 charissimi,
3159 3245 3362 3314 faciat,
3388 3259 3556 3327 quem

1960 3353 2040 3401 tot
2087 3359 2265 3399 rerum
2315 3342 2560 3399 confusio
2628 3341 2943 3413 perturbat?
2988 3359 3007 3393 ι
3056 3338 3126 3394 Ει
3170 3339 3331 3411 paulo
3372 3346 3496 3410 post
3537 3353 3555 3391 :

1967 3460 1986 3495 ι
2015 3440 2279 3496 Sacerdos
2307 3440 2468 3494 etiam
2494 3444 2619 3510 post
2662 3435 3131 3507 compunctionem
3179 3448 3243 3488 ac
3292 3433 3557 3503 lacrymas

1957 3532 2169 3603 cogitur
2212 3530 2515 3586 necessaria
2555 3542 2785 3599 quaeque
2832 3526 3063 3582 filiorum
3093 3539 3312 3581 suorum
3355 3537 3556 3593 cogno-

1958 3641 2140 3690 scere,
2171 3631 2226 3678 et
2254 3638 2318 3678 ea
2341 3636 2457 3691 quae
2485 3622 2681 3690 refugit
2717 3621 2896 3675 animo
2922 3620 3193 3690 patienter
3220 3615 3404 3672 audire
3424 3658 3441 3684 ,
3466 3625 3556 3671 at-

1957 3733 2063 3788 que
2088 3724 2210 3787 post
2247 3713 2477 3784 suspiria
2504 3712 2832 3776 caelestium,
2862 3710 3223 3782 quorumlibet
3256 3708 3554 3764 carnalium

1958 3808 2234 3863 hominum
2264 3820 2429 3861 onera
2462 3812 2713 3874 portare,
2762 3811 2817 3856 et
2845 3816 2987 3871 saepe
3013 3816 3136 3856 cum
3164 3800 3554 3869 supervenien-

1956 3895 2099 3950 tibus
2128 3909 2220 3948 cor
2248 3896 2301 3947 in
2327 3893 2595 3948 diversam
2622 3891 2935 3959 qualitatem
2990 3888 3383 3943 transfundere.
3416 3886 3551 3942 Nam

1955 3987 2244 4057 aliquando
2289 3985 2357 4040 de
2402 3984 2565 4039 lucris
2608 3982 2972 4052 spiritualibus
3023 3982 3249 4049 gaudet;
3292 3979 3389 4034 sed
3428 3994 3551 4035 cum

1955 4080 2180 4151 quilibet
2208 4093 2443 4135 moerens
2470 4076 2870 4148 supervenerit,
2911 4074 3014 4130 nisi
3042 4074 3157 4143 ejus
3180 4087 3466 4128 mmrorem
3495 4072 3549 4127 in

1953 4188 2013 4230 se
2045 4172 2373 4243 susceperit,
2420 4168 2753 4225 tribulationi
2782 4167 2922 4222 illius
2949 4166 3283 4235 compatiens
3312 4181 3419 4219 non
3442 4172 3547 4219 est.

1954 4266 2021 4321 Et
2042 4264 2329 4337 aliquando
2352 4263 2420 4319 de
2436 4261 2643 4318 damnis
2672 4261 2972 4315 animarum
2999 4259 3175 4327 luget;
3200 4256 3295 4312 sed
3323 4265 3547 4327 repente

1951 4358 2341 4430 superveniunt
2366 4354 2459 4424 qui
2508 4354 2577 4410 de
2625 4352 2736 4409 suis
2774 4350 3220 4423 prosperitatibus
3275 4350 3541 4411 laetantur,

1949 4468 2179 4526 quorum
2228 4453 2273 4508 si
2301 4438 2501 4507 lietitire
2546 4448 2799 4506 sacerdos
2842 4463 2949 4504 non
2976 4446 3308 4516 congaudet,
3368 4446 3547 4502 minus

1950 4560 2133 4601 amare
2163 4543 2403 4600 creditur
2421 4542 2560 4597 ﬁlios
2593 4542 2647 4596 in
2671 4555 2900 4611 quorum
2926 4538 3121 4609 gaudio
3152 4552 3257 4591 non
3287 4537 3543 4601 exsultat,

1947 4638 2218 4710 praecipue
2263 4652 2386 4693 cum
2415 4635 2613 4691 Paulus
2654 4634 2798 4691 dicat
2828 4652 2843 4688 :
2877 4632 3110 4688 Gaudere
3128 4648 3243 4685 cum
3272 4629 3545 4701 gaudenti-

248 4726 369 4780 tatis
415 4728 622 4782 nebulis
662 4728 877 4796 tegitur,
912 4735 969 4781 ut
995 4727 1086 4781 vix
1117 4728 1170 4782 in
1214 4742 1279 4783 ea
1309 4728 1536 4797 aliquid,
1565 4729 1844 4786 intellectu
1872 4743 1925 4806 D
1950 4731 2075 4800 bus,
2105 4732 2229 4802 ﬂere
2255 4746 2371 4784 cum
2414 4726 2654 4795 ﬂentibus
2696 4728 2715 4795 (
2738 4726 2890 4781 Rom.
2942 4741 3050 4792 xu,
3093 4720 3213 4793 15).
3244 4721 3386 4776 Nihil
3412 4735 3542 4790 ergo

246 4816 622 4887 interlucente,
652 4821 916 4875 videatur.
952 4821 1141 4891 Aliud,
1165 4822 1310 4892 quod
1333 4822 1445 4891 jam
1474 4823 1839 4895 Agilulphum,

248 4907 720 4980 Langobardorum
750 4927 950 4981 regem,
976 4914 1042 4969 ad
1067 4915 1402 4972 obsidionem
1427 4927 1668 4973 nostram
1689 4935 1839 4975 sum-

249 5019 469 5076 mopere
516 5007 861 5063 festinantem
882 5049 896 5075 ,
931 5006 1134 5063 Padum
1168 5010 1425 5067 transisse
1466 5014 1838 5082 cognovimus.

253 5092 401 5155 Unde
455 5109 711 5170 pensate,
756 5099 950 5155 fratres
994 5099 1328 5166 charissimi,
1362 5101 1417 5157 in
1448 5103 1751 5172 caliginosis
1778 5122 1844 5163 ac

247 5193 482 5262 mysticis
525 5192 773 5249 sensibus
810 5193 938 5262 quid
980 5192 1158 5247 valeat
1196 5207 1352 5248 mens
1373 5194 1603 5264 misera,
1634 5196 1844 5255 timoris

248 5280 325 5333 sui
348 5282 841 5351 perturbationibus
861 5291 1144 5352 occupata.
1167 5280 1382 5348 Quanto
1403 5284 1545 5339 enim
1569 5284 1711 5342 circa
1733 5296 1843 5343 ter-

248 5384 373 5427 rena
400 5374 520 5444 plus
547 5374 762 5444 satagit,
795 5380 950 5429 tanto
978 5373 1033 5428 in
1062 5373 1147 5429 his
1169 5388 1289 5444 qua:
1308 5382 1435 5430 sunt
1468 5375 1709 5433 coelestia
1739 5380 1843 5434 mi-

250 5478 345 5519 nus
370 5468 514 5523 videt
548 5485 561 5523 :
592 5483 693 5539 pro
732 5482 799 5523 eo
828 5466 975 5538 quod
1002 5468 1145 5523 curis
1170 5467 1283 5524 suis
1308 5480 1463 5523 extra
1502 5484 1561 5524 se
1603 5470 1835 5537 ducitur,

248 5556 395 5613 valde
423 5562 565 5616 intus
590 5561 770 5615 minor
796 5567 880 5613 est
911 5577 925 5614 :
956 5559 1085 5629 quia
1136 5560 1392 5630 scriptum
1422 5568 1505 5615 est
1534 5579 1546 5614 :
1581 5560 1838 5627 Deprimit

247 5655 441 5707 terrena
470 5652 777 5707 inhabitatio
806 5667 1013 5706 sensum
1040 5652 1202 5705 multa
1240 5652 1549 5723 cogitantem
1598 5651 1754 5724 (Sup.
1779 5653 1833 5722 9,

241 5736 347 5807 15).
378 5743 512 5814 Quae
553 5744 697 5800 enim
739 5743 1018 5814 superiora
1046 5752 1360 5813 penetrare,
1393 5744 1555 5799 etiam
1580 5743 1828 5814 collecta,

236 5857 577 5997 m3giliejsto
602 5858 770 5915 verbo
797 5857 1077 5914 disseritur
1118 5857 1173 5913 in
1211 5867 1339 5916 nota
1365 5858 1398 5911 It
1427 5872 1513 5929 ep.
1547 5853 1616 5910 46
1648 5854 1743 5911 lib.
1777 5872 1815 5912 rt

360 5947 395 5982 ε
429 5949 490 5987 rt.
1657 5987 1668 5997 .
1798 5988 1799 5991 η

342 5940 490 5987 nstri.

302 5987 448 6058 itu
473 5996 631 6061 Gothi
658 6006 718 6060 ut
742 5992 834 6059 tuti
854 5992 989 6059 Hm
1019 5991 1236 6069 larunt.
1254 5993 1449 6069 Quibus
1476 5987 1836 6066 astipulantur

1947 4831 2060 4879 tam
2103 4836 2395 4878 onerosum
2451 4821 2503 4875 in
2542 4819 2737 4876 ordine
2783 4816 3127 4873 sacerdotum
3166 4813 3323 4868 video
3375 4827 3538 4885 quam

1947 4916 2180 4986 rigorem
2225 4914 2422 4969 mentis
2468 4909 2846 4980 compatiendo
2891 4907 3136 4972 ﬂectere,
3180 4913 3384 4973 etcum
3413 4920 3541 4976 per-

1945 5008 2092 5063 sonis
2135 5004 2635 5076 supervenientibus
2695 5001 2931 5055 animum
2980 5008 3224 5067 mutare;
3258 5007 3315 5055 et
3355 5008 3537 5054 tamen

1939 5099 2048 5155 hoc
2072 5096 2234 5153 valde
2256 5106 2341 5154 est
2364 5094 2750 5150 necessarium.
2783 5092 2915 5147 Nam
2943 5092 3160 5162 quando
3186 5106 3255 5147 ex
3283 5091 3541 5163 praedica-

1940 5192 2088 5248 tione
2115 5187 2232 5261 ejus
2251 5190 2317 5245 ad
2345 5188 2474 5244 boni
2496 5187 2676 5257 operis
2694 5186 3202 5256 gratiam.peccator
3228 5183 3524 5249 reducitur,

1936 5284 1984 5341 si
2013 5284 2128 5355 ipse
2154 5284 2246 5354 qui
2275 5280 2530 5354 praedicat
2556 5280 2768 5337 videtur
2790 5280 3066 5350 ingratus?
3095 5297 3116 5333 ι
3149 5278 3395 5353 (Prwfat.
3428 5277 3467 5332 ι.
3498 5291 3538 5333 tt

1934 5378 1990 5431 in
2013 5374 2231 5445 Ezech.)

2010 5467 2144 5523 ltetn
2172 5468 2225 5522 in
2255 5466 2361 5522 ﬁne
2402 5467 2641 5536 ejusdem
2684 5465 2971 5522 voluminis
3002 5481 3016 5519 :
3054 5481 3074 5517 ι
3107 5461 3247 5519 Ecce
3295 5460 3441 5523 haec,
3470 5466 3537 5514 ut

1942 5560 2169 5616 Domino
2215 5558 2478 5628 largiente
2519 5557 2817 5629 potuimus,
2867 5570 3052 5612 coram
3102 5553 3287 5619 vobis,
3335 5550 3529 5606 fratres

1937 5650 2237 5708 cbarissimi
2254 5692 2270 5718 ,
2292 5649 2468 5705 rimati
2495 5664 2694 5704 sumus.
2727 5647 2895 5703 Nemo
2923 5654 3101 5701 autem
3126 5660 3213 5699 me
3235 5641 3529 5712 reprehen-

1936 5745 2030 5802 dat
2056 5745 2080 5783 b
2111 5745 2157 5799 si
2187 5751 2308 5813 post
2336 5742 2477 5798 hanc
2505 5742 2830 5799 locutionem
2855 5750 3165 5803 cessavero,
3196 5734 3351 5804 quia,
3383 5734 3528 5791 sicut

1926 5857 2063 5937 Reg.
2113 5865 2168 5912 et
2197 5856 2318 5914 cod.
2363 5854 2637 5913 BuMariae
2661 5852 2853 5920 Parim,
2887 5851 2931 5905 si
2955 5848 3169 5918 posthac
3208 5858 3238 5899 α
3269 5847 3526 5906 locus.“

1930 5944 2211 5986 cessavere.
