4138 6474
885 264 915 295 ’κ

597 349 707 413 219

1162 348 1222 412 S.
1262 348 1589 415 GREGORII
1626 346 1847 413 MAGNI
1886 350 2043 413 VITA
2109 349 2313 415 AUCT.
2357 350 2617 421 JOANNE
2660 346 2973 412 DIACONO.
3017 350 3145 410 LIB.
3186 350 3278 411 IV.

3759 358 3872 415 2ῗο

580 482 769 527 omnes
817 467 1067 542 cernitis,
1123 474 1319 523 nostra:
1369 466 1748 549 tribulationes
1789 474 2161 529 excreverunt.
2198 470 2241 527 Α
2272 462 2494 520 Domine
2535 463 2717 537 (Psal.
2758 481 2909 535 cxu,
2950 482 2995 521 v.
3029 465 3174 543 ult).
3206 464 3313 522 Sed
3336 468 3459 537 quia
3502 468 3635 524 meis
3691 464 3935 523 adhuc“

584 552 829 627 Undique
856 557 1046 627 gladiis
1066 555 1373 614 circumfusi
1398 570 1599 624 sumus,
1623 557 1861 626 undique
1884 556 2169 611 imminens

579 650 768 705 mortis
813 651 1107 720 periculum
1157 650 1428 705 timemus.
1468 648 1575 709 Alii
1601 648 1935 705 detruncatis
1978 647 2045 702 ad
2073 661 2173 702 nos

578 744 825 801 manibus
871 745 1127 813 redeunt;
1180 744 1268 798 alii
1318 742 1495 819 capti,
1541 742 1631 798 alii
1675 741 1983 813 interempti
2033 755 2172 796 nun-

576 834 805 895 tiantur.
832 834 948 890 Jam
979 849 1146 909 cogor
1169 835 1406 904 linguam
1439 834 1504 889 ab
1531 833 1868 909 expositione
1913 833 2169 898 retinere,

573 933 700 1005 quia
740 928 898 985 tzedet
931 930 1165 988 animam
1194 942 1368 981 meam
1414 927 1538 981 vitm
1582 940 1715 980 meae
1747 925 1886 997 (Job.
1940 924 2021 995 x).
2051 921 2171 979 lam

575 1025 754 1083 nullus
788 1022 840 1077 in
873 1036 959 1076 me
1006 1020 1145 1075 sacri
1198 1017 1398 1089 eloquii
1445 1016 1677 1073 studium
1726 1015 1993 1086 requirat,
2043 1013 2169 1083 quia

573 1133 728 1175 versa
756 1124 838 1172 est
864 1115 915 1170 in
947 1115 1147 1169 luctum
1186 1114 1392 1168 cithara
1418 1127 1539 1167 mea
1559 1152 1574 1178 ,
1604 1117 1659 1165 et
1702 1122 1961 1178 organum
1991 1122 2169 1163 meum

574 1210 630 1265 in
663 1224 849 1265 vocem
889 1206 1131 1262 flentium
1176 1204 1317 1277 (Job.
1346 1204 1499 1277 xxx).
1530 1201 1646 1258 Jam
1677 1200 1855 1257 cordis
1882 1200 2070 1256 oculus
2116 1200 2168 1254 in

572 1301 953 1373 mysteriorum
989 1296 1319 1352 discussione
1363 1311 1470 1350 non
1524 1293 1737 1364 vigilat,
1760 1292 1882 1361 quia
1913 1290 2173 1347 dormita—

571 1394 648 1448 vit
681 1392 859 1451 anima
902 1406 1022 1447 mea
1060 1404 1169 1460 prae
1197 1387 1355 1443 taedio
1392 1386 1566 1459 (Psal.
1599 1383 1805 1456 cxvm).
1847 1381 1965 1438 Jam
1994 1385 2171 1438 minus

571 1485 730 1549 lectio
773 1484 951 1539 animo
995 1481 1165 1537 dulcis
1194 1488 1298 1549 est,
1328 1479 1453 1552 quia
1482 1478 1679 1534 oblitus
1705 1493 1823 1533 sum
1848 1476 2172 1531 manducare

571 1591 765 1649 panem
814 1589 995 1629 meum
1039 1588 1068 1626 a
1111 1586 1249 1627 voce
1297 1571 1526 1641 gemitus
1578 1568 1683 1623 mei
1725 1566 1897 1641 (Psal.
1946 1568 2041 1635 Cl).
2071 1563 2170 1621 Cui

572 1678 753 1726 autem
780 1670 963 1724 vivere
990 1683 1094 1722 non
1120 1666 1279 1730 licet,
1304 1665 1373 1721 de
1414 1663 1708 1735 Scripturaa
1736 1678 1903 1719 sacrae
1926 1661 2172 1717 sensibus

572 1760 720 1832 loqui
757 1761 982 1833 mystica
1032 1758 1265 1828 qualiter
1311 1755 1477 1812 libet?
1507 1753 1575 1810 Et
1603 1756 1693 1826 qui
1738 1769 1905 1826 cogor
1931 1753 2171 1824 quotidie

572 1871 757 1911 amara
798 1855 1019 1923 bibere,
1058 1855 1273 1923 quando
1308 1864 1529 1923 possum
1559 1848 1735 1905 dulcia
1782 1847 2112 1920 propinare?
2146 1867 2163 1901 ι
2202 1866 2249 1926 Β

572 1947 794 2025 (Homil.
826 1945 949 2011 ult.)

636 2062 769 2116 Item
822 2059 1023 2116 Italicae
1074 2057 1315 2129 patricia:
1361 2062 1419 2111 et
1470 2053 1771 2122 Venantio,
1826 2052 2167 2111 exmonacho

568 2152 794 2225 patricio
828 2168 842 2205 :
878 2170 896 2203 ι
925 2148 1197 2217 Quosdam
1226 2147 1295 2203 de
1318 2146 1505 2204 Sicilia
1527 2149 1808 2203 venientes
1841 2144 2039 2203 affectu
2066 2162 2174 2217 quo

570 2243 732 2299 debui
769 2242 839 2298 de
865 2241 1129 2312 sospitate
1175 2239 1511 2296 excellentiae
1540 2247 1733 2296 vestra:
1771 2239 2047 2310 requirere
2074 2254 2173 2294 cu-

570 2337 713 2403 ravi,
755 2336 851 2393 sed
902 2335 969 2393 de
1023 2333 1340 2391 assiduitate
1387 2332 1761 2403 aegritudinum
1814 2332 1946 2389 mihi
2003 2331 2174 2393 tristia

570 2426 986 2498 responderunt.
1025 2424 1151 2480 Haec
1177 2433 1358 2481 autem
1388 2424 1603 2491 dicens,
1634 2439 1735 2481 nec
1780 2439 1882 2497 ego
1909 2423 2064 2481 vobis
2106 2422 2175 2480 de

570 2520 781 2588 meipso
830 2515 1047 2574 invenio
1096 2514 1241 2572 aliud
1288 2515 1435 2587 quod
1463 2515 1690 2573 debeam
1738 2515 2013 2579 nuntiare,
2070 2511 2174 2570 nisi

570 2609 750 2681 quod,
790 2607 1033 2681 peccatis
1056 2608 1189 2663 meis
1218 2606 1535 2663 facientibus
1556 2652 1570 2675 ,
1604 2621 1732 2663 ecce
1768 2607 1881 2676 jam
1923 2604 2171 2665 undecim

525 2734 533 2744 -
568 2713 780 2757 menses
807 2706 930 2755 sunt
958 2697 1102 2769 quod
1132 2696 1288 2753 valde
1310 2713 1490 2755 rarum
1511 2708 1594 2753 est
1621 2698 1667 2755 si
1687 2697 1755 2755 de
1776 2698 1919 2755 lecto
1949 2711 2171 2767 surgere

568 2790 859 2861 aliquando
899 2789 1074 2861 potui.
1144 2788 1331 2846 Tantis
1375 2790 1518 2847 enim
1567 2789 1818 2861 podagrae
1872 2789 2171 2859 doloribus,

569 2883 839 2952 tantisque
893 2880 1259 2941 molestiarum
1311 2895 1528 2951 premor
1576 2880 1898 2952 angoribus,
1954 2889 2013 2941 ut
2061 2883 2168 2936 vita

569 2973 698 3035 mihi
727 2972 1041 3041 gravissima
1074 2986 1229 3043 pinna
1268 2972 1356 3029 sit.
1387 2972 1637 3040 Quotidie
1686 2974 1828 3031 enim
1878 2973 1933 3030 in
1981 2974 2170 3030 dolore

569 3062 789 3131 deficio,
822 3071 877 3119 et
906 3063 1095 3119 mortis
1126 3064 1422 3121 remedium
1460 3064 1799 3139 expectando
1841 3065 2075 3139 suspiro.
2109 3064 2165 3119 In

569 3155 719 3210 clero
746 3169 879 3211 vero
915 3155 1066 3231 167
1091 3153 1250 3223 hujus
1276 3155 1423 3215 urbis
1453 3163 1507 3210 et
1539 3156 1735 3226 populo
1778 3157 1911 3213 tanti
1940 3155 2166 3213 febrium

569 3244 856 3315 languores
884 3247 1176 3309 irruerunt,
1205 3256 1262 3304 ut
1293 3264 1430 3320 pene
1458 3249 1634 3306 nullus
1665 3250 1822 3318 liber,
1848 3251 2024 3309 nullus
2044 3267 2162 3311 ser-
2189 3247 2239 3312 C

571 3352 667 3405 vus
692 3340 1033 3407 remanserit,
1061 3340 1153 3412 qui
1182 3339 1405 3397 idoneus
1431 3356 1549 3398 esse
1578 3341 1643 3403 ad
1667 3344 1885 3413 aliquod
1931 3343 2166 3401 officium

570 3431 655 3489 vel
702 3431 1058 3487 ministerium
1118 3434 1308 3502 possit.
1360 3432 1437 3493 De
1477 3434 1668 3497 vicinis
1710 3444 1889 3499 autem
1950 3436 2169 3495 urbibus

567 3530 781 3594 strages
803 3522 960 3583 nobis
981 3523 1322 3579 mortalitatis
1348 3524 1588 3596 quotidie
1618 3526 1955 3590 nuntiantur.
1990 3526 2166 3582 Africa

568 3622 750 3675 autem
796 3615 1030 3687 qualiter
1059 3616 1389 3673 mortalitate
1430 3625 1486 3673 et
1514 3616 1860 3688 languoribus
1906 3628 2167 3690 vastetur,

567 3717 772 3778 quanto
818 3708 1109 3766 viciniores
1153 3709 1282 3765 estis
1331 3718 1483 3769 tanto
1533 3711 1697 3768 credo
1733 3709 1877 3781 quod
1924 3710 2171 3769 subtilius

567 3801 919 3869 eognovistis.
953 3800 1031 3857 De
1070 3800 1290 3859 Oriente
1318 3818 1448 3859 vero
1478 3804 1571 3874 qui
1608 3805 1861 3872 veniunt,
1893 3805 2171 3875 graviores

568 3892 935 3952 desolationes
966 3896 1237 3953 nuntiant.
1275 3896 1333 3953 In
1361 3898 1444 3952 bis
1485 3898 1670 3970 itaque
1710 3900 1994 3971 omnibus,
2019 3902 2165 3973 quia,

567 3986 1032 4057 appropinquante
1060 3986 1167 4042 fine
1195 3987 1401 4052 mundi,
1428 3989 1740 4057 generalem
1763 3991 2168 4062 percussionem

567 4092 687 4137 esse
713 4078 1123 4146 cognoscimus,
1158 4078 1320 4148 affligi
1340 4080 1510 4137 'nimis
1539 4080 1605 4136 de
1648 4083 1882 4151 propriis
1908 4083 2170 4145 molestiis

567 4183 677 4224 non
700 4168 975 4223 debemus.
1016 4189 1034 4222 ι
1081 4156 1307 4241 (Regist.
1332 4173 1371 4227 ι.
1401 4188 1478 4239 1x,
1510 4189 1591 4243 ep.
1619 4171 1768 4241 125.)

640 4278 775 4335 Item
794 4280 1020 4352 Eulogio
1043 4321 1059 4347 ,
1104 4284 1426 4352 patriarchas
1459 4286 1827 4347 Alexandrina
1857 4305 1872 4344 :
1912 4307 1933 4344 ι
1970 4288 2169 4349 Τιἀηδη

567 4382 693 4427 aeto
728 4388 871 4428 uino
910 4374 1231 4432 suavissima
1259 4378 1566 4435 sanctitatis
1594 4381 1797 4436 'vestrte
1822 4381 2023 4453 scripta
2050 4398 2169 4440 sus»

566 4464 684 4534 cepi
705 4506 719 4534 ,
746 4466 941 4535 quibus
968 4481 1067 4536 pro
1094 4468 1431 4537 aegritudinis
1467 4486 1603 4527 mea:
1632 4472 1912 4532 nimietate
1938 4490 2167 4547 respon-

566 4555 696 4612 dere
717 4573 861 4617 nunc
892 4574 1062 4629 usque
1090 4576 1201 4616 non
1232 4561 1397 4619 valui.
1418 4562 1563 4620 Ecce
1582 4565 1724 4620 enim
1748 4566 1861 4637 jam
1890 4567 2166 4627 biennium

2274 558 2523 629 precibus
2546 548 2793 614 obtinere
2821 572 2930 614 non
2958 574 3188 624 mereor,
3219 575 3349 629 rogo
3372 566 3429 615 ut
3451 569 3644 616 vestras
3666 561 3878 616 sancti-

2275 648 2400 707 tatis
2429 649 2603 706 oratio
2623 665 2741 706 sum
2760 651 2893 706 mihi
2931 651 3332 709 intercessionis
3380 654 3703 722 adiutorium
3733 668 3882 724 pre—

2271 743 2419 808 beat,
2453 756 2645 815 meque
2674 759 2705 799 a
2736 744 2942 814 peccati
2976 752 3030 800 et
3074 746 3434 817 corruptionis
3461 746 3703 815 pondere
3731 745 3881 800 libo-

2272 851 2392 892 rum
2422 836 2609 891 reddat
2634 835 2687 891 in
2719 837 2897 904 illam,
2937 852 3099 908 quam
3139 837 3277 892 bene
3315 838 3513 905 nostis,
3565 838 3879 893 libertatem

2272 930 2455 998 gloria:
2478 927 2708 984 filiorum
2738 929 2851 985 Dei.
2906 948 2924 982 ι
2963 928 3102 998 (Lib.
3132 946 3188 998 x,
3212 947 3293 997 ep.
3326 927 3443 1002 35.)

2344 1039 2479 1096 Item
2504 1041 2679 1096 eidem
2713 1059 2723 1093 :
2769 1061 2787 1093 ‹
2823 1039 2957 1097 Peto
2989 1051 3169 1098 autem
3201 1051 3259 1097 ut
3286 1059 3381 1114 pro
3421 1058 3507 1099 me
3535 1042 3744 1100 enixius
3768 1060 3872 1100 ve—
3930 1066 3941 1084 κ

2273 1140 2384 1191 stra
2414 1133 2668 1189 sanctitas
2693 1149 2853 1189 orare
2879 1134 3095 1205 debeat,
3125 1136 3247 1205 quia
3296 1136 3544 1209 podagrze
3571 1136 3872 1207 doloribus,

2274 1234 2327 1280 et
2357 1226 2706 1281 barbarorum
2737 1227 2948 1305 gladiis,
2990 1236 3045 1283 et
3082 1246 3332 1286 curarum
3381 1230 3758 1289 afflictionibus
3786 1233 3872 1289 in-

2274 1326 2548 1373 cessanter
2576 1335 2811 1389 premor.
2843 1317 2949 1375 Sed
2980 1320 3022 1376 si
3062 1321 3189 1377 milii
3220 1324 3479 1380 orationis
3500 1334 3691 1379 vestra:
3711 1341 3873 1397 opem

2274 1410 2617 1483 impenditis,
2666 1414 2827 1471 credo
2865 1412 3009 1485 quod
3055 1429 3140 1468 me
3188 1422 3377 1469 contra
3422 1415 3645 1473 adversa
3686 1418 3872 1474 omnia

2271 1504 2484 1565 fortiter
2507 1507 2725 1579 juvetis.
2760 1528 2778 1563 ι
2834 1507 2976 1580 (Lib.
3018 1522 3089 1575 lx,
3116 1528 3196 1583 ep.
3221 1507 3335 1580 78.)

2344 1618 2479 1677 Item
2509 1620 2683 1679 eidem
2716 1640 2728 1676 :
2774 1641 2793 1676 σ
2831 1622 2985 1692 Rogo
3031 1637 3160 1693 ergo
3207 1632 3267 1680 ut
3306 1640 3405 1695 pro
3453 1640 3540 1681 me
3583 1634 3874 1697 peccatore

2277 1712 2494 1769 enixius
2522 1714 2720 1783 oretis,
2752 1715 2879 1785 quia
2924 1724 2977 1770 et
3006 1716 3163 1773 dolor
3184 1718 3458 1787 corporis,
3482 1726 3539 1773 et
3570 1719 3878 1777 amaritudo

2276 1804 2453 1867 cordis
2482 1820 2549 1861 ex
2575 1822 2824 1863 curarum
2851 1806 3261 1873 afﬂictionibus,
3287 1817 3343 1865 et
3369 1809 3632 1867 immensa
3652 1811 3876 1867 vastitas

2273 1897 2645 1963 mortalitatis,
2682 1896 2821 1955 inter
2850 1904 2930 1953 tot
2959 1898 3309 1955 barbarorum
3354 1899 3563 1968 gladios
3592 1915 3678 1957 me
3706 1900 3876 1958 vehe-

2276 1995 2486 2047 menter
2534 1985 2741 2059 afiligit.
2790 1986 2936 2047 Inter
2972 2004 3093 2059 quae
3121 1990 3303 2046 omnia
3342 2005 3453 2049 non
3499 1990 3872 2063 temporalem,

2274 2081 2369 2141 sed
2416 2090 2673 2139 azternam
2717 2084 3145 2143 consolationem
3177 2084 3429 2155 requiro,
3462 2100 3624 2157 quam
3651 2101 3747 2158 per
3789 2100 3875 2143 me

2274 2172 2567 2243 impetrare
2602 2190 2710 2231 non
2741 2174 2928 2242 valeo,
2962 2174 3058 2235 sed
3083 2191 3179 2248 per
3208 2177 3651 2236 intercessionem
3679 2188 3873 2237 vesu-a:

2273 2263 2623 2321 beatitudinis
2651 2266 2793 2323 hanc
2837 2283 2924 2322 me
2964 2268 3210 2324 obtinere
3255 2267 3489 2326 confido.
3528 2289 3547 2323 ι
3582 2268 3726 2341 (Lib.
3756 2287 3871 2343 xm,

2273 2375 2356 2425 ep.
2384 2356 2501 2428 41.)

2346 2447 2478 2506 Item
2521 2459 2547 2490 ει
2575 2447 2908 2520 Mariniano,
2932 2451 3190 2525 episcopo
3240 2450 3551 2511 Ravennae:
3591 2470 3610 2507 ι
3644 2450 3873 2511 Multum

2271 2540 2387 2609 iam
2435 2548 2648 2612 tempus
2702 2550 2786 2601 est
2831 2556 2939 2613 quo
2986 2558 3210 2616 surgere
3247 2543 3313 2602 de
3351 2543 3494 2604 lecto
3524 2560 3633 2603 non
3661 2544 3821 2602 valeo
3856 2564 3869 2599 :

2273 2646 2397 2686 nam
2427 2646 2512 2687 me
2534 2631 2693 2687 modo
2730 2632 2980 2703 podagras
3005 2634 3160 2691 dolor
3202 2635 3442 2702 cruciat,
3482 2635 3645 2695 modo
3686 2635 3870 2693 nescio

2273 2724 2393 2793 quis
2421 2724 2475 2779 in
2504 2733 2620 2781 toto
2646 2740 2878 2797 corpore
2905 2742 2965 2785 se
2992 2727 3128 2799 ignis
3149 2743 3271 2785 cum
3292 2728 3480 2786 dolore
3499 2728 3788 2800 expandit;
3819 2735 3872 2786 et

2274 2816 2333 2870 fit
2354 2817 2672 2888 plerumque
2701 2826 2757 2875 ut
2786 2834 2893 2876 uno
2921 2818 2976 2876 in
3003 2834 3091 2877 me
3132 2828 3377 2892 tempore
3413 2820 3578 2877 ardor
3603 2836 3726 2879 cum
3767 2820 3869 2876 do-

2272 2904 2389 2967 lore
2416 2905 2701 2977 confligat,
2728 2913 2782 2962 et
2827 2923 3025 2979 corpus
3053 2909 3105 2964 in
3136 2924 3223 2969 me
3272 2911 3588 2981 animusque
3635 2909 3869 2969 deﬁciat.

2272 2994 2500 3069 Quantis
2552 3006 2735 3056 autem
2794 2998 2913 3055 aliis
2958 3000 3367 3059 necessitatibus
3417 3009 3569 3059 extra
3607 3001 3706 3058 bas
3738 3016 3868 3073 quas

2272 3089 2471 3160 protuli
2522 3089 2863 3149 infirmitates
2917 3092 3120 3150 afficiar
3171 3109 3489 3151 enumerare
3531 3110 3638 3153 non
3688 3097 3867 3166 valeo,

2270 3179 2365 3239 sed
2392 3180 2627 3238 breviter
2658 3182 2780 3239 dico
2806 3184 2930 3255 quia
2961 3184 3040 3241 sic
3076 3200 3163 3241 me
3194 3183 3414 3241 infectio
3451 3186 3597 3242 noxii
3629 3188 3867 3245 humoris

2270 3268 2507 3338 imbibit,
2537 3280 2597 3331 ut
2624 3274 2805 3330 vivere
2834 3276 2962 3333 mihi
2992 3292 3151 3347 poena
3178 3278 3274 3343 sit,
3308 3288 3361 3334 et
3394 3289 3625 3337 mortem
3660 3280 3867 3337 deside-

2272 3372 2455 3425 ranter
2482 3374 2799 3436 expectem,
2841 3383 3003 3440 quam
3054 3370 3340 3440 gemitibus
3372 3371 3509 3426 meis
3554 3371 3725 3428 solam
3752 3388 3867 3430 esse

2271 3458 2434 3519 credo
2455 3459 2775 3518 remedium.
2809 3444 3081 3531 Proinde:
3099 3462 3263 3521 frater
3283 3464 3647 3536 sanctissime,
3677 3465 3867 3523 divinet

2270 3566 2371 3623 pro
2393 3566 2481 3613 me
2510 3552 2727 3625 pietatis
2756 3554 3179 3613 misericordiam
3208 3556 3532 3628 deprecare,
3569 3567 3629 3617 ut
3650 3574 3865 3631 percus-

2272 3646 2438 3705 siunis
2466 3662 2576 3703 sua:
2607 3649 2763 3723 168
2806 3663 2933 3721 erga
2964 3665 3050 3705 me
3092 3648 3300 3720 flagella
3343 3652 3606 3723 propitius
3636 3652 3865 3724 mitiget,

2272 3748 2329 3801 et
2362 3740 2674 3811 patientiam
2715 3743 2980 3801 tolerandi
3022 3745 3323 3810 concedat,
3372 3760 3441 3803 ne
3491 3746 3685 3814 nimio,
3725 3747 3863 3817 quod

2274 3832 2434 3897 absit,
2491 3833 2650 3889 medio
2702 3834 2752 3890 in
2810 3837 3197 3908 impatientiam
3228 3852 3323 3897 cor
3360 3846 3641 3909 erumpat,
3671 3846 3727 3894 et
3750 3854 3871 3909 qua:

2273 3925 2449 3983 curari
2473 3940 2565 3996 per
2586 3925 3023 3998 plagampotcrat
3042 3930 3199 4001 culpa
3216 3938 3425 3987 crescat
3436 3945 3504 3988 ex
3521 3946 3814 3988 murmure.
3840 3950 3858 3984 ι

2274 4013 2414 4085 (Lib.
2448 4031 2531 4081 XI,
2564 4033 2646 4088 ep.
2680 4016 2795 4089 52.)

2343 4106 2474 4167 Item
2512 4107 2836 4167 Rusticianae
2861 4113 3101 4182 patriciae
3132 4132 3145 4171 :
3182 4135 3199 4169 ι
3238 4115 3313 4173 De
3343 4116 3595 4191 podagras
3622 4117 3862 4176 molestia

2270 4213 2432 4271 quam
2464 4200 2615 4257 vobis
2651 4203 2895 4263 evenisse
2922 4209 3199 4275 signastis,
3233 4218 3287 4267 et
3327 4212 3673 4269 contristatus
3698 4212 3860 4269 vehe-

2271 4300 2481 4351 menter
2508 4308 2626 4351 sum
2660 4308 2713 4351 et
2734 4296 2962 4355 lmtatus.
2991 4299 3258 4370 Lmtatus,
3299 4306 3423 4374 quia
3452 4306 3646 4363 humor
3674 4309 3862 4367 noxius

2269 4383 2523 4445 inferiora
2570 4397 2794 4458 petens,
2823 4393 3099 4463 superiora
3130 4396 3371 4467 profecto
3418 4398 3674 4456 deseruit.
3724 4401 3858 4457 Con-

2271 4478 2510 4537 tristatus
2535 4495 2690 4548 vero,
2713 4482 2837 4551 quia
2860 4483 2912 4538 in
2934 4493 3043 4540 tam
3062 4488 3377 4545 tenuissimo
3395 4506 3624 4561 corpore
3647 4491 3860 4548 dolores

2270 4584 2367 4625 vos
2395 4570 2589 4627 nimios
2620 4574 2825 4644 perpeti
2855 4576 3199 4645 pertimesco.
3232 4577 3331 4635 Ubi
3355 4581 3496 4636 enim
3528 4584 3681 4637 deest
3710 4599 3859 4648 caro,

565 4664 706 4721 pene
734 4651 979 4721 expletur
1005 4666 1115 4723 quo
1137 4654 1333 4711 lectulo
1365 4663 1591 4725 teneor,
1619 4659 1889 4729 tantisque
1916 4661 2164 4731 podagrae
2192 4647 2245 4709 D
2267 4673 2389 4729 quae
2442 4661 2613 4717 virtus
2684 4678 2803 4721 esse
2850 4669 3051 4737 poterit
3112 4670 3388 4727 doloribus
3435 4673 3724 4729 resistens?
3778 4647 3859 4729 Ile

566 4739 843 4798 doloribus
886 4744 1128 4815 affligar,
1163 4755 1220 4801 ut
1250 4747 1339 4802 vix
1389 4748 1443 4803 in
1483 4749 1673 4808 diebus
1706 4751 1857 4811 festis
1898 4769 2069 4825 usque
2096 4756 2162 4815 ad

566 4831 822 4887 horarum
864 4837 1031 4891 trium
1069 4839 1303 4909 spatium
1340 4856 1562 4911 surgere
1608 4844 1821 4901 valeam
1876 4848 2163 4909 missarum

566 4924 829 4979 solemnia
849 4927 1144 4986 celebrare.
1176 4930 1299 4988 Mox
1319 4943 1502 4989 autem
1531 4951 1653 4991 cum
1681 4938 1835 5005 gravi
1866 4941 2164 5011 compellor

566 5016 761 5072 dolore.
781 5018 1136 5086 decumbere,
1178 5032 1238 5077 ut
1269 5026 1569 5083 cruciatum
1594 5043 1773 5085 meum
1797 5046 1905 5087 non
1936 5033 2161 5102 possim,

565 5109 767 5177 gemitu
793 5110 1253 5182 interrumpente,
1281 5117 1536 5175 tolerare.
1567 5119 1671 5187 Qui
1700 5121 1857 5177 dolor
1890 5123 2163 5185 interdum

464 5202 471 5206 ’
564 5199 695 5255 mibi
719 5200 892 5256 lentus
913 5210 1014 5267 est.
1040 5203 1309 5265 interdius
1336 5209 1549 5279 nimius,
1576 5213 1671 5269 sed
1692 5229 1871 5283 neque
1892 5214 1963 5277 ita
1986 5215 2165 5275 lenius

565 5302 624 5344 ut
656 5292 896 5358 recedat,
916 5309 1090 5363 neque
1116 5296 1188 5349 ita
1218 5298 1412 5356 nimius
1444 5312 1501 5357 ut
1521 5306 2077 5378 interficiat.(Uude{fit
2104 5324 2162 5369 ut

564 5384 655 5452 qui
678 5384 921 5453 (poetilio
942 5385 995 5442 in
1018 5390 1360 5459 mortefsum,
1384 5395 1613 5465 repellar
1637 5412 1668 5452 a
1697 5408 1891 5459 morte.
1922 5401 2033 5460 Nec
2060 5405 2159 5458 mi-

566 5486 713 5541 rum,
750 5476 879 5545 quia
914 5488 1168 5547 peccator
1202 5483 1379 5549 gravis
1414 5485 1509 5541 tali
1550 5489 1914 5556 corruptionis
1941 5507 2158 5551 carcere

565 5564 657 5620 diu
686 5574 873 5625 teneor
900 5568 1165 5636 inclu..-us;
1198 5574 1341 5631 unde
1367 5578 1669 5647 compellor
1702 5581 1938 5640 clamare
1970 5604 1982 5639 ε
2008 5585 2155 5643 Educ

567 5660 631 5716 de
651 5676 859 5718 carcere
883 5667 1117 5723 animum
1138 5686 1305 5727 mam
1327 5672 1401 5726 aut
1422 5673 1775 5731 conﬁtendum
1820 5681 2017 5735 nomini
2048 5691 2159 5750 tuo,

639 5823 664 5852 ⁸
694 5812 751 5870 1η
782 5811 1026 5902 Excusis,
1143 5821 1381 5902 Uticensi
1403 5864 1417 5889 ,
1452 5834 1505 5879 et
1529 5827 1578 5902 in
1611 5829 1779 5902 tribus
1824 5830 1994 5888 Paris.
2030 5834 2154 5902 Epi-

566 5901 723 5960 uopo
774 5890 1001 5948 Arabiw.
1061 5892 1159 5969 llic
1206 5892 1504 5965 Episcopus
1545 5898 1595 5953 in
1626 5901 1854 5972 vulgatis
1880 5904 2043 5962 modo
2074 5890 2147 5962 ldi-

2268 4757 2501 4822 etenim,
2551 4773 2712 4830 quem
2764 4760 2937 4829 qualis
2986 4762 3174 4819 fuerim
3215 4766 3421 4832 nostis,
3456 4767 3530 4825 ita
3559 4768 3858 4823 amaritudo

2267 4847 2432 4904 animi
2462 4856 2516 4903 et
2545 4848 2759 4905 assidua
2789 4853 3130 4911 exacerbatio
3160 4864 3323 4925 atque
3351 4873 3448 4929 per
3477 4859 3580 4914 hoc
3608 4860 3857 4930 podagrm

2268 4940 2517 5001 molestia
2546 4939 2745 5010 aflecit,
2778 4950 2834 4997 ut
2856 4959 3053 5012 corpus
3081 4964 3259 5002 meum
3290 4958 3566 5021 tamquam
3596 4952 3648 5005 in
3679 4953 3855 5022 sepul-

2265 5044 2387 5095 tura
2412 5037 2667 5095 sicratum
2695 5038 2765 5094 sit
2793 5041 2933 5097 unde
2957 5040 3015 5096 fit
3030 5050 3087 5097 ut
3109 5042 3220 5112 jam
3237 5061 3361 5102 raro
3386 5046 3455 5105 de
3477 5047 3616 5102 lecto
3634 5061 3856 5116 surgere

2264 5126 2492 5189 valeam.
2534 5147 2553 5185 ι
2590 5127 2730 5200 (Lib.
2758 5146 2833 5197 XI,
2861 5149 2941 5203 ep.
2973 5130 3089 5203 44.)

2333 5217 2469 5273 Item
2487 5218 2664 5277 eidem
2691 5240 2701 5275 :
2738 5240 2754 5275 ι
2784 5220 2895 5292 Ego
2922 5223 2974 5283 in
2998 5234 3151 5279 tanto
3182 5227 3382 5294 gemitu
3406 5236 3459 5283 et
3482 5231 3851 5302 occupationi-

2261 5311 2361 5371 bus
2385 5310 2509 5367 vivo
2532 5352 2547 5378 ,
2582 5320 2638 5367 ut
2668 5313 2735 5371 ad
2764 5313 2877 5373 dies
2904 5330 3042 5387 quos
3070 5331 3173 5391 ago
3219 5321 3527 5389 pervenisse
3572 5338 3658 5378 me
3686 5324 3854 5395 pumi-

2262 5410 2394 5470 teat,
2420 5404 2641 5475 Solaque
2659 5405 2791 5465 mihi
2812 5406 2865 5461 in
2882 5409 3255 5466 consolatione
3274 5411 3345 5467 sit
3362 5414 3551 5469 mortis
3573 5426 3854 5485 exspecta-

2262 5495 2360 5553 tio.
2394 5494 2546 5553 Unde
2575 5503 2701 5566 peto
2729 5505 2786 5552 ut
2816 5513 2916 5569 pro
2954 5514 3042 5557 me
3088 5515 3245 5561 orare
3275 5500 3544 5566 debeatis,
3587 5514 3855 5575 quatenus

2264 5587 2332 5655 de
2360 5590 2465 5647 hoc
2491 5591 2671 5647 carnis
2698 5607 2918 5649 carcere
2942 5595 3100 5651 citius
3128 5595 3339 5665 educat,
3374 5612 3441 5653 ne
3464 5598 3625 5653 tantis
3652 5598 3851 5653 labori-

2266 5681 2364 5737 bus
2404 5682 2602 5743 diutius
2648 5694 2921 5755 torquear.
2960 5705 2978 5738 ι
3028 5685 3179 5759 (Lib.
3238 5704 3360 5753 xm,
3410 5707 3489 5763 ep.
3544 5688 3671 5759 92.)
3717 5689 3853 5746 Item

2260 5839 2401 5894 citur
2427 5839 2809 5910 Maximianus,
2857 5844 3017 5900 modo
3046 5843 3346 5913 Mariam,
3380 5858 3469 5902 aut
3496 5850 3843 5908 Mai-inicum.
