4138 6494
269 424 380 487 εει

879 416 939 475 s.
980 414 1307 476 caecout!
1346 416 1565 475 MAGNI
1608 418 1785 487 tm,
1818 416 2021 479 aucr.
2063 415 2323 479 manus
2363 414 2676 483 DIACONO.
2718 414 2848 473 ua.
2884 391 2979 499 tv,

255 536 545 599 Anaszasio
575 536 912 592 Antiocheno
943 553 957 589 :
996 554 1016 589 i
1053 534 1205 605 Rogo
1233 544 1292 591 ut
1324 552 1423 608 pro
1446 538 1551 594 mei
1575 537 1751 594 cordis
1775 537 1854 592 in-
1882 539 1932 597 Α
1960 534 2025 589 ad
2053 534 2446 591 comburendos
2476 536 2641 591 libros
2662 536 2777 606 ejus
2798 517 3077 607 cmperunt
3096 534 3299 615 pariter
3327 534 3553 607 anhela-

256 631 517 690 ﬁrtnitate
549 629 756 687 enixius
802 628 996 696 oretis,
1043 636 1308 700 quatenus
1336 630 1678 701 omnipotens
1718 628 1858 685 Deus

260 732 500 781 mentem
528 736 704 781 meam
752 736 781 774 a
808 720 964 776 malis
993 722 1240 777 omnibus
1275 737 1375 792 pro
1396 731 1574 778 vestra
1602 721 1861 777 interces-

256 817 417 877 sione
448 822 681 881 tueatur,
713 821 768 868 et
790 813 947 869 citiUs
968 830 1059 870 me
1077 813 1143 868 de
1170 823 1249 869 tot
1266 814 1517 885 procellis
1540 814 1699 884 hujus
1719 820 1859 870 tem-

258 904 488 980 pestatis
519 902 730 975 eripiat,
761 911 922 973 atque
954 904 1007 958 iu
1052 912 1268 960 aeternae
1297 904 1492 975 quietis
1530 905 1713 963 littore
1737 921 1862 981 per-

259 999 445 1057 ducat.
479 1017 497 1050 »
536 992 674 1070 (Lib.
697 1012 806 1063 vlu,
836 1013 916 1066 ep.
944 994 1022 1067 2.)

336 1110 427 1166 68.
472 1108 661 1169 Tantis
687 1110 938 1179 precibus
978 1107 1270 1178 Gregorius
1314 1109 1535 1167 tandem
1576 1110 1862 1182 aliquando

260 1204 521 1261 divinitus
563 1203 878 1273 exauditus,
923 1212 1208 1276 postquam
1261 1203 1447 1260 sedem
1488 1205 1768 1261 catholicae
1809 1213 1864 1260 et

261 1294 577 1365 apostolicae
603 1304 803 1351 sancta
822 1296 1081 1353 Romanae
1106 1294 1363 1353 Ecclesia}
1399 1297 1555 1352 annis
1584 1296 1861 1364 tredecim,

265 1388 544 1445 mensibus
589 1403 682 1443 sex
716 1398 771 1443 et
802 1389 991 1445 diebus
1028 1388 1248 1454 decem,
1281 1386 1543 1454 doctrinis
1575 1389 1775 1458 pariter
1801 1403 1865 1444 ac

264 1479 522 1551 operibus
547 1476 863 1536 felicissimis
887 1479 1192 1549 illustravit,
1217 1487 1242 1515 λ
1267 1494 1411 1537 anno
1439 1479 1647 1548 imperii
1673 1477 1863 1535 Phoco:

265 1571 534 1637 secundo,
576 1571 868 1629 indictione
909 1572 1175 1641 septima,
1215 1581 1408 1640 quarto
1437 1571 1620 1626 iduum
1644 1569 1863 1625 Martia—

266 1676 409 1730 rum,
443 1679 474 1718 a
497 1662 669 1721 carnis
696 1663 1042 1732 corruptione
1060 1662 1365 1717 subtractus
1384 1669 1483 1727 est,
1508 1660 1864 1730 incorruptio-

268 1754 356 1814 nis
382 1762 658 1826 perpetuae
676 1753 851 1823 gloria
885 1753 1275 1810 sublimandus.
1304 1753 1406 1821 Qui
1440 1752 1694 1809 videlicet
1717 1752 1863 1809 omni

270 1848 395 1903 vitae
442 1861 555 1903 suae
602 1853 848 1916 tempore
875 1845 1013 1903 sicut
1043 1861 1210 1902 novas
1244 1847 1493 1903 basilicas
1538 1847 1758 1903 minime
1787 1846 1865 1901 fa.

1964 643 2041 682 re.
2069 625 2307 695 Quorum
2338 628 2462 682 dum
2494 628 2756 698 quosdam
2782 628 2892 699 jam
2917 630 3351 697 combussissent,
3379 646 3443 687 ac
3464 645 3552 686 res

1932 719 2139 788 .liquos
2171 718 2369 773 vellent
2396 734 2642 781 exurere,
2669 716 2857 775 Petrus
2889 720 3154 776 Diaconos
3186 721 3546 778 familiarissi-

1962 822 2079 864 mus
2106 809 2240 878 ejus,
2266 826 2387 864 cum
2418 826 2525 879 quo
2547 818 2780 881 quatuor
2809 811 3148 883 Dialogorum
3174 814 3340 869 libros
3369 815 3554 888 dispuu

1963 910 2188 970 taverat,
2215 902 2454 959 creditur
2498 902 2972 958 vehementissime
3017 904 3293 961 obstitisse
3337 905 3545 973 dicens,

1963 993 2029 1048 ad
2050 994 2440 1050 obliterandam
2459 996 2578 1064 ejus
2597 996 2911 1050 memoriam
2938 997 3193 1052 librorum
3217 1001 3551 1054 exustionem

1963 1084 2094 1138 nihil
2124 1085 2389 1156 proﬁcere
2410 1101 2640 1156 quorum
2678 1086 3030 1156 exemplaria,
3064 1088 3288 1142 diversis
3315 1091 3552 1163 petenti-

1962 1178 2082 1247 bus,
2115 1182 2297 1243 mundi
2342 1183 2598 1239 ambitum
2644 1192 3049 1253 penetrassent;
3092 1184 3418 1253 snbjungens
3454 1187 3554 1241 im-

1963 1289 2121 1330 mane
2143 1275 2480 1343 sacrilegium
2506 1290 2644 1340 esse,
2678 1276 2810 1329 tanti
2841 1274 3015 1329 Patris
3038 1283 3118 1329 tot
3146 1284 3201 1330 et
3229 1277 3359 1331 tales
3386 1277 3554 1335 libros

1964 1381 2214 1429 exurere,
2247 1382 2408 1437 super
2436 1367 2589 1438 cujus
2617 1377 2777 1437 caput
2807 1367 2920 1437 ipse
2948 1364 3205 1435 Spiritum
3234 1376 3475 1422 sanctum
3502 1369 3554 1423 in

1963 1456 2313 1511 similitudine
2339 1457 2603 1512 columbae
2633 1460 2911 1513 tractantis
2960 1459 3388 1528 frequentissime
3423 1474 3553 1528 per-

1964 1549 2246 1621 spexisset.
2278 1548 2518 1619 Cumque
2550 1550 2750 1606 dudum
2779 1552 3031 1606 devotum
3065 1551 3321 1622 populum
3364 1550 3555 1606 Diacoa

1964 1655 2063 1695 nus
2091 1649 2342 1697 cerneret
2392 1643 2678 1698 occasione
2708 1645 2971 1713 temporis
2999 1659 3120 1697 cum
3154 1643 3345 1699 invidis
3383 1643 3556 1698 resul-

1965 1743 2098 1802 tare,
2134 1736 2185 1790 in
2209 1734 2313 1790 hoc
2353 1737 2592 1791 omnium
2624 1739 2942 1793 sententiam
2975 1738 3170 1792 dicitur
3208 1753 3554 1821 provocasse,

1965 1838 2042 1893 ut,
2072 1830 2115 1885 si
2140 1828 2281 1903 quod
2308 1830 2514 1887 dixerat
2545 1829 2895 1901 jurejurando
2920 1831 3244 1885 conﬁrmans
3265 1832 3403 1886 mori
3426 1846 3558 1886 con-

272 1935 536 2002 bricarat,
586 1937 659 1991 ita
700 1936 955 1992 nimirum
993 1936 1377 1994 fabricatarum
1429 1948 1674 1995 veterum
1719 1948 1862 1995 sarta
1894 1924 1941 1983 B
1971 1921 2121 1976 tinuo
2150 1922 2456 1987 meruisset,
2489 1921 2591 1993 ipsi
2623 1938 2650 1975 a
2697 1923 2957 1978 librorum
3001 1924 3285 1978 exustione
3333 1922 3559 1978 desiste-

275 2038 417 2086 tecta
442 2045 567 2085 cum
607 2045 817 2085 summo
845 2030 1023 2086 studio
1051 2032 1353 2091 annualiter
1375 2034 1661 2103 reparabat
1689 2052 1703 2086 :
1731 2049 1867 2103 quas

274 2120 532 2179 reditibus
549 2162 567 2185 ,
599 2121 947 2181 luminarihus
964 2162 980 2186 ,
1011 2121 1202 2177 ofﬁciis
1229 2133 1391 2194 atque
1418 2123 1657 2180 donariis
1681 2141 1868 2183 cumuv-

274 2209 415 2274 lans,
442 2210 495 2267 in
525 2210 745 2271 basilica
774 2210 920 2267 beati
952 2209 1095 2271 Petri
1140 2214 1371 2283 apostoli
1401 2213 1673 2285 fastigium
1697 2216 1763 2272 de
1784 2232 1870 2272 ar-

270 2315 441 2375 gento
468 2305 783 2375 purissimo,
827 2305 971 2375 quod
1007 2321 1036 2360 a
1078 2303 1259 2363 Leone
1305 2306 1488 2363 Tertio
1529 2308 1788 2379 pontiﬁce
1818 2309 1869 2364 in

274 2395 496 2455 basilica
518 2396 761 2453 Sixtiana
783 2406 985 2453 sancta
1004 2396 1186 2454 Mariae
1207 2399 1411 2453 nomini
1431 2397 1674 2455 dedicata
1692 2410 1869 2457 trans-

275 2491 446 2549 latum
487 2500 601 2561 est,
631 2492 941 2559 fabricavit,
985 2501 1041 2549 et
1062 2492 1118 2548 in
1141 2493 1362 2550 basilica
1386 2495 1528 2551 beati
1557 2493 1708 2550 Pauli
1736 2510 1870 2565 apo-

274 2582 401 2640 stoli
440 2598 600 2653 super
628 2582 797 2641 altare
824 2583 1175 2641 nihilominus
1202 2585 1348 2641 aliud
1374 2584 1642 2655 fastigium
1671 2603 1870 2656 procu-

130 2682 197 2733 4
276 2674 433 2731 ravit.
464 2672 634 2743 Hujus
663 2685 922 2745 praeterea
960 2676 1271 2747 venerabile
1310 2692 1507 2748 corpus
1549 2678 1602 2732 in
1629 2684 1869 2735 extrema

277 2768 485 2840 porticu
512 2768 748 2825 basilicae
778 2768 921 2825 beati
943 2767 1090 2826 Petri
1111 2770 1343 2849 apostoli
1365 2780 1492 2828 ante
1517 2772 1869 2831 secretarium

277 2868 405 2916 tunc
435 2860 861 2931 antiquissimum
880 2902 895 2929 ,
928 2876 1037 2932 quo
1074 2861 1331 2941 videlicet
1368 2859 1479 2919 Leo
1500 2905 1521 2931 ,
1542 2862 1867 2933 Simplicius,

277 2947 521 3004 Gelasius
546 2993 559 3017 ,
589 2957 750 3020 atque
798 2950 1152 3023 Symmachus
1173 2991 1188 3019 ,
1237 2952 1544 3023 apostolicae
1572 2953 1713 3009 sedis
1753 2955 1870 3024 epi-

275 3039 467 3110 scopi,
504 3054 627 3094 cum
668 3040 939 3096 nonnullis
980 3042 1103 3097 aliis
1155 3042 1423 3110 tumulati,
1458 3042 1568 3098 suis
1609 3042 1871 3098 hactenus

272 3129 563 3203 epitaphiis
581 3131 963 3203 praedicantur,
974 3132 1243 3205 sepultum
1260 3136 1352 3191 tali
1375 3135 1530 3191 titulo
1547 3134 1835 3195 decoratur
1854 3153 1866 3189 :

398 3251 603 3318 Sugcipe
628 3254 758 3301 terra
787 3260 875 3318 tuo
892 3267 1073 3316 corpus
1094 3258 1158 3305 de
1180 3268 1388 3318 corpore
1412 3262 1686 3318 sumptum,

468 3312 697 3377 Reddere
731 3316 858 3377 quod
883 3312 1066 3377 valeas,
1096 3312 1370 3369 viviﬁcante
1399 3318 1521 3371 Deo.

402 3357 630 3448 spissi;
642 3357 955 3448 sessui";
964 3357 1611 3448 tati'iii3st'51303g5'unt,

460 3437 685 3504 Coinrita
706 3437 912 3490 alterius
932 3437 1061 3490 mors
1076 3437 1237 3504 magis
1255 3442 1282 3483 ιι
1310 3443 1392 3492 illa
1424 3444 1501 3492 via
1523 3437 1614 3492 est.

401 3498 649 3571 Pontiﬁcis
670 3506 841 3571 summi
868 3504 961 3552 hoc
984 3498 1276 3571 clauduntur
1298 3507 1533 3571 memhra
1552 3506 1797 3571 sepulcro,

462 3561 553 3630 Qui
580 3563 855 3630 innumeris
876 3579 1072 3625 semper
1096 3566 1123 3598 ⁸
1152 3568 1279 3630 vivat
1314 3567 1499 3630 ubique
1522 3561 1678 3620 bonis.

404 3623 635 3692 Esuriem
654 3627 864 3692 dapibua
880 3623 1129 3689 superavit
1141 3663 1160 3690 ,
1186 3628 1365 3692 frigora
1391 3623 1552 3692 veste,

462 3685 625 3747 Atque
651 3685 837 3740 animas
861 3685 1057 3741 monitis
1077 3685 1205 3742 texit
1225 3685 1287 3743 ab
1310 3690 1454 3743 hoste
1477 3685 1645 3743 sacris.

398 3747 735 3815 Implebatque
770 3753 1139 3815 actu_quidquid
1159 3758 1389 3802 sermone
1414 3754 1642 3815 docebat,

481 3812 602 3877 isset
627 3821 681 3861 ut
705 3812 987 3874 exemplum
1013 3812 1207 3876 mystica
1234 3815 1385 3865 verba
1418 3812 1641 3877 loquens.

400 3875 558 3992 ιφ
585 3879 613 3919 ιι
634 3883 817 3945 Anglos
841 3883 901 3931 ad
921 3875 1163 3934 Christum
1183 3889 1336 3935 vertit
1358 3875 1544 3946 pietate
1564 3888 1815 3949 magistra,

504 3944 734 3992 cnuirens
754 3940 968 3992 ﬁdeique
1002 3947 1196 3992 agmina
1220 3954 1373 3992 gente
1394 3959 1533 3992 nova.

402 3940 443 3945 —
459 3940 738 4009 Ᾰᾶιιιίτρηξ
754 3940 968 4004 ﬁdeique
1002 3947 1196 4006 agmina
1220 3940 1373 4008 gente
1394 3959 1533 3995 nova.
1642 3940 1673 3949 “’
1798 3940 1811 3947 ⁷

400 4004 788 4079 lanborhhoc
805 4007 1080 4079 studium}
1100 4007 1190 4079 tibi
1213 4020 1329 4079 cpra
1342 4007 1447 4058 haec
1470 4014 1635 4079 pastor
1656 4010 1861 4072 agebas,

463 4067 526 4118 Ut
549 4070 760 4132 Domino
781 4067 990 4132 oﬁ‘erres
1016 4068 1219 4132 plurima
1246 4069 1376 4120 lucra
1407 4067 1596 4132 gregis.

405 4129 593 4197 Hisque
618 4130 713 4181 Dei
752 4129 919 4197 consul
941 4129 1113 4192 factus,
1141 4131 1313 4197 laetare
1339 4129 1615 4197 trinmpbls,

458 4190 579 4243 Nam
604 4194 884 4243 mercedem
909 4190 1113 4256 operum
1139 4192 1237 4255 jam
1262 4195 1370 4245 sine
1398 4190 1503 4244 line'
1519 4190 1676 4246 tenes.

353 4303 446 4363 69.
480 4306 599 4375 Quo
644 4307 848 4365 scilicet
896 4307 1272 4365 liberalissimo
1325 4317 1541 4382 pastore
1586 4308 1860 4381 defuncto,

272 4395 743 4454 vehementissima
766 4398 932 4455 fames
948 4399 1138 4454 eodem
1161 4416 1302 4457 anno
1324 4400 1595 4458 incubuit:
1620 4413 1676 4460 et
1696 4421 1866 4477 quan-

274 4493 333 4541 to
363 4495 591 4558 patrono
617 4498 743 4544 tunc
764 4486 936 4545 Roma
963 4490 1153 4555 caruit,
1180 4490 1303 4546 licet
1332 4508 1510 4548 rerum
1542 4493 1720 4566 inopia
1748 4504 1863 4556 toto

275 4593 415 4650 pene
460 4579 660 4637 mundo
708 4582 1104 4648 monstraverit,
1141 4583 1441 4640 invidorum
1472 4594 1652 4642 tamen
1684 4586 1864 4649 feritas

276 4669 497 4727 minime
518 4672 852 4741 recognovit.
885 4670 1017 4726 Nam
1033 4673 1171 4730 sicut
1192 4690 1222 4728 a
1244 4674 1539 4745 majoribus
1565 4676 1586 4717 ί
1612 4676 1864 4747 traditur,
1896 4701 1944 4761 υ
1972 4673 2281 4730 studiositas
2309 4672 2582 4742 Gregorii,
2614 4673 2707 4743 qui
2736 4674 2991 4745 posthaec
3020 4675 3189 4729 tribus
3214 4672 3380 4729 ferme
3408 4672 3563 4727 annis
3602 4700 3608 4706 -

276 4776 399 4817 cum
427 4763 814 4819 calumniarum
872 4772 1117 4820 veterum
1166 4765 1492 4836 incentores,
1543 4765 1861 4840 Gregorium

276 4855 557 4925 prodigum
579 4857 1098 4929 dilapidatoremque
1127 4858 1440 4930 multiplicis
1467 4862 1865 4933 patriarcbatus

278 4944 521 5002 thesauri
539 4954 961 5019 perstreperent,
993 4946 1278 5004 deiiciente
1316 4951 1587 5027 personali
1617 4955 1860 5021 materie,

352 5112 378 5143 τι
413 5103 479 5160 Hi
534 5106 877 5161 characteres
935 5103 1301 5173 chronologici
1358 5121 1478 5162 cum
1527 5124 1668 5163 anno
1716 5108 1870 5165 Chri-

274 5175 347 5232 sti
371 5176 476 5230 604
500 5177 831 5232 conveniunt
859 5192 874 5228 :
902 5175 1112 5230 tametsi
1159 5177 1480 5232 venerabilis
1506 5177 1648 5232 Beda
1669 5181 1725 5234 8.
1762 5180 1869 5235 Do-
1934 5218 1937 5221 -

274 5249 444 5304 cteris
477 5248 683 5317 obitum
732 5247 800 5301 ad
855 5262 943 5303 an.
974 5244 1079 5300 605
1122 5246 1318 5313 refert,
1367 5263 1599 5317 eumque
1653 5260 1869 5309 secutus

276 5317 473 5403 Paulus
498 5312 742 5403 Diac._jn_
889 5334 959 5384 tv,
986 5317 1114 5377 hist.
1148 5312 1390 5389 Langob.
1447 5312 1731 5374 lndictioni
1776 5336 1867 5377 vm

279 5390 579 5461 consignat.
629 5387 834 5444 Habiti.
1271 5387 1288 5389 ⁷

348 5460 373 5498 δ
408 5460 560 5530 Apud
586 5460 786 5516 Bcdam
827 5459 927 5515 hos
956 5474 1141 5517 versus
1177 5460 1500 5517 reierentem
1522 5460 1616 5516 lib.
1649 5476 1707 5516 ιι.
1737 5461 1864 5519 hist.

272 5545 327 5588 c.
353 5530 407 5597 1,
443 5539 499 5587 et
519 5533 573 5586 in
600 5546 727 5587 mss.
756 5531 922 5587 Paris.
949 5533 1085 5600 ipsa.

352 5616 373 5641 ο
407 5601 571 5667 Beda,
607 5609 661 5657 et
684 5608 811 5657 mOx
853 5602 1050 5659 laudati
1073 5619 1203 5660 mss.
1232 5602 1369 5658 vivit.

349 5670 375 5709 (ἲ
406 5671 573 5746 βθᾲθ,
604 5673 674 5746 _a‘d
703 5673 962 5746 Christum
992 5676 1186 5746 Anglos
1212 5674 1478 5741 convertit,
1511 5681 1618 5729 etc.

353 5755 376 5816 ξ’
406 5742 576 5816 ﬁeda,
598 5744 705 5816 haec
736 5742 1124 5816 tibigcuraJroc
1153 5744 1344 5816 Pastor
1377 5748 1583 5816 agebas.

356 5815 371 5851 ί
409 5814 533 5891 [iam
568 5814 789 5891 historia
821 5814 1054 5891 Baronio
1101 5816 1167 5871 ad
1198 5831 1287 5891 an.
1320 5814 1426 5869 6θᾶ
1451 5816 1611 5891 dubia
1635 5816 1867 5891 videtur,

277 5899 382 5941 nec
406 5885 695 5949 irmnerito,
727 5900 852 5942 cum
898 5885 1092 5942 nullius
1130 5889 1262 5942 certi
1294 5888 1529 5942 auctoris
1553 5885 1868 5946 testimonio

279 5956 505 6023 nitatur,
536 5965 588 6012 et
611 5955 678 6013 de
706 5957 821 6028 ipsa
852 5956 1045 6013 sileant
1082 5956 1335 6026 lsidorus,
1364 5957 1739 6037 lidephonsus,
1770 5957 1872 6017 Pa-
1924 6012 1957 6037 _.

1967 2020 2106 2076 rent,
2131 2013 2174 2066 si
2207 2028 2335 2068 vero
2368 2013 2660 2068 testimonii
2687 2013 2769 2068 sui
2798 2023 3075 2084 superstes
3098 2014 3412 2083 exstitisset,
3442 2016 3558 2086 ipse

1966 2119 2181 2175 quoque
2235 2104 2663 2159 combustoribus
2708 2120 2897 2161 manus
2934 2105 3107 2160 daret.
3138 2115 3163 2152 ε
3194 2104 3381 2175 itaque
3435 2090 3558 2161 cum

1968 2192 2269 2263 Evangeliis
2299 2195 2349 2249 in
2422 2195 2709 2250 ambonem
2762 2196 3085 2250 venerabilis
3145 2196 3306 2250 levita
3366 2194 3558 2253 Petrus

1969 2286 2285 2351 ascendens,
2313 2302 2435 2343 mox
2458 2295 2515 2341 ut
2537 2286 2881 2359 Gregorianze
2898 2289 3168 2351 sanctitati
3194 2288 3558 2344 testimonium

1968 2379 2213 2450 praebuit,
2244 2379 2382 2433 inter
2407 2380 2573 2433 verba
2598 2395 2741 2436 vera:
2764 2378 3116 2436 confessionis
3137 2379 3380 2450 spiritum
3408 2378 3557 2435 efﬁa-

1967 2471 2063 2538 vit,
2089 2478 2143 2526 et
2169 2486 2199 2525 a
2225 2470 2411 2526 dolore
2436 2471 2625 2526 mortis
2648 2479 2938 2528 extraneus
2960 2471 3109 2540 juxta
3142 2469 3165 2507 ιι
3190 2471 3342 2542 pyrgi
3362 2470 3554 2537 basim,

1970 2564 2110 2618 sicut
2156 2563 2413 2620 hactenus
2459 2564 2732 2628 cernitur,
2777 2564 3054 2621 confessor
3082 2563 3325 2618 veritatis
3362 2563 3558 2619 meruit

1970 2654 2205 2725 sepeliri.

2045 2744 2130 2801 70.
2163 2743 2297 2801 Hinc
2342 2756 2423 2803 est
2469 2747 2614 2819 quod
2642 2744 3153 2803 consuetudinaliter
3179 2742 3407 2815 Spiritus
3431 2759 3559 2800 san-

1971 2845 2089 2897 ctus
2102 2837 2154 2892 in
2168 2837 2348 2908 specie
2368 2838 2811 2909 columbaesuper
2831 2836 3118 2893 scribentis
3138 2835 3384 2905 Gregorii
3400 2844 3559 2906 caput

1971 2930 2294 3001 depingitur,
2321 2940 2375 2985 et
2398 2931 2541 3000 quod
2562 2931 2957 3002 expositionum
2987 2929 3128 2985 illius
3150 2942 3276 3000 pars
3300 2928 3556 2993 maxima,

1971 3037 2091 3092 quae
2117 3022 2303 3093 utique
2339 3024 2404 3077 ab
2426 3022 2618 3078 invidis
2662 3028 2853 3079 exusta
2880 3021 3157 3089 recolitur,
3184 3038 3289 3077 non
3307 3021 3557 3079 habetur.

1972 3113 2207 3183 Quarum
2231 3114 2343 3191 ipse
2363 3129 2624 3170 summam
2645 3111 2861 3180 Joanni,
2894 3113 3224 3171 subdiacono
3265 3112 3557 3178 Ravennaa,

1972 3205 2269 3276 rcsponsali
2300 3221 2395 3261 suo
2428 3246 2441 3272 ,
2471 3203 2773 3273 signiﬁcare
2801 3205 3012 3263 videtur
3035 3246 3048 3272 ,
3085 3205 3225 3260 inter
3254 3210 3448 3260 cetera
3479 3205 3560 3261 sic

1895 3298 1941 3361 C
1972 3296 2285 3353 describens
2309 3315 2321 3349 :
2355 3315 2371 3347 ι
2400 3295 2534 3365 Quia
2560 3295 2906 3357 charissimus
2934 3295 3205 3365 quondam
3240 3295 3379 3351 illius
3404 3312 3560 3355 meus

1964 3387 2236 3461 Claudius,
2277 3388 2454 3458 aliqua
2477 3402 2562 3443 me
2582 3387 2835 3458 loquente
2863 3389 2931 3447 de
2952 3385 3278 3453 Proverbiis,
3317 3387 3385 3449 de
3412 3386 3560 3443 Can-

1965 3482 2083 3537 ticis
2112 3482 2464 3548 canticorum,
2495 3480 2561 3536 de
2588 3478 2894 3554 Prophetis,
2925 3482 2992 3537 de
3024 3481 3177 3543 libris
3201 3496 3417 3553 quoque
3447 3481 3557 3537 Re-

1964 3589 2088 3643 gum
2129 3580 2184 3629 et
2222 3573 2288 3635 de
2313 3573 2686 3644 Heptateucho
2736 3573 2980 3631 audierat
3004 3614 3020 3642 ,
3053 3586 3172 3645 quae
3214 3584 3316 3644 ego
3345 3574 3548 3645 scripto

1965 3665 2181 3725 tradere
2211 3681 2318 3739 prie
2348 3665 2658 3721 inﬁrmitate
2687 3683 2795 3722 non
2824 3667 2998 3738 potui,
3030 3669 3146 3738 ipse
3172 3682 3235 3725 ea
3259 3682 3357 3723 suo
3385 3682 3550 3723 sensu

1964 3757 2217 3824 dictavit,
2260 3772 2328 3813 ne
2368 3756 2641 3811 oblivione
2690 3758 3018 3828 deperirent,
3067 3765 3127 3813 ut
3155 3764 3282 3827 apto
3311 3766 3557 3827 tempore

1965 3847 2082 3904 haec
2107 3846 2293 3902 eadem
2324 3847 2454 3901 mihi
2486 3847 2730 3925 inferret,
2754 3856 2809 3912 et
2833 3848 3169 3903 emendatius
3198 3848 3555 3903 dictarentur.

1967 3935 2098 4006 Qua:
2143 3953 2265 3993 cum
2312 3938 2442 3993 mihi
2474 3938 2730 4009 legisset,
2779 3939 2957 3995 inveni
3003 3939 3271 3995 dictorum
3319 3956 3563 3998 meorum

1960 4028 2181 4086 Sensum
2219 4028 2235 4066 ί
2275 4029 2424 4084 valde
2474 4029 2713 4084 inutilius
2752 4028 2915 4086 fuisse
2963 4036 3351 4101 permutatum.
3408 4030 3562 4090 Unde

1969 4135 2190 4179 necesse
2217 4127 2301 4178 est
2327 4128 2386 4176 ut
2416 4130 2503 4176 tua
2534 4121 2894 4193 experientia,
2920 4124 3067 4179 omni
3097 4125 3447 4181 excusatione
3476 4132 3558 4185 at-

1967 4228 2073 4284 que
2090 4228 2240 4268 mora
2254 4222 2520 4278 cessante,
2540 4213 2606 4270 ad
2623 4215 2738 4286 ejus
2756 4216 3146 4277 monasterium
3168 4217 3412 4287 accedat,
3435 4234 3564 4274 con-

1968 4305 2152 4359 venire
2174 4302 2365 4360 fratres
2386 4303 2565 4373 faciat,
2586 4313 2641 4361 et
2652 4308 2750 4362 sub
2774 4308 2919 4361 omni
2944 4308 3170 4363 veritate
3192 4317 3562 4380 quantascun-

1946 4398 2072 4466 que
2095 4395 2162 4451 de
2188 4396 2413 4452 diversis
2448 4399 2604 4469 170
2630 4397 2921 4469 Scripturis
2951 4400 3223 4455 chartulas
3261 4399 3468 4468 detulit,
3498 4401 3563 4458 ad

1969 4487 2202 4543 medium
2233 4487 2462 4543 deducat
2488 4507 2501 4541 :
2525 4500 2661 4558 quas
2687 4498 2745 4543 tu
2774 4489 3017 4559 suscipe,
3040 4497 3094 4544 et
3125 4490 3255 4544 mihi
3284 4492 3564 4545 celerrime

1989 4581 2308 4636 transmitte.
2336 4599 2356 4635 ι
2382 4579 2604 4653 (Regist.
2626 4580 2715 4637 tib.
2740 4596 2837 4651 xu,
2856 4598 2936 4653 ep.
2954 4582 3068 4654 24.)
3094 4580 3404 4649 Enimvero,
3438 4582 3561 4654 quia

1968 4766 2249 4837 superfuit,
2269 4765 2377 4821 falli
2408 4774 2514 4821 non
2537 4767 2734 4839 potuit,
2765 4772 2978 4821 constat
3002 4764 3252 4820 nimirum
3297 4767 3420 4838 quia
3444 4766 3563 4836 plu-

1969 4872 2057 4913 res
2084 4858 2248 4914 libros
2276 4868 2435 4928 quam
2465 4871 2607 4912 nunc
2645 4856 2945 4911 habeantur
2968 4856 3291 4925 composuit.
3324 4855 3564 4923 Quorum

1970 4952 2286 5009 memoriam
2299 4950 2515 5023 quidam
2532 4950 2583 5003 in
2607 4946 2898 5018 episcopali
2918 4946 3033 5016 ejus
3049 4946 3434 5025 perstringens,
3454 4949 3528 5003 ait
3547 4966 3561 5004 :

1975 5113 2159 5167 terius.

2052 5150 2249 5254 euiege
2275 5181 2495 5254 aliquid
2516 5182 2736 5254 omnino
2766 5179 2970 5254 "simile
2990 5183 3133 5253 apud
3172 5182 3334 5252 ϐεδε.
3359 5183 3559 5238 Turon.
3636 5150 3639 5155 Α

1978 5253 2071 5313 lib.
2102 5254 2169 5309 de
2188 5249 2379 5309 Gloria
2409 5250 2653 5323 Confess.
2685 5267 2732 5313 (ξ.
2762 5249 2851 5309 59.
2878 5249 3253 5313 δυὺᾱῖεοοηιις
3282 5249 3412 5311 vero
3446 5254 3559 5323 ple-

1976 5340 2074 5397 nus
2104 5324 2309 5379 dierum
2341 5340 2481 5392 aegre
2526 5322 2701 5397 ferens
2739 5323 2881 5397 quod
2912 5325 3082 5379 virtus
3107 5324 3171 5397 S.
3199 5323 3419 5393 Trojani
3472 5339 3561 5397 oc-

1977 5395 2262 5459 culeretur,
2289 5407 2586 5450 corivocato
2617 5394 2873 5465 episcopo
2898 5412 3019 5450 cum
3050 5396 3348 5451 clericis....
3382 5394 3559 5447 omnia

1977 5480 2096 5531 quae
2123 5481 2153 5519 a
2183 5475 2369 5521 senato
2399 5467 2728 5520 audierat....
2752 5467 3101 5521 reseravit....
3128 5466 3386 5533 adjiciens
3405 5465 3516 5517 hare
3544 5482 3556 5516 :

1981 5534 2047 5609 Et
2083 5546 2139 5590 ut
2181 5535 2405 5608 probetis
2453 5555 2589 5609 vera,
2617 5554 2735 5609 esse
2768 5537 3116 5609 qttwioquor,
3147 5538 3295 5609 finito
3325 5551 3562 5609 sermone

1914 5646 1923 5659 .
1977 5607 2133 5679 ﬁnem
2161 5604 2295 5679 facio
2321 5610 2467 5673 vitm;
2500 5618 2553 5662 ct
2580 5607 2660 5662 his
2689 5604 2845 5667 dictis
2868 5604 3061 5679 clausis
3090 5608 3258 5679 oculis
3289 5604 3440 5679 obiit.

2046 5674 2070 5713 δ
2105 5674 2424 5749 Pyrgobasis
2448 5688 2531 5734 est
2560 5680 2751 5734 domus
2779 5678 2997 5743 turn'ta;
3031 5676 3181 5747 pyrgi
3206 5676 3383 5749 basis
3404 5675 3564 5749 turris

1973 5762 2069 5817 pes
2094 5746 2187 5803 seu
2221 5749 2603 5804 fulcimentum.
2638 5749 2861 5811 Manum.
2890 5780 2957 5817 -τ
2990 5746 3101 5809 lioe
3133 5746 3343 5817 videtur
3376 5746 3563 5803 intelli-

1926 5846 1929 5850 ι
1973 5815 2204 5893 gendum
2229 5821 2296 5875 de
2312 5820 2498 5893 aliqua
2522 5820 2778 5893 turricula
2798 5816 3139 5884 eociilidiuin,
3171 5830 3277 5887 quo
3302 5815 3355 5871 in
3377 5818 3557 5873 ambo-

1928 5914 1937 5923 ο
1974 5891 2097 5946 nem
2127 5891 2538 5956 ascendebatur,
2567 5891 2899 5945 continente.

2054 5962 2068 6003 ί
2102 5961 2181 6018 lta
2210 5962 2335 6020 Mss.
2370 5962 2437 6018 At
2457 5961 2607 6035 editi,
2627 5961 2778 6023 valde
2800 5961 2855 6015 in
2880 5959 3078 6019 multis.

3612 5016 3633 5090 ἓ
