4138 6482
604 461 710 518 225

1174 442 1237 517 s.
1278 456 1608 517 caecos"
1647 456 1865 516 MAGNI
1905 457 2089 527 vm,
2134 452 2342 513 AUCT.
2382 451 2645 509 JOANNE
2684 450 2999 509 DlACONO.
3031 451 3160 508 LIB.
3202 436 3293 509 iv.
3368 433 3372 437 “

3788 450 3931 504 224

605 582 725 651 Job,
755 579 1022 649 Ezechiel,
1044 578 1333 649 Evangelia
1362 588 1419 636 et
1446 578 1782 636 Pastoralem
1828 577 2103 649 exposuit,
2145 582 2196 632 et

2304 578 2609 635 extensum,
2635 568 2690 623 in
2720 582 2816 623 sex
2845 565 3119 623 codicibus
3141 564 3394 636 explevit.
3423 563 3667 631 Quorum
3696 579 3937 620 exem-

605 677 771 733 multa
783 675 909 730 alia.
927 672 1315 744 Utsubaudias,
1328 689 1446 745 qua:
1462 673 1572 743 jam
1587 672 1817 729 inveniri
1830 688 1935 727 non
1948 677 2193 742 possunt,

605 767 858 838 quoniam
887 779 1073 820 revera
1106 772 1231 818 ante
1260 779 1517 819 succensa
1540 770 1667 819 sunt
1688 778 1846 833 quam
1870 761 2035 827 edita,
2059 760 2198 816 sicut

605 859 809 928 reliqua
834 856 1001 926 ipsius
1027 870 1191 925 opera
1221 871 1339 924 quas
1368 871 1509 911 nunc
1539 855 1590 909 in
1612 865 1796 909 sancta
1824 852 2066 908 Romana
2096 851 2197 906 Ec-

605 951 766 1006 clesia
797 950 1098 1006 retinentur
1121 947 1299 1004 adhuc
1327 948 1425 1005 sub
1454 946 1716 1014 custodia,
1750 962 1817 1002 ne
1840 946 2054 1018 penitus
2079 944 2197 1001 vul-

605 1051 880 1114 garentur.

682 1135 769 1189 Ἡ.
811 1134 993 1204 Itaque
1022 1133 1067 1189 si
1100 1132 1365 1189 curiosius
1394 1132 1756 1204 perpendatur
1801 1146 1961 1187 omne
1990 1130 2186 1201 Grego-

608 1226 673 1282 rii
699 1225 961 1281 tractandi
990 1233 1203 1294 tempus
1249 1240 1356 1294 quo
1406 1223 1572 1278 libros
1617 1222 1707 1291 qui
1746 1237 1886 1277 nunc
1927 1221 2199 1276 habentur

608 1319 876 1390 exposuit,
917 1335 946 1370 a
976 1315 1232 1372 diaconio
1283 1333 1382 1371 suo
1427 1331 1596 1387 usque
1638 1315 1703 1370 ad
1733 1313 2085 1384 penultimum
2114 1314 2196 1369 sui

607 1411 951 1483 pontilicatus
1005 1425 1204 1463 annum
1256 1407 1591 1469 extenditur;
1625 1417 1680 1461 et
1708 1407 1853 1471 licet,
1884 1406 2194 1474 Langobar-

606 1506 797 1557 dorum
854 1499 1077 1572 perﬁdia
1130 1501 1403 1565 saeviente,
1438 1508 1561 1570 post
1590 1498 1885 1555 Ezechielis
1916 1504 2192 1565 tractatus,

615 1594 683 1648 ah
713 1593 1052 1663 expositione
1073 1592 1331 1647 librorum
1354 1591 1637 1654 destiterit,
1663 1592 1731 1646 ab
1754 1590 2085 1661 exponendis
2114 1601 2197 1644 ta—

611 1700 732 1739 men
758 1684 1018 1753 epistolis,
1038 1684 1291 1753 quamdiu
1320 1683 1502 1737 vivere
1531 1674 1726 1752 potuit,
1761 1696 2051 1751 numquam
2078 1696 2196 1735 om-

613 1777 741 1831 nino
770 1776 1031 1843 cessavit;
1073 1790 1300 1844 quarum
1330 1774 1581 1828 videlicet
1612 1781 1692 1827 tot
1716 1772 1885 1829 libros
1915 1773 1968 1827 in
1996 1771 2193 1827 scrinio

607 1867 914 1936 dereliquit,
947 1876 1078 1936 quot
1107 1882 1279 1921 annos
1321 1864 1541 1920 advixit.
1574 1874 1600 1901 ι
1635 1863 1783 1919 Unde
1820 1863 2191 1934 quartum-de-

2300 662 2470 734 plaria
2500 662 2673 733 primo
2696 676 2792 733 per
2822 658 2978 715 Urbis
3000 659 3324 715 monasteria
3344 657 3645 723 subdivisit,
3675 667 3935 730 postre-

2301 770 2389 809 mo
2418 769 2548 809 vero
2577 753 2748 808 eidem
2780 751 3025 807 Leandro
3051 752 3306 821 episcopo
3333 750 3641 806 destinavit.

2372 846 2458 900 75.
2491 845 2595 901 Sed
2637 847 2689 901 in
2740 847 2855 916 ipso
2898 847 2978 900 sui
3020 846 3367 917 episcopatus
3396 845 3653 912 exordio,
3694 844 3847 901 dum
3885 861 3927 904 ι

2296 937 2523 1001 Joanne,
2558 937 2886 993 Ravennatis
2914 937 3060 993 urbis
3094 938 3378 1008 episcopo,
3410 937 3685 993 humiliter
3706 953 3926 1011 repre-

2298 1032 2499 1087 hensus
2521 1018 2729 1089 fuisset.
2753 1047 2847 1086 cur
2878 1032 3162 1100 pastoralis
3188 1046 3330 1086 curae
3357 1031 3726 1087 delitescendo
3746 1046 3921 1101 pon-

2299 1130 2426 1179 dera
2450 1124 2633 1193 fugere
2661 1125 2738 1178 vir
2767 1132 2876 1181 tam
2908 1124 3134 1180 idoneus
3160 1124 3441 1188 voluisset,
3469 1124 3663 1178 librum
3703 1122 3919 1191 Regu-

2298 1214 2362 1269 la:
2397 1214 2684 1270 Pastoralis
2704 1216 3006 1286 composuit
3031 1231 3045 1267 :
3075 1230 3236 1285 quem
3256 1213 3649 1285 quadripartita
3671 1215 3916 1270 ratione

2300 1305 2657 1375 distinguens,
2686 1306 2845 1360 valde
2892 1305 3229 1376 pensandum
3258 1321 3378 1363 esse
3404 1306 3707 1375 perdocuit,
3760 1321 3913 1361 cum

2299 1412 2478 1451 rerum
2511 1397 2805 1452 necessitas
2831 1398 3112 1467 exposcit,
3144 1396 3212 1451 ad
3236 1396 3449 1452 culmen
3489 1396 3719 1465 quisque
3744 1396 3916 1464 regi-

2297 1488 2458 1543 minis
2479 1487 2711 1557 qualiter
2738 1488 2937 1553 veniat,
2967 1496 3131 1558 atque
3173 1486 3243 1541 ad
3282 1488 3387 1542 hoc
3422 1487 3525 1541 rite
3561 1487 3913 1556 perveniens

2297 1582 2527 1652 qualiter
2543 1583 2709 1649 vivat,
2727 1589 2782 1635 et
2805 1582 2945 1636 bene
2968 1582 3155 1637 vivens
3177 1582 3411 1652 qualiter
3424 1582 3636 1648 doceat,
3661 1591 3717 1636 et
3739 1590 3913 1636 recte

2295 1673 2495 1729 docens
2524 1672 2885 1727 infirmitatem
2914 1688 3064 1728 suam
3094 1673 3334 1744 quotidie
3361 1681 3561 1743 quanta
3588 1673 3737 1728 valet
3754 1688 3909 1728 con-

2294 1765 2622 1821 sideratione
2650 1773 2963 1833 cognoscat,
2994 1776 3017 1803 °
3053 1779 3121 1819 ne
3164 1775 3258 1820 aut
3296 1766 3573 1820 humilitas
3610 1780 3908 1822 accessum

2294 1856 2480 1927 fugiat,
2510 1864 2602 1909 aut
2650 1855 2984 1925 perventioni
3027 1856 3134 1909 vita
3181 1857 3545 1923 contradicat,
3592 1864 3688 1910 aut
3716 1859 3907 1911 vitam

608 1959 808 2015 cimum
829 1960 1175 2029 epistolarum
1198 1959 1390 2015 librum
1411 1959 1650 2029 septima:
1680 1957 1987 2013 indictionis
2008 1957 2189 2027 inper-
2224 1974 2265 2033 Β
2295 1949 2538 2004 doctrina
2569 1948 2846 2013 destituat,
2877 1956 2969 2001 aut
2996 1947 3299 2001 doctrinam
3325 1948 3674 2018 praesumptio
3702 1949 3895 2002 extol-

606 2047 805 2106 fectum
830 2051 1045 2119 reliquit
1073 2052 1326 2120 quoniam
1357 2051 1423 2105 ad
1453 2050 1696 2120 ejusdem
1727 2050 2030 2105 indictionis
2075 2058 2186 2104 ter-

609 2142 811 2196 minum
837 2158 944 2197 non
978 2141 1251 2212 pertingit.
1286 2139 1363 2194 Ex
1395 2156 1625 2211 quorum
1658 2138 2000 2195 multitudine
2031 2139 2189 2210 primi

605 2229 861 2286 Hadriani
891 2245 1044 2300 papae
1072 2230 1406 2297 temporibus
1444 2229 1687 2299 quaedam
1725 2230 1967 2300 epistola:
2010 2230 2192 2285 decre-

605 2326 740 2381 tales
783 2340 880 2396 per
920 2324 1156 2393 singulas
1202 2322 1525 2378 indit-tiones
1573 2331 1841 2393 excerptze
1883 2331 2027 2387 sunt,
2058 2323 2190 2377 etin

605 2415 815 2469 duobus
846 2414 1230 2482 voluminibus,
1261 2413 1399 2468 sicut
1419 2413 1580 2467 modo
1601 2413 1863 2479 cernitur,
1890 2426 2188 2482 congrega-

606 2516 692 2561 ιω.
726 2505 792 2560 Et
821 2504 1113 2574 Gregorius
1151 2504 1462 2573 jamdudum
1512 2505 1565 2559 in
1604 2504 1933 2559 monasterio
1962 2506 2184 2575 positus,

606 2598 699 2653 ubi
728 2612 850 2653 eum
880 2597 1102 2666 angelus
1150 2596 1357 2655 Domini
1407 2597 1505 2650 sub
1554 2596 1744 2651 habitu
1784 2595 2022 2665 naufragi
2052 2598 2190 2652 scri-

605 2688 822 2746 bentem
873 2696 1172 2760 repererat,
1223 2688 1474 2743 nimirum
1504 2686 1749 2757 quaedam
1786 2688 2101 2754 dictaverat,
2133 2696 2193 2743 ut

604 2782 669 2836 ad
701 2783 1095 2855 expositionem
1150 2789 1312 2836 tantae
1353 2780 1733 2852 profunditatis
1760 2796 1923 2851 quam
1952 2781 2006 2836 in
2054 2781 2190 2836 libro

604 2872 705 2929 Job
732 2880 1017 2945 penetrare
1065 2874 1271 2953 potuit,
1320 2888 1388 2929 eo
1424 2874 1664 2944 paratior
1703 2889 1811 2944 quo
1858 2889 1926 2929 ex
1954 2872 2192 2930 dictandi

608 2966 997 3022 consuetudine
1026 2966 1257 3036 doctior,
1288 2968 1613 3037 perveniret.

691 3055 781 3113 72.
811 3054 950 3126 Ergo
970 3055 1260 3126 Gregorius
1289 3056 1343 3114 in
1380 3056 1631 3112 diaconio
1663 3072 1781 3123 suo,
1807 3055 1931 3110 dum
1962 3054 2111 3111 illum
2140 3054 2195 3111 in

604 3144 1206 3218 Constantinopolitana
1238 3148 1370 3203 urbe
1394 3148 1538 3203 sedis
1577 3147 1889 3218 apostolicae
1932 3161 2193 3217 responsa

611 3242 1069 3309 c'onstringerent,
1100 3247 1154 3294 et
1176 3237 1502 3301 Leandrum,
1531 3238 1825 3309 Hispanum
1856 3239 2190 3309 episc0pum,

2294 2040 2387 2095 lat.
2420 2039 2654 2094 Primum
2703 2055 2834 2107 ergo
2882 2040 3179 2111 appetitum
3220 2041 3382 2094 timor
3422 2047 3719 2109 temperet;
3762 2048 3902 2109 post

2295 2141 2474 2187 autem
2498 2131 2872 2201 magisterium
2895 2132 3040 2201 quod
3069 2146 3101 2185 a
3131 2148 3238 2186 non
3267 2140 3543 2201 quaerente
3570 2131 3898 2202 suscipitur,

2290 2230 2401 2283 vita
2429 2227 2807 2293 commendet;
2834 2225 3029 2280 deinde
3068 2240 3290 2281 necesse
3334 2233 3417 2280 est
3442 2233 3501 2279 ut
3528 2224 3760 2295 pastoris
3787 2224 3897 2279 bo-

2293 2335 2441 2384 num,
2476 2321 2621 2387 quod
2642 2316 2872 2373 vivendo
2901 2316 3222 2384 ostenditur,
3252 2317 3415 2373 etiam
3464 2315 3736 2387 loquendo
3767 2331 3896 2385 pro-

2294 2419 2551 2482 pagetur;
2607 2410 2673 2464 ad
2724 2419 3023 2464 extremum
3070 2425 3202 2465 vero
3248 2417 3495 2479 superest
3541 2416 3600 2463 ut
3642 2407 3893 2479 perfecta

2293 2517 2521 2572 quaeque
2561 2516 2725 2571 opera
2763 2503 3121 2557 consideratio
3149 2504 3383 2572 propriae
3415 2501 3744 2559 inﬁrmitatis
3782 2504 3889 2558 de-

2292 2596 2510 2667 primat,
2542 2611 2611 2651 ne
2638 2596 2751 2650 haec
2780 2604 2907 2650 ante
2929 2595 3128 2651 occulti
3150 2596 3334 2649 arbitri
3358 2595 3550 2651 oculos
3579 2605 3760 2651 tumor
3774 2595 3890 2651 ela-

2294 2688 2455 2743 tionis
2482 2689 2806 2757 exstinguat.
2842 2687 2910 2741 Et
2946 2688 3071 2757 quia
3087 2688 3351 2758 quosdam
3381 2686 3663 2756 imperitos
3689 2688 3757 2741 ad
3791 2703 3887 2742 sa-

2292 2781 2592 2837 cerdotium
2624 2782 2963 2853 conspirasse
2993 2788 3338 2851 cognoverat,
3370 2780 3632 2851 quosdam
3663 2781 3887 2851 conspi-

2292 2880 2508 2927 raturos
2550 2886 2669 2927 esse
2718 2872 3047 2943 praevidebat
3089 2890 3102 2925 :
3137 2873 3230 2942 qui
3259 2871 3435 2926 metiri
3465 2886 3524 2925 se
3553 2872 3884 2938 nescientes,

2295 2979 2415 3033 quae
2452 2980 2560 3019 non
2607 2964 2912 3020 didicerunt
2944 2964 3143 3020 docere
3179 2964 3650 3033 concupiscerent,
3680 2964 3886 3033 quique

2295 3055 2505 3125 pondus
2558 3057 2849 3126 magisterii
2900 3066 3053 3112 tanto
3098 3050 3267 3112 levius
3302 3058 3631 3112 aestimarent
3676 3067 3883 3127 quanto

2300 3148 2405 3201 vim
2444 3148 2587 3204 illius
2618 3149 3000 3217 magnitudinis
3029 3150 3342 3220 ignorarent
3370 3168 3383 3203 :
3412 3150 3512 3206 hos
3536 3151 3589 3205 in
3616 3150 3733 3221 ipso
3759 3151 3883 3207 libri

2298 3241 2381 3294 sui
2413 3241 2763 3311 reprehendit
2789 3242 3032 3308 exordio,
3056 3251 3113 3297 ut
3132 3242 3178 3297 si
3198 3240 3414 3312 quando
3436 3241 3635 3297 indocti
3656 3257 3720 3325 ac
3744 3257 3882 3312 prae-

609 3331 849 3402 injuncta
894 3348 992 3403 pro
1033 3333 1209 3387 causis
1257 3330 1382 3386 fidei
1408 3330 1829 3399 Wisigothorum
1878 3329 1950 3385 ibi
1994 3330 2192 3399 legatio
2221 3363 2267 3427 Ο
2299 3332 2489 3401 cipites
2514 3331 2772 3387 doctrinae
2811 3348 2988 3387 arcem
3022 3341 3205 3388 tenere
3247 3333 3598 3403 appetissem,
3630 3347 3660 3387 a
3692 3334 3883 3403 praxi-

606 3422 976 3493 perduxisset,
1021 3423 1212 3480 eodem
1263 3423 1507 3479 Leandro
1540 3422 1709 3493 (sicut
1753 3424 1807 3478 in
1854 3423 2027 3493 primo
2054 3421 2193 3477 libro

2296 3424 2576 3494 pitationis
2603 3439 2714 3479 suae
2742 3424 2963 3479 ausibus
2991 3424 3045 3479 in
3076 3425 3191 3495 ipsa
3223 3423 3567 3493 Gregorianze
3594 3425 3885 3481 locutionis

608 3514 811 3570 dixisse
847 3530 936 3571 me
976 3515 1202 3586 recolo)
1261 3532 1383 3571 cum
1439 3516 1692 3572 fratribus
1751 3524 1878 3571 tunc
1931 3514 2193 3584 Gregorio
2289 3515 2453 3585 janua
2485 3516 2830 3586 pellerentur.
2864 3515 3020 3572 Hunc
3046 3517 3240 3572 librum
3262 3517 3564 3584 Anatolius,
3596 3516 3880 3583 diaconus,

608 3605 1044 3674 adhaerentibus,
1106 3607 1567 3677 importunissime
1640 3607 2045 3677 compellente,
2123 3607 2193 3661 li-

608 3694 764 3750 brum
794 3697 937 3752 beati
975 3695 1077 3754 Job
1116 3699 1281 3769 ccepit
1309 3714 1582 3770 exponere
1628 3698 1767 3770 (Lib.
1794 3716 1844 3762 ι,
1904 3698 2018 3769 2'7).
2073 3698 2195 3765 Qui-

608 3786 705 3842 bus
733 3802 914 3843 coram
946 3789 1138 3860 positis
1188 3790 1367 3860 priora
1417 3790 1539 3845 libri
1585 3791 1684 3846 sub
1731 3791 1901 3846 oculis
1921 3791 2084 3857 dixit;
2140 3798 2197 3845 et

608 3881 733 3950 quia
761 3887 970 3952 tempus
1000 3881 1163 3953 paulo
1195 3882 1473 3939 vacantius
1500 3883 1724 3954 reperit,
1756 3882 2058 3953 posteriora
2079 3889 2193 3936 tra-

608 3973 807 4029 ctando
837 3973 1081 4030 dictavit.
1120 3974 1363 4047 Cumque
1395 3977 1445 4031 ei
1472 3978 1641 4048 spatia
1682 3977 1913 4046 largiora
1942 3983 2197 4047 suppetev

609 4076 720 4121 rent
743 4110 759 4134 ,
800 4069 968 4123 multa
1016 4084 1239 4140 augens,
1271 4085 1442 4141 pauca
1471 4061 1815 4137 subtrahens,
1844 4080 2009 4141 atque
2035 4074 2107 4126 ita
2138 4080 2199 4126 ut

610 4161 830 4215 inventa
874 4167 998 4213 sunt
1042 4160 1297 4215 nonnulla
1328 4161 1728 4230 derelinquens,
1768 4178 1832 4217 ea
1880 4176 2000 4231 quae
2029 4177 2087 4217 se
2116 4161 2199 4217 lo-

610 4260 811 4320 quente
838 4260 1093 4321 excerpta
1121 4254 1220 4308 sub
1246 4254 1415 4309 oculis
1440 4255 1672 4317 fuerant,
1697 4271 1793 4326 per
1820 4255 1989 4312 libros
2013 4270 2199 4311 emen-

611 4342 788 4398 dando
819 4345 1141 4413 composuit.
1174 4344 1273 4411 Qui
1303 4361 1423 4400 cum
1447 4346 1559 4416 jam
1586 4346 1761 4402 factus
1790 4348 2074 4420 episcopus
2096 4349 2200 4406 lto-

612 4453 711 4493 mae
734 4446 1004 4508 postrema
1033 4437 1281 4507 dictaret,
1310 4454 1418 4508 quo
1448 4440 1585 4512 stylo
1618 4441 1787 4508 prima
1815 4441 2025 4497 dixerat
2048 4444 2196 4498 solli-

615 4530 719 4584 cite
741 4528 1050 4598 attendens,
1074 4530 1181 4597 egit
1203 4537 1259 4584 ut
1282 4545 1346 4585 ea
1368 4545 1487 4599 qua:
1514 4532 1726 4587 locutus
1748 4531 1941 4600 fuerat,
1961 4534 2198 4590 studiosa

614 4620 995 4676 emendatione
1041 4627 1444 4688 transcurrens,
1489 4622 1638 4691 quasi
1680 4624 1747 4677 ad
1795 4624 2215 4680 similitudinem.

613 4712 844 4768 dictatus
873 4712 1125 4784 erigeret,
1158 4721 1215 4768 et
1248 4728 1311 4768 ea
1351 4729 1469 4783 quae
1498 4714 1814 4783 dictaverat,
1847 4732 1954 4772 non
1984 4716 2142 4786 longe
2166 4733 2197 4772 a

616 4801 972 4873 colloquentis
1023 4819 1273 4859 sermone
1316 4804 1727 4877 discreparent:
1760 4817 2026 4878 quatenus
2072 4810 2199 4864 dum

618 4892 723 4948 hoc
747 4894 1006 4963 tenditur,
1036 4896 1165 4950 illud
1195 4895 1528 4963 adtrahitur,
1574 4898 1720 4953 edita
1767 4900 1929 4953 modo
1959 4899 2202 4955 dissimili

614 4998 702 5039 res
722 5000 832 5041 non
860 4985 1128 5043 dissimilis
1150 4987 1491 5045 formaretur.
1518 4990 1773 5057 Quamvis
1800 4992 2012 5045 tertiam
2037 4991 2205 5061 ipsius

616 5076 799 5146 operis
830 5085 1039 5147 partem
1069 5086 1128 5133 ut
1154 5079 1515 5149 colloquendo
1555 5081 1801 5151 protulit,
1834 5097 1973 5152 pene
2001 5082 2075 5137 ita
2104 5083 2202 5137 de-

615 5168 834 5239 reliquit
860 5187 875 5223 :
907 5171 1030 5240 quia
1062 5170 1191 5226 dum
1232 5187 1352 5227 eum
1395 5172 1589 5229 fratres
1624 5175 1775 5245 171
1808 5174 1873 5229 ad
1904 5174 2007 5228 alia
2037 5189 2206 5244 expo-

616 5262 787 5318 nenda
819 5265 1214 5333 pertraherent,
1247 5264 1389 5321 hanc
1417 5265 1666 5322 subtilius
1694 5266 1968 5321 emendari
2010 5265 2202 5322 nolue-

618 5363 758 5409 runt.
795 5354 998 5421 Quibus
1041 5356 1209 5411 multa
1246 5356 1587 5426 iubentibus,
1632 5356 1760 5411 dum
1799 5373 1990 5429 parere
2039 5357 2202 5415 modo

617 5448 642 5486 ι»
670 5460 767 5516 per
794 5447 1149 5517 expositionis
1173 5449 1533 5504 ministerium
1564 5447 1724 5503 modo
1753 5463 1849 5518 per
1869 5449 2204 5519 contempla-

618 5539 778 5596 tionis
804 5554 1105 5607 ascensum,
1130 5542 1293 5598 modo
1318 5557 1417 5613 per
1442 5542 1763 5599 moralitatis
1791 5544 2205 5599 instrumentum

617 5630 893 5703 studeret,
928 5633 1035 5690 hoc
1075 5650 1243 5706 opus,
1288 5649 1387 5705 per
1431 5634 1651 5704 triginta
1678 5642 1733 5689 et
1759 5634 1998 5704 quinque
2038 5636 2205 5691 libros

692 5784 1050 5858 fSiclegitur
1077 5787 1131 5842 in
1150 5786 1432 5858 ,Uticensi,
1463 5795 1521 5845 et
1546 5786 1762 5858 quidem
1806 5788 2035 5858 optime,
2082 5786 2211 5844 licet

621 5853 739 5924 aliis
766 5856 818 5908 in
846 5853 974 5912 Mss.
1008 5872 1072 5912 ac
1099 5857 1255 5914 editis
1284 5853 1510 5924 legatur,
1540 5853 1679 5912 unde
1700 5853 1904 5913 tertium
1931 5858 2207 5915 decimum.

621 5872 739 5936 allis
766 5872 818 5908 lll
846 5872 974 5912 MSS.
1008 5872 1072 5912 ac
1099 5872 1255 5914 θαιιιε
1284 5872 1510 5983 tegatur,
1540 5872 1679 5912 unde
1700 5872 1901 5913 tertium

620 5923 1176 6035 v'ii°n*:§§r3.".'.'.‘.’.i‘f
1175 5944 1323 6035 31'3"?
1357 5926 1901 6035 ιῖἓῗίίόἶῗῧέῗξξῒμῗ

752 5988 974 6063 Excitet.
1000 5986 1124 6054 cuni
1149 5986 1322 6057 tribus
1356 5986 1481 6056 “in
1530 5990 1723 6065 Parte.
1751 5998 1841 6066 prl‘
1870 5986 2212 6065 impendant!

2295 3608 2411 3677 ejus
2464 3608 2877 3679 apocrisiarius,
2932 3611 3196 3679 quzerenti
3241 3626 3305 3666 ac
3328 3610 3541 3680 jubenti
3571 3610 3883 3682 imperatori

2294 3702 2565 3770 quondam
2589 3701 2881 3769 obtulerat,
2903 3717 3064 3772 quem
3086 3716 3309 3770 magnus
3338 3702 3672 3768 Anastasius,
3696 3702 3883 3759 Antio-

2296 3792 2501 3846 chenus
2532 3793 2843 3863 episcOpus,
2866 3794 2922 3848 in
2951 3791 3189 3849 Graecam
3231 3795 3467 3865 linguam
3498 3794 3803 3863 transfudit,
3823 3802 3881 3851 et

2296 3882 2659 3940 Orientalibus
2684 3885 2933 3941 ecclesiis
2961 3901 3098 3955 opus
3126 3887 3436 3941 venerabile
3461 3887 3789 3956 procuravit.

2369 3974 2457 4030 74.
2491 3975 2715 4043 Deinde,
2753 3977 2896 4032 sicut
2937 3978 2989 4032 in
3051 3978 3291 4034 secundo
3339 3978 3501 4048 hujus
3528 3979 3710 4048 operis
3750 3979 3879 4039 libro

2294 4068 2404 4138 jam
2436 4069 2618 4136 retuli,
2640 4069 2768 4123 dum
2794 4070 2969 4125 adhuc
3007 4068 3301 4141 Gregorius
3330 4070 3396 4124 ad
3427 4070 3755 4140 loquendum
3782 4084 3876 4124 vo-

2298 4175 2360 4216 ce
2388 4168 2640 4230 statuque
2668 4160 2769 4215 sibi
2819 4159 3112 4229 sulticeret,
3144 4177 3240 4231 per
3268 4162 3529 4217 stationes
3558 4162 3880 4227 discurrens,

2298 4253 2485 4322 viginti
2530 4252 2779 4307 homilias
2834 4251 3110 4321 Evangelii
3160 4252 3370 4309 diverso
3418 4262 3663 4322 tempore
3702 4267 3877 4306 coram

2303 4345 2503 4415 populo
2524 4345 2874 4410 declamavit;
2891 4346 3124 4415 reliquas
3147 4360 3276 4399 vero
3295 4344 3535 4414 ejusdem
3552 4342 3759 4399 numeri
3777 4343 3880 4399 dic-

2302 4437 2435 4490 tavit
2451 4436 2691 4506 quidem,
2705 4435 2818 4501 sed,
2847 4436 3173 4491 lassescente
3196 4438 3473 4492 stomacho
3493 4436 3754 4505 languore
3765 4450 3879 4489 con-

2303 4528 2474 4592 tinuo,
2495 4527 2613 4581 aliis
2630 4527 2981 4596 pronuntiare
3003 4526 3248 4597 permisit
3264 4525 3402 4599 (Lib.
3420 4543 3492 4592 Ix,
3508 4544 3587 4597 ep.
3607 4523 3696 4596 52)
3722 4544 3734 4578 :
3756 4541 3878 4593 qua-

2302 4634 2421 4673 rum
2438 4619 2768 4688 exemplaria
2783 4619 3029 4674 Secundo
3044 4635 3202 4674 servo
3214 4620 3311 4674 Dei
3328 4618 3528 4689 petenti
3545 4615 3830 4670 mandavit.

2380 4707 2466 4765 75.
2498 4710 2741 4779 Cumque
2772 4726 2800 4763 a
2827 4709 2939 4765 suis
2966 4709 3313 4764 familiaribus
3344 4716 3405 4764 ut
3426 4709 3601 4779 aliqua
3634 4709 3700 4761 de
3729 4709 3879 4759 mira-

2309 4802 2442 4856 culis
2464 4810 2678 4870 patrum
2700 4792 3029 4856 describeret
3057 4800 3349 4870 Gregorius
3366 4801 3571 4856 enixius
3587 4806 3878 4867 rogaretur,

2310 4890 2657 4959 Maximiano,
2689 4892 3029 4965 Syracusano
3066 4894 3342 4965 episcopo,
3382 4894 3622 4965 scripsit,
3660 4892 3835 4947 dicens
3865 4907 3879 4944 :

2318 5005 2336 5036 ι
2370 4984 2583 5039 Fratres
2613 4986 2741 5054 mei,
2770 4987 2863 5055 qui
2896 5002 3107 5042 mecum
3150 4987 3485 5042 familiariter
3513 4987 3719 5050 vivunt,
3748 4985 3881 5042 omni

2311 5074 2472 5129 modo
2494 5092 2581 5131 me.
2608 5076 2938 5147 compellunt
2955 5076 3135 5146 aliqua
3159 5076 3225 5131 de
3246 5076 3517 5132 miraculis
3538 5076 3757 5131 Patrum
3774 5090 3883 5144 qua:

2312 5164 2366 5219 in
2387 5164 2538 5221 [talia
2562 5165 2701 5222 facta
2724 5166 3025 5222 audivimus
3050 5166 3149 5223 sub
3172 5167 3438 5223 brevitate
3465 5167 3790 5223 describere.
3812 5164 3882 5223 Ad

2309 5274 2471 5331 quam
2502 5275 2615 5314 rem
2644 5260 2841 5315 solatio
2870 5268 3060 5316 vestrm
3088 5261 3368 5316 charitatis
3392 5260 3743 5315 vehementer
3768 5258 3883 5313 iudi-

2310 5368 2433 5425 geo,
2466 5363 2527 5409 ut
2553 5370 2675 5426 qua:
2721 5354 2874 5410 vobis
2925 5356 2978 5409 in
3022 5355 3337 5411 memoriam
3365 5353 3626 5421 redeunt,
3672 5366 3883 5423 quaequa

2313 5447 2627 5516 cognovisse
2651 5462 2748 5502 vos
2778 5449 2931 5519 172
2946 5448 3190 5518 contigit,
3216 5447 3345 5502 mihi
3370 5447 3604 5503 breviter
3631 5444 3881 5500 indicetis.

2312 5538 2389 5594 De
2413 5541 2611 5595 domno
2640 5548 2820 5595 autem
2842 5539 3096 5595 Nonnoso
3120 5541 3329 5602 abbate,
3358 5540 3450 5611 qui
3474 5539 3628 5608 juxta
3643 5537 3882 5597 domuum

2312 5632 2654 5689 Anastasium
2684 5634 2751 5689 de
2779 5632 3191 5702 Pentomisfuit,
3224 5636 3404 5703 aliqua
3434 5633 3682 5689 retulisse
3710 5640 3761 5688 te
3780 5645 3881 5688 me-

2312 5790 2630 5861 mysterium.

2311 5858 2701 6002 8.g‘ctCorrupte
2734 5859 2949 5930 quidam
2982 5861 3133 5931 editi,
3187 5862 3493 5918 humilitatis
3522 5874 3783 5917 accessum
3806 5858 3881 5930 {I-

2348 5948 2362 5984 l
2426 5958 2439 5984 Α

2348 5948 2439 5984 [ah
