4138 6448
213 370 320 427 225

799 369 861 426 S.
898 368 1226 427 GREGORII
1262 355 1477 429 MAGNI
1522 370 1701 437 VITA,
1742 371 1944 429 AUCT.
1987 367 2249 425 JOANNE
2286 366 2601 431 DIACONO.
2644 364 2771 421 LIB.
2812 365 2898 422 IV.

3381 367 3491 425 226

210 482 481 551 miniquae
512 480 771 537 oblivioni
801 484 1068 539 mandavi.
1101 484 1169 539 Et
1198 485 1314 542 haec
1354 499 1507 555 ergo,
1533 494 1589 542 et
1617 487 1665 542 si
1692 501 1801 557 qua
1828 497 1878 557 Α
1906 485 2179 542 Geneseos
2206 483 2501 538 admiratus
2531 501 2544 537 :
2583 501 2603 536 ‹
2639 482 2886 555 Sumpta,
2913 482 3106 554 inquit,
3137 495 3283 552 sunt,
3311 484 3380 540 ab
3408 500 3499 540 au-

210 584 339 631 sunt
363 575 489 640 alia,
524 576 629 629 tuis
652 583 777 646 peto
804 578 1046 646 epistolis
1075 578 1329 649 imprimi,
1355 587 1409 633 et
1429 578 1559 632 mihi
1588 579 1687 634 sub
1714 594 1805 636 ce-

211 666 425 721 leritate
456 667 765 732 transmitti,
792 667 837 721 si
869 677 1046 724 tamen
1074 668 1143 723 ad
1174 685 1260 728 me
1284 670 1397 741 ipse
1428 686 1533 726 non
1563 669 1807 740 proficis-

210 763 372 817 ceris.
402 782 421 813 ›
458 761 681 833 (Regist.
708 761 798 816 lib.
822 779 897 828 ιιι,
925 780 1007 831 cp.
1036 762 1306 833 5i.)llinc
1326 762 1619 832 Gregorius
1638 764 1804 820 robo-

208 864 379 919 ratus,
404 864 710 909 sanctorum
734 855 987 909 miracula
1017 854 1236 909 Patrum
1258 871 1379 910 cum
1406 854 1561 912 Petro
1576 872 1674 912 suo
1690 858 1807 912 dia-

208 964 352 1005 COllO
381 964 501 1019 qum
522 964 617 1019 per
640 949 1045 1019 inquisitionem
1061 958 1221 1020 atque
1243 952 1651 1021 responsionem
1671 968 1804 1024 pro-

208 1044 408 1097 tulerat
421 1050 444 1077 ⁸
459 1042 810 1111 expositionis
828 1043 986 1097 altius
998 1042 1235 1097 studium
1254 1040 1674 1114 interrumpens,
1688 1045 1805 1101 sola

209 1133 490 1188 nominum
508 1134 904 1203 praenotatione
935 1133 1195 1199 distinxit,
1227 1142 1283 1189 et
1310 1135 1364 1189 in
1384 1136 1553 1193 libros
1571 1143 1809 1206 quatuor

206 1229 479 1295 ordinavit
516 1246 532 1280 :
566 1238 643 1295 ut,
669 1229 807 1283 sicut
854 1228 908 1282 in
951 1227 1100 1282 libris
1144 1228 1542 1298 expositionum
1584 1245 1807 1284 suarum

207 1322 406 1391 quibus
455 1330 601 1376 esset
652 1320 943 1375 virtutibus
982 1319 1342 1374 insudandum
1392 1320 1679 1389 docuerat,
1728 1321 1807 1376 ita

205 1414 371 1468 etiam
401 1413 685 1482 descriptis
713 1420 1023 1467 sanctorum
1067 1411 1347 1467 miraculis
1381 1427 1502 1482 qua:
1534 1412 1801 1467 virtutum

206 1505 399 1560 fuisset
450 1505 764 1560 earumdem
815 1503 1034 1559 claritas
1085 1502 1208 1558 luce
1254 1504 1452 1560 clarius
1483 1512 1806 1561 ostentaret.

209 1595 361 1661 Quos
399 1594 563 1650 libros
624 1593 942 1661 Zacharias,
992 1601 1191 1648 sancite
1240 1592 1493 1652 Ecclesiae
1554 1596 1811 1652 Romanae

206 1687 513 1756 episcoiius,
560 1685 749 1742 Graeco
780 1686 1082 1757 Latinoque
1126 1702 1382 1744 sermone
1427 1688 1799 1753 doctissimus,

208 1777 547 1848 temporibus
566 1776 905 1832 Constantini
928 1777 1274 1848 imperatoris
1298 1787 1418 1849 post
1442 1794 1611 1835 annos
1641 1778 1805 1835 ferme

1907 577 2145 634 ctoribus
2194 575 2309 630 haec
2345 572 2596 643 Origene,
2628 574 2928 642 Victorino,
2958 574 3266 642 Ambrosio,
3314 574 3501 632 Hiero-

1907 684 2092 742 nymo,
2144 666 2423 732 Cassiano,
2476 665 2795 735 Augustino,
2840 666 3145 736 Fulgentio,
3190 684 3255 725 ac
3300 668 3500 724 nostris

1910 764 2241 835 temporibus
2295 762 2575 833 insigniter
2635 766 2789 836 173
2840 765 3129 835 eloquente
3157 762 3440 835 Gregorio.
3473 783 3493 817 ι

1908 857 2015 914 Sed
2041 868 2096 914 et
2122 858 2268 912 Beda
2291 859 2575 931 presbyter
2602 858 2655 913 in
2684 860 2820 914 libro
2846 860 2913 915 de
2926 860 3289 917 schematibus
3311 870 3499 916 orato-

1908 968 1994 1008 res
2021 952 2483 1009 homteoteleuton
2522 950 2698 1007 facere
2720 952 3028 1022 perhibetis,
3053 953 3356 1023 exemplum
3383 968 3501 1022 pro-

1908 1044 2112 1115 posuit,
2138 1043 2322 1099 dicens
2350 1061 2363 1095 :
2404 1062 2422 1095 ‹
2450 1043 2646 1098 Beatus
2674 1042 2775 1099 Job
2802 1042 2914 1100 Deo
2943 1046 3045 1100 soli
3078 1045 3286 1114 sibique
3312 1043 3501 1114 cogni-

1909 1146 2020 1205 tus,
2050 1138 2104 1192 in
2134 1137 2433 1193 tentatione
2456 1137 2523 1192 ad
2551 1144 2792 1193 nostram
2830 1138 3077 1193 notitiam
3107 1139 3378 1209 perducen
3401 1144 3499 1203 tus,

1909 1238 2089 1285 tactus
2140 1237 2223 1285 est
2268 1229 2487 1284 vulnere
2515 1241 2573 1284 ut
2602 1230 2825 1286 odorem
2875 1245 3093 1286 suarum
3128 1229 3319 1284 virium
3351 1239 3502 1284 tanto

1910 1319 2070 1375 latius
2100 1331 2397 1391 spargeret,
2441 1331 2644 1391 quanto
2682 1338 2835 1378 more
2862 1329 3166 1377 aromatum
3213 1321 3407 1376 melius
3433 1336 3499 1375 ex

1910 1409 2211 1466 intentione
2240 1410 2522 1480 fragraret.
2556 1412 2674 1479 Quo
2701 1413 2976 1469 schemate
3006 1412 3143 1483 ipse,
3170 1411 3261 1481 qui
3287 1411 3391 1466 hoc
3413 1410 3502 1465 di-

1911 1502 2010 1569 xit,
2039 1502 2231 1557 beatus
2257 1518 2394 1573 papa
2420 1501 2711 1571 Gregorius
2740 1504 3034 1575 smpissime
3062 1519 3188 1559 usus
3213 1501 3381 1559 fuisse
3407 1517 3507 1559 co-

1910 1594 2216 1663 gnoscitur;
2264 1602 2321 1649 et
2364 1593 2668 1663 hujusmodi
2718 1594 2994 1651 orationes
3042 1608 3163 1650 esse
3201 1609 3329 1650 reor
3363 1607 3502 1664 quas

1912 1686 2271 1760 Hieronymus
2303 1689 2596 1745 concinnas
2629 1689 2907 1745 rhetorum
2947 1688 3367 1745 declamationes
3403 1702 3502 1759 ap-

1912 1781 2096 1852 pellat.
2129 1801 2147 1833 ι

208 1882 425 1923 centum
449 1870 790 1938 septuaginta
819 1870 1059 1940 quinque
1087 1870 1141 1924 in
1167 1884 1397 1938 grmcam
1422 1872 1656 1942 tinguant
1674 1888 1805 1927 con-
1835 1877 1883 1938 Β
1981 1872 2069 1928 78.
2102 1873 2170 1928 At
2198 1873 2491 1943 Gregorius
2519 1872 2837 1929 humilitatis
2876 1888 2986 1929 suae
3023 1873 3233 1930 cautela
3261 1887 3506 1930 commo-

208 1967 446 2026 vertens,
476 1956 838 2014 Orientalibus
876 1960 1119 2015 ecclesiis
1171 1960 1481 2029 divulgavit,
1511 1962 1535 2001 δ
1565 1962 1810 2032 quamvis

209 2060 387 2107 astuta
414 2049 725 2105 Graecorum
778 2051 1133 2119 perversitas,
1188 2052 1241 2106 in
1296 2053 1812 2109 commemoratione

211 2144 443 2214 Spiritus
464 2146 637 2199 sancti
670 2160 701 2197 a
726 2143 884 2199 Patre
908 2145 1277 2215 procedentis,
1309 2160 1505 2201 nomen
1540 2145 1660 2201 Filii
1686 2161 1812 2203 sua-

210 2239 345 2309 ptim
374 2238 569 2294 radens
598 2237 898 2293 abstulerit.

292 2328 376 2381 76.
415 2328 647 2383 Primam
669 2343 887 2399 quoque
908 2338 962 2384 et
993 2328 1234 2384 ultimam
1264 2328 1559 2385 Ezechielis
1583 2331 1813 2403 prophe-

213 2430 283 2476 tae
305 2431 482 2491 partes
498 2437 619 2492 quae
636 2422 957 2477 videbantur
969 2422 1330 2492 obscuriores,
1356 2421 1613 2479 Romanis
1626 2434 1813 2496 postu-

212 2514 481 2583 lantibus,
513 2514 893 2584 pertractavit,
952 2530 1156 2584 easque
1201 2531 1298 2585 per
1337 2516 1583 2571 homilias
1625 2517 1813 2586 viginti

212 2614 267 2669 et
296 2608 429 2663 duas
458 2608 815 2677 distinguens.
845 2618 1107 2679 quantum
1136 2608 1267 2663 lucis
1299 2609 1443 2663 intus
1470 2608 1704 2665 habeant
1726 2609 1814 2666 de-

211 2700 533 2755 monstravit
552 2716 566 2767 ;
584 2710 639 2755 et
658 2701 714 2754 in
732 2701 817 2753 his
842 2700 1162 2766 tractandis,
1183 2700 1322 2755 sicut
1345 2700 1595 2770 superius
1616 2701 1810 2771 patuit,

215 2793 379 2847 tinem
414 2793 560 2847 fecit.

290 2886 375 2939 77.
409 2887 508 2952 Qui
541 2886 659 2940 libri
684 2886 812 2941 dum
846 2902 875 2941 a
906 2885 1221 2942 doctoribus
1249 2884 1525 2961 sequentis
1553 2886 1811 2956 temporis

214 2988 327 3034 tam
366 2981 678 3035 rectissimis
706 2981 991 3036 sententiis
1016 2980 1147 3035 ed.ti
1196 2996 1353 3045 quam
1385 2979 1811 3035 luculentissima

215 3072 497 3128 rhetoricae
522 3074 784 3129 facundiae
810 3076 950 3145 ston
983 3082 1270 3145 compositi
1290 3075 1558 3130 veraciter
1587 3073 1812 3131 docean-

216 3172 326 3231 tur,
355 3179 449 3220 eos
468 3165 662 3221 beatus
693 3164 987 3235 Gregorius
1027 3183 1093 3221 ex
1122 3168 1439 3221 humilitatis
1469 3182 1579 3222 sum
1620 3168 1807 3222 dulce-

218 3257 341 3312 dine
378 3259 611 3313 incultos
650 3259 920 3329 perhibet,
968 3259 1218 3315 Leandro
1249 3262 1505 3330 episcopo
1537 3261 1677 3316 inter
1707 3275 1811 3316 ειε-
1839 3266 1885 3330 C

219 3359 336 3405 tera
358 3353 629 3406 scribens:
662 3370 680 3404 ‹
716 3352 912 3419 Quaeso
935 3360 993 3406 ut
1019 3353 1178 3423 hujus
1200 3353 1379 3424 Operis
1402 3353 1567 3424 (haud
1589 3354 1811 3409 dubium

219 3442 347 3511 quin
395 3441 695 3512 Moralium)
748 3444 890 3499 dicta
936 3460 1280 3514 percurrens,
1329 3446 1382 3498 in
1415 3445 1496 3499 his
1525 3431 1813 3500 verborum

217 3536 347 3593 folia
374 3554 483 3593 non
511 3538 773 3608 requiras,
813 3540 937 3609 quia
968 3555 1066 3609 per
1094 3555 1248 3594 sacra
1280 3538 1496 3609 eloquia
1528 3542 1594 3597 ab
1625 3555 1813 3594 eorum

219 3634 600 3690 tractatoribus
625 3634 968 3689 infructuosa:
996 3633 1335 3704 loquacitatis
1358 3634 1545 3687 levita~
1574 3633 1816 3689 studiose

218 3726 602 3794 compescitur,
630 3724 757 3778 dum
787 3724 841 3777 in
872 3726 1072 3793 templo
1095 3725 1191 3778 Dei
1213 3738 1401 3777 nemus
1429 3724 1661 3794 plantati
1688 3739 1815 3793 pro-

217 3814 456 3870 hibetur.
489 3814 556 3869 Et
583 3815 763 3870 cuncti
794 3814 1145 3884 proculdubio
1191 3815 1391 3869 scimus
1424 3816 1569 3885 quia,
1599 3815 1817 3884 quoties

216 3910 273 3964 in
312 3909 456 3963 foliis
494 3908 633 3961 male
670 3908 807 3961 laeta:
843 3907 1043 3975 segetis
1082 3908 1242 3962 culmi
1282 3907 1591 3976 proficiunt,
1622 3908 1820 3964 minori

217 3996 558 4069 plenitudine
585 3996 856 4067 spicarum
898 4010 1064 4065 grana
1096 4004 1428 4065 turgescunt.
1472 3996 1624 4053 Unde
1654 4007 1708 4055 et
1736 4000 1819 4071 ip-

218 4108 337 4149 sam
361 4090 618 4161 loquendi
641 4099 813 4145 artem
839 4105 1000 4160 quam
1022 4091 1326 4161 magisteria
1352 4093 1646 4164 disciplina:
1667 4104 1822 4151 exte-

220 4182 383 4239 rioris
432 4183 707 4238 insinuant
755 4198 972 4238 servare
1001 4182 1245 4254 deSpexi.
1295 4184 1431 4241 Nam
1479 4187 1619 4243 sicut
1662 4190 1818 4259 hujus

220 4290 439 4345 quoque
458 4276 699 4347 epistola:
728 4283 883 4332 tenor
910 4277 1175 4340 enuntiat,
1206 4288 1227 4317 ο
1254 4294 1359 4333 non
1385 4280 1684 4337 metacismi
1707 4283 1821 4339 col-

224 4367 475 4422 lisionem
520 4366 684 4437 fugio,
722 4383 828 4423 non
857 4368 1175 4425 barbarismi
1214 4371 1587 4428 confusionem
1617 4375 1818 4445 devito,

222 4456 408 4512 hiatus
433 4466 717 4528 motusque
745 4459 909 4513 etiam
936 4468 991 4514 et
1022 4462 1461 4537 praepositionum
1507 4480 1661 4522 casus
1699 4482 1819 4522 ser-

227 4566 357 4606 vare
380 4561 703 4607 contemno:
728 4554 855 4623 quia
882 4554 1158 4623 indignum
1175 4556 1523 4614 vehementer
1544 4559 1817 4628 existimo,

1914 1966 2076 2031 nitus,
2095 1981 2200 2020 non
2223 1966 2396 2020 solum
2420 1964 2677 2020 facundia:
2691 1980 2800 2020 suze
2815 1964 3169 2021 redolentiam
3191 1973 3507 2021 contemne-

1910 2056 2023 2123 bat,
2044 2070 2231 2112 verum
2270 2057 2434 2111 etiam
2475 2057 2527 2110 in
2555 2056 2963 2126 comparatione
2994 2065 3257 2112 tractatus
3282 2056 3505 2112 alterius

1911 2148 2169 2203 dictatum
2211 2163 2365 2202 suum
2416 2145 2673 2202 furfurem
2705 2147 3007 2212 nominans,
3041 2146 3207 2202 libros
3246 2162 3373 2202 suos
3400 2145 3506 2217 legi

1911 2241 2171 2311 quamdiu
2196 2242 2404 2295 viveret
2448 2240 2923 2296 vehementissime
2952 2239 3296 2310 prohibebat,
3339 2238 3505 2294 Inno-

1910 2332 2091 2387 centio
2120 2331 2377 2402 praefecto
2400 2330 2590 2385 Africa:
2620 2330 2760 2385 inter
2781 2338 2976 2385 cmtera
2996 2330 3235 2385 scribens
3261 2346 3273 2382 :
3303 2347 3323 2380 ι
3349 2327 3507 2396 Quod

1912 2423 1966 2477 in
2012 2422 2354 2492 expositione
2400 2421 2575 2475 sancti
2622 2419 2723 2475 Job
2765 2421 3054 2477 transmitti
3086 2421 3239 2476 vobis
3264 2419 3505 2476 codicem

1911 2515 2367 2579 voluistis,vestro
2379 2516 2599 2570 omnino
2612 2513 2790 2569 studio
2802 2513 3199 2585 congaudemus
3216 2532 3227 2566 :
3247 2513 3504 2583 quoniam

1914 2610 1990 2665 illi
2014 2610 2090 2665 rei
2113 2608 2458 2664 eminentiam
2477 2617 2714 2663 vestram
2741 2607 2957 2663 studere
2978 2607 3359 2677 conspicimus,
3383 2620 3504 2677 qua:

1912 2717 2014 2756 nec
2043 2710 2187 2756 totos
2208 2701 2351 2755 foras
2378 2715 2474 2755 vos
2502 2700 2653 2755 exire
2687 2700 2980 2768 permittat,
3012 2707 3068 2754 et
3093 2699 3159 2753 ad
3188 2713 3284 2754 cor
3309 2698 3505 2752 iterum

1913 2792 2258 2847 saecularibus
2279 2790 2423 2847 curis
2438 2790 2709 2860 dispersos
2729 2789 3028 2857 recolligat.
3048 2788 3155 2843 Sed
3172 2787 3227 2842 si
3248 2786 3509 2844 delicioso

1913 2884 2109 2954 cupitis
2137 2883 2336 2953 pabulo
2364 2882 2615 2951 saginari,
2646 2881 2789 2936 beati
2826 2880 3108 2950 Augustini
3139 2880 3387 2949 patrioin:
3415 2894 3510 2934 ve-

1912 2974 2011 3029 stri
2040 2974 2296 3044 opuscula
2324 2973 2503 3041 legite,
2537 2980 2593 3026 et
2632 2970 2696 3025 ad
2738 2970 3203 3040 comparationem
3227 2978 3251 3007 °
3283 2968 3511 3037 siliginis

1914 3067 2054 3122 illius
2077 3075 2319 3122 nostrum
2341 3064 2596 3120 furfurem
2616 3080 2725 3119 non
2744 3063 3018 3134 quaeratis.
3044 3081 3064 3115 ›
3099 3060 3326 3133 (Regist.
3344 3060 3433 3115 lib.
3451 3077 3504 3127 x,

1912 3179 1994 3233 ep.
2026 3161 2113 3215 57.
2137 3161 2157 3232 )

1986 3254 2117 3309 Item
2162 3251 2388 3320 Joanni,
2441 3252 2696 3323 episcopo
2744 3250 3087 3323 Syracusano
3126 3264 3140 3301 :
3188 3265 3207 3298 ‹
3235 3244 3508 3300 Prteterea

1913 3347 2071 3401 audio
2100 3346 2246 3415 quod
2274 3346 2451 3415 aliqua
2481 3344 2549 3399 de
2588 3343 2671 3400 his
2712 3359 2833 3413 qua:
2869 3340 3148 3412 scripsisse
3177 3353 3263 3393 me
3291 3335 3512 3393 memini

1914 3438 2227 3492 fraternitas
2254 3447 2432 3491 vestra
2462 3436 2530 3490 ad
2559 3450 2803 3489 mensam
2831 3449 2982 3489 suam
3012 3447 3193 3488 coram
3241 3431 3513 3487 extraneis

1914 3529 2020 3599 legi
2050 3528 2229 3585 faciat.
2259 3527 2414 3595 Quod
2442 3528 2576 3582 mihi
2605 3520 2713 3583 non
2743 3527 2956 3582 videtur
3006 3540 3125 3581 esse
3172 3522 3473 3579 faciendum
3493 3563 3509 3590 ,

1915 3624 2041 3691 quia
2065 3623 2169 3677 hoc
2196 3622 2339 3690 quod
2366 3637 2463 3676 vos
2493 3637 2591 3693 pro
2614 3621 2877 3675 charitate
2903 3620 3099 3688 facitis,
3135 3628 3359 3688 possunt
3387 3617 3512 3690 qui-

1918 3714 2070 3779 dam,
2101 3721 2361 3783 quantum
2413 3711 2479 3765 ad
2529 3726 2616 3766 me
2664 3720 2774 3775 est,
2808 3726 2960 3765 vana:
3004 3710 3188 3777 gloria:
3231 3709 3512 3781 deputare.

1916 3805 2153 3874 Ideoque
2180 3819 2362 3858 coram
2394 3802 2667 3857 extraneis
2694 3803 3037 3871 antiquorum
3066 3800 3208 3855 dicta
3238 3800 3416 3869 legite,
3446 3816 3515 3858 ex

1919 3913 2147 3969 quorum
2179 3897 2504 3951 auctoritate
2544 3895 2757 3949 valeant
2786 3896 2878 3966 qui
2909 3894 3129 3948 audiant
3153 3892 3455 3949 reformari.
3487 3913 3508 3947 ι

1924 3994 1942 4065 (
1968 3990 2085 4045 Lib.
2122 4006 2233 4053 vm,
2266 4008 2347 4059 ep.
2378 3988 2429 4045 9.
2458 3992 2477 4059 )

1992 4084 2125 4140 Item
2166 4082 2399 4149 Joauni,
2428 4081 2761 4139 subdiacono
2818 4080 3104 4147 Ravennm,
3139 4089 3261 4151 post
3307 4079 3513 4136 multa:

1930 4197 1947 4229 ι
1977 4176 2128 4244 Illud,
2180 4176 2375 4247 inquit,
2416 4174 2562 4246 quod
2608 4176 2676 4228 ad
2718 4190 2807 4231 me
2853 4174 3206 4245 quorumdam
3256 4175 3519 4230 relatione

1922 4272 2188 4343 perlatum
2215 4274 2316 4337 est,
2341 4269 2467 4341 quia
2496 4267 2964 4324 reverentissimus
2990 4266 3343 4339 coepisc0pus
3365 4281 3519 4323 meus

1924 4360 2254 4416 Marinianus
2299 4358 2404 4428 legi
2450 4367 2755 4415 commenta
2794 4358 2942 4414 beati
2972 4356 3072 4413 Job
3100 4359 3314 4430 publice
3340 4358 3405 4413 ad
3432 4358 3515 4412 vi-

1924 4454 2079 4525 gilias
2108 4453 2273 4523 facit,
2301 4468 2410 4510 non
2439 4466 2591 4523 grate
2632 4453 2881 4523 suscepi,
2929 4452 3053 4522 quia
3084 4452 3214 4507 illud
3244 4467 3380 4523 opus
3410 4467 3519 4507 non

1926 4554 2009 4603 est
2034 4545 2318 4618 populare,
2350 4554 2406 4601 et
2438 4545 2659 4601 rudibus
2703 4544 3034 4600 auditoribus
3076 4543 3519 4615 impedimentum

227 4653 290 4698 ut
318 4645 479 4698 verba
506 4644 741 4701 cmlestis
767 4646 972 4701 oraculi
1000 4647 1320 4717 restringam
1350 4650 1448 4704 sub
1488 4650 1687 4721 regulis
1710 4652 1816 4706 Do-

1929 4641 2099 4711 magis
2127 4654 2287 4711 quam
2326 4646 2643 4711 provectum
2672 4646 2917 4707 generat.
2963 4636 3069 4690 Sed
3099 4636 3184 4690 dic
3212 4635 3262 4689 ei
3286 4643 3344 4688 ut
3370 4649 3521 4689 com-

227 4735 376 4801 nati;
399 4751 572 4807 neque
594 4738 737 4815 enim
754 4735 778 4775 ά
798 4739 912 4794 hmc
928 4739 994 4794 ab
1014 4740 1133 4794 ullis
1160 4741 1542 4812 interpretibus
1568 4746 1621 4799 in
1640 4745 1823 4817 Scrip-

229 4836 367 4882 turte
394 4844 561 4885 sacra:
590 4831 907 4887 auctoritate
933 4841 1145 4887 serVata
1167 4843 1309 4888 sunt.
1343 4834 1415 4889 Ex
1447 4851 1553 4905 qua
1583 4854 1644 4894 re
1676 4838 1826 4895 nimi-

229 4935 353 4974 rum
387 4922 513 4991 quia
560 4932 743 4978 nostra
790 4924 1057 4993 expositio
1081 4926 1273 4992 oritur,
1317 4928 1536 4995 dignum
1580 4930 1823 4999 profecto

180 5068 181 5073 η
230 5021 318 5069 est
344 5020 404 5068 ut
427 5015 579 5084 quasi
608 5018 750 5070 edita
794 5015 1009 5071 soboles
1034 5017 1268 5087 speciem
1298 5034 1408 5073 sum
1432 5020 1621 5076 matris
1647 5021 1826 5078 imite-

172 5146 189 5179 -
233 5116 343 5162 tur.
376 5126 395 5160 ι
424 5107 667 5179 (Prwfat.
693 5108 761 5161 ad
782 5106 872 5163 lib.
905 5106 1125 5180 Moral.)
1150 5107 1206 5163 In
1230 5110 1425 5179 quibus
1443 5112 1617 5167 verbis
1637 5128 1829 5183 agnos-

192 5262 195 5265 ,
232 5201 377 5256 citur
429 5199 722 5270 Gregorius
762 5217 869 5255 non
898 5200 1165 5256 studuisse
1195 5201 1524 5258 locutionem
1551 5208 1825 5276 pompati-

236 5309 381 5360 cam,
411 5293 507 5348 sed
524 5310 592 5349 ex
622 5295 845 5365 pristina
873 5296 1143 5351 szecularis
1172 5296 1414 5352 exercitii
1437 5301 1829 5358 consuetudine

208 5386 421 5455 potius
446 5386 755 5442 incurrisse.
787 5385 952 5456 Cujus
993 5386 1252 5442 facundiae
1282 5389 1695 5444 consonantiam
1732 5389 1831 5445 lsi-

237 5478 424 5544 dorns,
471 5477 800 5549 Hispalensis
846 5481 994 5535 urbis
1034 5482 1341 5551 episcopus,
1391 5481 1445 5536 in
1489 5481 1833 5554 expositione

322 5644 346 5705 ξι
378 5634 552 5704 Bigot.
580 5642 635 5688 et
667 5635 829 5705 l‘tic.,
859 5636 1199 5705 expositionis
1227 5635 1441 5690 alterius
1472 5635 1721 5689 studium.

320 5703 510 5777 bfVide
535 5706 629 5760 lib.
658 5721 695 5759 ll
726 5703 932 5773 Dialog.
964 5722 1082 5777 cap.
1120 5707 1327 5773 ultimo,
1361 5716 1417 5761 et
1453 5716 1608 5762 notas
1634 5723 1834 5764 consu-

245 5792 321 5835 ιθ.
353 5776 428 5849 De
450 5775 636 5849 Grmca
665 5778 1015 5849 translatione
1032 5775 1158 5849 fuse
1200 5779 1253 5832 in
1279 5777 1434 5849 Praef.
1461 5779 1529 5833 ad
1558 5777 1833 5849 Dialogos.

327 5859 349 5888 ε
384 5847 479 5905 Vel
509 5848 689 5919 potius
727 5848 1016 5901 mutacismi
1042 5889 1058 5921 ,
1109 5848 1357 5904 nimirum
1385 5848 1558 5907 Graeci
1600 5847 1838 5921 appella-

249 5927 381 5979 runt
413 5918 753 5989 μυτὰκισμὸν,
779 5933 899 5973 cum
933 5918 1155 5974 nimium
1187 5927 1281 5975 aut
1322 5930 1529 5978 temere
1562 5918 1832 5993 mrepet‘i-

1930 4746 2113 4793 menta
2143 4734 2479 4791 Psalmorum
2508 4734 2654 4805 legat
2679 4732 2746 4787 ad
2774 4731 3007 4800 vigilias,
3031 4743 3150 4800 quae
3177 4738 3386 4785 mentes
3415 4745 3521 4785 sat-

1932 4829 2194 4886 cularium
2221 4827 2288 4883 ad
2308 4827 2480 4883 bonos
2498 4840 2679 4881 mores
2704 4824 2972 4893 praecipue
3000 4819 3308 4879 informent.
3334 4821 3523 4893 Neque

1933 4924 2076 4979 enim
2099 4924 2243 4988 volo,
2269 4922 2395 4976 dum
2422 4920 2476 4974 in
2506 4920 2610 4974 hac
2636 4932 2803 4973 carne
2830 4932 2969 4984 sum,
3001 4916 3046 4972 si
3068 4932 3174 4987 qua
3204 4917 3405 4973 dixisse
3433 4933 3522 4973 me

1934 5013 2193 5081 contigit,
2224 5026 2289 5065 ea
2317 5010 2474 5066 facile
2511 5006 2823 5064 hominibus
2870 5006 3155 5065 innotesei.
3180 5028 3199 5062 ι
3235 5007 3386 5074 (Lib.
3418 5025 3522 5077 xit,

1935 5120 2020 5176 ep.
2048 5101 2139 5156 24.
2166 5102 2183 5171 )

2008 5195 2097 5250 79.
2137 5193 2347 5260 Quanta
2376 5205 2507 5247 sane
2535 5189 2971 5247 consideratione
2997 5189 3306 5262 Gregorius,
3336 5193 3425 5261 qui
3459 5193 3523 5248 ad

1935 5290 2150 5348 culmen
2177 5285 2455 5355 regiminis
2482 5283 2757 5340 humiliter
2785 5284 3130 5355 pervenisse,
3159 5284 3227 5339 ad
3256 5284 3359 5339 hoc
3389 5299 3524 5353 Opus

1936 5383 2258 5457 perveniens
2279 5381 2418 5437 bene
2432 5380 2651 5447 vixisse,
2675 5381 2815 5435 bene
2836 5379 3066 5435 vivendo
3087 5389 3234 5436 recte
3258 5377 3525 5443 docuisse,

1938 5480 2089 5546 satis,
2113 5486 2173 5533 ut
2211 5476 2426 5549 opinor,
2474 5481 2807 5532 monstratus
2834 5482 2917 5531 est
2963 5474 3327 5529 infirmitatem
3372 5484 3525 5528 suam

1944 5646 2050 5702 tur,
2077 5636 2221 5693 unde
2246 5635 2442 5692 vitiosa
2470 5635 2699 5692 collisio.
2723 5634 2860 5691 Vide
2879 5632 3130 5690 Vossium
3150 5631 3384 5689 lnstitut.
3408 5632 3518 5694 Ora

1942 5709 2133 5765 toriar.
2174 5708 2268 5780 lib.
2296 5723 2366 5774 Iv,
2394 5724 2514 5780 cap.
2537 5706 2601 5780 β,
2632 5706 2664 5780 §_
2684 5706 2736 5761 2.

2014 5780 2040 5817 ο
2071 5779 2150 5854 Ita
2178 5779 2305 5854 Mss.
2338 5770 2410 5834 At
2437 5770 2675 5847 e'dili,a'b
2703 5778 2845 5833 illius
2872 5777 3119 5849 temporis
3142 5775 3526 5854 interpretibus,

1944 5859 2034 5907 aut
2062 5850 2127 5905 ab
2152 5851 2328 5918 ullius,
2349 5858 2457 5907 etc.

2021 5934 2043 5961 ε
2076 5922 2251 5994 Bigot.
2284 5931 2339 5981 et
2361 5919 2528 5989 Un'c.,
2558 5920 2882 5992 similaginis.
