4138 6494
638 396 746 479 227

1236 419 1292 477 S.
1335 415 1661 475 GREGORII
1701 416 1915 475 MAGNI
1958 407 2140 482 VITA,
2184 412 2385 471 AUCT.
2428 404 2688 470 JOANNE
2726 408 3044 469 DIACONO.
3087 400 3219 467 LIB.
3261 406 3348 466 IV.

3810 404 3929 461 228

634 542 975 615 cognoverit,
1005 541 1058 594 in
1086 547 1329 592 extremo
1376 535 1513 591 libro
1556 524 1838 590 Moralium
1880 531 2216 595 manifestat,
2250 536 2299 592 Α
2324 528 2533 601 legerit,
2563 528 2703 599 apud
2734 527 3034 585 districtum
3078 524 3319 582 Judicem
3360 523 3611 579 solatium
3652 524 3789 578 mihi
3815 538 3933 580 sua

639 652 761 691 cum
789 634 915 690 dicit
941 650 953 684 τ
992 650 1010 683 ί
1035 629 1261 698 Expleto
1292 630 1475 697 itaque
1522 627 1624 682 hoc
1654 643 1839 697 opere,
1868 625 1934 680 ad
1974 641 2061 681 me
2091 622 2220 677 mihi

638 727 792 782 video
818 738 938 780 esse
964 721 1317 777 redeundum.
1372 719 1594 774 Multum
1625 718 1825 788 quippe
1858 732 2007 773 mens
2039 723 2222 770 nostra

622 819 799 887 etiam
846 832 969 872 cum
1016 820 1165 870 recte
1215 811 1359 882 loqui
1405 800 1665 878 cenatur,
1695 818 1848 865 extra
1876 807 2221 878 semetipsam

634 910 919 983 spargitur.
948 907 1316 978 lntegritatem
1350 919 1580 973 namque
1610 902 1795 971 animi,
1828 903 1951 955 dum
1982 900 2223 969 cogitan-

620 1012 719 1067 _tur
748 1002 909 1058 verba
948 999 1183 1072 qualiter
1226 996 1589 1068 proferantur,
1619 993 1741 1063 quia
1774 992 1993 1046 trahunt
2019 990 2223 1044 extrin-

632 1112 810 1165 secus,
841 1093 1109 1150 miuuunt.
1136 1087 1303 1159 igitur
1331 1103 1361 1141 a
1395 1085 1608 1157 publico
1655 1082 1947 1140 locutionis
1993 1078 2223 1135 redeun-

616 1188 754 1252 dum
811 1192 895 1240 est
946 1181 1019 1238 ad
1066 1180 1270 1236 curiam
1324 1176 1523 1245 cordis,
1577 1182 1633 1231 ut
1681 1175 1834 1244 quasi
1884 1174 1937 1228 in
1989 1172 2222 1243 quodam

630 1277 859 1335 concilio
889 1272 1298 1331 consultationis
1347 1268 1417 1325 ad
1466 1286 1552 1325 me
1602 1269 1774 1341 ipsum
1809 1267 2223 1324 discernendum

614 1354 930 1437 ,‘convocem
980 1367 1336 1436 cogitationes
1382 1364 1577 1420 mentis
1602 1404 1617 1431 ,
1653 1362 1811 1435 174
1837 1370 2103 1433 quatenus
2151 1360 2223 1416 ibi

614 1464 846 1529 ,videam
874 1475 941 1515 ne
961 1469 1061 1523 aut
1085 1460 1297 1513 incaute
1325 1457 1464 1511 mala
1494 1464 1587 1510 aut
1610 1456 1748 1510 bona
1777 1470 1882 1509 non
1912 1455 2052 1509 bene
2072 1453 2221 1508 dixe-

624 1554 753 1609 rim.
780 1551 932 1609 Tunc
960 1552 1103 1607 enim
1130 1550 1268 1604 bene
1290 1548 1484 1603 dicitur
1508 1546 1729 1613 bonum,
1753 1561 1873 1602 cum
1898 1545 1943 1599 is
1963 1544 2053 1615 qui
2070 1544 2218 1607 dicit,

633 1645 734 1703 soli
777 1646 828 1702 ei
858 1662 888 1701 a
918 1662 1026 1718 quo
1054 1643 1298 1713 accepit,
1330 1658 1428 1712 per
1465 1639 1519 1695 id
1568 1640 1773 1709 appetit
1820 1638 2034 1708 placere
2079 1635 2223 1706 quod

630 1738 775 1793 dicit.
821 1736 891 1790 Et
932 1735 1149 1805 quidem
1197 1732 1338 1787 mala
1368 1746 1451 1786 me
1507 1730 1707 1800 aliqua,
1741 1728 1843 1784 etsi
1886 1723 2084 1781 dixisse
2114 1740 2221 1781 non

612 1831 846 1899 "invenio
872 1872 889 1899 ,
918 1838 1102 1887 tamen
1148 1829 1273 1898 quia
1302 1826 1521 1884 omnino
1554 1842 1661 1880 non
1690 1824 1915 1879 dixerim
1942 1864 1956 1890 ,
1987 1838 2097 1878 non
2126 1822 2222 1878 de-

2324 621 2585 677 orationis
2616 619 2908 691 impendat,
2942 634 3102 674 omne
3129 617 3272 690 quod
3309 617 3365 673 in
3397 632 3483 671 me
3524 616 3804 671 sordidum
3835 616 3934 670 de-

2322 712 2605 785 prehendit
2628 711 2838 769 fletibus
2858 712 3043 768 diluat.
3075 710 3351 768 Orationis
3371 719 3550 767 autem
3577 719 3738 780 atque
3763 724 3937 779 expo-

2320 800 2536 860 'sitionis
2564 808 2763 860 virtute
2794 806 2989 861 collata
3010 845 3026 871 ,
3056 803 3232 861 lector
3262 819 3414 859 meus
3454 805 3508 859 in
3536 817 3961 875 recompensa-_

2325 896 2471 952 tione
2499 914 2585 952 me
2615 905 2855 968 superat,
2888 897 2956 965 si,
2986 912 3111 952 cum
3142 910 3237 968 per
3265 912 3352 953 me
3379 896 3545 951 verba
3573 895 3791 966 accipit,
3827 909 3935 966 pro

2328 1005 2415 1045 me
2448 991 2711 1062 lacrymas
2740 989 2938 1046 reddit.
2971 1006 2988 1043 ›

2396 1080 2485 1136 80.
2529 1081 2699 1152 Hujus
2720 1082 3015 1137 beatissimi
3036 1080 3287 1151 Gregorii
3309 1079 3618 1136 venerabile
3648 1095 3874 1149 corpus,
3898 1094 3930 1136 a

2324 1172 2587 1244 Gregorio
2627 1184 2822 1243 quarto
2851 1175 2993 1231 sedis
3022 1172 3339 1246 apostolicae,
3370 1173 3597 1244 praesule
3620 1181 3647 1210 ι
3678 1180 3800 1242 post
3828 1188 3929 1226 an-

2325 1284 2426 1325 nos
2455 1270 2671 1324 circiter
2699 1270 3081 1339 quinquaginta
3110 1268 3452 1334 translatum,
3481 1277 3610 1322 ante
3648 1264 3929 1322 novellum

2324 1360 2672 1417 secretarium
2704 1360 3030 1418 constructis
3056 1360 3345 1427 absidibus,
3377 1360 3532 1415 sicuti
3563 1358 3726 1413 modo
3748 1357 3927 1415 cerni-

2327 1462 2432 1519 tur,
2458 1453 2485 1491 δ
2515 1455 2615 1510 sub
2645 1453 2803 1510 altari
2850 1455 2930 1510 sui
2981 1452 3213 1509 nominis
3262 1452 3605 1509 collocatur:
3647 1466 3755 1520 quo
3804 1448 3927 1521 ejus

2314 1545 2693 1600 ‘anniversarie
2722 1545 3034 1600 solemnitas
3063 1544 3271 1600 cunctis
3299 1543 3548 1600 certatim
3582 1551 3920 1612 pernoctan-

2328 1638 2469 1694 tibus
2497 1639 2845 1694 veneratione
2891 1637 3196 1707 gratissima
3227 1636 3554 1702 celebratur,
3585 1634 3639 1688 in
3666 1649 3773 1703 qua
3799 1634 3924 1704 pai.

2322 1728 2455 1783 lium
2509 1729 2655 1797 ejus.
2703 1740 2722 1765 ε
2784 1734 2839 1783 et
2891 1728 3254 1800 phylacteria,
3305 1726 3398 1782 sed
3447 1735 3501 1780 et
3545 1725 3757 1779 balteus
3804 1724 3925 1794 ejus

2328 1820 2846 1877 consuetudinaliter
2897 1821 3228 1877 osculantur.
3283 1821 3411 1887 Qum
3460 1817 3732 1887 sigillatim
3764 1817 3923 1889 175

608 1896 808 1991 ,lfeudo.
838 1896 986 1979 Bona
1009 1936 1139 1977 vero
1165 1896 1211 1976 si
1239 1935 1344 1989 qua
1368 1916 1623 1973 divinitus
1646 1917 1915 1987 accipiens
1935 1913 2068 1982 dixi,
2097 1930 2220 1970 meo
2255 1930 2298 1991 Β
2326 1913 2666 1969 considerata
2684 1955 2698 1981 ,
2731 1924 2785 1968 et
2829 1913 3206 1983 antiquitatem
3235 1913 3356 1979 viri,
3390 1920 3443 1967 et
3490 1911 3922 1966 mediocritatem

629 2015 881 2083 videlicet
908 2013 1039 2069 vitio
1068 2012 1243 2067 minus
1270 2026 1357 2067 me
1383 2010 1519 2066 bene
1547 2008 1745 2064 dixisse
1773 2004 2051 2079 proﬁteor.
2083 2004 2218 2062 Nam

626 2107 695 2163 ad
723 2123 809 2164 me
840 2107 1161 2162 intrinsecus
1188 2104 1432 2170 rediens,
1460 2101 1785 2174 postpositis
1818 2102 2106 2157 verborum
2139 2098 2222 2157 fo-

606 2200 732 2269 liis,
758 2199 1073 2271 postpositis
1101 2198 1494 2255 sententiarum
1525 2196 1710 2264 ramis,
1734 2195 1858 2250 dum
1891 2196 2063 2266 ipsam
2092 2195 2221 2250 sub-

628 2292 793 2347 tiliter
810 2291 1047 2347 radicem
1078 2305 1211 2345 meae
1238 2288 1552 2345 intentionis
1583 2287 1828 2358 inspicio,
1858 2286 1969 2343 Deo
1997 2286 2215 2358 quidem

628 2397 697 2436 ex
718 2397 783 2437 ea
811 2397 897 2436 me
924 2395 1265 2452 summopere
1286 2380 1501 2450 placere
1526 2378 1760 2434 voluisse
1790 2393 2092 2451 cognosco;
2124 2378 2221 2435 sed

629 2473 804 2529 eidem
831 2472 1123 2528 intentioni
1151 2486 1257 2542 qua
1307 2470 1418 2527 Deo
1466 2470 1683 2541 placere
1711 2469 1921 2539 studeo,
1953 2470 2134 2526 furtim
2161 2487 2221 2527 se

628 2565 813 2623 nescio
840 2564 1113 2635 quomodo
1142 2563 1369 2620 intentio
1417 2563 1667 2619 humana:
1710 2562 1884 2619 laudis
1924 2564 2216 2621 interserit.

630 2656 787 2723 Quod
816 2671 940 2711 cum
967 2654 1076 2725 jam
1106 2654 1446 2726 posunodum
1476 2654 1737 2727 tardeque
1765 2654 2038 2725 discerno,
2067 2656 2219 2711 inve-

628 2752 717 2807 nio
760 2766 850 2806 me
881 2750 1040 2807 aliter
1081 2764 1240 2820 agere
1268 2749 1412 2819 quod
1441 2749 1557 2805 scio
1585 2764 1673 2804 me
1708 2749 1867 2805 aliter
1915 2750 2216 2806 inchoasse.

627 2843 713 2899 Sic
742 2843 884 2900 enim
915 2857 1059 2912 saepe
1088 2842 1439 2896 intentionem
1495 2847 1767 2906 nostram,
1811 2840 1937 2895 dum
1969 2849 2096 2896 ante
2126 2839 2221 2894 Dei

627 2935 989 2993 oculosrecte
1016 2933 1289 3005 incipitur,
1318 2933 1535 2990 occulte
1564 2933 1869 3004 subjuncta,
1898 2942 1953 2989 et
1979 2950 2098 2989 eam
2128 2948 2219 2989 ve-

624 3027 705 3083 lut
726 3028 779 3081 in
800 3027 995 3082 itinere
1016 3025 1503 3096 comprehendens,
1528 3025 1778 3081 humanae
1798 3022 1971 3080 laudis
1993 3026 2220 3081 intentio

628 3120 968 3189 assequitur:
1000 3119 1137 3173 sicut
1166 3134 1265 3188 pro
1293 3118 1618 3175 necessitate
1667 3116 1883 3188 quidem
1932 3117 2082 3175 cibus
2128 3134 2223 3173 su-

628 3210 787 3264 mitur
809 3250 825 3276 ,
854 3209 956 3265 sed
1008 3210 1059 3264 in
1100 3210 1214 3279 ipso
1246 3225 1340 3265 esu
1364 3249 1378 3273 ,
1414 3207 1542 3263 dum
1592 3207 1773 3264 furtim
1802 3208 1926 3278 gula
1955 3208 2219 3280 subripit,

2321 2007 2566 2073 habitus,
2591 2014 2647 2062 et
2675 2006 2910 2077 speciem
2944 2006 3203 2075 regularis
3232 2004 3495 2077 propositi
3522 2003 3686 2072 signis
3710 2002 3924 2073 perspi-

2321 2098 2439 2153 cuis
2481 2105 2891 2169 reprzesentant.
2944 2098 3077 2152 Nam
3130 2099 3182 2151 in
3231 2112 3295 2152 eo
3344 2096 3489 2167 quod
3538 2095 3759 2166 pallium
3805 2095 3922 2164 ejus

2320 2190 2484 2263 bysso
2512 2190 2777 2246 candente
2807 2197 3122 2245 contextum
3154 2188 3310 2244 nullis
3338 2188 3501 2243 fuisse
3523 2188 3762 2243 cernitur
3788 2200 3921 2241 acu-

2322 2283 2423 2339 bus
2452 2282 2806 2354 perforatum,
2838 2283 2915 2337 sic
2943 2282 3116 2352 ipsum
3144 2281 3283 2336 circa
3318 2279 3565 2351 scapulas
3602 2279 3921 2333 obvolutum

2324 2374 2491 2430 fuisse
2514 2415 2528 2438 ,
2579 2370 2684 2428 non
2737 2382 2913 2429 autem
2958 2373 3228 2428 conllxum
3258 2372 3608 2443 dignoscitur,
3636 2371 3796 2425 sicuti
3823 2385 3921 2425 ve-

2324 2466 2629 2522 tustissimis
2684 2467 2908 2521 musivis
2963 2465 3048 2521 vel
3106 2466 3329 2536 picturis
3381 2464 3702 2520 OStenditur.
3761 2462 3919 2530 Quod

2322 2568 2500 2613 autem
2526 2558 2873 2628 reliquiarum
2905 2558 3235 2629 phylacteria
3283 2557 3432 2615 tenui
3474 2566 3699 2626 argento
3748 2554 3918 2609 fabri-

2322 2659 2463 2715 cata,
2479 2650 2679 2719 vilique
2708 2650 2891 2721 pallio,
2916 2650 2984 2703 de
3012 2650 3153 2705 collo
3176 2664 3435 2720 suspensa
3460 2648 3624 2704 fuisse
3647 2648 3917 2713 videntur,

2320 2743 2534 2798 habitus
2585 2743 2702 2812 ejus
2753 2743 3128 2797 mediocritate
3172 2742 3588 2797 demonstratur.
3646 2738 3815 2794 Porro
3864 2739 3917 2796 in

2322 2836 2563 2891 exilitate
2588 2836 2783 2900 baltei,
2808 2850 2926 2904 quae
2957 2835 3115 2889 unius
3161 2834 3370 2907 pollicis
3398 2848 3704 2890 mensuram
3763 2848 3916 2886 num-

2322 2940 2483 2997 quam
2534 2925 2778 2990 excedit,
2813 2925 3049 2995 speciem
3097 2923 3360 2995 propositi
3410 2923 3676 2991 regularis
3705 2922 3834 2978 oiim
3884 2937 3915 2976 a

2322 3028 2507 3075 sancto
2530 3017 2827 3074 Benedicto
2855 3017 3064 3087 statuti,
3083 3017 3236 3087 cujus
3261 3018 3374 3089 ipse
3393 3017 3560 3071 vitam
3584 3018 3915 3083 describens,

2323 3113 2377 3167 in
2400 3111 2614 3180 dialogo
2636 3112 2875 3180 regulam
2904 3125 3121 3181 quoque
3150 3110 3485 3179 laudaverat,
3517 3125 3639 3166 eum
3664 3124 3915 3164 servasse

2322 3205 2443 3260 luce
2464 3205 2658 3261 clarius
2681 3202 3023 3269 manifestat,
3057 3203 3351 3273 praesertim
3373 3218 3493 3257 cum
3520 3201 3664 3257 idem
3688 3216 3906 3257 venera-

629 3300 819 3356 edendi
849 3300 1137 3355 delectatio
1166 3299 1556 3369 permiscetur;
1585 3300 1724 3355 unde
1749 3297 2065 3370 plerumque
2087 3317 2216 3357 con-
2247 3319 2293 3383 ρ
2322 3298 2445 3354 bilis
2475 3297 2667 3354 doctor
2694 3295 2986 3368 Gregorius
3013 3296 3254 3353 Gmcam
3298 3296 3531 3365 linguam
3560 3296 3831 3362 nescierit,
3864 3304 3917 3355 et

630 3392 784 3457 tingit
814 3398 874 3445 ut
900 3389 1249 3445 refectionem
1296 3388 1576 3459 corporis,
1623 3405 1784 3459 quam
1823 3390 2013 3445 salutis
2052 3408 2216 3448 causa

594 3558 597 3563 ⁴
631 3487 907 3556 carpimus,
940 3500 1103 3541 causa
1130 3484 1425 3554 voluptatis
1451 3484 1783 3554 expleamus.
1812 3483 2109 3541 Fatendum
2136 3494 2219 3541 est

629 3579 793 3647 igitur
823 3577 967 3646 quod
1018 3585 1222 3632 rectam
1272 3576 1486 3646 quidem
1538 3576 1891 3632 intentionem
1938 3590 2211 3649 nostram,

590 3740 593 3747 ἢ
632 3684 751 3740 quae
788 3668 887 3723 soli
916 3668 1028 3724 Deo
1060 3668 1272 3737 placere
1303 3667 1541 3737 appetit,
1573 3682 1959 3738 nonnunquam
1991 3670 2218 3727 intentio

628 3762 803 3816 minus
848 3769 1032 3826 recta,
1067 3774 1186 3829 quae
1226 3757 1293 3812 de
1332 3758 1487 3813 donis
1525 3757 1621 3814 Dei
1671 3760 1883 3830 placere
1914 3758 2220 3818 hominibus

592 3924 595 3929 _
630 3854 837 3924 qtnerit,
870 3849 1173 3907 insidiando
1203 3851 1508 3906 comitatur.
1553 3846 1608 3905 Si
1659 3860 1836 3905 autem
1875 3850 1942 3905 de
1971 3850 2055 3905 bis
2084 3851 2221 3906 divi-

629 3948 770 4001 nitus
817 3944 1058 3999 districte
1104 3943 1439 4008 tliscutimur,
1481 3942 1600 4011 quis
1650 3942 1790 3997 inter
1832 3943 1931 3998 ista
1977 3952 2221 3999 remanet

583 4092 589 4101 ,
629 4039 813 4093 salutis
841 4036 1014 4103 locus,
1038 4036 1253 4105 quando
1285 4044 1339 4090 et
1367 4036 1507 4090 mala
1538 4045 1721 4091 nostra
1746 4052 1878 4106 pura
1906 4037 2044 4091 mala
2071 4046 2214 4103 sunt,

632 4137 685 4182 et
715 4129 857 4182 bona
882 4142 1000 4195 qua:
1029 4144 1127 4181 nos
1153 4127 1353 4181 habere
1401 4125 1669 4181 credimus
1723 4143 1852 4196 pura
1906 4127 2048 4183 bona
2098 4143 2219 4183 esse

631 4234 967 4289 nequaquam
998 4221 1258 4289 possunt?
1300 4216 1406 4273 Sed
1454 4219 1558 4272 hoc
1606 4218 1734 4271 mihi
1780 4234 1959 4287 Operae
1988 4221 2218 4289 pretium

632 4313 813 4378 credo,
838 4311 982 4381 quod
1012 4310 1262 4369 fraternis
1309 4311 1528 4368 auribus
1557 4327 1719 4367 omne
1761 4311 1903 4381 quod
1932 4313 1985 4367 in
2017 4327 2101 4367 me
2138 4313 2219 4367 la-

633 4413 806 4462 tenter
834 4406 946 4475 ipse
975 4403 1309 4474 reprehendo
1335 4445 1347 4468 ,
1399 4402 1774 4457 incunctanter
1822 4402 2027 4472 aperio.
2082 4402 2217 4470 Quia

632 4499 776 4554 enim
806 4495 1127 4567 exponendo
1161 4512 1267 4549 non
1296 4493 1467 4549 celavi
1497 4492 1639 4562 quod
1687 4493 1832 4549 sensi
1852 4535 1865 4559 ,
1906 4491 2217 4550 conﬁtendo

578 4582 582 4586 “
632 4606 737 4646 non
759 4586 1031 4644 abscondo
1057 4586 1201 4657 quod
1226 4588 1418 4657 patior.
1444 4584 1547 4641 Per
1567 4585 1963 4656 expositionem
1986 4588 2215 4657 patefeci

2322 3393 2404 3448 sui
2442 3392 2756 3448 monasterii
2796 3392 3093 3447 monachos
3155 3389 3434 3447 Benedicti
3476 3391 3670 3461 utique
3717 3390 3917 3462 regulis

2320 3486 2658 3557 mancipatos
2681 3486 2734 3539 in
2756 3484 3050 3540 Saxoniam
3080 3485 3381 3539 destinarit.

2391 3578 2478 3631 8|.
2522 3576 2793 3648 Siquidem
2839 3576 2983 3646 quod
3041 3574 3282 3631 Graecam
3328 3576 3566 3645 linguam
3620 3576 3913 3643 nescierit,

2320 3684 2437 3740 Ipse
2486 3677 2711 3725 testatur
2760 3669 2811 3723 in
2857 3667 3084 3739 epistola
3135 3666 3405 3733 Eusebio,
3449 3667 3914 3725 Thessaionicensi

2321 3762 2577 3832 episcopo
2601 3802 2615 3825 ,
2643 3762 2888 3819 scribens
2914 3780 2924 3813 :
2959 3761 3123 3817 Lator
3167 3763 3513 3831 praesentium
3556 3761 3875 3818 Theodorus
3896 3804 3913 3827 ,

2318 3851 2572 3909 Ecclesiae
2620 3854 2807 3917 lector,
2836 3853 2900 3906 ad
2953 3862 3263 3909 sanctorum
3314 3854 3679 3924 apostolorum
3730 3852 3912 3909 limina

2317 3945 2563 4013 veniens,
2589 3944 2715 3999 dum
2760 3946 2925 4001 homo
2976 3944 3218 4018 (quippe
3257 3954 3315 4000 ut
3362 3946 3572 4015 novus)
3624 3946 3913 4000 haberetur

2318 4039 2642 4107 incognitus,
2663 4038 2890 4093 Andreae
2911 4038 3198 4104 monacho,
3223 4040 3313 4109 qui
3338 4038 3403 4092 ad
3426 4046 3669 4093 sanctum
3688 4036 3912 4093 Paulum

2320 4130 2557 4185 inclusus
2582 4129 2772 4197 fuerat,
2800 4146 2886 4185 res
2911 4140 2965 4186 et
2994 4132 3210 4186 chartas
3230 4137 3367 4201 quas
3386 4130 3596 4196 detulit,
3622 4140 3680 4185 nt
3698 4146 3760 4186 re
3782 4148 3911 4187 vera

2320 4223 2446 4278 olim
2476 4230 2627 4287 noto,
2662 4223 2982 4280 innecenter
3011 4224 3284 4295 deposuit,
3315 4225 3543 4281 credens
3587 4224 3729 4296 quod
3760 4241 3911 4281 mens

2321 4313 2490 4384 ipsius
2541 4314 2558 4386 (
2582 4315 2721 4370 sicut
2744 4323 2801 4371 et
2821 4331 2921 4371 nos
2947 4323 3073 4371 ante
3103 4326 3483 4387 putaveramus
3508 4317 3525 4385 )
3575 4332 3694 4372 cum
3723 4317 3911 4374 habitu

2319 4406 2693 4462 concordaret.
2726 4407 2833 4463 Sed
2882 4409 2973 4464 ille
3020 4418 3182 4464 tantae
3212 4410 3494 4480 pravitatis
3524 4412 3769 4464 inventus
3798 4420 3911 4475 est,

2318 4508 2379 4554 ut
2406 4500 2450 4554 si
2472 4499 2588 4570 ejus
2609 4502 2847 4557 stultitia:
2874 4503 2973 4558 sub
3002 4503 3315 4559 inclusionis
3344 4503 3524 4573 specie
3553 4503 3711 4573 paulo
3735 4502 3911 4559 adhuc

2319 4593 2551 4664 amplius
2583 4593 2837 4655 licuisset,
2864 4595 3155 4649 multorum
3197 4596 3403 4649 animas
3428 4595 3645 4649 malitim
3672 4610 3781 4649 suae
3811 4593 3909 4647 fal-

630 4683 791 4750 dona,
821 4696 917 4752 per
946 4677 1339 4737 confessiOnem
1370 4678 1561 4748 detego
1591 4677 1832 4733 vulnera.
1880 4677 1948 4733 Et
1993 4680 2117 4750 quia
2161 4681 2212 4734 in
2244 4705 2296 4763 Ι)
2319 4686 2479 4740 sitate
2508 4686 2804 4757 deciperet,
2835 4696 2888 4742 et
2910 4702 3260 4757 quzecumque
3308 4687 3576 4757 potuisset
3622 4702 3730 4742 non
3772 4686 3910 4742 levia

572 4752 581 4842 ί
632 4775 738 4830 hoc
765 4782 873 4828 tam
914 4786 1111 4843 magno
1144 4771 1378 4825 humano
1416 4784 1631 4839 genere,
1678 4785 1777 4825 nec
1825 4769 1973 4840 parvi
2022 4770 2217 4825 desunt

632 4866 721 4934 qui
748 4862 903 4919 (lictis
922 4864 1056 4919 meis
1078 4864 1310 4919 debeant
1339 4862 1549 4924 instrui,
1580 4877 1679 4917 nec
1703 4862 1879 4930 magni
1909 4861 2101 4916 desunt
2125 4863 2217 4931 qui

635 4954 861 5023 cognitae
891 4969 1025 5009 mea:
1054 4955 1283 5009 debeant
1332 4952 1628 5010 inﬁrmitati
1678 4953 1937 5020 misereri,
1978 4969 2075 5023 per
2104 4954 2218 5009 haec

637 5054 864 5115 utraque
892 5045 1009 5101 aliis
1038 5045 1288 5101 fratribus
1317 5055 1574 5117 quantum
1616 5058 1837 5116 possum
1866 5061 2046 5103 curam
2068 5063 2215 5103 con-

636 5139 769 5204 lero,
795 5140 860 5192 ab
883 5139 1000 5193 aliis
1020 5155 1197 5209 spero.
1226 5138 1334 5195 Illis
1356 5140 1465 5196 dixi
1486 5140 1806 5210 exponendo
1828 5139 1968 5208 quod
1994 5140 2212 5208 faciant,

633 5229 748 5282 istis
778 5228 959 5298 aperio
987 5227 1289 5285 conﬁtendo
1343 5229 1482 5298 quod
1520 5238 1760 5300 parcant.
1791 5229 1898 5286 Illis
1924 5230 2214 5286 verborum

633 5319 1021 5375 medicamenta
1047 5337 1152 5376 non
1177 5322 1453 5391 subtraho,
1478 5322 1596 5377 istis
1624 5323 2005 5377 lacerationem
2026 5324 2216 5379 vulne-

564 5412 569 5415 ’
632 5427 752 5468 rum
800 5428 907 5467 non
954 5412 1246 5473 abscondo.
1288 5412 1457 5484 Igitur
1484 5426 1667 5485 quaeso
1708 5420 1771 5468 ut
1815 5413 2057 5484 quisquis
2110 5416 2214 5472 hoc
2254 5431 2259 5434 ‘

706 5554 728 5582 α
750 5544 910 5617 _l_.ege
940 5545 1200 5617 ducentos
1219 5547 1406 5615 viginti
1434 5546 1671 5615 quinque
1696 5564 1709 5598 :
1744 5562 1866 5600 nam
1885 5545 2111 5617 Gregor.
2142 5550 2213 5604 lV
2252 5518 2255 5539 ζ

631 5615 843 5691 ειη-827
868 5616 1053 5679 sedere
1070 5618 1255 5686 capit.
1281 5617 1386 5691 Ant
1405 5617 1711 5687 legendum,
1735 5627 1856 5672 ante
1875 5634 1965 5676 an.
1990 5615 2104 5691 fere
2124 5619 2213 5675 50.

632 5686 876 5759 ln_R_eg..
902 5696 1015 5759 post
1035 5685 1200 5741 annos
1227 5685 1433 5759 multos.

561 5810 573 5834 θ
702 5755 728 5794 δ
755 5755 1143 5834 Plur.ed.,_stgp
1162 5759 1347 5834 altoris
1363 5755 1446 5813 sui
1458 5757 1767 5834 nominibus.
1788 5755 1940 5834 Hunc
1971 5776 2210 5818 errorem

632 5837 979 5882 correxerunt
1014 5820 1344 5881 Bollandiani
1370 5846 1382 5881 :
1411 5837 1555 5883 certe
1594 5828 1747 5885 facile
1782 5844 1849 5884 ex
1879 5830 2005 5888 Mss.
2029 5834 2213 5888 redar-
2244 5894 2247 5895 ν

666 5896 916 5968 nendum.
944 5896 1207 5968 Cancrum
1234 5907 1427 5968 przeter
1444 5899 1585 5952 hanc
1600 5899 2026 5962 translationem,
2048 5903 2207 5959 aliam

684 5980 750 6038 ge
793 5966 1004 6023 Saculo
1032 5984 1082 6021 tv
1112 5966 1309 6021 Benéd.
1333 6009 1345 6033 ,
1370 5966 1561 6024 Christi
1604 5986 1768 6036 nono,
1817 5986 1922 6039 quo
1952 5986 2116 6028 sacrae
2144 5973 2200 6031 S.

2318 4778 2568 4834 scandala
2596 4788 2900 4846 generaret.
2929 4778 3060 4833 Nam
3084 4780 3224 4833 inter
3241 4779 3341 4833 alia
3368 4794 3484 4849 qua:
3505 4778 3643 4833 idem
3668 4778 3909 4834 Andreas

2322 4867 2553 4935 pessime
2582 4868 2837 4935 cogitavit
2864 4876 2915 4922 et
2948 4867 3095 4937 fecit,
3123 4884 3240 4924 eam
3279 4884 3493 4939 quoque
3520 4885 3680 4940 quam
3713 4856 3780 4925 ad
3812 4886 3909 4926 nos

2322 4959 2562 5024 misistis,
2593 4958 2718 5013 dum
2769 4959 2909 5029 apud
2960 4960 3132 5030 ipsum
3181 4977 3209 5014 a
3247 4962 3471 5032 praefato
3516 4961 3722 5018 lectore
3766 4969 3909 5016 esset

2320 5048 2599 5119 deposita,
2633 5049 2900 5105 infalsavit
2947 5053 3229 5123 epistolam
3255 5094 3268 5117 ,
3318 5062 3375 5107 ut
3420 5053 3742 5123 quicumque
3790 5068 3907 5109 eam

2322 5139 2542 5208 legeret,
2572 5158 2666 5197 vos
2690 5158 2790 5197 nec
2819 5143 3081 5198 catholica
3111 5159 3211 5199 nec
3242 5152 3387 5199 recta
3411 5159 3602 5216 sapere
3629 5144 3909 5199 evidenter

2323 5240 2591 5301 argueret.
2642 5231 2717 5288 Ex
2749 5249 2852 5303 qua
2879 5250 2940 5289 re
2969 5234 3195 5304 contigit
3233 5243 3291 5290 ut
3318 5236 3444 5290 dum
3484 5236 3763 5291 veritatem
3788 5245 3908 5291 stu-

2322 5324 2473 5380 diose
2501 5341 2885 5396 quaereremus,
2918 5326 3035 5397 ejus
3061 5342 3182 5397 quae
3211 5328 3414 5383 latebat
3443 5328 3692 5398 iniquitas
3720 5329 3907 5398 vulga-

2322 5425 2507 5472 retur:
2540 5427 2771 5474 ettanta
2822 5420 2874 5474 in
2903 5434 2971 5475 eo
3014 5428 3229 5490 reperta
3267 5429 3418 5485 sunt,
3449 5428 3649 5489 quanta
3693 5434 3795 5475 nec
3839 5418 3909 5476 de

2322 5554 2568 5609 Doctoris
2598 5556 2837 5624 reliquiae
2865 5558 3192 5612 monasterio
3221 5556 3281 5612 S.
3311 5557 3547 5623 Medardi
3575 5555 3789 5623 Suess.,
3816 5570 3904 5613 ca-

2324 5636 2418 5694 put
2444 5641 2573 5707 vero
2600 5626 2870 5707 benedict.
2902 5628 3152 5686 emnobio
3174 5627 3235 5682 S.
3262 5626 3408 5684 Petri
3433 5628 3539 5683 vivi
3577 5626 3907 5688 δειλωθηώ

2320 5696 2547 5751 cessisse
2580 5695 2905 5753 referuntur.

2395 5779 2415 5805 ε
2458 5766 2920 5843 Phylacteriorum
2946 5770 3167 5825 neruine
3198 5768 3435 5840 intellige
3464 5788 3680 5843 crucem
3712 5781 3902 5843 pecto-

2318 5837 2484 5912 ralem
2508 5836 2770 5912 Reliquiis
2790 5838 3061 5912 refertam,
3092 5856 3251 5912 quam
3276 5836 3475 5912 gestari
3504 5836 3907 5903 solitam'rcleﬂ

2316 5907 2540 5976 Gregor.
2574 5907 2667 5965 lib.
2690 5926 2786 5977 xu,
2808 5926 2896 5982 ep.
2929 5910 2991 5978 7;
3022 5907 3165 5968 nunc
3191 5907 3415 5977 libfxtv,
3444 5928 3529 5984 ep.
3560 5912 3646 5968 12.
3674 5913 3903 5972 Manna"
