4138 6452
589 414 692 471 231

1164 410 1233 467 S.
1276 407 1606 466 GREGORII
1647 408 1867 466 MAGNI
1904 364 2088 474 \ll’l'A,
2129 403 2336 464 AUCT.
2375 402 2639 461 JOANNE
2679 402 2994 460 DIACONO.
3036 402 3167 461 LIB.
3208 400 3299 458 IV.

3776 402 3907 457 232

587 548 779 614 postea
806 533 1049 604 contigit,
1079 531 1364 600 cardiaco;
1393 532 1544 589 vultu
1572 531 1748 599 mitis;
1781 530 2029 587 manibus
2056 528 2179 601 pul-
2203 527 2255 588 Δ
2286 525 2430 581 tertii
2478 540 2647 597 usque
2684 525 2751 580 ad
2794 527 2985 581 horam
3016 526 3235 581 tertiam
3264 537 3385 579 cum
3416 518 3620 591 ingenti
3670 518 3903 589 fragore

587 631 767 695 chris;
798 626 1056 683 teretibus
1083 623 1265 693 digitis
1293 634 1349 679 et
1373 623 1646 680 habilibus
1694 623 1761 679 ad
1806 620 2176 678 scribendum.

586 719 852 776 Praeterea
878 717 1093 790 planeta
1122 730 1285 787 super
1310 714 1652 771 dalmaticam
1678 722 1963 780 castanea,
1996 711 2177 767 Evan-

582 815 781 885 gelium
820 812 874 866 in
904 808 1137 875 sinistra,
1169 806 1362 863 modus
1409 806 1588 863 crucis
1635 806 1691 861 in
1734 805 1971 871 dextra;
2014 802 2178 875 pallio

522 916 525 923 ‘
582 903 838 961 mediocri
865 918 897 957 a
923 902 1114 958 dextro
1136 900 1386 957 videlicet
1403 899 1629 955 humero
1650 896 1751 953 sub
1770 904 1996 968 pectore
2018 911 2180 968 super

580 997 919 1055 stomachum
949 995 1248 1052 circulatim
1279 993 1545 1059 deducto,
1579 991 1775 1048 deinde
1819 1005 2033 1047 sursum
2082 1006 2179 1060 per

580 1088 857 1145 sinistrum
883 1088 1165 1143 humerum
1193 1095 1317 1157 post
1344 1093 1553 1155 tergum
1575 1083 1844 1155 deposito,
1867 1083 2022 1152 cujus
2050 1099 2177 1153 pars

580 1169 749 1233 altiara
770 1192 933 1248 super
958 1176 1204 1232 eumdem
1226 1176 1507 1230 humerum
1531 1173 1754 1230 veniens
1775 1173 1992 1243 propria
2017 1176 2177 1231 recti-

581 1270 789 1339 tudine,
814 1285 925 1325 non
952 1284 1052 1340 per
1078 1268 1310 1323 medium
1336 1266 1603 1337 corporis,
1625 1265 1720 1323 sed
1750 1279 1818 1321 ex
1846 1265 2012 1321 latere
2038 1281 2175 1336 pen-

580 1360 704 1427 det;
732 1360 875 1417 circa
902 1361 1160 1416 verticem
1189 1375 1319 1414 vero
1349 1358 1545 1414 tabulae
1572 1355 1997 1421 similitudinem,
2031 1357 2177 1427 quod

582 1453 810 1510 viventis
830 1453 1037 1521 insigne
1062 1460 1169 1518 est,
1197 1449 1504 1522 praeferens,
1529 1465 1637 1505 non
1660 1463 1941 1504 coronam.
1969 1446 2046 1503 Ex
2068 1464 2202 1519 qu0'

581 1543 1014 1601 manifestissime
1033 1543 1360 1609 declaratur,
1391 1542 1515 1613 quia
1544 1539 1835 1610 Gregorius
1863 1540 1989 1595 dum
2021 1540 2174 1597 advi-

580 1645 754 1700 veret,
785 1652 936 1693 suam
965 1634 1371 1691 similitudinem
1398 1632 1617 1704 depingi
1663 1632 1956 1689 salubriter
1982 1632 2174 1699 voluit,

580 1731 635 1790 in
658 1749 763 1805 qua
793 1739 977 1803 posset
1005 1746 1035 1786 a
1062 1731 1173 1785 suis
1194 1728 1496 1795 monachis,
1520 1742 1630 1783 non
1658 1742 1757 1797 pro
1787 1726 2033 1781 elationis
2054 1726 2174 1795 glo-

582 1826 684 1888 ria,
713 1825 811 1882 sed
830 1839 930 1896 pro
951 1822 1177 1891 cognitae
1198 1817 1548 1875 districtionis
1578 1816 1813 1884 cautela,
1843 1813 2177 1884 frequentius

581 1916 797 1986 intueri.
824 1913 926 1970 Ubi
958 1910 1264 1983 hujusmodi
1290 1909 1560 1965 distichon
1589 1908 1704 1979 ipse
1728 1906 1955 1963 dictavit
1980 1924 1995 1961 :

708 2026 899 2076 Christe
926 2030 1103 2086 potens
1126 2026 1363 2077 Domine,
1390 2026 1542 2068 nostri
1569 2026 1770 2081 largitor
1796 2026 1834 2068 tu

714 2088 953 2137 lndultum
976 2084 1181 2134 eflicium
1206 2084 1347 2133 solita
1384 2084 1569 2145 pietate
1596 2086 1834 2143 guberna.

653 2169 742 2225 85.
788 2168 886 2225 Ubi
907 2168 1070 2224 etiam
1095 2175 1338 2236 tempore
1365 2163 1506 2220 Petri
1529 2163 1919 2230 archidiaconi,
1954 2172 2010 2220 et
2029 2172 2056 2203 ει
2084 2162 2179 2219 Jo-

584 2265 739 2322 annis
767 2261 1053 2333 hegumeni
1074 2304 1091 2330 ,
1130 2259 1451 2316 Saturninus
1479 2258 1776 2313 monachus
1803 2256 1995 2312 dextra
2016 2256 2184 2348 laeva-

585 2372 693 2428 que
733 2355 878 2411 beati
914 2352 1161 2422 Gregorii
1190 2348 1395 2420 effigies
1420 2357 1731 2405 sanctorum
1773 2348 2141 2419 apostolorum
2164 2387 2180 2413 ,

587 2444 1041 2517 quemadmodum
1064 2442 1227 2498 modo
1250 2441 1521 2507 videntur,
1543 2438 1803 2510 depinxit.
1835 2437 1955 2505 Quo
1975 2438 2185 2495 scilicet

584 2537 709 2594 loco
754 2549 1139 2605 nonnunquam
1169 2530 1420 2607 diyinitus
1450 2530 1673 2585 candela
1700 2528 2045 2584 succenditur
2069 2570 2084 2593 ,
2127 2536 2185 2584 et

585 2630 643 2686 in
673 2626 911 2699 ejusdem
940 2623 1298 2680 similitudinis
1324 2619 1501 2688 effigie
1527 2635 1627 2690 pro
1656 2618 1920 2687 regimine
1948 2618 2031 2673 sui
2061 2632 2182 2674 mo-

587 2718 806 2774 nasterii
832 2733 974 2789 saepe
996 2717 1187 2772 beatus
1207 2713 1497 2785 Gregorius
1519 2718 1892 2782 prasentatnr.

656 2808 746 2863 86.
786 2806 920 2863 Nam
951 2814 1010 2862 ut
1038 2821 1208 2877 pauca
1258 2806 1325 2861 de
1371 2803 1553 2859 multis
1583 2802 1889 2871 contingam
1915 2843 1931 2869 ,
1983 2800 2183 2857 Leonis

586 2900 774 2968 Quarti
804 2898 1071 2971 pontificis
1097 2906 1362 2968 tempore,
1394 2911 1518 2951 cum
1548 2894 1822 2963 Megistus,
1862 2894 1888 2933 ι)
1921 2893 2184 2950 Ostiensis

582 2996 872 3066 episcopus
901 3000 956 3049 et
982 2992 1296 3064 apostolica:
1324 2989 1466 3045 sedis
1498 2986 1959 3053 bibliothecarius,
2006 2988 2182 3042 eidem

583 3085 917 3142 monasterio
964 3091 1249 3155 praeesset,
1299 3080 1537 3137 Joannes
1585 3080 1886 3151 presbyter,
1940 3079 2181 3149 ejusdem

584 3180 925 3253 prmpositus,
959 3194 1082 3233 cum
1106 3178 1337 3248 quadam
1368 3176 1563 3231 femina
1595 3176 1825 3246 turpiter
1846 3175 2034 3231 vivens
2052 3218 2067 3243 ,
2089 3192 2184 3231 ve-

586 3270 991 3328 hementissimo
1018 3268 1269 3339 podagra:
1290 3267 1477 3323 dolore
1503 3274 1785 3337 correptus
1810 3275 1913 3332 est,
1940 3267 2032 3336 qui
2061 3282 2178 3322 me-

587 3361 833 3416 dicorum
858 3374 1021 3414 manu
1047 3358 1373 3413 cauteriatus
1400 3371 1498 3427 per
1525 3356 1823 3411 exustiouis
1849 3356 2047 3412 vulnus
2070 3356 2179 3412 cal-

585 3467 703 3509 cem
732 3451 898 3522 cmpit
927 3447 1218 3505 effundere.
1249 3446 1421 3515 Quam
1449 3446 1772 3517 restringere
1798 3447 1957 3502 nullis
1976 3447 2180 3504 artibus

586 3540 904 3615 praevalens,
950 3538 1003 3593 in
1046 3546 1253 3593 tantam
1282 3538 1715 3609 desperationem
1745 3537 2035 3607 perductus
2063 3545 2176 3604 est,

588 3638 648 3686 ut
676 3633 744 3687 ab
773 3631 917 3685 omni
942 3629 1083 3687 illius
1110 3628 1322 3684 femina:
1345 3627 1656 3683 visitatione
1685 3626 1993 3695 desisteret,
2014 3635 2071 3683 et
2091 3627 2179 3683 illa

587 3725 690 3782 sibi
721 3725 948 3779 alterum
977 3723 1076 3779 sub
1105 3723 1295 3778 eodem
1325 3720 1566 3776 facinore
1592 3720 1892 3792 copularet.
1923 3718 2029 3775 Sed
2060 3727 2183 3790 post

589 3826 789 3873 almum
836 3815 1117 3888 presbyter
1144 3813 1210 3868 ad
1238 3813 1515 3884 pristinam
1564 3813 1853 3869 sanitatem
1882 3818 2177 3877 revertens,

587 3925 911 3981 quamquam
940 3907 1276 3979 propositum
1307 3906 1407 3962 sibi
1435 3904 1623 3963 fuisset
1649 3913 1707 3960 ut
1730 3905 1955 3962 ulterius
1978 3904 2181 3959 nullam

587 4004 946 4072 contingeret,
978 3999 1046 4054 ad
1078 3999 1321 4055 eamdem
1354 4006 1533 4053 tamen
1563 3998 1729 4053 misso
1758 3998 1969 4063 nuntio,
2000 3996 2180 4052 futuro

588 4095 674 4149 die
717 4093 997 4148 Dominico
1026 4106 1086 4147 se
1110 4090 1289 4146 redire
1315 4090 1589 4162 professus
1638 4097 1737 4146 est.
1788 4089 1907 4156 Quo
1937 4098 2178 4161 recepto,

589 4171 679 4241 ubi
708 4197 807 4241 suo
838 4182 1107 4239 desiderio
1149 4191 1336 4238 votum
1379 4197 1594 4253 quoque
1622 4181 1952 4237 mulierculae
1980 4198 2181 4238 conve-

589 4277 707 4333 nire
726 4276 941 4344 gavisus
961 4283 1065 4342 est,
1087 4275 1154 4330 ad
1174 4276 1368 4330 balnea
1395 4274 1680 4345 processit.
1704 4271 1858 4328 Unde
1880 4282 2179 4342 revertens,

590 4376 798 4424 tantum
821 4367 1018 4423 laetitiae
1042 4366 1354 4439 potionibus
1377 4372 1432 4419 et
1457 4363 1801 4419 cantionibus
1827 4379 1887 4418 se
1915 4363 2179 4431 dissolvit,

588 4470 647 4516 ut
674 4463 1001 4533 subrepente
1029 4474 1221 4516 somno
1252 4458 1513 4513 interesse
1540 4455 1821 4511 nocturnis
1847 4471 1970 4512 cum
2000 4456 2183 4511 fratri-

589 4555 690 4611 bus
720 4566 991 4624 uunquam
1020 4552 1287 4623 potuisset
1316 4547 1525 4605 officiis.
1560 4546 1761 4603 Eadem
1789 4556 1949 4603 nocte
1972 4548 2183 4603 cuidam

587 4647 903 4721 presbytero
950 4653 1007 4702 et
1052 4642 1317 4699 monacho
1355 4641 1545 4697 beatus
1573 4638 1865 4711 Gregorius
1895 4641 1949 4695 in
1977 4642 2181 4697 somnis

926 2030 1103 2086 potens
1126 2022 1363 2086 Domine,
1390 2020 1542 2086 nostri
1569 2019 1770 2081 largitor
1795 2019 2017 2081 honoris,

2283 632 2393 690 prae
2423 618 2671 674 incendio
2692 618 2926 687 linguam
2956 618 3023 673 ab
3050 632 3146 672 ore
3175 615 3467 688 projiciens
3495 613 3744 668 ultimum
3783 611 3902 665 ila-

2282 716 2397 764 tum
2426 708 2791 781 protraheret.
2823 709 2993 776 Quem
3026 704 3320 779 presbyteri
3352 714 3461 760 tam
3491 703 3697 759 duriter
3734 701 3904 757 labo-

2280 814 2403 855 rare
2421 800 2687 867 videntes,
2711 799 2979 869 deputatis
3009 798 3117 853 illic
3140 794 3440 861 monachis,
3464 792 3561 864 qui
3584 808 3706 847 cum
3737 789 3904 861 psal-

2279 893 2473 949 modiis
2501 896 2620 963 ejus
2649 895 2854 970 exitum
2884 890 3365 955 commendarent,
3399 888 3501 959 ipsi
3530 901 3633 957 pro
3663 899 3730 941 eo
3760 898 3900 939 om-

2281 983 2546 1053 nipotenti
2567 984 2678 1039 Deo
2700 983 3026 1038 studuerunt
3051 981 3321 1036 solemnes
3348 977 3554 1033 hostias
3574 974 3893 1030 immolare.

2279 1073 2384 1129 Sed
2417 1074 2667 1130 monachi
2696 1073 3047 1144 psalmodiam
3076 1072 3411 1134 deserentes,
3441 1083 3551 1123 non
3579 1067 3897 1121 timuerunt

2278 1164 2422 1221 inter
2448 1179 2507 1221 se
2535 1164 2789 1219 morienti
2821 1162 2972 1217 fratri
3001 1160 3321 1227 detrahere;
3352 1173 3477 1214 cum
3504 1171 3633 1212 ecce
3658 1154 3897 1226 presby-

2279 1255 2380 1310 teri
2409 1270 2438 1308 a
2470 1254 2754 1310 missarum
2781 1251 3059 1308 solemniis
3089 1251 3232 1305 circa
3264 1250 3452 1303 horam
3482 1245 3767 1315 septimam
3795 1259 3897 1299 re-

2277 1353 2543 1413 meantes,
2572 1343 2835 1401 Joannem
2864 1343 3259 1413 presbyterum,
3291 1354 3452 1409 quem
3495 1334 3895 1391 incredibiliter

2278 1450 2403 1492 cum
2433 1442 2608 1490 morte
2646 1434 2941 1488 luctantem
2973 1430 3342 1499 reliquerant,
3390 1425 3563 1482 levius
3591 1439 3651 1479 se
3679 1423 3895 1477 habere

2278 1529 2455 1584 mirati
2497 1536 2657 1592 sunt,
2705 1540 2938 1596 cumque
2967 1522 3281 1579 nominatim
3312 1522 3547 1577 clamare
3575 1525 3889 1587 coeperunt.

2281 1621 2406 1677 Mox
2438 1622 2526 1676 ille
2556 1621 2744 1675 oculos
2770 1659 2786 1687 ,
2837 1616 3193 1682 subridendo,
3233 1612 3553 1669 concutiens
3579 1626 3592 1665 :
3621 1628 3641 1661 α
3671 1608 3890 1668 Pareat,

2291 1714 2489 1784 inquit,
2521 1713 2675 1769 vobis
2704 1711 2983 1778 Dominus,
3013 1708 3209 1763 fratres
3237 1726 3249 1761 :
3281 1721 3451 1777 quare.
3478 1719 3567 1759 me
3592 1702 3892 1759 sollicitare

2276 1806 2562 1861 voluistis?
2611 1803 2716 1871 Qui
2765 1804 2834 1859 ab
2884 1803 3003 1872 ipso
3050 1799 3213 1869 hujus
3256 1798 3362 1853 diei
3409 1794 3675 1868 principio
3712 1807 3892 1862 usque

2206 1920 2255 1981 Β
2281 1916 2426 1955 nunc
2450 1913 2635 1955 coram
2665 1897 2881 1953 Christo
2909 1893 3213 1965 praesidenti
3241 1891 3425 1946 multis
3452 1889 3692 1945 millibus
3720 1901 3893 1956 ange—

2284 1995 2463 2050 lorum
2492 2007 2615 2048 cnm
2644 1990 2861 2045 diabolo
2890 1986 2957 2043 ad
2981 1986 3246 2057 judicium
3274 1984 3418 2050 steti,
3450 1990 3526 2048 et,
3575 1979 3890 2050 adjuvanti.

2283 2087 2385 2142 bus
2415 2101 2502 2141 me
2530 2083 2733 2141 sanctis
2762 2080 2974 2136 Andrea
3001 2089 3058 2135 et
3085 2076 3379 2147 Gregorio,
3408 2072 3617 2129 cunctis
3644 2071 3766 2142 ejus
3794 2070 3890 2125 ob-

2278 2176 2605 2247 jectionibus
2630 2174 2769 2228 bene
2795 2169 3072 2240 respondi.
3104 2166 3302 2222 Sciatis
3328 2173 3512 2219 autem
3542 2161 3671 2231 quia
3699 2173 3890 2214 mona-

2282 2267 2434 2323 sterii
2480 2264 2776 2321 sextarium
2800 2302 2817 2330 ,
2839 2260 3078 2315 modium
3101 2299 3117 2325 ,
3167 2257 3385 2324 libram,
3422 2249 3883 2309 consuetudinem

2285 2359 2753 2429 eleemosynarum
2782 2362 2839 2409 et
2866 2351 3153 2418 luminum,
3201 2360 3527 2415 omnemque
3571 2355 3889 2399 mensuram

2284 2452 2652 2508 curiosissime
2692 2447 2909 2504 Christo
2952 2446 3214 2517 quaerenti
3250 2457 3423 2513 usque
3468 2440 3538 2496 ad
3585 2436 3888 2494 scabellum

2283 2546 2483 2617 pedum
2529 2543 2646 2613 ejus
2685 2540 2918 2613 portavi.
2948 2536 3060 2595 Sed
3088 2538 3157 2593 de
3183 2552 3291 2593 una
3321 2535 3650 2605 objectione,
3683 2529 3885 2589 fateor,

2291 2650 2311 2677 ε
2345 2636 2626 2693 convictus
2652 2634 2823 2690 metui
2850 2633 2919 2688 de
2947 2647 3054 2702 qua
3084 2629 3334 2696 nimium,
3359 2627 3500 2683 sicut
3527 2622 3764 2691 vidistis,
3792 2622 3887 2675 la-

2283 2728 2528 2785 borando
2555 2735 2781 2782 vexatus
2808 2739 2951 2790 sum,
2986 2733 3044 2778 et
3067 2737 3153 2777 me
3178 2721 3353 2775 adhuc
3380 2719 3613 2774 liberare
3640 2731 3750 2770 non
3781 2732 3886 2785 po—

2287 2824 2385 2878 tui.
2417 2821 2664 2890 Cumque
2691 2820 2884 2875 fratres
2912 2818 2981 2874 de
3009 2832 3073 2873 ea
3101 2815 3465 2885 requirerent,
3494 2812 3608 2866 ait:
3632 2810 3750 2867 Non
3780 2826 3886 2866 au-

2284 2913 2388 2969 deo
2418 2914 2622 2977 dicere,
2652 2912 2782 2981 quia
2808 2908 3025 2980 quando
3056 2922 3151 2964 vos
3179 2922 3266 2961 me
3294 2903 3588 2968 clamastis,
3617 2912 3673 2958 et
3697 2918 3727 2957 a
3752 2918 3884 2958 san-

2284 3013 2374 3060 cto
2415 3003 2677 3074 Gregorio
2707 3002 2883 3057 redire
2925 3000 3105 3070 jussus
3151 3014 3292 3061 sum,
3344 3004 3405 3051 ut
3440 2996 3594 3051 vobis
3622 2994 3786 3050 etiam
3814 2995 3885 3051 de

2286 3096 2551 3153 mensuris
2579 3104 2635 3150 et
2660 3093 3137 3170 consuetudinibus
3165 3089 3481 3146 monasterii
3509 3103 3767 3159 ponerem
3795 3105 3883 3143 ra-

2286 3192 2510 3255 tionem,
2540 3190 2787 3245 diabolus
2815 3196 3039 3258 questus
3067 3196 3170 3252 est,
3204 3195 3418 3258 putans,
3445 3185 3590 3254 quod
3613 3200 3702 3239 me
3726 3184 3885 3239 Pater

2284 3280 2353 3334 ad
2382 3279 2750 3351 pmnitentiam
2775 3278 3088 3335 remisisset.
3136 3275 3479 3348 Quapropter
3505 3277 3723 3331 beatum
3749 3270 3883 3330 Gre-

2285 3372 2495 3441 gorium
2526 3373 2717 3426 vadem
2749 3370 2897 3437 dedi,
2928 3384 2997 3425 ne
3025 3377 3351 3425 commotam
3377 3368 3701 3423 calumniam
3730 3366 3883 3422 cuili-

2284 3462 2378 3517 bet
2399 3460 2719 3517 revelarem.
2746 3458 2857 3516 illis
2881 3459 3051 3529 magis
3074 3460 3499 3529 imminentibus,
3522 3467 3580 3514 et
3605 3474 3667 3515 se
3695 3474 3794 3529 pro
3815 3473 3882 3514 eo

2284 3553 2671 3623 deprecaturos
2718 3551 3004 3608 Dominum
3047 3552 3504 3623 promittentibus,
3555 3559 3616 3607 ut
3659 3566 3880 3607 causam

2285 3645 2543 3701 fratribus
2566 3645 2858 3712 revelaret,
2880 3644 3258 3701 defunctorum
3286 3645 3640 3717 quorumdam
3667 3647 3879 3731 domos,

2285 3749 2343 3794 et
2366 3738 2662 3793 viventium
2706 3739 2900 3793 merita
2929 3738 3257 3809 proferebat,
3288 3739 3477 3795 dicens
3500 3756 3515 3792 :
3537 3736 3642 3794 Iste
3667 3737 3877 3808 dignus,

2286 3832 2375 3889 ille
2404 3832 2653 3901 indignus
2682 3840 2782 3886 est.
2818 3831 3024 3887 Rursus
3054 3832 3434 3903 interrogatus,
3471 3833 3537 3887 ad
3567 3834 3879 3898 monachos,

2286 3927 2376 3997 qui
2419 3926 2627 3996 pridem
2657 3940 2841 3981 secum
2889 3933 3280 3993 remanserant,
3326 3940 3619 3981 conversus
3663 3934 3766 3991 est,
3797 3925 3879 3979 di-

2286 4033 2416 4074 cens
2442 4035 2458 4074 :
2485 4017 2678 4073 Omnia
2708 4018 2761 4072 in
2790 4018 2985 4088 quibus
3013 4019 3145 4073 mihi
3172 4017 3503 4089 detraxistis,
3536 4017 3750 4083 fratres,
3782 4033 3879 4073 au-

2285 4114 2412 4178 divi,
2455 4127 2780 4183 quamquam
2818 4114 3154 4184 respondere
3184 4114 3539 4185 nequiverim,
3569 4123 3625 4170 et
3652 4114 3879 4184 impedi-

2285 4218 2529 4266 mentum
2576 4210 2707 4265 mihi
2739 4226 2847 4265 non
2892 4211 3167 4267 modicum
3198 4210 3511 4280 generastis,
3542 4210 3669 4280 quia
3714 4218 3823 4264 tam
3849 4224 3878 4264 a

2260 4300 2438 4355 «vobis
2466 4316 2631 4371 quam
2661 4316 2691 4355 a
2719 4300 2937 4357 diabolo
2984 4300 3083 4356 sub
3130 4316 3241 4356 uno
3291 4308 3535 4372 tempore
3576 4309 3877 4366 accusatus,

2287 4392 2594 4449 nesciebam
2623 4391 2712 4446 cui
2740 4391 2987 4461 primitus
3013 4391 3295 4447 calumniae
3335 4390 3741 4461 responderem.
3775 4389 3877 4445 Sed

2285 4485 2330 4541 si
2376 4482 2594 4554 quando
2642 4485 2940 4553 quemlibet
2965 4484 3286 4552 migrautem
3317 4483 3573 4549 videritis,
3616 4482 3879 4552 compati-

2285 4578 2415 4631 mini
2445 4577 2578 4632 sorti
2607 4575 2904 4644 communi,
2935 4584 2990 4631 et
3015 4576 3184 4631 nolite
3210 4575 3278 4630 de
3306 4590 3374 4631 eo
3397 4575 3662 4645 judicare,
3692 4576 3785 4644 qui
3816 4574 3882 4632 ad

2287 4678 2397 4722 tam
2445 4665 2672 4721 districti
2719 4666 2919 4735 judicis
2948 4681 3071 4720 cum
3102 4665 3448 4720 crimin‘atore
3494 4680 3592 4718 suo
3618 4663 3879 4732 judicium

588 4719 876 4809 apparens,
908 4737 986 4792 ait
1011 4754 1025 4789 :
1050 4736 1220 4805 Surge
1241 4776 1258 4803 ,
1287 4742 1344 4789 et
1371 4733 1458 4789 die
1483 4734 1775 4804 praeposito
1819 4740 1879 4788 ut
1906 4733 2180 4803 poeniten-

2290 4758 2455 4813 vadit.
2479 4780 2499 4809 ›
2535 4758 2632 4813 His
2661 4758 2910 4827 expletis,
2940 4766 3164 4814 cunctos
3184 4756 3340 4827 jubet
3368 4757 3680 4823 abscedere,
3710 4758 3880 4812 solum

587 4830 719 4885 tiam
747 4842 911 4897 agens
932 4867 949 4892 ,
979 4828 1250 4899 peculium
1285 4841 1439 4882 suum
1462 4865 1477 4890 ,
1528 4824 1674 4895 quod
1723 4838 1848 4880 eum
1894 4838 2183 4895 aggregare

588 4937 697 4979 non
729 4921 916 4992 puduit
946 4934 1043 4990 pro
1070 4926 1292 4990 peccato
1322 4917 1670 4973 conscientiae
1697 4931 1828 4983 sum,
1868 4916 2141 4987 dispergat
2166 4934 2178 4969 :

595 5014 754 5084 178
789 5011 916 5081 quia
959 5009 1046 5064 die
1094 5010 1249 5064 tertia
1293 5009 1531 5065 funditus
1559 5007 1929 5078 exstinguetur
1974 5022 2005 5061 a
2051 5005 2181 5061 vita.

588 5103 743 5170 Quod
773 5103 1089 5173 praepositus
1118 5111 1179 5155 nt
1206 5101 1434 5171 audivit,
1463 5102 1817 5158 vehementer
1844 5101 2082 5172 expavit.
2117 5100 2185 5155 Et

587 5196 714 5266 quia
758 5194 1004 5265 Gregorii
1041 5194 1294 5251 mandato
1324 5197 1632 5253 incredulus
1659 5212 1780 5253 esse
1808 5213 1916 5252 non
1944 5205 2178 5268 poterat,

590 5287 961 5360 paenitentiam
989 5288 1173 5358 coepit,
1198 5296 1499 5359 cunctaque
1526 5305 1621 5346 sua
1646 5304 1810 5345 sanus
1831 5288 2178 5357 distribuens,

589 5390 739 5439 tanto
769 5379 935 5437 febris
963 5380 1154 5437 ardore
1182 5390 1463 5454 correptus
1492 5391 1594 5450 est,
1625 5388 1703 5449 ut,
1735 5397 1767 5436 a
1794 5381 2032 5438 diluculo
2074 5380 2181 5436 diei

590 5500 843 5556 tricolum
890 5514 987 5553 seu
1016 5500 1383 5568 stomachum,
1412 5499 1648 5555 maxime
1677 5514 1740 5555 os
1766 5499 2072 5556 ventriculi.
2104 5499 2183 5556 De

590 5571 695 5628 hoc
720 5571 912 5627 morbo
940 5569 1194 5627 Horatius
1224 5574 1316 5627 lib.
1350 5588 1415 5636 u,
1447 5572 1601 5628 satir.
1631 5570 1688 5625 5.

776 5662 885 5774 az):
900 5670 985 5787 ἐξ
1005 5664 1272 5724 cardiacus,
1294 5661 1548 5717 Craterum
1572 5662 1761 5713 dixisse
1796 5668 1992 5725 putato,

980 5739 1054 5775 er.

980 5739 1054 5775 δι’.

665 5818 690 5846 ιι
728 5806 803 5863 Ita
831 5806 958 5863 Mss.
990 5809 1058 5863 At
1081 5809 1207 5864 editi
1235 5807 1392 5865 Joau.
1424 5806 1726 5864 (Economi.
1777 5807 2028 5865 Fortasse
2057 5826 2178 5866 cum

594 5880 651 5937 S.
671 5878 893 5935 Andreae
905 5880 1286 5936 monasterium
1302 5879 1501 5936 Graecis
1515 5881 1794 5938 monachis
1808 5881 2076 5946 cessisset,
2087 5884 2178 5950 qui

612 5968 716 6009 unc
737 5951 837 6017 ipsi
853 5957 1082 6018 przeerat
1099 5951 1319 6006 nomine
1341 5951 1530 6006 Greco
1570 5952 1847 6007 dicebatur
1876 5953 2174 6022 ἡγούμενος,

2288 4851 2663 4922 presbyterum
2706 4848 2799 4917 qui
2827 4849 2928 4903 sibi
2958 4856 3186 4903 mortem
3218 4848 3672 4919 pneuuntiaverat
3697 4863 3880 4904 secum

2289 4953 2497 4997 tenens.
2520 4942 2620 5009 Qui
2641 4942 2787 4997 solus
2805 4957 3090 4997 remanere
3112 4957 3425 5011 pavescens,
3451 4941 3676 4996 alterum
3699 4957 3880 4998 secum

2287 5034 2530 5098 retinuit,
2562 5035 2809 5088 hortatus
2839 5040 2896 5087 ut
2924 5048 3141 5087 causam
3170 5048 3268 5100 pro
3296 5046 3402 5101 qua
3428 5030 3747 5088 conflixerat
3771 5032 3878 5087 sal-

2288 5137 2397 5183 tem
2429 5127 2529 5182 sibi
2560 5126 2796 5196 pandere
2841 5141 2951 5181 non
3003 5127 3235 5179 timeret.
3289 5122 3357 5176 At
3402 5124 3493 5178 ille
3538 5126 3692 5196 179
3722 5125 3879 5179 vehe-

2286 5228 2498 5277 menter
2528 5220 2823 5289 ingemuit,
2865 5227 2920 5274 et
2948 5232 3211 5274 converso
3246 5218 3321 5291 ad
3368 5220 3629 5289 parietem
3678 5222 3875 5292 capite,

2286 5314 2553 5372 clamabat
2575 5314 2844 5383 ,.dicens:
2881 5331 2901 5365 ι
2928 5312 2973 5366 Ο
3000 5310 3250 5378 Andrea,
3284 5311 3497 5367 Andrea
3522 5353 3539 5378 ,
3590 5313 3693 5369 hoc
3741 5330 3878 5370 anno

2284 5422 2497 5480 pereas,
2528 5406 2617 5478 qui
2653 5420 2741 5461 me
2775 5420 2943 5476 pravo
2972 5404 3199 5460 consilio
3227 5404 3294 5458 ad
3322 5404 3623 5470 periculum
3654 5420 3878 5477 compu-

2288 5524 2392 5579 hoc
2415 5532 2499 5578 est
2523 5537 2757 5593 praeses,
2805 5520 3089 5593 pnefectus
3142 5522 3476 5577 monasterii.
3533 5522 3672 5577 Infra
3720 5538 3771 5578 c.
3814 5520 3880 5577 88

2286 5595 2457 5665 liquet
2486 5595 2629 5649 hunc
2656 5596 3040 5665 hegumenum,
3062 5608 3156 5647 seu
3201 5605 3567 5651 mconomum.
3600 5604 3658 5649 ut
3684 5595 3880 5650 habent

2292 5662 2515 5730 Eicusi,
2542 5665 2875 5720 monasterio
2905 5662 3202 5734 praefuisse.

2364 5741 2386 5777 ι)
2428 5735 2592 5801 Utic.,
2620 5734 2917 5790 Hostiensis
2946 5736 3195 5805 episc0pi.

2360 5821 2381 5850 ο
2423 5808 2646 5871 Excusi,
2672 5803 3142 5879 radstipulat‘itibus
3182 5803 3400 5874 Germ.,
3429 5804 3584 5865 Colb.
3631 5816 3686 5865 et
3715 5806 3877 5878 Reg,

2284 5883 2539 5937 conuictus
2570 5878 2747 5932 erubui
2769 5878 2956 5934 deme.
