4138 6446
237 336 356 393 255

827 344 887 400 s.
929 342 1260 407 cneconu
1301 351 1523 436 uAcNt
1553 350 1742 429 VlTA,
1784 354 1991 419 AUCT.
2032 357 2646 426 JOANNE'DIACONO.
2686 368 2818 427 LIB.
2856 351 2945 427 iv.

3440 380 3545 437 254

233 447 377 504 Ῐίείί·
407 466 427 501 ’
479 446 523 503 Ε
544 449 769 522 vestigio
798 452 1085 514 Ζθοδδτῖθδ
1114 461 1374 533 ηιθάῖευε,
1406 469 1496 538 qui
1527 486 1667 528 anno
1696 490 1836 546 prte-
1865 480 1921 538 A
1944 478 2203 534 cebantur
2228 521 2244 548 ,
2278 491 2305 520 ει
2334 485 2548 552 penitus
2590 486 2865 542 interdixit
2892 504 2905 541 :
2928 503 3050 544 cum
3094 492 3335 555 ejusdem
3387 498 3547 571 130

233 538 408 571 enim
437 538 500 571 ml
532 555 659 571 ouunu
708 544 954 571 "man--.
981 547 1138 571 ομ.--
1158 568 1239 571 η.-
1268 570 1273 571 ,
1506 568 1514 571 Α
1565 569 1570 571 ,
1667 565 1681 571 -
1951 566 1976 571 -
2078 568 2090 571 _

232 538 408 593 terito
435 538 503 593 ad
532 555 680 607 suos,
708 544 957 602 videlicet
981 547 1333 624 Sarracenos,
1364 538 1721 629 apostatando
1745 582 1834 623 re-

232 626 432 687 versus
455 640 556 699 est,
589 634 775 703 adfuit,
803 639 1070 710 tactisque
1090 626 1441 717 temporibus,
1467 652 1647 723 jurare
1672 660 1838 730 etrapit

229 724 616 795 presbyterum
632 741 700 781 ex
713 729 903 785 eadem
924 732 1230 794 valetudine
1250 740 1469 797 minime
1488 724 1830 806 moriturum.

232 812 412 881 Quem
441 816 724 899 languidus
752 828 812 874 ut
835 822 1059 891 audivit,
1092 843 1215 884 cum
1260 831 1459 901 ingenti
1490 837 1832 897 animadver-

228 904 395 960 sione
434 890 652 976 repulit,
698 908 928 967 dicens:
957 930 979 965 ‹
1006 914 1242 985 Fratres,
1288 920 1397 989 jam
1429 939 1591 981 omne
1637 943 1834 1002 corpus

230 1009 420 1051 meum
448 1005 533 1052 est
559 1007 861 1068 mortuum,
908 1002 962 1058 in
1008 1008 1265 1063 extremis
1308 1008 1549 1069 faucibus
1585 1016 1832 1087 spiritum

228 1085 558 1154 permissum
612 1088 862 1155 retineo,
924 1095 1181 1152 continuo
1237 1101 1565 1172 moriturus;
1616 1085 1833 1165 tantum

229 1175 470 1243 psallite,
503 1182 565 1230 ut
606 1178 877 1234 revideam
921 1185 1142 1252 angelos
1186 1201 1323 1257 quos
1360 1191 1631 1262 videbam,
1665 1204 1721 1250 et
1748 1199 1830 1252 in-

229 1285 408 1328 nuens
434 1272 586 1327 vobis
611 1273 911 1331 ostendam.
935 1294 954 1327 ι
986 1276 1191 1342 Quibus
1221 1282 1521 1349 orantibus,
1548 1292 1698 1342 totus
1727 1303 1837 1345 cte-

228 1360 311 1431 pit
354 1367 612 1428 tremere,
658 1363 976 1432 pallescere,
1025 1381 1239 1422 sursum
1286 1367 1657 1429 desideranter
1683 1378 1831 1448 aspi-

227 1464 395 1506 cere:
424 1466 548 1507 cum
601 1454 781 1509 subito
829 1456 1047 1525 spiritus
1099 1459 1391 1517 adventare
1445 1466 1784 1536 conspiciens
1811 1513 1827 1540 ,

228 1541 490 1598 revolutis
518 1543 832 1600 terribiliter
857 1546 1059 1613 oculis,
1092 1552 1369 1607 monachis
1400 1553 1588 1621 innuit,
1632 1565 1686 1612 et
1732 1560 1829 1615 ab-

227 1630 455 1697 scessit;
486 1645 690 1702 eosque
734 1642 887 1690 tanto
940 1644 1150 1694 terrore
1197 1644 1476 1711 perculsos
1516 1645 1737 1716 dimisit,
1769 1658 1829 1704 ut

226 1722 414 1778 multis
438 1724 688 1781 noctibus
715 1726 816 1781 soli
838 1725 1027 1797 jacere
1055 1730 1354 1788 timuerint.

298 1810 387 1865 87.
430 1809 630 1869 Eodem
660 1814 747 1871 die
770 1812 913 1872 sicut
935 1827 1127 1888 postea
1162 1820 1558 1891 deprehensum
1590 1834 1690 1893 est,
1723 1841 1823 1882 eo-

226 1901 462 1972 demque
482 1914 781 1974 momento,
806 1909 1021 1978 quando
1042 1912 1324 1984 presbyter
1346 1917 1582 1972 moriens
1598 1917 1825 1975 Andreas

226 1998 526 2067 periculum
556 1999 733 2055 fuerat
775 2002 1125 2075 imprecatus,
1174 2007 1315 2063 idem
1362 2010 1624 2078 Andreas,
1672 2013 1825 2068 fundi

227 2088 535 2161 Barbiliani,
566 2095 730 2165 positi
759 2097 966 2153 scilicet
1004 2100 1091 2156 via
1136 2100 1385 2171 Ostiensi,
1418 2106 1736 2177 conductor,
1768 2111 1823 2165 in

226 2178 482 2237 lectulum
510 2184 734 2252 decicit;
782 2187 837 2242 in
866 2202 975 2257 quo
1005 2206 1101 2260 per
1129 2193 1358 2248 multum
1388 2200 1648 2267 temporis
1687 2215 1823 2256 con-

227 2270 379 2329 tinuo
426 2273 684 2343 languore
729 2288 1049 2349 correptus,
1099 2282 1175 2335 ita
1223 2290 1371 2338 totus
1412 2289 1712 2355 emarcuit,
1764 2299 1825 2344 ut

227 2376 390 2418 omne
434 2378 632 2435 corpus
680 2366 795 2437 ejus
842 2370 1207 2439 particulatim
1255 2372 1531 2429 videretur
1579 2377 1817 2433 dissolvi.

144 2518 149 2523 η
228 2450 471 2523 Cumque
497 2454 853 2515 deﬂuentibus
882 2460 1131 2517 carnibus
1160 2466 1404 2520 consumi
1432 2476 1654 2537 posset,
1684 2473 1823 2527 mori

226 2551 407 2599 autem
452 2560 562 2601 non
610 2557 824 2617 posset,
872 2566 1029 2617 uxor,
1078 2568 1195 2624 qua:
1241 2554 1489 2612 fcetorem
1536 2559 1818 2618 vulnerum

227 2634 731 2706 virique-cruciatus
755 2641 867 2712 jam
896 2647 1162 2704 sustinere
1197 2665 1305 2705 non
1332 2660 1570 2722 poterat,
1605 2655 1820 2712 intelle-

225 2725 305 2780 xit
333 2728 467 2783 tanti
495 2728 769 2799 languoris
798 2732 1141 2793 incommoda
1190 2741 1308 2796 sine
1356 2742 1550 2798 divinae
1601 2745 1822 2802 ultionis

226 2822 496 2876 sententia
538 2823 685 2879 hunc
727 2826 1032 2885 nullatenus
1072 2832 1378 2891 incurrisse.
1426 2838 1597 2904 Quem
1646 2839 1821 2900 ﬂendo

226 2911 434 2965 curavit
468 2911 758 2982 inquirere,
792 2928 852 2972 ut
894 2922 1152 2988 quoniam
1182 2941 1213 2979 a
1240 2929 1507 2985 moriente
1532 2934 1822 3003 praeposito

226 2999 424 3057 frustra
451 3005 632 3059 vocari
660 3020 770 3062 non
815 3017 1048 3078 poterat,
1079 3016 1207 3083 quid
1237 3032 1356 3073 cum
1386 3020 1505 3091 ipso
1532 2999 1821 3081 commise-

227 3101 316 3146 rat
346 3096 623 3152 monachis
650 3099 938 3168 revelaret,
988 3104 1035 3159 si
1083 3105 1223 3163 forte
1253 3109 1514 3169 Dominus
1542 3113 1660 3182 ejus
1689 3130 1822 3172 con-

230 3183 514 3242 fessionem
542 3190 829 3260 recipiens,
861 3209 984 3249 eum
1014 3211 1047 3251 a
1076 3201 1239 3256 tantis
1266 3204 1594 3263 cruciatibus
1623 3208 1819 3265 libera-

230 3284 331 3332 ret.
363 3277 547 3336 Atille
568 3323 583 3350 ,
625 3296 959 3351 cognoscens
991 3291 1192 3347 malum
1232 3296 1376 3363 quod
1419 3297 1623 3355 fecerat
1650 3301 1821 3361 latere

228 3382 337 3423 non
369 3384 550 3439 posse,
590 3376 905 3431 monasterii
950 3383 1247 3438 monachos
1273 3389 1560 3443 convocari
1589 3393 1819 3463 rogavit,

231 3459 413 3527 eisque
442 3463 720 3519 confessus
750 3474 832 3522 est
861 3483 979 3524 cum
1022 3472 1212 3529 eodem
1242 3480 1533 3548 praeposito
1564 3459 1821 3551 quasdam

229 3557 540 3611 monasterii
568 3558 838 3617 chartulas
864 3564 1130 3634 rapuisse,
1162 3582 1226 3624 ac
1252 3573 1484 3641 receptis
1510 3576 1698 3643 pretiis
1727 3592 1822 3632 ex-

230 3646 428 3699 traneis
458 3648 741 3706 tradidisse
764 3692 780 3717 ,
819 3666 988 3721 seque
1026 3665 1233 3712 certum
1276 3662 1508 3719 existere
1548 3666 1675 3733 quia
1721 3683 1821 3737 pro

227 3735 333 3790 hoc
378 3735 581 3808 ﬂagitio
625 3742 766 3796 mori
813 3759 922 3799 non
964 3756 1148 3814 posset
1176 3763 1459 3821 quousque
1503 3754 1609 3811 hoc
1636 3735 1821 3813 coram

227 3826 477 3882 omnibus
517 3830 803 3885 revelaret.
844 3832 1001 3897 Quod
1041 3837 1293 3894 videlicet
1336 3858 1522 3898 verum
1551 3844 1713 3904 fuisse
1742 3851 1823 3905 rei

227 3917 402 3971 exitus
432 3916 710 3972 evidenter
740 3920 999 3978 ostendit.
1030 3924 1163 3980 Nam
1197 3944 1321 3984 mox
1352 3940 1410 3985 ut
1437 3941 1645 3989 tantum
1683 3938 1819 3993 faci-

144 4018 147 4019 '
227 4022 327 4062 nus
357 4008 566 4062 cunctis
595 4009 847 4080 innotuit,
890 4012 934 4068 is
973 4016 1063 4085 qui
1101 4018 1298 4073 dudum
1332 4025 1468 4077 mori
1494 4025 1683 4084 volens
1713 4044 1821 4085 non

226 4104 464 4167 poterat,
497 4097 640 4154 inter
666 4102 832 4157 verba
860 4119 970 4160 sum
999 4108 1354 4168 confessionis
1383 4112 1603 4171 efflavit.
1649 4118 1821 4185 Quem

226 4188 429 4245 idcirco
476 4188 619 4247 Deus
670 4195 1014 4266 omnipotens
1063 4199 1153 4255 diu
1203 4206 1431 4261 cruciari
1460 4208 1649 4276 voluit,
1682 4214 1819 4268 mori

227 4287 430 4347 autem,
454 4279 627 4335 donec
651 4292 861 4339 reatum
895 4303 1050 4343 suum
1080 4293 1430 4350 confiteretur
1460 4341 1472 4362 ,
1522 4315 1630 4354 non
1660 4316 1821 4370 posse

226 4371 493 4441 permisit,
519 4382 580 4428 ut
607 4377 855 4447 exemplo
893 4380 973 4433 sui
1019 4384 1287 4439 cruciatus
1329 4389 1660 4458 ostenderet,
1693 4394 1821 4463 quid

227 4472 637 4534 consumptores
679 4482 861 4524 rerum
901 4469 1145 4541 Gregorii
1182 4474 1250 4530 de
1290 4480 1591 4551 semetipsis
1635 4484 1821 4553 utique

228 4567 447 4624 sperare
488 4556 820 4617 debuissent.

299 4644 390 4700 88.
431 4647 599 4717 Ipsius
620 4664 836 4722 quoque
855 4656 1126 4725 pontificis
1151 4665 1414 4732 tempore,
1444 4668 1685 4735 ejusdem
1716 4671 1820 4727 Pa-

226 4736 324 4791 tris
353 4741 683 4796 monasterio
713 4742 1038 4803 Athanasius
1072 4750 1301 4819 praefuit,
1335 4755 1415 4808 vir
1443 4758 1660 4825 quidem
1686 4760 1821 4816 cha-

224 4828 387 4883 ritate
433 4833 756 4903 conspicuus
786 4843 841 4889 et
869 4838 952 4891 sui
984 4844 1295 4898 monasterii
1325 4849 1666 4906 cautissimus
1694 4866 1819 4909 εχει

224 4933 400 4978 cutor.
427 4922 529 4991 Qui
558 4941 678 4981 cum
708 4929 978 4986 saevientis
1007 4932 1199 5004 inopiae
1229 4945 1443 5009 tempus
1483 4954 1818 5015 agnosceret,

224 5033 295 5071 ne
321 5019 598 5076 monachis
624 5024 917 5081 necessitas
944 5025 1186 5084 fortassis
1213 5031 1565 5107 incumberet,
1591 5043 1823 5110 quadra-

224 5111 369 5181 ginta
399 5127 718 5185 pauperum,
748 5132 883 5186 qnos
911 5119 1104 5177 beatus
1133 5122 1425 5193 Gregorius
1468 5134 1613 5200 pasci
1651 5137 1820 5193 semel

225 5202 279 5255 in
310 5217 452 5258 anno
482 5204 817 5276 decreverat,
846 5210 1196 5270 refectionem
1222 5217 1497 5276 subduxit.
1528 5223 1681 5290 Quod
1721 5229 1823 5282 im-

225 5310 368 5365 pune
396 5311 454 5352 se
481 5295 673 5355 fecisse
705 5304 1061 5374 perpendens,
1099 5308 1261 5364 etiam
1291 5312 1572 5370 duodecim
1614 5334 1819 5389 paupe-

223 5399 342 5438 rum
372 5389 655 5454 prandium
685 5393 1021 5466 totidemque
1046 5397 1297 5456 denarios
1341 5405 1431 5473 qui
1460 5406 1565 5463 die
1606 5408 1821 5480 deposi-

224 5476 389 5532 tionis
423 5479 569 5535 beati
600 5480 843 5553 Gregorii
872 5504 970 5558 pro
1000 5495 1514 5552 commemoratione
1540 5476 1822 5557 duodecim

224 5570 292 5624 ab
322 5585 389 5626 eo
418 5575 691 5642 quondam
718 5578 1084 5649 invitatorum,
1110 5600 1338 5655 quorum
1368 5591 1557 5647 tertius
1583 5594 1822 5653 decimus

223 5662 475 5731 angelum
506 5680 566 5723 se
592 5682 710 5724 esse
735 5671 1009 5740 professus
1030 5684 1129 5743 est,
1158 5682 1672 5741 consuetudinaliter
1697 5703 1823 5757 pas-

299 5860 327 5890 ι
366 5852 423 5909 In
450 5854 696 5923 vulgatis,
730 5860 931 5927 penitus
959 5860 1239 5934 intercipit.

515 5948 785 6011 Parnm"
834 5952 1090 6015 LXXV.

1942 566 2376 639 Quadragesima:
2405 580 2651 645 tempore
2676 577 2863 633 beatus
2895 576 3186 650 Gregorius
3216 566 3545 658 eidemiprev-

1938 660 2152 730 sbytero
2202 664 2287 717 cui
2336 679 2500 734 supra
2549 676 2604 723 et
2651 670 2919 726 monacho
2948 673 3003 728 in
3030 677 3235 733 somnis
3264 670 3544 771 apparuit,

1943 750 2118 771 ,.___-
2185 754 2325 771 .._.,
2423 765 2434 771 μ
2500 757 2536 771 ..
2600 758 2612 771 .
2972 762 3002 771 Α
3053 766 3065 771 -
3148 768 3180 771 Α,
3246 770 3253 771 ,

1936 750 2157 807 dicens:
2185 754 2335 810 Vade
2386 765 2441 811 et
2484 757 2571 813 dic
2600 758 2900 828 hegumeno
2927 780 2941 819 :
2965 762 3101 831 Quia
3130 768 3379 824 diminuit
3405 750 3538 827 con:

1943 835 2305 912 suetudinem,
2353 862 2513 917 quam
2560 863 2660 921 ego
2705 854 2979 918 constitui,
3028 856 3289 914 Dominus
3328 877 3545 933 quoque

1938 933 2056 1002 ejus
2088 934 2203 992 dies
2231 936 2511 1008 diminuet,
2544 938 2701 1007 Quod
2727 941 3058 1011 hegumenus
3083 955 3143 1001 ut
3170 948 3395 1014 audivit,
3430 953 3543 1021 pri-

1932 1041 2023 1081 mo
2050 1028 2269 1097 quidem
2299 1033 2644 1099 contremuit,
2679 1042 2803 1103 post
2826 1051 2957 1091 vero
2986 1046 3140 1095 tanto
3166 1043 3343 1098 minus
3369 1046 3544 1101 credi-

1930 1117 2027 1183 dit,
2060 1130 2264 1189 quanto
2288 1122 2453 1177 vitam
2482 1139 2634 1179 suam
2663 1125 2873 1196 longius
2902 1132 3271 1198 cognoscebat
3300 1136 3539 1191 extendi.

1932 1208 2001 1263 Et
2027 1226 2155 1267 ecce
2183 1214 2282 1269 sub
2313 1215 2444 1285 ipsis
2470 1216 2607 1273 albis
2634 1217 2981 1276 Paschalibus
3007 1221 3064 1276 in
3094 1226 3333 1281 oratorio
3359 1235 3543 1293 sancti

1932 1300 2179 1360 Severini
2225 1322 2347 1362 cum
2393 1308 2648 1366 fratribus
2687 1313 3010 1382 vespertinis
3037 1315 3296 1372 assistens
3323 1318 3538 1387 oﬂiciis,

1932 1394 2121 1451 ardere
2148 1398 2412 1466 parietem
2439 1401 2590 1467 vidit,
2619 1417 2781 1472 quem
2806 1403 3059 1461 fratribus
3073 1409 3419 1476 exstinguere
3434 1411 3537 1465 im-

1932 1488 2157 1558 peravit.
2210 1487 2416 1580 Quibus
2470 1492 2615 1549 hunc
2660 1494 2995 1552 vinolentum
3026 1498 3391 1569 credentibus,
3422 1502 3540 1571 ipse

1932 1580 2154 1635 tandem
2202 1580 2433 1638 ferulam
2459 1600 2621 1654 quam
2652 1589 2873 1645 tenebat
2900 1590 3210 1661 projiciens,
3240 1609 3539 1666 manusque

1930 1685 2028 1741 per
2052 1673 2313 1743 parietem
2343 1676 2753 1737 circumducen‘s
2782 1683 3085 1739 conabatur
3110 1683 3243 1741 foris
3286 1684 3535 1744 ﬂammas

1932 1765 2273 1835 exstinguere
2296 1810 2313 1836 ,
2351 1783 2485 1838 quas
2527 1773 2814 1828 constabat
2840 1773 3029 1829 intima
3069 1775 3186 1845 ejus
3216 1775 3530 1848 depascere.

1856 1850 1904 1911 B
1930 1857 2172 1932 Denique
2218 1863 2284 1918 ad
2329 1865 2622 1936 hospitium
2651 1867 2888 1934 rediens,
2941 1874 3105 1925 tantae
3134 1869 3298 1926 febris
3337 1872 3533 1929 ardore

1928 1965 2223 2009 succensus
2251 1964 2352 2019 est,
2376 1964 2437 2011 ut
2460 1959 2745 2027 pervenire
2773 1960 2841 2014 ad
2870 1960 3014 2016 diem
3037 1963 3325 2033 septimum
3356 1965 3531 2020 nulla-

1928 2048 2086 2097 tenus
2128 2044 2413 2113 potuisset.
2446 2045 2583 2112 Quia
2626 2063 2756 2118 ergo
2794 2050 2920 2105 dum
2960 2052 3295 2108 consuluisse
3324 2055 3532 2124 putavit

1928 2146 1989 2187 se
2016 2134 2336 2205 monachis,
2388 2138 2714 2207 pauperibus
2761 2141 3017 2196 nocuisse
3061 2158 3168 2196 non
3216 2143 3433 2212 timuit"
3467 2159 3530 2199 ac

1926 2236 2024 2292 per
2066 2225 2169 2279 hoc
2196 2238 2304 2293 quo
2347 2240 2405 2281 se
2446 2227 2669 2297 placare
2715 2245 2877 2299 posse
2919 2229 3238 2315 Gregorium
3282 2231 3528 2303 credidit,

1926 2328 2147 2384 prorsus
2168 2315 2393 2370 offendit
2418 2334 2432 2373 2
2454 2316 2652 2375 frustra
2679 2319 2921 2376 ﬂammas
2942 2322 3165 2390 parietis
3188 2324 3529 2392 exstinguere

1925 2407 2113 2475 voluit,
2145 2409 2270 2479 quia
2299 2411 2608 2468 tenacitatis
2636 2428 2746 2468 sua:
2775 2411 3023 2470 ﬂammas
3053 2415 3401 2486 exstinguere
3438 2433 3528 2474 re-

1924 2500 2151 2554 cusavit.
3536 2592 3537 2595 η

1997 2589 2085 2642 89.
2129 2588 2329 2647 Eodem
2356 2594 2707 2651 nihilominus
2730 2604 2976 2667 tempore
3001 2606 3123 2669 post
3142 2599 3384 2655 absidem
3412 2602 3527 2684 ora-

1925 2680 2051 2735 torii
2098 2690 2296 2738 sanctae
2340 2684 2521 2741 Marite
2546 2702 2761 2757 semper
2789 2688 3021 2758 Virginis
3052 2693 3295 2747 oratorio
3324 2680 3527 2749 sanctae

1924 2769 2210 2839 Barbarae,
2262 2775 2355 2829 ubi
2400 2774 2694 2845 Gregorius
2743 2777 2929 2834 laudes
2976 2778 3206 2835 Domino
3246 2782 3525 2836 celebrare

1924 2859 2172 2927 solebat,
2206 2862 2521 2931 conjuncti,
2554 2864 2765 2920 dmnton
2796 2869 3064 2937 apparuit,
3108 2870 3317 2940 sibique
3344 2871 3402 2925 in
3431 2887 3527 2926 an~

1924 2959 2031 3018 tre,
2061 2953 2206 3022 quod
2236 2954 2347 3009 illic
2376 2955 2633 3023 cernitur,
2667 2958 2963 3029 hospitium
2992 2960 3217 3027 faciens,
3250 2966 3529 3021 nocturnis

1925 3043 2075 3099 horis
2105 3053 2256 3101 tanto
2279 3047 2580 3117 crepitabat
2610 3049 2842 3119 fragore,
2871 3060 2929 3107 ut
2958 3054 3138 3109 omnia
3166 3056 3522 3112 fundamenta

1922 3138 2235 3192 monasterii
2258 3146 2539 3208 putaretur
2559 3142 2884 3199 convellere.
2919 3144 3317 3215 Nonnunquam
3350 3152 3523 3219 eques

1844 3224 1892 3288 C
1923 3227 1992 3283 de
2006 3228 2236 3284 stabulis
2263 3230 2512 3286 auferens
2533 3232 2853 3289 audiebatur
2872 3244 2986 3291 tota
3008 3246 3167 3294 nocte
3197 3238 3521 3307 discurrere,

1925 3331 2156 3385 quorum
2206 3318 2343 3373 duos
2389 3322 2687 3391 praecipitio
2740 3323 3063 3381 demersisse
3110 3329 3370 3397 probatus
3419 3340 3523 3386 est.

1925 3406 2168 3479 Cumque
2213 3426 2416 3480 pavore
2447 3413 2582 3467 tanti
2610 3414 2818 3471 sonitus
2844 3419 3142 3473 monachos
3180 3436 3211 3474 a
3256 3422 3525 3489 triclinio,

1924 3496 1980 3551 in
2009 3512 2116 3567 quo
2157 3498 2221 3553 ad
2268 3516 2456 3555 auram
2484 3512 2709 3574 propter
2750 3505 3019 3564 fervorem
3049 3513 3314 3567 caumatis
3337 3514 3525 3582 jacere

1924 3589 2191 3655 solebant,
2223 3594 2437 3663 penitus
2466 3598 2768 3664 avertisset,
2803 3617 2940 3657 unus
2970 3619 3159 3658 eorum
3191 3607 3426 3663 confisus
3470 3611 3523 3664 in

1925 3682 2121 3735 virtute
2168 3682 2264 3737 Dei
2312 3686 2698 3755 omnipotentis
2727 3698 2852 3745 ante
2881 3692 3123 3749 foramen
3171 3697 3522 3767 decumbens,

1925 3775 2171 3829 oratione
2200 3775 2361 3839 facta,
2392 3781 2558 3848 cmpit
2582 3782 2840 3839 dormire.
2872 3787 2970 3841 Cui
3000 3788 3209 3845 daemon
3253 3793 3307 3847 in
3340 3794 3525 3849 simili-

1923 3868 2107 3922 tudine
2134 3869 2263 3923 catti
2294 3875 2582 3941 apparuit,
2616 3890 2845 3945 eumque
2892 3881 3157 3947 unguibus
3186 3893 3270 3939 est
3300 3900 3523 3954 aggres-

1923 3971 2015 4010 sus
2076 3957 2401 4028 discerpere.
2451 3964 2568 4029 Quo
2614 3968 2911 4023 monachus
2966 3973 3215 4029 oratione
3262 3977 3523 4047 repulso,

1926 4045 2217 4102 identidem
2262 4052 2443 4121 sopori
2472 4068 2530 4109 se
2562 4055 2800 4125 tradidit,
2847 4075 2966 4115 cum
3000 4062 3178 4120 subito
3209 4045 3421 4123 dtemon
3468 4070 3525 4127 in

1924 4137 2273 4196 similitudine
2299 4142 2575 4210 cujusdam
2606 4144 2879 4218 Etltiopis
2917 4151 3105 4207 lancea
3136 4156 3392 4214 minando
3424 4175 3523 4231 ap-

1922 4228 2123 4298 paruit,
2156 4229 2339 4288 dicens
2367 4250 2380 4286 :
2404 4232 2516 4303 Ego
2547 4236 2761 4305 quidem
2792 4240 2916 4297 hinc
2936 4242 3096 4311 vado,
3127 4247 3221 4300 sed
3255 4257 3305 4303 te
3332 4228 3524 4309 vulne-

1924 4327 2099 4374 ratum
2128 4320 2357 4378 dimitto.
2391 4324 2509 4392 Quo
2537 4326 2698 4395 dicto,
2730 4330 2974 4389 lanceam
3004 4333 3031 4373 ι)
3056 4336 3302 4406 vibravit,
3335 4358 3523 4398 mona-

1926 4412 2193 4483 chumquc
2222 4415 2361 4470 sicut
2391 4417 2704 4487 videbatur,
2750 4423 2804 4477 in
2849 4426 3053 4482 somnis
3092 4431 3377 4497 percussit.
3422 4435 3523 4500 Qui

1924 4505 2090 4559 tantis
2118 4507 2445 4565 clamoribus
2497 4512 2720 4591 ejulavit
2744 4557 2759 4581 ,
2808 4525 3063 4589 tanquam
3093 4522 3137 4576 si
3166 4537 3356 4579 revera
3396 4540 3522 4594 per-

1845 4602 1898 4664 D
1924 4610 2112 4653 cnssus
2141 4601 2442 4669 exstiterit;
2491 4609 3007 4679 accurrentibusque
3035 4615 3315 4670 monachis
3339 4660 3354 4681 ,
3398 4616 3521 4672 licet

1925 4687 2169 4758 pavidus,
2203 4692 2347 4760 quod
2379 4694 2585 4750 viderat
2616 4698 2891 4760 indicavit,
2922 4708 2977 4755 et
3001 4701 3255 4773 deinceps
3283 4706 3355 4761 ibi
3385 4709 3523 4765 ulte-

1925 4777 2037 4833 rius
2067 4779 2391 4837 daemonium
2422 4802 2528 4841 non
2559 4789 2806 4843 accessit.

1998 4869 2085 4925 90.
2130 4871 2409 4942 Benedicti
2436 4892 2652 4947 quoque
2680 4880 2952 4948 pontificis
2992 4891 3273 4955 tempore,
3317 4888 3520 4949 Lttcido

1927 4963 2171 5022 Ficulino
2219 4970 2475 5039 episcopo
2520 4972 2696 5027 eidem
2745 4980 3076 5036 monasterio
3122 4987 3520 5055 praeminente,

1929 5070 2049 5109 cum
2097 5059 2404 5126 pestilentia
2434 5061 2669 5119 faucium
2698 5067 2986 5127 multitudo
3015 5077 3255 5143 quotidie
3284 5082 3519 5137 maxima

1928 5145 2219 5216 deperiret,
2253 5151 2392 5205 idem
2422 5156 2739 5224 monachus,
2772 5162 3050 5230 praeclusis
3077 5167 3343 5239 faucibus,
3373 5174 3521 5230 venit

1931 5238 1997 5291 ad
2027 5248 2276 5307 mortem,
2309 5244 2394 5297 cui
2423 5245 2726 5317 desperanti
2757 5252 2947 5310 beatus
2972 5255 3262 5327 Gregorius
3290 5238 3343 5318 in
3368 5279 3516 5319 som-

1929 5328 2014 5385 nis
2044 5332 2313 5400 apparuit,
2344 5334 2531 5393 dicens
2556 5357 2568 5391 :
2598 5339 2690 5396 Vis
2720 5358 2882 5400 sanus
2910 5344 3059 5403 fieri?
3087 5350 3155 5404 At
3187 5352 3276 5409 ille
3305 5368 3519 5422 respom

1929 5419 2007 5475 dit
2034 5436 2092 5475 se
2119 5423 2276 5478 velle.
2308 5424 2375 5482 Et
2403 5430 2593 5487 beatus
2622 5432 2913 5505 Gregorius
2939 5458 2953 5492 :
2984 5459 3003 5493 ‹
3032 5442 3087 5496 Si
3126 5444 3275 5511 mihi,
3323 5419 3517 5514 inquit,

1926 5513 2240 5582 promiseris
2262 5533 2325 5573 ea
2354 5536 2475 5589 quae
2502 5525 2598 5580 tibi
2628 5526 2815 5585 dixero
2844 5531 2959 5587 fore
2987 5534 3276 5603 dicturum,
3303 5513 3520 5596 scitote

1925 5619 2045 5660 esse
2076 5611 2405 5680 sanandum;
2436 5617 2519 5671 sin
2548 5633 2698 5689 vero,
2730 5623 2886 5685 citius
2911 5628 3249 5683 moriturum.
3276 5629 3517 5700 Cumque

1923 5698 2015 5754 ille
2033 5715 2093 5756 se
2113 5700 2382 5760 dicturum
2408 5717 2522 5766 tota
2549 5714 2870 5772 certitudine
2892 5721 3251 5788 promitteret,
3277 5698 3516 5793 audivit:

1993 5884 2019 5924 δ
2060 5886 2257 5959 Bigot.,
2284 5882 2509 5950 libravit.

2540 6002 2545 6005 ,
2997 5997 3037 6057 8
3092 5994 3127 6003 -
