4138 6444
589 317 699 376 ω

1188 314 1246 372 S.
1286 308 1615 371 GREGORII
1651 309 1867 368 MAGNI
1902 307 2091 380 νιτΑ.
2134 307 2340 366 AUCT.
2378 304 2639 364 JOANNE
2677 301 2993 361 DIACONO.
3034 300 3162 359 UB.
3201 300 3294 357 Ν.

588 436 693 504 ito,
724 433 1045 491 denuntians
1084 430 1256 495 Salue,
1300 427 1519 498 Joanni,
1560 423 1871 489 Benedicto,
1913 423 2170 490 Martino,
2197 420 2387 486 ADeo
2427 416 2600 486 fuisse:
2643 415 2919 487 placabilis
2975 412 3186 470 cunctis
3234 411 3543 469 videntibus
3595 422 3899 472 monstra-

591 522 856 583 Palumbo
876 532 933 579 et
952 520 1185 578 Antonio
1206 518 1506 584 monachis,
1530 516 1819 572 Laurentio
1841 530 1995 582 coco,
2019 512 2182 569 Gem-

591 636 747 677 moso
776 614 1133 689 carpentario,
1154 613 1393 684 Accepto
1419 610 1632 683 pistori,
1648 610 1893 676 Andreae,
1911 607 2182 677 Romano,

590 716 647 769 ct
668 711 836 768 Leoni
855 710 1024 775 laicis,
1048 708 1308 779 quoniam
1328 722 1359 761 a
1378 706 1613 761 crastino
1649 703 1965 772 incipientes
1995 712 2183 756 omnes

591 816 620 845 ι
643 806 829 863 dietim
856 818 918 860 se
943 800 1227 858 moriendo
1256 800 1670 868 subsequentur.
1708 796 1861 866 181
1891 792 2022 848 Post
2048 806 2184 863 quo-

588 914 708 956 rum
738 897 1022 953 decessum
1052 893 1309 950 denuntia
1332 931 1349 959 ,
1401 889 1662 945 Lucidum
1692 890 2001 959 episcopum
2027 925 2044 953 ,
2089 885 2183 954 qui

589 999 742 1047 tenet
774 990 827 1045 id
854 989 1261 1054 monasterium,
1290 986 1377 1040 die
1406 983 1635 1054 septimo
1662 982 2001 1037 moriturum.
2033 999 2051 1031 ι
2088 978 2184 1037 His

588 1082 766 1148 dictis,
794 1081 1121 1136 monachum
1152 1077 1386 1133 oscitare
1414 1073 1729 1145 praecipiens
1752 1113 1768 1140 ,
1806 1072 1943 1127 duos
1986 1070 2182 1139 digitos

588 1175 646 1230 in
668 1174 876 1230 faucem
902 1172 1151 1242 conjecit,
1177 1171 1478 1238 vulnusque
1499 1168 1857 1235 disrumpens,
1884 1174 1941 1219 ut
1961 1179 2184 1219 excrea-

588 1276 676 1339 ret
700 1266 950 1336 injunxit.
980 1265 1077 1320 Ille
1106 1263 1360 1326 tussiens,
1394 1267 1600 1330 partem
1623 1256 1888 1327 coagulati
1910 1255 2183 1324 sanguinis

588 1358 645 1414 in
676 1359 894 1415 modum
935 1355 1129 1427 lapidis
1171 1368 1232 1408 re
1260 1366 1388 1407 vera
1418 1350 1679 1422 projecit;
1708 1356 1764 1404 et
1793 1350 1859 1403 ab
1888 1348 2018 1418 ipsis
2045 1361 2185 1418 pene

587 1451 778 1505 mortis
819 1449 999 1519 januis
1046 1447 1325 1511 liberatus,
1358 1444 1549 1499 eadem
1602 1449 1761 1496 nocte
1792 1448 1981 1497 contra
2030 1455 2182 1510 spem

587 1544 826 1597 omnium
874 1540 1280 1596 matutinalibus
1328 1537 1544 1609 hymnis
1572 1535 1833 1589 interfuit.
1858 1522 2184 1588 Mirantibus

584 1634 861 1701 fratribus,
884 1633 1130 1688 sanitatis
1152 1646 1263 1686 suae
1289 1628 1508 1685 modum
1532 1627 1783 1690 innotuit,
1809 1640 1945 1696 quos
1966 1623 2184 1694 quando

584 1736 640 1780 et
668 1726 899 1796 qualiter
926 1740 994 1780 ex
1023 1722 1339 1778 monasterii
1370 1720 1570 1775 familia
1600 1718 1892 1773 morituros
1916 1714 2181 1786 praevide-

585 1816 675 1882 rit,
708 1816 1002 1882 indicavit;
1045 1815 1113 1870 de
1152 1815 1266 1869 sola
1311 1814 1526 1868 interim
1556 1810 1995 1881 episcopi-morte
2022 1807 2181 1862 dubi-

584 1910 750 1965 tando
797 1908 1073 1965 conticuit.
1107 1906 1175 1960 Et
1218 1922 1250 1962 e
1293 1906 1521 1975 vestigio
1568 1905 1622 1958 in
1671 1911 1987 1958 cunctorum
2016 1902 2178 1956 morti

584 1999 963 2069 deputatorum
993 1998 1212 2053 auribus
1238 1997 1430 2052 volans
1473 1995 1614 2047 fama
1657 1992 1935 2057 discurrit;
1967 2000 2021 2046 et
2049 1991 2176 2047 dum

583 2102 652 2145 ex
680 2089 945 2144 relatione
974 2086 1227 2143 monachi
1256 2100 1316 2141 se
1345 2085 1638 2139 morituros
1668 2090 1817 2137 certo
1845 2081 1932 2136 die
1972 2095 2175 2150 cogno-

582 2188 818 2243 scerent,
847 2179 1118 2249 dispositis
1147 2178 1259 2234 suis
1289 2176 1508 2241 reculis,
1538 2175 1613 2229 ita
1643 2190 1703 2229 se
1732 2175 1785 2228 in
1815 2181 2046 2229 mortem
2086 2187 2175 2228 se—

588 2273 699 2327 cuti
720 2279 866 2339 sunt,
890 2272 1029 2325 sicut
1055 2268 1267 2324 fuerant
1288 2269 1341 2322 in
1368 2267 1580 2322 somnio
1610 2264 1892 2320 nominati.

659 2361 747 2417 91.
786 2361 1029 2432 Cumque
1057 2360 1339 2430 presbyter
1366 2356 1661 2413 monachus
1689 2354 1891 2408 Lucido
1921 2353 2177 2424 episcopo

586 2459 700 2507 tam
727 2452 905 2506 dirum
947 2449 1195 2505 nuntium
1225 2447 1467 2501 revelare
1499 2446 1749 2511 timeret,
1790 2454 1969 2497 tacere
1998 2452 2179 2497 autem

582 2540 801 2611 penitus
820 2555 929 2595 non
952 2539 1196 2601 auderet,
1220 2535 1553 2590 monasterio
1573 2547 1631 2587 se
1654 2531 1869 2585 tandem
1892 2530 2173 2600 proripuit,

584 2636 642 2685 et
665 2629 732 2683 ad
760 2628 979 2684 domum
1018 2625 1261 2696 episcopi
1292 2640 1399 2679 non
1427 2624 1587 2692 longe
1644 2637 1674 2675 a
1731 2619 1946 2674 flumine
1975 2619 2174 2685 Tiberi,

583 2716 850 2787 bregione
869 2716 1120 2773 videlicet
1145 2715 1298 2786 juxta
1316 2714 1590 2769 basilicam
1622 2719 1931 2766 sanctorum
1965 2707 2090 2781 Cyri
2124 2717 2179 2763 et

582 2806 804 2865 Joannis
865 2809 1135 2879 positam,
1202 2807 1469 2861 somnium
1523 2804 1865 2858 nuntiaturus
1928 2800 2173 2853 accessit.

584 2899 757 2968 Quem
778 2899 1003 2967 scilicet,
1037 2898 1128 2953 ubi
1157 2913 1280 2952 cum
1312 2895 1567 2968 pontifice
1596 2895 1651 2949 in
1680 2893 1881 2965 palatio
1909 2891 2179 2961 prandere

583 2992 857 3060 cognovit,
874 2998 1195 3060 exspectans
1207 2988 1545 3051 redeuntem,
1570 2982 1991 3039 sacerdotalibus
2010 2981 2176 3035 vesti-

580 3080 778 3137 mentis
807 3079 1074 3144 indutum,
1106 3078 1289 3133 colore
1319 3074 1598 3144 fulgidum,
1631 3071 1937 3127 valetudine
1963 3083 2179 3139 quoque

581 3172 958 3237 sanissimum,
1009 3168 1248 3224 salutare
1293 3164 1543 3224 curavit.‘
1573 3164 1671 3218 Cui
1719 3164 2002 3233 episcopus
2051 3161 2124 3213 ait
2161 3177 2173 3212 :
2213 3196 2260 3259 Ο

591 3280 611 3314 ι
639 3258 757 3315 Jam
781 3260 997 3315 nuncin
1025 3266 1139 3313 tota
1159 3258 1292 3312 urbe
1318 3272 1417 3327 pro
1444 3256 1625 3309 divino
1653 3267 1672 3293 ο
1700 3255 1932 3321 haberis,
1964 3255 2090 3325 quia
2112 3253 2179 3309 de

586 3350 671 3406 bis
685 3366 823 3421 quos
838 3350 1132 3405 morituros
1152 3345 1542 3418 praenuntiasti,
1573 3345 1719 3400 solus
1741 3362 1879 3401 unus
1900 3346 2176 3400 remansit.

584 3438 658 3498 At
695 3442 830 3496 ille-z
864 3440 1081 3495 Utinam
1122 3439 1261 3495 sicut
1287 3446 1342 3493 et
1381 3437 1472 3492 ille
1502 3451 1661 3506 quem
1696 3436 1876 3491 vivere
1906 3443 2061 3506 putas
2091 3434 2185 3489 de-

585 3533 801 3587 functus
840 3541 951 3597 est,
1004 3531 1084 3586 sic
1118 3530 1233 3600 ipse
1277 3529 1367 3597 qui
1415 3528 1557 3581 hunc
1585 3527 1738 3596 sequi
1774 3526 2059 3597 praedictus
2100 3534 2184 3581 est

594 3621 823 3676 exiliret.
856 3640 875 3673 ›
921 3619 1161 3689 Cumque
1201 3619 1488 3688 episcopus
1515 3618 1582 3671 de
1620 3633 1685 3671 eo
1716 3624 1829 3672 tota
1870 3616 2183 3671 curiositate

592 3709 926 3779 requireret,
969 3714 1026 3762 et
1062 3708 1360 3763 monachus
1395 3707 1576 3761 dicere
1606 3705 1922 3776 palpitaret,
1968 3704 2183 3761 tandem

588 3795 682 3852 ubi
713 3798 801 3853 die
829 3804 984 3852 sexto
1008 3811 1067 3852 se
1094 3795 1415 3851 moriturum
1438 3794 1711 3864 cognovit,
1741 3793 2000 3864 expalluit
2023 3801 2186 3862 atque

590 3886 947 3952 contremuit;
979 3886 1377 3957 resumptisque
1398 3886 1618 3951 viribus,
1648 3892 1837 3941 contra
1859 3884 2185 3941 monachum

590 3975 863 4044 frenduit;
906 3989 1068 4045 quem
1107 3976 1283 4032 redire
1330 3975 1602 4031 volentem
1630 3976 1872 4029 retinuit.
1923 3973 2187 4030 Interiora

590 4068 821 4124 cubiculi
858 4082 1123 4141 pervagus
1169 4069 1505 4139 penetravit;
1557 4067 1816 4137 paulatim
1857 4067 1957 4122 sibi
2005 4067 2189 4123 fauces

593 4156 782 4213 dolere
814 4158 1101 4227 persensit.
1133 4157 1336 4213 Deinde
1365 4158 1466 4213 sibi
1492 4165 1637 4212 tacto
1662 4158 1839 4227 pulsu,
1874 4173 1999 4212 mox
2021 4156 2190 4213 febris

590 4246 743 4315 signa
764 4246 1049 4316 cognovit;
1075 4247 1346 4302 monacho
1368 4246 1629 4313 credidit;
1658 4245 1874 4302 domum
1898 4262 2052 4303 suam
2078 4247 2188 4302 dis-

591 4337 806 4408 posuit;
847 4337 913 4392 ad
942 4339 1333 4394 monasterium
1365 4338 1452 4394 cui
1483 4347 1741 4409 praeerat,
1775 4338 1977 4394 eisdem
2009 4337 2189 4393 infulis

592 4427 872 4486 redimitus
892 4430 1085 4499 quibus
1108 4444 1139 4484 a
1160 4430 1490 4500 patriarchio
1512 4445 1762 4485 reversus
1794 4428 1985 4493 fuerat,
2018 4428 2185 4483 venit.

593 4515 839 4574 Secunda
864 4517 995 4574 feria
1026 4520 1236 4575 cunctis
1261 4528 1370 4574 tam
1394 4520 1627 4575 subitam
1653 4520 2065 4574 conversionem
2086 4517 2188 4572 mi-

595 4610 854 4674 rantibus,
886 4609 1257 4664 monachicum
1278 4609 1518 4664 habitum
1544 4609 1779 4679 suscepit
1805 4626 1820 4675 ;
1851 4614 1905 4663 et
1927 4606 2188 4677 paulatim

598 4698 1003 4768 ingravescente
1032 4699 1300 4766 molestia,
1325 4706 1492 4755 sextae
1522 4700 1668 4754 feriae
1694 4696 1928 4752 diluculo
1954 4694 2187 4752 subdor-

600 4790 769 4844 mivit.
803 4790 880 4846 Ac
907 4790 1083 4845 denuo
1112 4790 1429 4857 suscitatus,
1457 4789 1774 4859 apparuisse
1804 4786 1905 4841 sibi
1946 4794 2187 4841 sanctum

601 4875 869 4931 Andream
897 4880 1229 4948 apostolum,
1259 4893 1425 4948 seque
1452 4880 1596 4933 circa
1626 4877 1816 4931 horam
1846 4875 2061 4930 tertiam
2091 4891 2189 4931 νο⁸

603 4966 832 5021 nandum
859 4976 1001 5033 esse,
1033 4967 1241 5035 sibique
1268 4976 1596 5037 praeceptum
1625 4964 1933 5035 perhibuit,
1974 4970 2035 5017 ut
2061 4964 2188 5034 quia

604 5069 714 5110 sum
744 5055 933 5111 mortis
959 5055 1366 5125 exspectatione
1408 5055 1655 5126 suspensi
1690 5052 1970 5119 monachi,
2020 5053 2192 5110 sancti

604 5143 832 5199 Fabiani
874 5145 1053 5200 munia
1083 5145 1240 5200 solita
1271 5145 1544 5201 celebrare
1588 5160 1695 5200 non
1734 5152 2018 5215 poterant,
2065 5160 2194 5199 mox

605 5249 805 5306 corpus
832 5251 986 5291 suum
1016 5236 1307 5306 sepulturae
1334 5236 1638 5302 traderent,
1681 5235 2022 5304 acceptisque
2065 5249 2095 5288 a
2136 5249 2196 5289 se

606 5326 778 5383 cereis
801 5341 867 5381 ac
889 5326 1324 5399 thymiamatibus
1346 5326 1413 5381 ad
1437 5325 1738 5396 peragenda
1758 5324 2019 5379 solemnia
2048 5323 2198 5379 festi-

606 5423 819 5473 narent.
861 5416 1003 5472 Hora
1038 5417 1218 5485 itaque
1258 5416 1416 5471 tertia
1453 5416 1738 5485 episcopus
1766 5411 1918 5467 laetus
1947 5412 2196 5481 defungi-

608 5512 725 5571 tur,
759 5514 817 5561 ut
848 5506 902 5561 in
932 5506 1049 5577 ipsa
1088 5506 1270 5561 vultus
1299 5505 1414 5574 ejus
1458 5502 1640 5558 laetitia
1661 5543 1676 5573 ,
1706 5503 1988 5558 conversio
2033 5503 2198 5573 ipsius

683 5673 708 5735 ἓ
747 5664 897 5731 Mss.,
927 5664 1109 5718 dfatim
1130 5705 1142 5718 .
1170 5704 1183 5718 .
1209 5705 1220 5717 .
1265 5672 1381 5732 post
1403 5679 1617 5735 quorum
1642 5662 1940 5735 discessum.

681 5733 709 5773 δ
744 5735 903 5800 Utic.,
936 5738 1131 5804 regiam
1155 5735 1385 5788 videlicet
1409 5732 1563 5804 juxta
1594 5732 1883 5787 basilicam.

688 5816 711 5843 ο
741 5804 1149 5878 Bigot.,Germ.
1180 5813 1233 5860 et
1260 5804 1413 5871 Reg:
1448 5804 1731 5859 habeberis.

2284 523 2452 567 retur.

2358 599 2447 656 9‘2.
2478 599 2680 655 Eodem
2730 607 2973 668 tempore
3015 609 3304 665 germanus
3333 594 3575 665 ejusdem
3622 598 3903 654 monachi

2287 692 2483 747 mentis
2511 691 2775 746 insaniam
2802 704 2992 759 passus
3018 696 3120 754 est,
3152 688 3226 742 ita
3254 695 3315 741 ut
3341 688 3577 743 humana
3606 691 3904 746 consortia

2285 778 2516 851 fugiens,
2550 781 2720 835 multo
2748 788 2994 850 tempore
3022 791 3289 849 pervagus
3317 792 3414 847 per
3442 788 3662 850 cryptas
3688 780 3901 835 solita-

2286 870 2423 937 rias,
2474 879 2529 926 et
2573 886 2793 927 caenosa
2834 878 3183 925 monumenta
3225 869 3572 925 discurreret.
3602 868 3772 940 Cujus
3800 872 3906 926 in-

2288 959 2451 1014 sania:
2492 959 2660 1016 frater
2709 960 2932 1015 nimium
2974 960 3290 1026 condolens,
3339 960 3579 1029 quotidie
3631 969 3905 1017 sanctum

2288 1047 2607 1119 Gregorium
2636 1052 2869 1121 profusis
2896 1052 3146 1121 lacrymis
3175 1051 3520 1121 precabatur,
3550 1060 3610 1108 ut
3636 1053 3740 1107 sibi
3771 1052 3902 1107 fra-

2288 1148 2426 1196 trcm
2454 1144 2711 1213 sospitem
2742 1143 2971 1200 reddere
2999 1143 3327 1211 dignaretur.
3356 1142 3543 1211 Itaque
3574 1146 3732 1215 182
3759 1159 3901 1199 cum

2292 1240 2452 1288 nocte
2505 1234 2735 1303 quadam
2792 1242 2915 1305 post
2964 1235 3269 1303 hujusmodi
3322 1232 3480 1288 fletus
3535 1234 3896 1302 quiesceret,

2288 1322 2477 1378 beatus
2504 1323 2795 1394 Gregorius
2824 1325 3075 1394 apparuit
3094 1324 3143 1378 ei
3164 1324 3348 1378 dicens
3378 1340 3391 1375 :
3430 1342 3447 1375 ι
3476 1322 3681 1378 Videris
3707 1324 3898 1397 lacry-

2289 1426 2404 1467 mas
2435 1420 2582 1479 tuas,
2628 1414 2841 1483 suscepi
2871 1414 3172 1468 orationem
3202 1421 3383 1478 tuam;
3417 1420 3473 1467 et
3512 1428 3641 1469 ecce
3669 1428 3897 1481 genua-

2287 1517 2414 1557 num
2462 1513 2610 1556 tuum
2652 1504 2746 1558 tibi
2788 1502 2947 1557 hodie
2975 1518 3164 1557 sanum
3194 1502 3471 1557 reducam.
3521 1501 3587 1555 Et
3628 1504 3734 1557 hoc
3784 1504 3894 1557 tibi

2287 1590 2513 1659 signum,
2538 1592 2680 1660 quia,
2712 1592 2892 1646 statim
2923 1601 2979 1646 ut
2998 1592 3112 1646 dies
3135 1592 3388 1656 illuxerit,
3412 1590 3563 1658 jussu
3587 1592 3889 1661 pontiﬁcis,

2287 1680 2570 1751 presbyter
2598 1681 2687 1750 qui
2714 1681 2803 1735 hic
2830 1680 3067 1736 inclusus
3095 1690 3179 1736 est
3204 1682 3539 1735 extrahetur.
3574 1701 3593 1733 ι
3624 1682 3727 1748 Qui
3757 1698 3891 1736 sur-

2211 1807 2261 1867 Β
2286 1783 2417 1838 gens
2455 1771 2755 1824 matutinali
2805 1780 3047 1841 tempore
3086 1770 3343 1825 fratribus
3386 1771 3661 1825 indicavit.
3714 1771 3891 1828 Forte

2286 1868 2415 1915 tunc
2457 1860 2599 1913 idem
2631 1861 2912 1931 presbyter
2948 1860 3257 1930 Campanus
3293 1861 3360 1914 de
3388 1860 3510 1914 loco
3531 1858 3554 1898 ά
3585 1861 3677 1929 qui
3714 1859 3887 1914 Clau-

2283 1959 2452 2006 strum
2503 1966 2611 2005 non
2657 1950 2817 2020 longe
2858 1966 2888 2003 a
2937 1950 3226 2005 Terracina
3255 1959 3516 2015 vocatur,
3560 1966 3592 2003 a
3638 1952 3751 2005 suis
3782 1966 3890 2018 pro

2282 2039 2518 2109 quodam
2543 2040 2771 2094 crimine
2801 2048 3105 2107 accusatus,
3134 2040 3187 2093 in
3218 2039 3407 2093 eodem
3439 2039 3771 2093 monasterio
3795 2048 3887 2093 tc-

2282 2131 2546 2195 nebatur;
2588 2140 2644 2186 et
2678 2133 3007 2201 temporibus
3036 2131 3218 2186 multis
3250 2130 3552 2185 labentibus
3582 2146 3610 2185 a
3644 2130 3756 2184 suis
3786 2145 3888 2185 ac-

2282 2221 2622 2276 cusatoribus
2645 2263 2659 2288 ,
2688 2222 2799 2290 jam
2831 2232 3200 2292 contemptus,
3233 2237 3262 2275 a
3285 2223 3491 2277 cunctis
3521 2236 3739 2290 quoque
3768 2222 3886 2277 suis

2282 2310 2457 2364 fuerat
2492 2311 2547 2365 in
2578 2312 2905 2367 oblivionem
2934 2312 3224 2376 deductus,
3257 2328 3378 2366 cum
3413 2312 3617 2365 nullum
3649 2311 3885 2380 propin-

2283 2414 2479 2469 quum,
2524 2400 2728 2455 nullum
2771 2402 2824 2456 in
2856 2402 2999 2457 Urbe
3029 2404 3301 2470 cognitum
3334 2401 3534 2455 habere
3566 2403 3831 2471 potuisset
3858 2438 3879 2465 ,

2282 2505 2374 2573 qui
2404 2504 2472 2558 de
2501 2516 2568 2555 eo
2599 2498 2836 2568 pontifici
2868 2494 3253 2564 suggessisset;
3295 2503 3348 2546 et
3375 2494 3624 2546 monachi
3657 2492 3883 2561 quidem

2284 2608 2385 2662 pro
2416 2607 2481 2645 eo
2510 2595 2840 2658 satagerent,
2868 2584 2961 2638 sed
2990 2581 3302 2653 proficiendi
3333 2580 3537 2634 aditum
3567 2597 3675 2636 non
3705 2582 3884 2637 habe-

2284 2692 2425 2750 rent,
2458 2680 2699 2753 pontifex
2728 2678 2985 2733 divinitus
3014 2674 3331 2729 recordatus
3355 2673 3614 2741 ejusdem,
3640 2672 3883 2729 diluculo

2284 2775 2428 2829 hunc
2455 2773 2520 2826 ab
2552 2769 2823 2838 ergastulo
2850 2766 3008 2835 jussit
3035 2764 3266 2828 extrahi,
3299 2763 3633 2831 liberumque
3656 2762 3879 2818 dimitti.

2284 2863 2397 2919 Nec
2418 2861 2586 2916 multo
2610 2867 2731 2929 post
2758 2856 3001 2911 monachi
3028 2853 3193 2907 frater
3220 2862 3291 2906 ita
3321 2868 3482 2906 sanus
3503 2867 3751 2907 reversus
3773 2863 3885 2918 est,

2286 2959 2343 3004 ut
2380 2950 2651 3003 videretur
2697 2947 2958 3000 hactenus
2988 2944 3041 2998 in
3070 2941 3307 3011 ejusdem
3342 2940 3513 2995 Patris
3542 2944 3877 2999 monasterio

2286 3048 2436 3094 tanto
2463 3038 2668 3093 fidelius
2698 3035 3025 3100 deservisse,
3056 3042 3255 3102 quanto
3288 3047 3346 3086 se
3376 3030 3514 3085 illius
3541 3033 3873 3090 adminiculo

2287 3131 2531 3185 meminit
2556 3129 2624 3183 ad
2652 3128 2930 3198 pristinam
2962 3125 3248 3178 sanitatem
3279 3139 3565 3178 remeasse.

2361 3221 2448 3273 95.
2481 3215 2808 3273 Reverendm
2830 3230 3044 3286 quoque
3067 3213 3343 3268 memoriae
3373 3211 3577 3267 Nicolai
3605 3216 3877 3283 pontificis

2288 3318 2555 3379 tempore,
2587 3307 2825 3375 regimen
2856 3303 3095 3373 ejusdem
3119 3302 3431 3356 monasterii
3459 3300 3719 3356 Zacharia
3746 3304 3880 3357 civi—

2288 3401 2415 3456 tatis
2438 3398 2733 3467 Anagninae
2756 3393 3001 3466 praesule,
3031 3393 3169 3447 sicut
3191 3390 3350 3446 hodie
3377 3400 3645 3460 superest,
3678 3408 3878 3461 procu-

2287 3500 2475 3557 rante,
2508 3488 2729 3543 fundum
2760 3483 3121 3539 Barbilianum
3141 3521 3154 3546 ,
3190 3481 3341 3551 cujus
3365 3482 3609 3551 superius
3640 3480 3880 3538 feceram

2288 3581 2641 3643 mentionem,
2670 3592 2770 3648 pro
2792 3574 3090 3629 incolarum
3114 3572 3406 3628 sceleribus
3427 3574 3637 3627 daemon
3661 3589 3881 3643 aggres-

2290 3687 2382 3727 sus
2412 3679 2524 3735 cst;
2554 3676 2610 3723 et
2632 3666 2686 3721 in
2709 3664 3056 3721 similitudine
3078 3663 3290 3717 taurelli
3311 3664 3377 3718 de
3400 3664 3566 3733 pratis
3592 3665 3882 3732 mugiendo

2290 3761 2359 3816 ad
2407 3758 2628 3814 domum
2678 3769 2998 3817 recurrens,
3048 3752 3386 3808 invisibiliter
3432 3756 3543 3810 suis
3595 3756 3882 3811 corniculis

2290 3856 2465 3911 virum
2494 3853 2829 3909 sentiebatur
2857 3858 3019 3906 noctu
3047 3858 3352 3920 percutere,
3382 3848 3654 3918 bovesque
3685 3845 3880 3917 a’prae-

2291 3948 2455 4019 sepiis
2492 3946 2814 4010 extrahens,
2863 3958 2960 4013 per
2999 3940 3282 4009 contiguos
3312 3955 3532 4009 campos
3561 3946 3616 3993 et
3644 3938 3879 4007 compita

2292 4057 2452 4097 cursu
2474 4039 2816 4095 velocissimo
2846 4035 3089 4103 fatigare.
3119 4030 3360 4100 Cumque
3382 4031 3483 4085 hoc
3512 4029 3710 4085 diutius
3736 4028 3880 4083 face-

2291 4140 2394 4196 ret,
2422 4132 2723 4199 crebroque
2750 4126 2966 4183 rusticis
2997 4124 3189 4178 noxius
3218 4121 3538 4185 immineret,
3572 4119 3881 4188 bujusmodi

2292 4220 2731 4294 percussionibus
2777 4217 3037 4272 Saxulum
3087 4212 3371 4282 quemdam
3420 4210 3655 4280 ejusdem
3701 4212 3881 4282 praedii

2294 4313 2678 4369 conductorem
2708 4309 2994 4378 afﬂigendo
3026 4308 3359 4379 disperdidit.
3389 4306 3592 4362 Deinde
3621 4306 3881 4364 bubulcos

2295 4421 2603 4475 aggressus,
2657 4412 2801 4458 tanta
2853 4403 2997 4458 caede
3043 4401 3378 4473 perdomuit,
3428 4410 3487 4455 ut
3534 4402 3673 4455 intra
3722 4401 3881 4454 trium

2295 4497 2562 4551 mensium
2588 4496 2821 4566 spatium
2845 4494 3115 4549 neminem
3138 4494 3243 4548 illic
3266 4502 3461 4563 praeter
3481 4509 3643 4547 unum
3667 4502 3881 4548 tantum

2218 4578 2272 4637 D
2300 4598 2322 4626 θ
2353 4587 2621 4642 Ursellum
2652 4586 2900 4651 nomine,
2948 4601 3105 4656 quem
3136 4584 3383 4639 similiter
3411 4582 3709 4652 afﬂigebat,
3752 4584 3881 4639 reli-

2292 4681 2488 4751 querit.
2519 4680 2619 4746 Qui
2655 4680 2881 4733 Romam
2908 4679 3160 4742 veniens,
3196 4676 3320 4731 dum
3352 4685 3512 4732 tanta:
3540 4677 3709 4733 cladis
3736 4678 3882 4747 peri-

2293 4772 2471 4827 culum
2499 4770 2748 4825 fratribus
2775 4769 3051 4835 indicaret,
3086 4770 3390 4839 interrupto
3420 4784 3670 4823 sermone
3695 4784 3883 4822 mona-

2296 4863 2444 4919 sterii
2475 4862 2645 4932 portis
2674 4875 2921 4930 egressus
2946 4868 3049 4925 est,
3083 4868 3137 4916 et
3158 4859 3663 4929 obstupescentibus
3692 4874 3884 4914 mona-

2296 4954 2411 5011 chis
2466 4953 2682 5009 nonnisi
2735 4967 2894 5008 mane
2946 4951 3090 5008 facto
3137 4966 3385 5007 reversus
3438 4960 3539 5007 est.
3596 4950 3642 5005 A
3692 4952 3885 5022 quibus

2300 5046 2514 5102 curiose
2545 5044 2838 5110 discussus,
2869 5058 3105 5113 quonam
3135 5058 3194 5098 se
3222 5043 3427 5112 pridem
3454 5051 3563 5097 tam
3588 5043 3764 5098 subita
3795 5058 3885 5096 ve-

2299 5139 2518 5194 locitate
2546 5139 2882 5208 proriperet,
2932 5135 3209 5192 confessus
3239 5144 3352 5199 est,
3399 5136 3583 5191 dicens
3628 5154 3641 5190 :
3692 5154 3715 5187 ‹
3753 5136 3885 5191 Dum

2298 5230 2450 5286 vobis
2477 5229 2739 5285 insaniam
2764 5228 3018 5285 daemonis
3047 5226 3363 5293 revelarem,
3396 5227 3655 5284 taurellus
3696 5228 3884 5293 adfuit,

2301 5322 2769 5391 anterioribusque
2815 5319 3038 5391 pedibus
3084 5333 3171 5373 me
3209 5318 3610 5388 complectens,
3663 5332 3729 5393 ac
3776 5320 3885 5373 suis

2300 5411 2586 5467 corniculis
2625 5411 2889 5477 tundens,
2933 5417 3058 5464 ante
3104 5423 3163 5464 se
3199 5409 3362 5478 coepit
3392 5410 3626 5475 minare,
3677 5416 3732 5464 et
3772 5416 3883 5464 tota

2301 5513 2461 5561 nocte
2502 5520 2588 5560 me
2616 5504 2796 5559 subire
2836 5517 3020 5558 muros
3052 5501 3229 5571 coegit
3266 5509 3321 5556 et
3361 5500 3601 5556 arbores.
3646 5500 3886 5571 Cumque

2393 5665 2418 5706 δ
2432 5663 2594 5727 Utic.,
2619 5662 2689 5716 ad
2708 5672 2906 5719 austro.

2374 5745 2395 5771 ε
2427 5734 2583 5801 Reg,
2617 5733 2823 5799 Cornu,
2872 5734 3010 5791 Utic.
3045 5741 3100 5791 et
3129 5734 3328 5805 Bigot.,
3372 5747 3585 5787 caucam
3628 5734 3865 5789 amttam

2301 5804 2476 5871 (1011).,
2509 5821 2685 5859 cocum
2710 5806 2962 5859 ursufum.
