4138 6472
229 310 340 367 337

842 308 902 369 5.
941 306 1269 369 GREGOR“
1310 306 1525 367 MAGNI
1568 309 1746 377 VITA,
1789 306 1995 365 AUCT.
2036 306 2297 365 ,ιυΑΝΝΕ
2337 304 2647 366 DlACONO.
2692 309 2817 365 LIB.
2853 304 2940 368 IV.

3404 297 3510 369 s38

230 428 528 486 nam
554 441 653 498 per
674 434 891 497 mntem
930 441 1017 481 me
1042 417 1337 483 bonam“
1360 426 1673 495 dem
1696 466 1710 491 ,
1749 426 1819 479 de
1844 426 1901 486 Α
1924 430 2208 477 mentanea
2232 426 2495 477 sententia
2514 422 2861 487 liberaberis;
2891 420 2987 477 sed
3013 430 3190 492 neque
3217 435 3295 489 tu,
3329 412 3503 494 neque

230 521 611 592 complexibus
652 518 818 589 ipsius
854 517 1046 580 exilui,
1098 532 1330 586 eumque
1371 526 1489 572 toto
1536 516 1823 573 conamine

232 615 464 682 fugiens,
486 613 556 667 ad
571 620 755 682 portas
776 624 910 680 quas
932 608 1245 681 Euthymius
1266 610 1597 678 hegumenus
1620 608 1825 663 fecerat

238 705 553 761 monasterii
596 702 753 771 hujus
794 701 1045 770 perveni;
1092 715 1227 769 quas
1265 701 1477 755 clausas
1518 701 1818 767 inveniens,

239 798 498 853 ambabus
537 793 786 850 manibus
825 792 1016 847 ambos
1042 790 1161 859 ejus
1189 792 1418 845 annulos
1446 790 1778 860 apprehendi
1803 805 1818 856 ;

231 900 291 947 et
310 892 439 945 dum
463 888 530 943 ab
550 889 631 943 eis
650 899 739 941 me
768 886 1064 941 luctaretur
1084 883 1359 949 divellere,
1389 882 1607 952 quidam
1637 883 1823 939 calvus

231 982 480 1054 pontifex
529 978 751 1047 obliquo
802 977 972 1030 latere
1022 988 1082 1030 se
1135 974 1277 1029 inter
1326 980 1603 1043 portarum
1653 973 1821 1029 rimas

232 1073 538 1136 excutiens,
570 1068 739 1125 ferula
765 1074 927 1138 caput
952 1064 1163 1120 taurelli
1190 1065 1472 1135 percussit,
1502 1076 1737 1133 eumque
1764 1064 1820 1119 in

232 1166 414 1235 fugam
436 1161 785 1231 compellens,
810 1172 898 1213 me
923 1159 989 1212 ab
1019 1156 1159 1212 illius
1181 1165 1208 1195 ι
1232 1157 1667 1228 percnssionibus
1689 1156 1820 1211 libeo

233 1258 397 1313 ravit.
426 1275 445 1309 ι
507 1254 649 1323 Ergo
695 1253 821 1307 dum
870 1250 1059 1305 incolae
1108 1248 1473 1319 deperissent,
1530 1257 1586 1305 et
1640 1249 1820 1304 nullus

235 1348 436 1403 ibidem
463 1345 739 1399 habitator
761 1341 1069 1407 accederet,
1099 1353 1166 1395 ac
1190 1353 1289 1410 per
1316 1340 1419 1394 hoc
1446 1342 1693 1395 monachi
1718 1353 1818 1410 pro

212 1434 572 1507 desolatione
598 1436 701 1491 loci
726 1440 1050 1502 satagerent,
1079 1432 1289 1487 cuidam
1317 1446 1503 1487 eorum
1529 1430 1820 1499 Gregorius

234 1535 288 1588 in
317 1531 524 1587 somnis
568 1529 723 1599 183
760 1540 1025 1597 apparens
1050 1525 1233 1593 jubet,
1274 1534 1335 1578 ut
1371 1525 1417 1579 si
1458 1524 1755 1580 dzemonem
1784 1540 1818 1580 a

233 1619 555 1680 monasterii
590 1618 756 1673 fundo
789 1617 1087 1671 voluissent
1128 1614 1433 1685 depellere,
1483 1614 1551 1669 ab
1579 1614 1818 1670 oratorio

233 1723 433 1772 sancta:
478 1711 719 1766 Martinae
762 1722 933 1779 usque
980 1708 1047 1761 ad
1086 1706 1381 1761 oratorium
1411 1715 1610 1762 sanctm
1637 1707 1819 1762 Marias

1929 516 2120 584 aliquis
2141 515 2226 569 hic
2243 521 2419 569 tecum
2442 515 2745 583 degentium
2770 526 2917 569 suam
2942 514 3171 583 patriam
3192 513 3507 569 revidebit.»

1928 607 2053 661 Mox
2078 606 2316 675 Theutga
2326 606 2460 660 udus
2486 606 2683 660 lectulo
2705 620 2764 659 se
2791 605 3072 675 proripuit,
3103 612 3160 660 et
3180 605 3353 674 primo
3373 606 3510 675 suis,

1923 699 2120 754 deinde
2143 698 2454 753 monasterii
2470 697 2766 762 monachis,
2789 705 3063 766 postremo
3104 698 3510 768 quibuscunque

1925 794 2102 863 putuit
2145 791 2411 847 somnium
2452 790 2731 845 revelavit.
2777 786 2843 842 Et
2871 791 2995 858 quia
3033 790 3176 843 aliud
3215 790 3510 859 hoSpitiunt

1923 884 2086 939 citius
2107 898 2135 937 a
2158 881 2416 953 pontiﬁce
2442 882 2733 951 impetrare
2756 894 2866 935 non
2891 881 3083 950 potuit,
3113 881 3253 951 apud
3281 880 3512 935 Sabinus

1924 973 2253 1038 consedens,
2291 974 2485 1029 eodem
2513 984 2655 1027 anno
2683 982 2805 1027 cum
2845 972 2955 1027 suis
2981 972 3232 1028 omnibus
3262 972 3370 1026 vita
3402 971 3512 1041 pri-

1922 1073 2081 1121 vatus
2105 1074 2206 1121 est.

1998 1154 2085 1211 95.
2116 1156 2315 1211 Eodem
2344 1169 2561 1227 quoque
2588 1162 2836 1225 tempore
2863 1151 3070 1225 Suppo,
3099 1150 3282 1208 Piceni
3307 1166 3510 1217 cernes,

1923 1254 1999 1310 ibi
2030 1254 2304 1324 applicuit,
2337 1255 2428 1324 qui
2456 1255 2735 1310 monachis
2762 1253 2980 1325 quidem
3011 1252 3294 1323 plurimam
3323 1250 3350 1289 ιι
3381 1252 3513 1320 dap-

1923 1346 2178 1402 silitatem
2207 1347 2458 1413 ostendit,
2493 1355 2547 1401 et
2572 1348 2625 1401 in
2652 1348 2814 1401 rebus
2844 1354 2953 1399 tam
2982 1343 3302 1399 venerabilis
3328 1355 3517 1394 mona-

1923 1439 2075 1494 sterii
2118 1439 2521 1508 usurpationem
2563 1453 2787 1493 suorum
2816 1436 3110 1507 prohibuit.
3161 1433 3331 1503 Hujus
3358 1431 3517 1484 fami-

1926 1531 2072 1585 liaris
2094 1532 2340 1600 quidam,
2382 1532 2600 1587 nomine
2629 1532 2921 1597 Faraldus,
2953 1532 3217 1596 existens,
3253 1526 3519 1597 siquando

1925 1620 2109 1691 Suppo
2154 1622 2220 1675 ad
2258 1621 2514 1690 palatium
2561 1622 2945 1690 processisset,
2995 1619 3311 1674 fornicarias
3355 1617 3518 1683 illuc,

1927 1711 2317 1767 detestantibus
2369 1712 2685 1780 monachis,
2737 1727 2846 1767 non
2891 1711 3181 1766 verebatur
3228 1707 3520 1774 inducere,

235 1808 434 1865 ibidem
472 1806 527 1859 in
561 1802 782 1859 domum
828 1798 1161 1854 Dominicam
1200 1798 1584 1866 constitutum,
1633 1799 1827 1858 fratres
1856 1806 1906 1870 ι
1934 1814 2097 1873 atque
2142 1819 2263 1859 cum
2304 1804 2380 1860 eis
2420 1804 2842 1859 comessationes
2873 1812 2927 1859 et
2966 1804 3283 1859 saltationes
3309 1800 3523 1856 illicitas

234 1914 356 1957 cum
384 1895 584 1951 litaniis
613 1906 806 1962 aquam
827 1896 1141 1961 spargentes
1168 1890 1531 1945 exorcizatam
1562 1891 1823 1961 pmced'e-

235 1997 373 2045 rent.
407 1987 525 2053 Quo
554 1982 698 2039 facto
729 1983 801 2036 ita
828 1981 1040 2035 daemon
1080 1980 1147 2033 ab
1170 1980 1317 2034 omni
1352 1983 1665 2036 monasterii
1696 1998 1825 2053 pos-

236 2079 473 2136 sessione
500 2075 748 2147 repulsus
788 2082 902 2138 est,
943 2081 1005 2128 ut
1029 2080 1216 2142 postea
1244 2087 1343 2143 per
1378 2073 1595 2128 confinii
1626 2076 1825 2132 limites

237 2185 351 2237 ore,
385 2169 602 2223 naribus
622 2175 790 2236 atque
815 2164 987 2221 oculis
1010 2164 1255 2218 ﬂammas
1280 2164 1496 2233 ejicere,
1522 2181 1825 2236 porcosque

237 2276 430 2332 cogere
469 2274 501 2315 a
538 2260 759 2315 subulco
791 2265 1009 2313 notatus
1035 2256 1134 2321 sit,
1167 2256 1262 2311 sed
1290 2257 1431 2311 intra
1469 2256 1600 2313 ﬁnes
1628 2274 1823 2315 mona-

238 2353 384 2411 sterii
411 2367 683 2423 nunquam
710 2351 911 2404 intrare
937 2348 1247 2418 permissus.

308 2445 396 2500 94.
448 2444 569 2499 Alio
596 2456 814 2511 quoque
860 2448 1105 2509 tempore
1131 2438 1513 2507 Theutgaudus
1553 2443 1824 2511 quondam

239 2536 571 2593 Trevirensis
597 2535 903 2605 episcopus,
930 2532 1024 2601 qui
1051 2546 1173 2586 cum
1204 2530 1485 2598 Guntario,
1519 2535 1825 2605 Agrippinae

238 2628 477 2684 Colonia:
523 2626 809 2696 episcopo,
855 2638 887 2677 a
933 2622 1242 2677 reverendae
1288 2624 1560 2677 memoriae
1604 2625 1825 2681 Nicolao

240 2720 411 2775 luerat
448 2715 769 2774 sacerdotali
818 2714 1061 2784 privatus
1106 2710 1314 2777 officio,
1366 2714 1689 2768 liberalitate
1719 2714 1827 2769 Ha-

239 2810 412 2865 driani
455 2806 724 2879 pontiﬁcis
768 2805 823 2858 in
867 2802 1063 2858 eodem
1112 2802 1444 2857 monasterio
1488 2804 1823 2859 mansionem

241 2903 494 2972 suscepit.
526 2899 625 2955 Cui
667 2899 859 2953 beatus
882 2895 1176 2963 Gregorius
1203 2896 1257 2949 in
1291 2896 1495 2949 somnis
1525 2910 1821 2965 apparens,

242 2996 535 3051 maximum
564 3001 828 3048 terrorem
851 3004 957 3057 quo
994 2988 1065 3043 de
1100 3002 1199 3043 suo
1228 2989 1555 3042 monasterio
1584 2989 1827 3043 concitus

242 3088 591 3158 egrederetur
636 3083 879 3139 incussit.
928 3080 1021 3135 llle
1066 3081 1406 3151 perpendens
1442 3082 1615 3136 visum
1664 3082 1827 3137 fuime

1930 1896 2226 1949 celebrare.
2256 1894 2510 1964 idemque
2533 1896 2703 1951 noctis
2726 1895 2988 1966 principio
3011 1906 3282 1949 secessum
3307 1900 3521 1963 petens,

1931 2000 1963 2040 a
1991 1986 2267 2055 spiritibus
2296 1986 2585 2041 immundis
2621 1988 2674 2041 in
2712 2001 2837 2042 aere
2878 2003 2975 2057 per
3003 1986 3226 2056 capillos
3255 1994 3525 2053 appensus

1932 2083 2048 2142 est;
2078 2092 2315 2147 cumque
2352 2077 2509 2147 18!;
2535 2086 2646 2131 tota
2675 2086 2833 2132 nocte
2856 2076 3096 2147 pendens
3113 2076 3261 2130 vocis
3285 2074 3525 2129 officium

1933 2184 2042 2223 non
2076 2170 2332 2239 haberet,
2375 2172 2779 2227 matutinalibus
2819 2171 2968 2226 horis
3010 2170 3201 2225 beatus
3230 2166 3526 2237 Gregorius

1932 2262 1983 2316 ei
2010 2263 2299 2317 videndum
2330 2279 2388 2319 se
2415 2265 2662 2334 prmbuit,
2694 2265 2880 2326 dicens
2914 2282 2927 2318 :
2968 2283 2985 2315 ι
3022 2262 3241 2318 lnimice
3267 2262 3382 2327 Dei,
3414 2277 3525 2317 non

1931 2354 2207 2408 Sufﬁciunt
2234 2354 2328 2409 tibi
2360 2355 2460 2408 alia
2488 2356 2627 2409 mala
2657 2370 2775 2424 qua:
2802 2356 2854 2409 in
2887 2369 3011 2408 meo
3040 2352 3371 2409 monasterio
3400 2366 3527 2420 per-

1932 2446 2192 2499 vicaciter
2222 2447 2492 2515 operaris‘,
2543 2447 2763 2517 insuper
2790 2447 3032 2502 scenicas
3069 2442 3441 2500 meretriculas
3469 2442 3527 2497 in

1933 2535 2173 2589 claustro
2218 2536 2539 2591 monachico
2586 2546 2840 2605 tanquam
2889 2537 2942 2591 in
2987 2537 3199 2591 theatro
3241 2534 3524 2591 conducis.

1934 2627 2106 2682 Crede
2144 2628 2293 2693 mihi,
2346 2629 2449 2682 hoc
2494 2643 2637 2683 anno
2679 2630 2899 2698 peribis.
2936 2648 2954 2681 ι
3002 2628 3151 2683 Tunc
3189 2628 3278 2682 ille
3319 2626 3531 2694 magnis

1934 2721 2100 2788 cmpit
2127 2720 2332 2774 viribus
2372 2720 2744 2789 pmnitentiam
2775 2720 3110 2791 supplicare,
3142 2727 3196 2774 et
3234 2718 3299 2771 de
3330 2727 3531 2772 αξιοι-ο

1934 2813 2150 2882 plenam
2175 2814 2573 2868 correctionem
2597 2815 2933 2883 promittere.
2953 2812 3222 2868 Continuo
3235 2811 3528 2880 Gregorius

1930 2902 2092 2971 jussit
2130 2918 2251 2957 eum
2298 2903 2528 2969 dimitti;
2581 2906 2673 2973 qui
2714 2904 2781 2957 ad
2825 2913 3025 2957 terram
3069 2903 3351 2968 decidens,
3403 2902 3528 2971 quia

1935 2993 2131 3060 corrigi
2178 2993 2379 3058 noluit,
2429 2994 2621 3048 eodem
2673 3010 2813 3049 anno
2851 3010 3035 3049 veram
3078 2993 3242 3050 fuisse
3284 2991 3530 3063 Gregorii

1934 3084 2260 3137 sententiam
2283 3084 2563 3138 moriendo
2588 3086 2855 3155 probavit.

243 3144 640 3252 phantasticum
662 3217 677 3243 ,
706 3176 955 3231 oratione
978 3144 1121 3228 facie
1160 3144 1350 3229 rursus
1377 3174 1613 3229 dormire
1640 3175 1822 3243 coepit.
1859 3191 1908 3255 ο
2009 3174 2100 3229 96.
2132 3174 2387 3244 Ejusdem
2418 3144 2632 3232 comitis
2679 3176 2842 3231 homo
2882 3176 2979 3231 sub
3023 3176 3128 3230 alio
3166 3182 3406 3245 tempore
3444 3144 3531 3227 In?

243 3272 341 3327 Cui
368 3269 659 3338 Gregorius
687 3266 984 3337 pontiﬁcali
1005 3265 1190 3319 habitu
1220 3266 1497 3319 redimitus
1518 3281 1783 3336 apparens
1812 3285 1826 3321 :

248 3384 270 3419 ι
300 3365 509 3428 Nonne,
534 3362 728 3431 inquit,
749 3360 859 3415 dixi
884 3359 1002 3424 tibi,
1029 3366 1136 3413 uta
1160 3359 1489 3412 monasterio
1519 3372 1663 3421 meo,
1687 3358 1832 3427 quod

244 3456 297 3511 in
342 3454 500 3509 rebus
546 3451 781 3522 prepviis
821 3464 921 3520 per
962 3448 1357 3503 invocationem
1407 3449 1577 3502 sancti
1607 3448 1835 3501 Andreae

245 3546 476 3617 apostoli
504 3543 733 3599 Domino
762 3541 1009 3595 dedicavi
1028 3580 1042 3605 ,
1074 3540 1358 3593 recederes
1382 3579 1395 3602 ,
1437 3538 1560 3607 quia
1588 3538 1832 3592 diverso-

246 3637 385 3694 rium
431 3634 546 3690 ﬁeri
590 3634 737 3688 nullo
779 3631 940 3685 modo
986 3630 1312 3684 licuisset?»
1357 3627 1597 3696 Cumque
1628 3627 1834 3683 Theut-

245 3727 451 3799 gaudus
476 3724 783 3796 hospitandi
810 3722 912 3777 sibi
940 3722 1208 3776 licentiam
1231 3720 1531 3789 suscepisse
1553 3733 1611 3774 se
1640 3736 1671 3773 a
1697 3736 1834 3790 pon-

246 3822 394 3876 tiﬁce
420 3818 823 3888 respondisset,
851 3811 1147 3882 Gregorius
1172 3813 1247 3867 ait
1272 3830 1284 3864 :
1318 3810 1385 3865 Et
1413 3821 1468 3864 tu
1493 3811 1585 3880 qui
1613 3813 1793 3881 petisti
1818 3852 1833 3879 ,

246 3920 305 3969 et
333 3890 426 3967 nte
451 3909 544 3978 qui
568 3906 735 3971 dedit,
768 3904 983 3972 utrique
1011 3913 1200 3959 contra
1228 3904 1396 3958 Deum
1425 3903 1656 3968 fecistis,
1685 3903 1840 3972 cujus

247 3998 545 4058 vindictam
587 3994 748 4051 citius
795 3993 1097 4048 incurretis.
1143 3991 1415 4060 Evigilans
1462 3993 1843 4062 Theutgaudus

249 4089 552 4156 intremuit,
585 4094 641 4141 et
660 4083 799 4141 facta
829 4084 1077 4140 oratione
1099 4084 1281 4153 sopori
1310 4100 1369 4140 se
1395 4084 1621 4141 reddere
1648 4086 1839 4157 voluit,

251 4198 375 4239 cum
400 4186 627 4251 repente
646 4176 978 4232 venientium
999 4175 1236 4231 sonitum
1254 4175 1477 4231 audiens
1490 4176 1844 4232 vehementer

252 4274 499 4346 expavit,
552 4284 718 4340 seque
764 4267 1003 4324 dormire
1047 4268 1339 4323 simulavit.
1391 4270 1843 4340 Appropinquans

254 4381 389 4435 ergo
440 4362 731 4431 Gregorius
776 4368 1027 4416 sanctum
1072 4358 1345 4415 Andream
1397 4360 1698 4429 apostolum
1747 4375 1846 4432 per

255 4458 536 4514 dexteram
560 4463 768 4520 tenens,
798 4450 1054 4521 praecepit
1071 4450 1404 4507 subdiacono
1427 4452 1518 4518 qui
1538 4467 1597 4507 se
1620 4453 1846 4522 praeibat

1939 3264 2122 3320 dulfus
2151 3275 2373 3322 vocatus
2404 3274 2506 3322 est.
2540 3267 2638 3321 Cui
2668 3267 2792 3321 dum
2826 3282 2988 3323 cocus
3029 3282 3128 3337 pro
3157 3265 3533 3337 comparandis

1939 3358 2099 3427 lignis
2125 3358 2379 3413 denarios
2402 3368 2629 3427 peteret,
2661 3359 2809 3413 nullo
2832 3359 2993 3413 modo
3015 3358 3191 3428 potuit
3211 3358 3532 3427 impetrare;

1940 3450 2039 3505 sed
2070 3450 2276 3504 nefario
2301 3450 2421 3519 jure
2454 3452 2693 3521 percepit
2720 3451 3024 3515 licentiam,
3065 3462 3086 3488 ο
3117 3459 3174 3504 ut
3203 3451 3447 3519 attegias,
3480 3455 3536 3504 et

1941 3540 2227 3605 fenestras,
2261 3548 2317 3595 et
2338 3542 2499 3595 vicini
2530 3542 2831 3596 dormitorii
2856 3542 3068 3596 tabulas
3097 3554 3379 3610 aggressus
3408 3542 3538 3595 diri-

1942 3646 2130 3708 peret,
2172 3652 2465 3707 earumque
2496 3639 2706 3705 ignibus
2733 3640 2831 3693 sibi
2872 3639 3155 3708 prandium
3181 3646 3531 3709 praepararet.

1945 3732 2080 3787 Cum
2110 3731 2357 3797 sequenti
2387 3738 2547 3785 nocte
2577 3731 2719 3785 idem
2747 3730 2983 3785 lndulfus
3014 3730 3083 3784 ad
3112 3746 3384 3785 secessum
3410 3747 3537 3800 per-

1944 3835 2107 3891 gens,
2149 3836 2246 3874 cur
2270 3818 2586 3874 monasterii
2615 3819 2825 3874 tabulas
2854 3828 2961 3874 tam
2989 3820 3293 3890 petulanter
3323 3819 3536 3875 incendi

1945 3915 2325 3987 praecepisset,
2355 3914 2395 3982 5a
2440 3912 2675 3982 quodam
2718 3927 2847 3968 sene
2887 3912 3157 3968 discussus
3195 3924 3295 3968 est.
3336 3913 3405 3967 At
3447 3913 3539 3969 ille

1946 4020 2099 4060 more
2125 4002 2329 4059 Gallico
2358 4011 2604 4059 sanctum
2634 4018 2818 4058 senem
2848 4003 3177 4073 increpitans
3197 4000 3223 4041 ά
3247 4003 3446 4068 follem,
3472 4003 3541 4059 ab

1948 4113 2016 4155 eo
2045 4098 2261 4168 quidem
2284 4098 2434 4165 virga
2464 4095 2657 4152 leniter
2678 4109 2960 4168 percussus
2982 4103 3094 4163 est;
3128 4096 3221 4151 sed
3247 4097 3328 4152 vir
3350 4111 3541 4166 super-

1948 4190 2049 4245 bus
2081 4194 2232 4243 tanto
2260 4188 2500 4257 pondere
2529 4185 2711 4258 lapsus
2740 4197 2840 4253 est,
2874 4196 2933 4243 ut
2958 4189 3247 4244 semivivus
3274 4189 3422 4244 humi
3451 4188 3543 4243 de-

1951 4280 2249 4335 cumberet.
2278 4277 2482 4334 Eodem
2504 4285 2780 4334 momento
2800 4279 2898 4334 sub
2921 4279 3107 4335 eadem
3131 4280 3311 4350 specie
3327 4279 3541 4335 cuidam

1951 4371 2151 4426 clerico
2182 4368 2312 4425 foris
2337 4371 2624 4425 dormienti
2656 4371 2795 4427 idem
2822 4387 2985 4427 senex
3016 4374 3282 4442 apparuit,
3317 4372 3500 4427 dicens
3525 4391 3538 4424 :

1960 4479 1979 4511 σ
2008 4460 2212 4529 Surge,
2245 4469 2301 4515 et
2327 4460 2411 4515 dic
2431 4462 2616 4516 comiti
2638 4471 2694 4516 ut
2718 4463 2784 4516 ab
2817 4462 2919 4517 hoc
2947 4478 3068 4518 meo
3098 4463 3422 4517 monasterio
3444 4505 3457 4527 ,
3490 4463 3543 4518 in

257 4562 383 4603 cum
410 4544 639 4609 lumine,
669 4542 854 4598 dicens
880 4559 895 4595 :
931 4560 949 4592 ι
986 4539 1213 4610 Corripe
1240 4541 1410 4595 illum.
1440 4540 1543 4608 Qui
1569 4543 1695 4598 dum
1722 4559 1834 4599 cor-

1954 4570 2063 4624 quo
2108 4556 2465 4610 diversorium
2498 4555 2611 4611 ﬁeri
2656 4559 2877 4613 omnino
2915 4575 3021 4613 non
3052 4559 3204 4622 licet,
3254 4564 3543 4625 antequam

259 4645 446 4707 reptus
475 4636 529 4689 in
556 4633 755 4689 leotulo
785 4632 980 4688 clausis
1008 4632 1179 4687 oculis
1204 4633 1521 4698 resedisset,
1553 4632 1848 4704 Gregorius
1875 4694 1879 4699 ,

260 4730 339 4783 ait
368 4746 380 4780 :
411 4727 605 4796 Aspice
634 4726 687 4779 in
716 4739 838 4779 nos.
879 4723 1107 4778 lntuitus
1135 4738 1229 4779 eos
1265 4723 1649 4793 Theutgaudus
1678 4730 1850 4796 magis

262 4819 559 4884 intremuit,
587 4831 820 4885 eumque
839 4815 940 4871 sibi
966 4816 1146 4872 taliter
1164 4818 1582 4873 comminantem
1608 4820 1810 4874 audivit
1833 4838 1847 4875 :

262 4913 401 4980 Quia
429 4910 668 4967 secundo
708 4908 1104 4976 commonitus,
1143 4909 1323 4965 verbis
1350 4910 1461 4965 oris
1498 4912 1606 4965 mei
1631 4913 1854 4969 credere

262 5007 484 5064 noluisti
503 5044 519 5071 ,
569 5012 624 5061 et
656 5018 744 5059 me
772 5011 864 5059 tua
894 5001 1261 5058 inobedientia
1289 5002 1427 5059 adeo
1454 5007 1762 5074 provocasti
1792 5012 1851 5061 ut

264 5116 409 5156 nunc
443 5098 750 5169 apostolum
791 5097 886 5152 Dei
931 5095 1037 5151 huc
1081 5094 1307 5165 fatigare
1346 5097 1669 5166 studuerim,
1713 5101 1852 5157 scito

266 5205 602 5261 cognoscens
628 5188 753 5261 quia
782 5188 883 5243 nisi
926 5187 1088 5244 hodie
1126 5187 1192 5242 ab
1222 5187 1327 5243 hoc
1366 5191 1693 5246 monasterio
1731 5206 1856 5249 meo

268 5282 581 5349 recesseris,
611 5281 789 5335 futura
817 5279 1154 5336 hebdomada
1183 5294 1306 5335 cum
1336 5280 1438 5335 tuis
1469 5280 1716 5338 omnibus
1744 5283 1856 5340 vita

267 5376 590 5449 privaberis.
619 5372 697 5445 {Si
723 5388 853 5429 vero
877 5374 1198 5439 recesseris,
1246 5375 1313 5430 ab
1351 5373 1454 5430 hac
1490 5373 1707 5446 quidem
1736 5391 1857 5433 mo-

345 5527 374 5555 ι
403 5516 587 5581 Iidem,
615 5522 843 5586 excepto
866 5516 1023 5584 Reg,
1048 5515 1503 5587 persewtianibus.

348 5587 741 5657 b'Dupst'litas,
798 5588 1277 5659 dapsilisyvoces
1326 5597 1457 5659 sunt
1512 5588 1864 5659 scriptoribus

273 5659 468 5716 mediae
494 5660 728 5717 maxime
753 5660 925 5712 aetatis
951 5658 1241 5714 familiares
1270 5677 1281 5712 :
1314 5657 1603 5728 Bapsilitas
1621 5657 1865 5715 liberali—

274 5738 465 5857 tatam,
500 5728 716 5854 daapu'tis
744 5728 946 5799 largum
976 5728 1259 5799 signiﬁcat.
1292 5731 1367 5788 be
1392 5732 1473 5788 his
1496 5733 1609 5788 fuse
1632 5731 1865 5803 Cangius

276 5818 334 5857 in
428 5815 517 5856 oss
553 5816 596 5855 r.

276 5818 334 5857 ιι]
359 5815 596 5857 ωοεδπ.

1955 4660 2043 4699 me
2066 4645 2131 4699 ad
2156 4645 2486 4699 iracundiam
2510 4656 2788 4715 provocet,
2816 4647 2993 4702 salvus
3014 4647 3247 4701 recedat.
3278 4644 3416 4699 Ecce
3442 4660 3544 4713 ego

1955 4736 2202 4790 familiari
2233 4735 2349 4804 ejus
2376 4736 2508 4790 mihi
2538 4737 2808 4804 obnoxio,
2853 4752 3009 4805 quem
3041 4736 3290 4790 videlicet
3318 4751 3543 4805 percus-

1956 4842 2076 4882 sum
2104 4834 2233 4881 anto
2261 4841 2527 4881 secessum
2558 4828 2769 4891 dimisi,
2816 4840 3106 4894 congruam
3152 4825 3415 4881 medelam
3445 4826 3547 4880 dif-

1957 4918 2198 4973 fundam.
2221 4937 2239 4969 )
2276 4917 2445 4983 Quem
2469 4917 2588 4986 quis
2617 4924 2759 4971 esset
2786 4916 3013 4970 clericus
3040 4917 3342 4985 requirens,
3372 4917 3545 4987 ipsum

1962 5029 2022 5070 se
2063 5029 2183 5069 esse
2230 5014 2525 5083 perhibuit,
2570 5012 2661 5081 qui
2699 5028 2767 5067 ex
2809 5012 3016 5083 pictura
3048 5027 3166 5082 qum
3196 5013 3311 5082 ejus
3350 5013 3549 5068 lectulo

1962 5103 2314 5174 praeminebat
2339 5102 2557 5173 agnosci
2586 5101 2744 5158 facile
2777 5103 3060 5173 potuisset.
3090 5104 3284 5159 Statim
3321 5102 3551 5157 clericus

1962 5204 2188 5260 surgens
2223 5192 2403 5245 lumen
2432 5191 2694 5261 arripuit,
2745 5199 2801 5248 et
2840 5207 2905 5247 ex
2936 5193 3158 5263 picturae
3197 5192 3550 5247 similitudine

1964 5292 2209 5339 sanctum
2235 5282 2503 5339 Andream
2537 5284 2837 5353 apostolum
2867 5284 2968 5339 sibi
3004 5284 3314 5355 apparuisse
3343 5296 3547 5351 cogno-

1965 5374 2061 5429 vit.
2105 5373 2291 5445 Itaque
2320 5375 2387 5431 ad
2419 5375 2683 5431 [ndulfum
2723 5376 2993 5447 jacentem
3021 5377 3288 5449 perrexit,
3331 5384 3384 5430 et
3425 5386 3563 5428 eum-

2045 5526 2066 5553 ε
2098 5514 2226 5569 San.
2257 5516 2464 5589 Gierm.,
2496 5516 2652 5589 Reg,
2677 5520 2854 5585 Colb.,
2886 5520 3025 5575 Utic.
3052 5528 3105 5573 et
3130 5518 3352 5589 Big.,_tt_t
3380 5513 3550 5589 regias

1972 5589 2245 5659 fenestras.
2279 5588 2502 5656 Attegia:
2528 5585 2650 5646 su'nt
2671 5592 2909 5646 rudicula:
2928 5601 2983 5645 et
3009 5591 3221 5659 casulas.
3252 5585 3380 5637 Vide
3410 5585 3550 5659 Cano

1972 5655 2137 5727 gium.
2171 5655 2442 5713 Juvenalis
2472 5659 2587 5715 Sat.
2622 5662 2689 5714 14
2732 5680 2743 5715 :
2784 5661 2944 5715 Dirue
2973 5658 3278 5727 Maurorum
3304 5655 3547 5727 attegias.

2045 5726 2218 5802 d‘V_ox
2248 5727 2446 5784 Gallica
2482 5731 2556 5801 fol
2583 5733 2667 5788 vel
2700 5734 2816 5802 fon,
2856 5730 3008 5797 cujus
3034 5724 3324 5792 antiquitas
3349 5723 3425 5778 ex
3446 5723 3563 5779 hoe-

1973 5796 2094 5855 loco
2123 5796 2536 5858 demonstratur.
