4138 6448
178 6184 601 6433 Δ

587 274 693 342 £39

1154 224 1248 341 IS.
1288 278 1615 339 GREGORII
1651 280 1866 339 MACNI
1907 281 2086 349 VITA,
2127 276 2330 335 AUCT.
2371 277 2632 335 JOANNE
2674 276 2983 337 DIACONO.
3026 276 3157 335 LIB.
3189 278 3277 336 IV.

3772 278 3904 338 240

589 399 913 457 semivivum
936 396 1048 469 jam
1066 395 1289 467 reperit.
1320 398 1491 463 Quem
1526 398 1735 466 magnis
1761 397 2047 467 ejulatibus
2075 398 2187 453 cla-
2213 401 2269 462 Α
2291 399 2383 465 qui
2408 397 2719 452 monasterii
2744 399 2827 452 sui
2848 400 3080 452 claustra
3108 398 3269 453 solito
3292 411 3444 456 more
3462 396 3826 469 perlustrans,
3861 414 3903 453 a

591 507 747 549 mare
776 489 1038 560 incipiens
1058 528 1075 557 ,
1103 497 1213 544 tam
1240 488 1494 543 comitem
1524 504 1683 557 quam
1713 497 1936 544 cunctos
1968 490 2061 557 qui
2088 488 2186 543 sub

592 583 804 639 eisdem
836 581 1085 637 domibus
1112 579 1455 634 dormiebant
1488 580 1779 636 miserabili
1804 579 2189 638 vociferatione

593 677 783 733 venire
804 675 1005 742 coegit,
1028 673 1155 728 etin
1179 671 1370 729 faciem
1388 674 1615 743 jacentis
1640 690 1833 743 aquam
1853 674 2185 741 suffundens,

594 783 693 840 per
717 765 1114 821 invocationem
1139 765 1314 819 sancti
1343 766 1572 821 Andrete
1595 767 1825 836 apostoli
1850 768 2062 823 tandem
2091 768 2184 822 ali-

594 858 810 930 quando
847 856 995 925 loqui
1035 855 1201 922 fecit;
1252 866 1414 925 atque
1451 866 1643 912 cuncta
1672 872 1789 925 quae
1818 858 1918 912 sibi
1948 858 2189 913 revelata

596 946 810 1003 fuerant
850 960 973 1000 cum
1016 960 1084 1000 eo
1126 945 1331 1015 pariter
1357 943 1555 1000 Comiti
1596 946 1874 1001 revelavit.
1920 944 2056 1013 Qui,
2100 948 2188 1003 die

595 1038 769 1103 facto,
796 1037 1096 1091 monachos
1125 1035 1399 1101 evocavit,
1432 1036 1557 1105 quid
1583 1043 1773 1091 contra
1802 1046 2047 1091 sanctum
2078 1036 2189 1091 An-

594 1130 781 1186 dream
801 1128 1133 1183 commiserit
1152 1127 1585 1197 querelabundus
1606 1128 1879 1197 inquirere
1904 1128 2087 1199 cmpit.
2120 1129 2189 1183 At

596 1222 675 1278 illi
702 1222 940 1277 deletum
968 1220 1341 1275 dormitorium
1368 1234 1620 1273 cocorum
1650 1219 1899 1274 manibus
1936 1220 2191 1276 ostende-

596 1312 1000 1383 runt.Cumque
1020 1312 1131 1366 Deo
1157 1312 1386 1366 devotus
1413 1325 1597 1365 comes
1624 1326 1719 1366 eos
1741 1311 1903 1365 vellet
1922 1311 2186 1381 supplicio

598 1406 924 1477 subjugare,
972 1401 1202 1460 confessi
1244 1410 1369 1459 sunt
1402 1417 1463 1457 se
1504 1401 1636 1457 illud
1676 1402 1959 1458 aedilicium
1998 1402 2193 1459 lndulti-

596 1498 926 1569 jussionibus
974 1494 1256 1549 delevisse.
1314 1491 1419 1548 Pro
1467 1492 1621 1563 cujus
1672 1494 2015 1563 reparatione
2060 1494 2185 1549 dum

598 1604 783 1647 comes
802 1587 1081 1644 monachis
1096 1585 1645 1656 argentumvoluisset
1666 1586 1922 1651 tribuere,
1944 1586 2184 1655 Sergius,

594 1682 853 1752 magister
872 1679 1121 1747 militum,
1145 1677 1370 1744 restitit,
1404 1677 1725 1749 promittens
1750 1676 1881 1731 illud
1904 1692 1963 1735 se
1989 1693 2089 1747 pro
2118 1693 2185 1733 eo

2296 495 2351 543 te
2380 502 2537 542 suum
2576 487 2780 542 fontem
2832 490 3035 557 reperit
3076 490 3411 559 dissipatum,
3455 499 3509 544 et
3534 504 3632 545 nos
3658 505 3730 545 ex
3766 489 3906 560 ejus

2291 578 2613 647 tegminibus
2641 587 2747 633 tua:
2786 581 3143 635 meretricula:
3178 583 3392 635 turnum
3420 596 3484 635 ac
3511 583 3901 636 necessarium

2293 670 2521 728 vidimus
2543 681 2881 742 coopertum.
2914 672 3070 737 Quod
3098 674 3380 744 presbyter
3408 682 3468 727 ut
3494 673 3719 739 audivit,
3754 688 3902 727 eru-

2289 762 2517 817 bescens
2560 763 2858 829 intremuit,
2888 777 3183 831 eorumque
3210 763 3466 818 violentia
3492 778 3552 819 se
3583 774 3605 801 ο
3648 764 3702 818 in
3732 770 3905 817 certe

2289 855 2606 909 monasterii
2622 854 2795 910 teneri
2815 854 3168 923 conspiciens,
3187 855 3473 923 quemdam
3490 853 3902 909 subdiaconum

2291 941 2360 997 ab
2388 943 2589 998 intimis
2628 944 2996 1013 egredientem
3039 954 3201 1015 atque
3243 945 3587 1000 cubiculariis
3614 945 3902 1000 dicentem

2290 1034 2495 1089 audivit
2526 1054 2539 1087 :
2572 1034 2859 1091 Extendite
2885 1050 3031 1104 eum,
3069 1044 3124 1090 et
3161 1052 3285 1090 cum
3315 1037 3704 1107 quinquaginta
3735 1037 3760 1072 ά
3794 1052 3902 1089 ru-

2289 1124 2456 1183 bricis
2476 1135 2743 1195 ventrem,
2766 1126 3099 1197 totidemque
3119 1127 3337 1184 dorsum
3358 1127 3701 1183 fornicatoris
3723 1136 3899 1196 atque

2290 1220 2536 1289 sacrilegi
2560 1208 2861 1291 presbyteri
2893 1220 3192 1274 verberate.
3218 1220 3456 1287 Quarum
3487 1221 3769 1276 doloribus
3795 1236 3893 1274 rev

2289 1324 2419 1365 vera
2455 1310 2738 1381 presbyter
2768 1309 2880 1379 jam
2935 1308 3243 1365 febricitans
3272 1312 3562 1377 excitatus,
3595 1311 3663 1365 ad
3692 1326 3896 1365 mona-

2280 1402 2511 1463 sterium
2559 1402 2769 1458 caballo
2798 1402 3103 1472 impositus,
3148 1401 3337 1456 dextra
3383 1402 3623 1470 laevaque
3651 1402 3719 1455 ab
3769 1400 3898 1455 aliis

2289 1503 2626 1552 sustentatus
2640 1496 3247 1564 recucurrit,reatussui
3276 1496 3601 1551 sententiam
3631 1494 3897 1549 fratribus

2296 1586 2573 1655 indicavit,
2604 1597 2659 1642 et
2681 1587 3038 1644 invisibilibus
3062 1587 3377 1643 verberibus
3397 1588 3496 1643 sub
3516 1587 3681 1643 febris
3706 1588 3897 1657 specie

2289 1678 2539 1746 laniatus,
2571 1678 2702 1733 nihil
2729 1678 2873 1733 aliud
2914 1678 3096 1734 dicere
3124 1688 3360 1749 poterat,
3392 1679 3495 1733 nisi
3529 1696 3543 1732 :
3581 1689 3603 1715 ο
3635 1678 3893 1745 Domine,

595 1773 856 1829 continuo
885 1771 1076 1827 melius
1102 1770 1448 1825 refecturum.
1482 1768 1607 1824 Mox
1640 1784 1820 1825 comes
1852 1769 2126 1825 humiliter
2154 1784 2185 1824 a
2214 1781 2264 1842 Β
2290 1770 2509 1839 reficio;
2544 1772 2789 1837 Domine,
2823 1768 3027 1827 reficio.
3058 1771 3302 1854 Cumque
3330 1774 3760 1841 interrogaretur
3788 1788 3896 1827 cur

592 1865 908 1923 monasterii
946 1864 1183 1919 claustro
1220 1862 1518 1928 secedens,
1561 1862 1629 1917 ad
1666 1862 1884 1917 domum
1914 1863 2059 1919 Petri
2088 1861 2184 1917 filii

592 1958 868 2028 quondam
895 1954 1077 2011 Caroli
1102 1970 1223 2009 cum
1258 1954 1508 2009 omnibus
1545 1955 1656 2009 suis
1684 1954 1975 2019 concessit;
2011 1970 2187 2024 neque

591 2050 819 2105 ulterius
862 2050 915 2103 in
967 2047 1157 2103 eodem
1206 2047 1538 2102 monasterio
1588 2046 1875 2117 hospitium
1924 2048 2023 2102 sibi
2070 2048 2185 2103 dari

589 2144 877 2197 concessit.
928 2138 1165 2193 lndultus
1210 2153 1341 2192 vero
1386 2139 1441 2191 in
1486 2138 1648 2193 domo
1692 2137 1933 2206 ejusdem
1986 2136 2182 2209 Sergii,

587 2232 832 2304 magistri
875 2232 1129 2293 militum,
1181 2230 1470 2285 derelictus
1512 2231 1779 2300 disperiit,
1829 2231 2037 2299 sibique
2062 2248 2186 2286 san-

587 2333 751 2383 ctum'
774 2324 1081 2395 apostolum
1108 2322 1455 2393 pratvaluisse
1505 2338 1604 2377 suo
1646 2323 1813 2393 ipsius
1862 2323 2185 2379 detrimento

586 2418 929 2474 monstravit.
1338 2460 1343 2463 .

666 2511 825 2581 185
862 2510 953 2565 97.
978 2509 1159 2580 Nuper
1183 2507 1493 2563 Dominicus
1512 2505 1730 2574 quidam
1754 2506 2053 2577 presbyter,
2086 2508 2187 2562 za-

588 2599 775 2657 charta
815 2598 1091 2669 episcopo,
1141 2598 1208 2651 de
1247 2612 1354 2667 quo
1384 2594 1637 2665 praefatus
1680 2609 1817 2661 sum,
1869 2594 2184 2664 Grcgoriani

588 2691 903 2747 monasterii
934 2705 1118 2744 curam
1144 2696 1385 2760 gerente,
1414 2687 1734 2757 praepositus
1762 2688 1967 2742 exstitit
1996 2703 2185 2742 mona-

585 2783 765 2848 sterii;
808 2782 899 2851 qui
950 2781 1130 2837 carnis
1179 2779 1469 2849 fragilitate
1505 2787 1811 2849 corruptus,
1856 2778 2183 2849 Eupra‘xiam

583 2875 871 2946 quamdam
915 2872 1383 2929 sanctimonialem
1413 2886 1444 2924 a
1473 2870 1805 2926 monasterio
1851 2872 2020 2926 sancti
2068 2872 2180 2926 An-

582 2966 725 3024 dreae
763 2965 1013 3036 apostoli,
1043 2965 1187 3033 quod
1213 2965 1513 3034 appellatur
1543 2975 1569 3002 ι
1600 2964 1782 3021 Clivus
1808 2965 2018 3032 Scauri,
2048 2966 2179 3021 diri-

579 3056 699 3127 puit
724 3056 812 3111 vel
856 3054 1129 3120 subduxit,
1164 3062 1221 3109 et
1249 3055 1300 3107 in
1331 3054 1550 3123 regione
1582 3062 1789 3124 septem
1818 3056 2025 3111 viarum
2058 3058 2180 3112 loco

2292 1864 2397 1919 hoc
2427 1872 2536 1918 tam
2566 1861 2877 1933 frequenter
2905 1871 3193 1932 repeteret,
3225 1864 3439 1919 dicebat
3482 1878 3543 1918 se
3577 1864 3676 1919 sub
3713 1864 3896 1917 conti-

2293 1970 2402 2010 nuo
2430 1955 2657 2010 verbere
2685 1968 2933 2021 gemere;
2965 1954 3148 2022 sicque
3177 1965 3332 2009 sexto
3358 1954 3446 2009 die
3475 1955 3575 2009 sub
3605 1955 3707 2008 hac
3732 1954 3895 2008 mise-

2291 2045 2448 2101 rabili
2476 2058 2611 2100 voce
2638 2043 2924 2098 defunctus
2970 2052 3071 2098 est.
3104 2042 3378 2114 Siquidem
3427 2043 3673 2113 plurimis
3720 2043 3893 2097 docu-

2292 2136 2489 2191 mentis
2506 2136 2793 2204 probatum
2822 2142 2906 2189 est
2933 2134 2986 2188 in
3016 2132 3205 2189 eodem
3237 2133 3530 2189 venerabili
3554 2134 3893 2188 monasterio

2290 2226 2662 2283 fornicationis
2688 2226 3010 2295 contagione
3037 2224 3271 2297 pollutos
3310 2224 3401 2280 diu
3429 2226 3726 2280 subsistere
3760 2240 3889 2279 om-

2292 2320 2419 2373 nino
2442 2335 2548 2373 non
2577 2334 2757 2388 posse.

2362 2422 2451 2476 98.
2484 2421 2602 2487 Quo
2634 2420 2841 2475 scilicet
2869 2420 3127 2476 hactenus
3157 2420 3291 2476 libra
3320 2419 3605 2489 omnisque
3633 2434 3890 2475 mensura

2290 2526 2451 2580 quam
2479 2512 2619 2566 idem
2652 2512 2847 2565 beatus
2874 2510 3163 2580 Gregorius
3190 2512 3419 2567 instituit
3448 2528 3571 2567 eum
3595 2512 3781 2567 modio
3809 2529 3891 2567 re-

2289 2611 2556 2667 servatur,
2598 2603 2666 2657 de
2687 2602 2839 2669 cujus
2864 2618 3115 2656 mensura
3142 2603 3183 2657 si
3217 2604 3337 2672 quis
3367 2602 3432 2657 ad
3464 2618 3600 2673 Opus
3620 2614 3891 2658 monaste-

2290 2693 2355 2748 rii
2378 2708 2542 2762 panes
2566 2692 2694 2745 velit
2714 2692 2950 2757 efficere,
2975 2692 3190 2761 triginta
3217 2702 3272 2747 et
3297 2694 3535 2763 quinque
3556 2693 3709 2757 fiunt,
3740 2693 3758 2732 ί
3784 2695 3891 2749 sin-

2287 2783 2396 2851 guli
2436 2782 2699 2836 duntaxat
2727 2782 2888 2835 trium
2920 2782 3209 2848 librarum;
3252 2784 3297 2841 si
3337 2786 3457 2855 quis
3494 2800 3625 2839 vero
3655 2785 3722 2840 ad
3753 2802 3891 2856 opus

2289 2872 2542 2940 alterius,
2574 2870 2643 2925 ad
2677 2872 2930 2927 eumdem
2973 2888 3254 2927 numerum
3298 2889 3571 2941 nunquam
3606 2875 3885 2944 pertingit.

2288 2962 2442 3028 Quod
2470 2978 2592 3016 cum
2642 2962 2899 3031 prmfatus
2947 2962 3233 3018 Zacharias
3276 2964 3560 3034 episcopus
3589 2981 3688 3034 pro
3734 2973 3889 3021 certo

2284 3055 2449 3108 vellet
2469 3053 2763 3120 addiscere,
2790 3069 2889 3116 pro
2911 3054 3233 3108 celebranda
3255 3056 3412 3125 186
3434 3054 3728 3109 festivitate
3740 3056 3886 3111 beati

581 3147 673 3217 qui
704 3146 900 3201 dicitur
928 3144 1143 3215 Vipera,
1169 3146 1477 3201 collocavit.
1506 3146 1605 3200 Cui
1630 3162 1751 3201 cum
1770 3158 2021 3218 corrupta
2051 3165 2172 3204 sau-
2208 3173 2253 3236 ρ
2286 3144 2513 3200 Andrere
2540 3145 2771 3215 apostoli
2801 3144 2991 3199 decem
3037 3145 3338 3200 modiorum
3382 3146 3546 3200 tritici
3575 3161 3886 3201 mensuram

581 3238 933 3305 ctimonialis,
977 3238 1101 3306 quia
1130 3238 1379 3292 latrinam
1408 3247 1464 3294 et
1492 3240 1703 3294 furnum
1728 3243 2037 3310 contiguum
2068 3260 2177 3300 non

582 3328 841 3393 habebat,
871 3328 1064 3383 crebro
1093 3328 1365 3383 videretur
1394 3344 1513 3385 esse
1542 3330 1789 3397 molesta,
1812 3333 1997 3389 infelix
2024 3352 2177 3405 pres-

581 3419 741 3489 byter
768 3426 1047 3488 peccatum
1088 3428 1312 3489 peccato
1359 3431 1706 3490 connectens,
1738 3434 1798 3479 ut
1825 3431 2179 3486 meretricula:

581 3508 802 3580 placere
844 3509 1128 3579 potuisset,
1180 3510 1396 3565 beatum
1427 3512 1745 3581 Gregorium
1774 3534 1883 3572 non
1911 3524 2181 3577 recusavit

582 3599 879 3657 offendere.
916 3600 1083 3670 Cujus
1109 3601 1393 3667 mirabilis,
1442 3604 1605 3660 immo
1646 3607 1984 3664 saluberrimi
2013 3611 2180 3669 fontis

580 3691 724 3761 ligna
747 3690 774 3729 ιι
802 3691 1116 3761 tegulasque
1136 3692 1413 3762 diripiens,
1440 3710 1711 3751 secessum
1733 3707 1787 3753 et
1808 3700 2023 3755 furnum
2050 3718 2173 3772 pro-

578 3783 785 3840 stitutae
816 3783 1027 3838 femina:
1055 3799 1163 3839 non
1192 3785 1403 3840 erubuit
1447 3784 1732 3843 fabricare.
1785 3790 1988 3857 Quibus
2017 3809 2175 3863 pera-

578 3874 704 3940 ctis,
736 3890 857 3930 cum
884 3876 1132 3944 sequenti
1158 3885 1319 3932 nocte
1341 3877 1451 3947 jam
1478 3880 1719 3936 securior
1747 3897 1777 3935 a
1807 3886 2043 3952 querelis
2071 3888 2177 3944 las-

579 3964 714 4021 eivae
755 3964 993 4019 mulieris
1039 3965 1093 4019 in
1143 3966 1332 4021 eadem
1362 3967 1526 4023 domo
1551 3969 1831 4037 dormiret,
1861 3974 1994 4028 vidit
2039 3975 2175 4033 duos

577 4053 839 4124 quosdam
867 4054 1133 4110 terribiles
1162 4056 1520 4113 cubicularios
1548 4074 1607 4113 se
1636 4061 1812 4129 ligatis
1832 4064 2079 4120 manibus
2104 4068 2172 4120 ad

577 4146 889 4202 venerabile
919 4148 1304 4202 monasterium
1352 4149 1691 4205 reducentes.
1745 4151 1893 4217 Quos
1939 4155 2173 4211 interro-

577 4249 731 4305 gans,
762 4234 916 4303 cujus
944 4245 1215 4307 przecepto
1258 4239 1361 4293 sibi
1390 4240 1519 4293 talia
1541 4240 1802 4311 facerent,
1836 4245 2038 4303 audivit
2068 4250 2172 4304 hoc

578 4325 886 4382 Romanum
916 4328 1222 4397 pontificem
1254 4333 1592 4403 praecepisse.
1646 4334 1808 4391 Forte
1838 4345 1967 4395 tunc
2007 4340 2169 4395 Joan-

577 4435 697 4487 nes,
722 4431 921 4476 sancta:
949 4422 1092 4478 sedis
1120 4426 1433 4493 apostolica:
1464 4426 1729 4495 pontifex,
1758 4438 1945 4486 contra
1976 4433 2165 4488 Sarra-

577 4524 837 4570 cenorum
864 4513 1110 4570 incursus
1136 4514 1318 4570 littora
1350 4518 1700 4586 peragrabat;
1735 4521 1886 4590 cujus
1910 4523 2165 4581 absentiae

575 4604 769 4674 ligatus
807 4605 1089 4677 presbyter
1115 4606 1449 4672 recordatus,
1485 4608 1816 4679 increpando
1845 4613 2120 4682 subjunxit
2149 4634 2161 4669 :

576 4695 836 4751 Dominus
874 4713 1010 4767 papa
1046 4697 1220 4767 pridie
1249 4706 1438 4752 contra
1464 4699 1796 4757 Sarracenos
1822 4707 2080 4773 perrexit,
2114 4717 2169 4763 et

578 4800 674 4840 vos
701 4786 969 4856 quomodo
999 4788 1180 4844 dicitis
1206 4788 1350 4857 quod
1381 4788 1494 4857 ipse
1518 4806 1605 4846 me
1630 4792 1779 4860 ligari
1807 4794 2044 4863 jusserit,
2075 4799 2167 4866 qui

576 4891 699 4930 eum
739 4886 929 4946 postea
972 4893 1080 4934 non
1111 4874 1352 4935 vidistis?
1381 4880 1450 4933 At
1481 4880 1556 4935 illi
1582 4881 1834 4938 dixerunt
1869 4904 1880 4937 :
1913 4886 1969 4939 Si
1997 4885 2167 4943 Joan-

576 4982 672 5023 nes
701 4982 837 5037 papa
867 4968 991 5025 hinc
1017 4970 1164 5037 abiit,
1198 4980 1417 5027 sanctus
1445 4971 1735 5043 Gregorius
1763 4976 1853 5032 hic
1882 4982 2165 5047 remansit,

647 5116 681 5187 ξι.
703 5106 874 5187 _Abe§_t
894 5109 1063 5187 Clivus
1084 5110 1275 5166 Scauri
1293 5127 1325 5169 a
1348 5114 1619 5171 nonnullis
1645 5115 1770 5172 Mss.
1805 5116 1860 5171 lu
1882 5117 2163 5187 German.,

576 5176 789 5232 Glibbus
814 5178 1023 5233 Scauri.

642 5247 670 5286 δ
704 5247 985 5322 Uticensis,
1021 5250 1342 5322 tabulasque.

597 5388 627 5400 η
646 5329 669 5357 ε
705 5319 905 5386 Certis,
934 5331 1101 5400 court,
1130 5319 1333 5400 courlil.
1368 5326 1522 5400 Saepe
1549 5328 1869 5400 _in_antiquis
1898 5330 2165 5400 diploma-

571 5390 713 5472 tibus
756 5393 1060 5472 prtesertim
1105 5396 1358 5450 occurrit.
1410 5390 1566 5467 A'pud
1594 5390 1912 5468 ,Marti'alem
1954 5390 2164 5472 legitur

569 5458 667 5515 lib.
696 5458 793 5527 vni,
824 5461 963 5531 epig.
994 5460 1084 5517 30.

492 5578 495 5579 ,
822 5530 996 5581 Rauca:
1022 5535 1174 5583 cortis
1195 5546 1311 5585 aves
1335 5545 1386 5586 et
1412 5551 1501 5587 ova
1525 5543 1753 5588 matrum.

570 5589 875 5675 _Aliquando
914 5596 1485 5675 slumitnrnprofamilia
1507 5608 1573 5675 _ct
1603 5601 1764 5675 domo
1793 5604 1960 5657 etiam
1990 5607 2156 5675 regia.

570 5662 629 5715 lu
660 5663 906 5745 capitulis.
929 5662 1107 5721 Caroli
1133 5662 1281 5745 Calvi
1310 5683 1429 5739 cap.
1458 5670 1526 5723 14
1554 5688 1568 5745 ς
1594 5673 1713 5736 quin
1732 5675 1901 5740 potius
1928 5662 2162 5731 habeatis

570 5730 1052 5813 “defui/idenm
1080 5748 1128 5792 et
1157 5736 1364 5793 honeste
1379 5730 1505 5797 'cum
1528 5730 1973 5813 domesticagcortc
1997 5730 2159 5801 vestra

573 5810 783 5858 autem:
811 5810 992 5860 viuere.
1814 5810 1826 5817 ’
2159 5830 2163 5835 ·

178 6184 601 6433 Δ
840 6432 871 6435 _

2197 4563 2249 4620 Ι)

2283 3234 2579 3305 pistoribus
2607 3233 2786 3297 dedit;
2828 3248 2859 3288 e
2884 3235 3077 3303 quibus
3106 3249 3204 3304 pro
3236 3234 3481 3290 undecim
3512 3236 3705 3290 modiis
3746 3236 3885 3291 mul-

2285 3323 2579 3393 tiplicatos,
2606 3323 3114 3393 obstupescentibus
3144 3323 3346 3379 eisdem
3372 3324 3682 3394 pistoribus,
3715 3341 3885 3395 panes

2283 3416 2507 3483 recepit.
2540 3414 2642 3479 Qui
2689 3414 2875 3482 utique
2901 3413 3131 3469 sollicite
3167 3414 3314 3484 prius
3363 3414 3786 3483 dinumerantes,
3836 3419 3883 3472 si

2283 3502 2589 3570 superﬂuos
2624 3502 2829 3571 aliquot
2871 3501 3217 3568 invenissent,
3269 3504 3372 3559 sibi
3418 3506 3777 3574 proculdubio
3805 3524 3883 3563 re-

2284 3598 2583 3647 servarent.

2354 3686 2439 3739 99.
2490 3686 2631 3744 Sane
2660 3702 2822 3758 quam
2868 3689 3179 3760 frequenter
3217 3692 3405 3751 beatus
3435 3694 3725 3765 Gregorius
3773 3708 3880 3753 tam

2280 3775 2388 3830 illic
2433 3792 2595 3851 quam
2626 3779 2680 3833 in
2723 3781 3091 3849 apostolorum
3137 3782 3392 3850 basilicis,
3447 3802 3657 3842 necnon
3708 3789 3763 3843 in
3794 3805 3880 3859 pa-

2278 3876 2533 3932 triarchio
2580 3892 2723 3932 nunc
2751 3878 3045 3935 exhortans
3073 3880 3345 3945 innoxios,
3378 3898 3520 3939 nunc
3548 3899 3679 3940 vero
3701 3886 3878 3943 deter-

2278 3989 2403 4029 rens
2434 3986 2457 4022 ε
2487 3977 2772 4041 obnoxios,
2798 3977 2851 4030 in
2880 3977 2993 4047 ipsa
3025 3994 3134 4032 sum
3163 3980 3483 4046 cognitionis
3512 3980 3687 4051 efﬁgie
3721 4000 3876 4055 appa-

2277 4071 2474 4131 rescat,
2504 4064 2628 4132 quia
2667 4080 2807 4119 nunc
2835 4081 3057 4121 narrare
3088 4082 3195 4121 non
3223 4069 3399 4136 valeo,
3433 4070 3522 4125 hic
3563 4072 3721 4141 hujus
3750 4092 3875 4144 ope-

2276 4152 2376 4216 ris,
2410 4153 2831 4209 adminiculante
2878 4156 3125 4221 Domino,
3161 4159 3449 4213 terminum
3478 4162 3651 4229 facio,
3680 4174 3733 4218 et
3759 4167 3875 4221 reli-

2274 4256 2380 4309 qua
2402 4242 2640 4311 ejusdem
2666 4243 2839 4299 Patris
2861 4245 3121 4301 miracula
3154 4257 3277 4317 post
3302 4264 3390 4303 me
3418 4249 3751 4309 doctioribus
3771 4272 3874 4310 me-

2274 4352 2424 4390 mora
2435 4338 2536 4391 nda
2558 4338 2826 4409 relinquo.
2852 4340 3021 4410 Cujus
3040 4344 3291 4398 nimirum
3305 4347 3610 4401 venerabile
3625 4349 3872 4402 meritum

2272 4443 2555 4497 quousque
2582 4432 2767 4485 mundi
2791 4431 2950 4499 hujus
2990 4436 3165 4489 orbita
3193 4437 3447 4502 volvitur;
3480 4447 3680 4494 utcqu
3708 4442 3873 4495 Paulo

2274 4517 2389 4571 viro
2420 4518 2776 4575 disertissimo
2815 4520 3006 4588 fatear,
3043 4540 3261 4593 semper
3302 4528 3535 4597 accipiet
3569 4529 3872 4585 incremen-

2275 4618 2387 4664 tum
2423 4630 2433 4664 :
2469 4613 2595 4680 quia
2628 4615 2792 4683 ipsius
2823 4616 2967 4675 sine,
2987 4617 3149 4673 dubio
3190 4624 3374 4691 gratia:
3414 4624 3737 4680 adscribitur
3787 4626 3869 4681 vel

2275 4703 2420 4770 quod
2451 4705 2745 4774 Anglorum
2778 4707 3017 4764 Ecclesia
3052 4727 3189 4765 nova
3221 4729 3437 4784 semper
3466 4717 3655 4772 sobole
3686 4721 3869 4773 fecun-

2276 4793 2454 4862 datur,
2490 4797 2571 4850 vel
2612 4800 2755 4867 quod
2790 4801 2931 4855 illius
2957 4803 3219 4858 doctrinis
3252 4804 3275 4842 ¹¹
3308 4822 3405 4877 per
3435 4810 3621 4865 orbein
3652 4790 3866 4867 univer-

2276 4901 2393 4941 sum
2424 4886 2575 4940 multi
2615 4903 2713 4956 per
2741 4900 3019 4959 peccatum
3048 4896 3285 4965 elongati
3314 4898 3382 4952 ad
3418 4901 3617 4957 Christi
3647 4902 3867 4957 clemen-

2278 4974 2409 5028 tiam
2431 4985 2795 5047 revertuntur,
2830 4983 2914 5036 vel
2938 4984 3079 5051 quod
3100 4986 3227 5040 boni
3254 4988 3454 5057 quique
3474 4990 3641 5060 ipsius
3669 4993 3867 5047 suasio~

2348 5114 2371 5151 ἀ
2406 5115 2509 5203 Per
2536 5120 2769 5203 rubricas
2793 5121 3127 5203 fortasseliic
3148 5127 3399 5203 intelligit
3421 5132 3645 5203 verbera
3673 5134 3863 5203 quibus

2278 5197 2693 5259 cruentarentur
2724 5202 2910 5247 venter
2936 5203 2989 5248 et
3017 5197 3234 5252 dorsum
3262 5197 3553 5259 fornicarii.

2349 5268 2377 5339 '_
2404 5257 2577 5339 Bigot.
2597 5302 2611 5325 ,
2644 5261 2867 5339 Domine
2896 5264 3097 5339 deﬁcio.
3132 5269 3302 5334 Quam
3332 5257 3619 5327 lectionem
3662 5276 3860 5330 conﬁr-

2273 5336 2386 5408 mat
2431 5332 2668 5397 ejusdem
2713 5332 3006 5405 presbyteri
3048 5332 3325 5408 responsio
3360 5359 3374 5394 :
3407 5359 3462 5396 se
3500 5342 3592 5396 sub
3622 5347 3860 5401 continuo

2273 5397 2476 5471 verbere
2508 5397 2727 5471 gemere:

2306 5468 2705 5594 υἶηὲίξγὲθηπη
2735 5475 2865 5545 Βθῧυ
2891 5485 2945 5533 εἴ
2966 5478 3162 5548 Βίεθιη
3198 5484 3524 5553 singillatim.
3560 5484 3726 5553 Utic.,
3750 5489 3858 5543 sin-

2272 5556 2505 5608 gttlllllm.
3018 5594 3021 5597 »

2280 5690 2320 5696 Α
2345 5611 2571 5696 ειΙίρηοι
2593 5631 2750 5685 supra
2773 5632 2898 5696 cap,
2917 5619 3001 5681 96,
3034 5621 3283 5696 obnoxius
3306 5629 3596 5696 opponitur
3622 5630 3856 5695 innoxio,

2269 5683 2614 5807 alii)
2638 5683 2759 5740 eum
2786 5683 3122 5761 qui'propter
3142 5683 3357 5763 culpam
3377 5683 3440 5753 ac
3461 5683 3672 5755 reatum
3690 5683 3858 5772 piens;

2424 5772 2440 5805 ,ι
2468 5772 2545 5807 lLit
2579 5773 2657 5807 IIS.

2424 5772 2657 5821 iugulus.

2342 5825 2365 5859 υ
2399 5823 2562 5879 Abest
2590 5843 2619 5879 a
2643 5827 2789 5892 Mss.,
2824 5848 2913 5897 per
2942 5832 3115 5888 orbem
3146 5840 3458 5894 universum.
3550 5824 3557 5830 ’
