4138 6444
218 470 327 527 2H

744 473 801 529 S.
845 473 1168 531 GREGOR-H
1208 476 1419 533 MAGNI
1456 477 1637 545 VITA,
1683 478 1775 533 EX
1816 479 1977 541 E-JUS
2014 478 2318 536 SCRIPTIS
2357 480 2747 536 ADORNATA.
2788 481 2915 536 LIB.
2960 482 2998 535 1.

3394 483 3504 539 242

215 582 383 638 nibus
410 579 723 638 inﬂammati
751 585 1024 642 caelestem
1057 590 1284 658 patriam
1314 590 1681 647 desideranter
1720 592 1804 646 in-
1833 597 1885 655 Α
1912 591 2229 662 Gregorius,
2273 595 2566 652 comitante
2603 612 2787 654 secum
2814 599 3160 655 dextrorsum
3190 599 3501 655 reverenda

214 674 469 743 quirunt.

295 767 421 822 100.
454 767 619 835 Ecce,
654 776 894 825 stuutose
924 772 1258 841 pontiﬁcum,
1286 774 1545 843 jussionis
1582 783 1686 829 tua:
1710 776 1822 829 vir-

217 867 343 914 tute
382 870 621 927 coactus,
662 860 787 914 dum
821 864 1065 931 quaedam
1094 874 1366 934 gestorum
1399 866 1543 921 beati
1570 865 1820 937 Gregorii

218 949 640 1021 praedecessoris
667 953 766 1020 tui,
788 952 1064 1009 Saxonum
1096 956 1543 1027 videlicetjgentis
1566 961 1819 1030 apostoli,

217 1039 493 1094 deﬂorare
515 1041 781 1106 desidero,
811 1045 983 1099 virum
1006 1045 1262 1117 descripsi
1284 1049 1612 1105 rhetoricum
1642 1053 1818 1121 scrip-

220 1138 311 1184 tor
342 1132 579 1199 ignarus.
621 1133 726 1189 Sed
770 1135 1033 1204 deprecor
1071 1145 1130 1191 ut
1169 1153 1231 1192 ea
1261 1140 1571 1195 curiositate
1600 1156 1705 1210 qua
1733 1156 1820 1198 me

217 1222 425 1277 dudum
450 1224 563 1278 haec
583 1224 875 1295 decerpere
892 1227 1150 1296 iusseras,
1175 1229 1241 1283 ad
1270 1233 1528 1296 omnium,
1560 1233 1697 1287 sicut
1718 1248 1820 1289 ca:-

222 1317 376 1385 pisti,
418 1314 582 1371 facias
613 1321 894 1387 pervenire
917 1322 1162 1375 notitiam
1188 1341 1200 1375 :
1233 1332 1292 1377 ut
1323 1324 1374 1378 in
1405 1340 1471 1379 eo
1494 1326 1635 1393 quod
1665 1342 1819 1381 sacro

218 1420 416 1465 sancto
445 1420 625 1467 vestro
660 1412 861 1480 judicio
892 1416 1157 1485 placuisse
1194 1433 1282 1472 me
1308 1419 1535 1486 gaudeo,
1559 1421 1690 1475 nulli
1720 1436 1817 1491 pe-

221 1503 372 1557 nitus
402 1503 775 1572 dijudicandus
813 1508 1058 1575 addicar,
1101 1511 1230 1578 quin
1260 1513 1439 1580 potius
1481 1514 1817 1581 judicaturus

222 1593 491 1649 inveniar.
524 1595 798 1664 Siquidem
829 1601 1135 1669 nuperrime
1150 1603 1368 1672 quando
1396 1605 1538 1658 hunc
1566 1616 1817 1673 quartum

164 1685 173 1690 ’
220 1684 454 1751 librum,
514 1697 842 1755 cooperante
888 1690 1153 1757 Domino,
1202 1693 1451 1748 claudere
1496 1697 1812 1764 gestiebam,

221 1784 387 1831 nocte
422 1793 527 1847 qua
560 1777 851 1834 Dominicm
884 1781 1310 1839 Resurrectionis
1340 1784 1457 1840 dies
1493 1788 1816 1843 venerabilis

222 1866 597 1935 illucescebat,
624 1871 678 1924 in
701 1875 905 1928 somnis
930 1874 1262 1944 describens,
1290 1878 1504 1947 quidam
1525 1881 1624 1935 sub
1641 1880 1817 1948 eﬂigie

222 1958 503 2025 cujusdam
560 1962 755 2016 veteris
809 1964 1140 2020 insidiatoris
1201 1968 1377 2036 palam
1425 1969 1713 2024 videndum
1756 1986 1817 2027 se

220 2049 474 2119 praebuit,
500 2059 553 2104 et
574 2052 953 2109 candidissima
988 2056 1165 2111 tunica
1192 2058 1457 2126 simulque
1478 2061 1813 2127 tenuissima,

223 2138 379 2207 cujus
426 2140 675 2195 nimirum
720 2144 943 2199 raritate
988 2146 1208 2213 nigredo
1259 2148 1575 2205 subterioris
1622 2153 1815 2206 tunica:

222 2230 605 2296 translucebat,
649 2233 1055 2289 sacerdotaliter
1098 2236 1379 2305 insignitus
1426 2256 1553 2293 mox
1594 2244 1816 2310 propius

221 2320 454 2389 adstitit,
481 2329 535 2376 et
572 2321 767 2377 inﬂatis
787 2325 967 2381 buccis
992 2328 1157 2381 risum
1182 2331 1461 2384 continere
1484 2347 1590 2386 non
1616 2335 1808 2401 potuit.

220 2410 321 2467 Cui
352 2413 477 2467 dum
508 2416 746 2470 curulem
780 2434 1079 2487 praeparare
1119 2422 1433 2489 cogitarent,
1468 2425 1610 2479 hunc
1648 2441 1815 2496 supra

220 2505 444 2560 modum
477 2509 891 2565 cachinnantem
922 2514 1277 2582 conspiciens,
1310 2517 1637 2587 compellare
1664 2518 1813 2571 vide-

220 2598 320 2653 bar
348 2602 698 2669 quamobrem
728 2612 993 2658 nocturno
1023 2606 1235 2661 silentio
1261 2598 1703 2679 tam‘petulanter
1730 2612 1813 2665 vir

218 2690 384 2745 officii
408 2693 668 2759 gravioris
698 2706 1079 2766 perstreperet.
1112 2696 1181 2751 At
1210 2698 1318 2763 ille,
1353 2701 1495 2767 quia,
1529 2702 1718 2769 inquit,
1754 2710 1813 2756 tu

217 2780 413 2834 scribis
435 2781 501 2835 de
525 2785 752 2839 mortuis
778 2800 910 2853 quos
932 2786 1178 2841 viventes
1212 2788 1497 2855 aliquando
1535 2807 1811 2859 nunquam

217 2869 415 2922 vidisti.
476 2870 718 2943 Cumque
766 2888 866 2942 ego
918 2884 1067 2930 tanto
1124 2892 1209 2931 me
1259 2880 1503 2934 veracius
1552 2881 1806 2945 scribere,

215 2971 419 3028 quanto
466 2963 793 3033 incognitmn
846 2966 1015 3033 facie,
1071 2985 1179 3023 non
1240 2979 1419 3024 autem
1479 2972 1811 3040 incognitum

216 3054 475 3122 lectione,
508 3059 621 3113 sine
652 3060 762 3113 ullo
806 3071 829 3095 α
878 3061 1063 3115 livoris
1092 3062 1177 3116 vel
1218 3062 1541 3118 adulationis
1562 3067 1690 3120 vitio
1719 3082 1807 3119 re-

219 3148 481 3216 lulissem,
513 3152 790 3220 respondit
824 3171 835 3205 :
871 3152 971 3219 Tu,
1029 3155 1167 3209 sicut
1196 3156 1373 3219 video,
1406 3156 1550 3224 quod
1592 3158 1808 3212 voluisti

217 3237 427 3305 fecisti;
459 3249 513 3294 at
543 3256 641 3310 ego
669 3258 788 3310 quae
814 3246 992 3299 facere
1014 3255 1242 3316 potuero
1268 3263 1376 3303 non
1408 3251 1648 3304 cessabo.
1684 3250 1808 3307 Haec

217 3327 421 3393 dicens,
453 3330 685 3385 lucernae
717 3332 959 3388 ﬂammas
996 3336 1149 3404 cujus
1178 3337 1377 3391 lumine
1423 3336 1564 3394 forte
1590 3340 1810 3395 fruebar

218 3433 437 3488 prorsus
465 3422 760 3488 exstinxit;
791 3431 844 3477 et
872 3423 1125 3495 lychnum
1156 3434 1325 3481 totum
1351 3429 1566 3496 quidem
1596 3432 1803 3486 exstin-

217 3520 380 3576 guere
411 3525 518 3565 non
544 3512 749 3580 potuit;
783 3528 871 3567 me
901 3524 1079 3569 tamen
1109 3516 1161 3569 in
1190 3518 1425 3572 tenebris
1453 3522 1806 3576 constitutum

217 3599 291 3655 ita
320 3604 627 3671 perterruit,
674 3613 732 3658 ut
760 3613 1007 3674 putarem
1040 3622 1125 3663 me
1152 3609 1342 3677 gladiis
1372 3613 1439 3666 ab
1468 3628 1533 3667 eo
1563 3616 1811 3685 protinus

218 3688 465 3759 iugulari.
493 3694 627 3747 Cum
656 3704 781 3763 post
819 3696 1097 3766 paululum
1126 3699 1432 3770 deSperanti
1463 3704 1591 3759 mihi
1619 3707 1811 3762 beatus

294 3812 318 3840 ⁸
354 3802 520 3869 Utic.,
554 3810 769 3877 favoris.

1925 685 2199 739 memoriae
2245 702 2380 756 papa
2433 689 2587 758 187
2640 688 2890 754 Nicolao,
2934 690 3303 746 sinistrorsum
3353 704 3508 758 vero,

1923 779 2063 834 sicut
2089 780 2215 833 mihi
2266 780 2568 845 videbatur,
2599 779 2761 835 Petro
2801 797 2900 837 suo
2932 782 3183 847 diacono,
3213 781 3385 837 multo
3424 781 3510 837 lu-

1923 870 2069 930 mine
2106 870 2430 926 clarilicatus
2485 873 2753 942 apparuit,
2796 873 2979 928 dicens
3027 892 3042 927 :
3092 873 3314 931 Modica;
3359 873 3509 945 ﬁdei,

1924 977 2095 1031 quare
2123 961 2417 1017 dubitasti?
2451 963 2547 1018 Cui
2577 966 2703 1018 dum
2732 977 2831 1033 ego
2874 965 3040 1034 priori
3067 980 3268 1033 pavore
3296 964 3511 1035 percul-

1923 1069 2015 1109 sus
2044 1054 2375 1125 respondere
2422 1071 2529 1111 non
2561 1070 2792 1124 possem,
2840 1056 3136 1110 benevolus
3182 1056 3312 1111 mihi
3354 1064 3512 1127 pater

1922 1146 2173 1203 Nicolaus
2213 1148 2471 1203 latentem
2509 1147 2875 1203 adversarium
2905 1156 3031 1218 post
3073 1148 3359 1215 cortinam,
3390 1164 3510 1218 quae

1923 1250 2051 1295 tunc
2072 1256 2248 1296 meum
2266 1241 2518 1296 lectulum
2534 1240 2921 1305 circumdabat,
2947 1239 3119 1309 digito
3134 1239 3506 1297 manifestans:

1918 1334 2085 1403 quia,
2144 1335 2353 1405 inquit,
2405 1334 2491 1390 hic
2532 1334 2743 1389 invidus
2784 1335 3018 1389 lucernae
3055 1333 3222 1402 ipsius
3263 1331 3511 1389 ﬂammas

1920 1432 2179 1492 quantum
2211 1424 2266 1477 in
2294 1440 2354 1479 se
2385 1424 2484 1477 fuit
2514 1424 2790 1479 exstinxit.
2824 1423 2946 1478 Mox
2975 1422 3267 1492 Gregorius
3294 1438 3514 1477 manum

1920 1513 2151 1581 diaconi,
2195 1529 2300 1584 qua
2342 1528 2592 1582 magnam
2633 1514 2807 1569 facem
2839 1526 3022 1569 tenere
3046 1514 3347 1581 videbatur,
3377 1514 3513 1568 arri-

1919 1604 2094 1673 piens,
2124 1605 2347 1673 ejusque
2376 1604 2606 1661 ﬂammis
2637 1622 2699 1661 os
2728 1606 3030 1676 faciemque
3058 1606 3350 1676 petulantis
3375 1621 3513 1661 exu—

1919 1710 2064 1761 rens,
2107 1696 2175 1750 ad
2202 1698 2370 1751 instar
2410 1697 3038 1768 Ethiopisdenigravit.
3081 1699 3197 1765 Qua
3226 1698 3512 1754 exustione

1920 1786 1986 1840 ab
2033 1802 2128 1841 ore
2172 1788 2464 1857 petulantis
2508 1789 2824 1859 parvissima
2875 1790 3105 1845 scintilla
3155 1789 3510 1857 descendens,

1920 1880 2239 1936 candentem
2271 1883 2505 1939 tunicam
2537 1885 2681 1939 dicto
2710 1885 2870 1939 citius
2905 1884 3286 1953 conﬂagravit;
3323 1886 3515 1955 sicque

1922 1974 2244 2042 nigerrimus
2276 1984 2420 2031 totus
2449 1979 2718 2047 apparuit.
2748 1977 2992 2046 Cumque
3031 1979 3288 2032 diaconus
3310 1978 3514 2033 diceret

1921 2065 2051 2120 satis
2102 2066 2465 2121 adversarium
2515 2068 2890 2137 denigratum,
2940 2069 3128 2123 beatus
3171 2067 3511 2137 Gregorius:

1918 2160 2050 2228 Nos,
2080 2161 2174 2227 ait,
2207 2161 2355 2214 illum
2384 2176 2493 2216 non
2522 2160 2955 2231 denigravimus,
2982 2162 3075 2216 sed
3106 2162 3317 2231 nigrum
3347 2159 3513 2216 fuisse

1921 2253 2354 2308 monstravimus.
2406 2255 2564 2324 188
2595 2253 2796 2309 Deinde
2836 2253 3192 2309 infortunium
3224 2267 3404 2307 meum
3429 2252 3513 2308 di-

1917 2345 2088 2399 versis
2115 2345 2580 2400 consolationibus
2602 2346 2940 2414 exhortatus,
2972 2345 3226 2402 abcessit.
3249 2344 3313 2399 Et
3337 2346 3512 2401 facem

1917 2438 2134 2506 quidem
2164 2453 2351 2493 secum
2402 2438 2614 2504 detulit,
2670 2439 2765 2493 sed
2798 2448 2947 2493 tanto
2979 2439 3179 2492 lumine
3226 2439 3402 2493 locum
3454 2439 3510 2493 in

1916 2545 2024 2599 quo
2054 2530 2387 2584 dormiebam
2416 2544 2604 2583 revera
2636 2528 2930 2598 fulgentem
2958 2528 3178 2594 dimisit,
3229 2539 3288 2583 ut
3311 2544 3509 2599 exper-

1916 2624 2175 2692 gefactus,
2209 2638 2405 2691 pueros
2432 2630 2556 2676 ante
2595 2637 2682 2676 me
2710 2623 3041 2677 dormientes
3069 2621 3311 2677 crebrius
3340 2621 3508 2676 incla-

1916 2729 2153 2777 marem;
2187 2728 2287 2767 nec
2315 2721 2438 2766 ante
2461 2712 2751 2780 quidquam
2773 2712 2874 2767 sub
2900 2712 3052 2780 gravi
3072 2727 3268 2782 sopore
3290 2726 3509 2781 quoquo

1916 2804 2077 2857 modo
2120 2803 2536 2871 responderent,
2585 2811 2678 2856 aut
2726 2816 2946 2871 surgere
2977 2803 3300 2872 potuissent,
3348 2816 3509 2870 quam

1916 2895 2117 2948 relicta:
2144 2893 2281 2947 lucis
2325 2895 2483 2963 copia
2524 2894 2781 2963 paulatim
2820 2908 2878 2948 se
2908 2894 3251 2958 subtrahens,
3294 2893 3511 2962 penitus

1916 2986 2230 3042 efﬂuxisset.
2267 2985 2335 3038 At
2358 2986 2423 3039 de
2452 2986 2535 3041 his
2555 2984 2697 3040 Deus
2722 2986 2916 3040 viderit
2942 3004 2953 3037 :
2985 2999 3086 3052 ego
3114 2993 3297 3039 tamen
3318 2984 3510 3039 divinae

1915 3080 2029 3149 spei
2062 3078 2251 3132 fiducia
2285 3079 2600 3145 roboratus,
2645 3078 2770 3147 quia
2816 3077 3187 3146 Gaudericus,
3225 3079 3511 3148 episcopus

1918 3173 2242 3236 Veliternus,
2274 3172 2600 3241 expostulat,
2647 3171 2717 3225 ad
2746 3172 3066 3227 clementem
3090 3171 3347 3227 Romana:
3368 3171 3510 3227 sedis

1916 3264 2231 3329 antistitem,
2278 3263 2607 3332 suﬂragante
2648 3263 2898 3329 Domino,
2930 3264 3113 3320 stilum
3142 3272 3459 3320 convertam
3493 3282 3507 3317 :

1913 3367 2181 3428 quatenus
2228 3358 2321 3426 qui
2358 3358 2629 3413 continuis
2675 3356 2981 3414 infortuniis
3010 3365 3288 3425 tenuatus,
3319 3357 3509 3415 amicis

1914 3452 2070 3516 meis,
2104 3466 2134 3505 a
2155 3451 2349 3519 quibus
2378 3460 2669 3521 utcumque
2696 3460 2993 3521 sustentor,
3025 3452 3279 3508 meritum
3307 3465 3507 3521 repen-
3606 3454 3611 3463 '

1915 3545 2045 3599 dere
2074 3558 2306 3612 nequeo,
2336 3544 2527 3601 saltem
2557 3544 2722 3602 verba
2761 3560 2881 3617 quae
2908 3545 3065 3603 valeo
3094 3545 3319 3602 minime
3348 3543 3511 3601 dene-

1920 3651 2076 3707 gasse
2102 3651 2422 3707 cognoscar.
3342 3654 3349 3663 ο

223 3938 3510 4004 W

1571 4053 2185 4165 SANCTI

661 4248 2045 4470 GBEGOBII
2128 4265 2885 4477 PAPfE
2976 4278 3074 4481 Ι

1145 4662 1175 4697 .
1626 4574 2161 4731 VITA,

1031 4759 1114 4809 EX
1147 4760 1296 4813 EJUS
1331 4762 1723 4817 POTISSIMUM
1759 4768 2043 4822 SCRIPTIS
2079 4774 2316 4829 RECENS
2348 4778 2715 4833 ADORNATA.

1719 4880 2036 4898 ξ.

1378 4954 1756 5102 LIBER
1828 4960 2361 5102 PRIMUS,

778 5090 937 5168 Ejus
973 5089 1303 5154 historiam
1335 5094 1408 5153 ab
1444 5106 1591 5157 ortu
1622 5100 1705 5161 ad
1729 5119 2030 5164 summum
2059 5089 2500 5188 pontiﬁcatum
2529 5114 2959 5194 complectens.

744 5276 973 5335 CAPUT
1013 5266 1304 5337 PRIMUM.

223 5368 653 5442 Aaounsurgsi‘j
684 5370 724 5419 l.
750 5372 800 5420 S.
826 5373 1053 5442 Gregorii
1094 5377 1564 5442 genus._Gordianus
1589 5381 1695 5440 ejus
1719 5395 1806 5442 pa-

284 5438 381 5480 ter.
401 5458 465 5504 _—-
490 5436 535 5504 ξε
566 5432 718 5504 hister
739 5443 905 5504 sancta
929 5432 1183 5504 Siiviaﬂf
1209 5441 1253 5487 5.
1285 5439 1508 5500 Majores,
1531 5432 1661 5489 inter
1684 5432 1808 5504 quos

282 5501 475 5561 sanctus
500 5494 910 5561 lf?‘i§jtﬂ[=3.—L
930 5500 1120 5561 auritas,
1149 5500 1277 5551 inter
1300 5494 1421 5561 qu'as
1444 5494 1623 5551 sanctae
1648 5494 1801 5553 Thar-

286 5556 397 5622 silla
419 5564 470 5605 et
492 5556 765 5622 Aitniliana.
790 5585 847 5592 -
870 5560 916 5607 ὅ.
944 5556 1165 5609 Fratrem
1194 5556 1379 5613 habuit.
1404 5566 1526 5614 —6.
1555 5566 1659 5622 Quo
1681 5578 1807 5616 anno

282 5617 347 5665 sit
370 5626 526 5688 ortus.
545 5646 592 5688 :—
626 5621 671 5688 7_.
698 5618 842 5688 Ejus_
859 5636 1035 5688 nomen
1063 5626 1176 5688 quid
1204 5627 1465 5688 signiticet.
1487 5654 1549 5665 --
1567 5617 1617 5676 8.
1640 5628 1808 5679 Sancti

283 5691 425 5742 pueri
451 5681 709 5729 institutio.
738 5709 797 5716 —
816 5684 863 5731 9.
889 5684 948 5733 Et
988 5681 1160 5734 studia.
1196 5681 1305 5749 (Αἶι.
1337 5690 1469 5750 ὕ49.)

298 5783 455 5852 199
484 5782 535 5836 1.
569 5784 859 5855 Gregorius
889 5800 1249 5857 cognomento
1282 5793 1504 5864 Magnus
1536 5796 1719 5851 Romae
1751 5797 1808 5851 in

1844 5293 2099 5358 Dlucem
2139 5295 2313 5353 editus
2341 5305 2445 5365 est,
2493 5304 2805 5371 parentibus
2860 5322 2969 5364 non
3016 5310 3193 5367 minus
3219 5316 3509 5384 splendore

1913 5394 1939 5423 ιι
1967 5386 2200 5454 generis,
2226 5404 2386 5458 quam
2417 5406 2623 5467 morum
2653 5394 2965 5466 integritate
3007 5416 3071 5456 ac
3116 5404 3405 5458 sanctitate
3437 5404 3501 5457 il—

1912 5486 2184 5542 lustribus.
2218 5488 2520 5547 Gordianus
2550 5492 2667 5563 ejus
2710 5504 2865 5565 pater
2909 5501 3169 5555 senatorii
3196 5501 3400 5555 ordinis
3426 5501 3509 5555 vir

1914 5589 2278 5646 nobilissimus
2309 5608 2372 5647 ac
2396 5593 2708 5664 ditissimus,
2741 5600 3078 5669 reg-ionarius
3114 5600 3244 5665 fuit;
3270 5602 3378 5656 hoc
3399 5612 3503 5667 est,

1916 5702 1977 5749 ut
2006 5708 2071 5748 ex
2099 5693 2321 5751 Jeannis
2348 5695 2570 5754 Diaconi
2599 5700 2635 5754 Ι.
2667 5717 2743 5771 tv,
2763 5717 2813 5758 e.
2836 5703 2926 5768 85,
2950 5703 3261 5759 narratione
3283 5704 3509 5775 conjicit

1916 5799 2371 5855 eminentissimus
2412 5801 2706 5858 Annalium
2749 5803 3252 5886 Ecclesiasticorum
3284 5822 3501 5876 parens,

292 5902 319 5933 ι
333 5896 661 5991 Aniciorum
704 5899 973 5973 videlicet,
1021 5912 1080 5961 ut
1121 5910 1421 5968 communis
1448 5908 1551 5966 fert
1585 5910 1799 5981 opinio;
1832 5926 1935 5969 nec
1965 5912 2154 5969 abnuit
2188 5919 2373 5970 noster
2398 5912 2741 5972 Mabillonius
2785 5917 2840 5972 in
2887 5918 3138 5977 Annalib.
3185 5916 3390 5979 Bened.
3416 5922 3509 5991 lib,

223 5978 297 6036 Vl,
333 5981 457 6038 pap.
493 5966 615 6024 £65.

1990 6023 2008 6057 ῒ

1977 6066 2009 6087 κ
2054 6082 2087 6087 ηκ.
