4138 6448
616 498 725 558 ets
1080 497 1135 553 s.
1178 491 1506 552 cneconn
1544 493 1758 552 usus:
1798 492 1982 560 vm.
2027 490 2120 549 ex
2165 488 2328 550 stus
2381 490 2689 549 SCRIPTIS
2729 491 3130 550 ADORNATA.
3170 474 3303 551 LIB.
3342 492 3382 548 ι.
3446 502 3451 509 ·
3785 490 3915 551 est

613 613 681 670 ad
707 624 903 667 annum
922 609 1047 675 θοι,
1065 623 1202 665 unus
1228 623 1295 665 ex
1313 616 1521 680 septem
1546 608 1785 665 diaconis
1804 604 2186 670 cardinalibus,
2216 608 2264 666 Α
2294 606 2419 676 plex
2445 606 2532 663 hic
2558 621 2747 664 sensus
2774 610 2944 680 aptari
2967 617 3164 681 potest,
3194 609 3419 675 scilicet,
3445 615 3541 664 aut
3567 610 3916 679 Gregorium

608 706 704 774 qui
730 704 856 759 dicti
887 714 1011 757 sunt
1038 701 1348 770 regionarii,
1374 702 1519 770 quod
1564 701 1728 756 certis
1758 698 1917 756 Urbis
1956 698 2193 768 regioni-
2298 698 2367 753 ab
2406 700 2640 769 antiquis
2689 711 2907 759 senatus
2939 704 3166 760 Romani
3206 704 3539 775 proceribus,
3582 704 3684 761 illis
3732 706 3919 762 nimi-

604 798 707 854 bus
747 795 1163 866 praaﬁcerentur.
1197 795 1266 849 At
1284 810 1415 850 vero
1444 810 1551 849 non
1580 809 1647 849 ex
1676 793 1804 849 solis
1834 791 2072 847 diaconis
2100 804 2191 846 re—

603 890 831 960 gionarii
861 889 1345 953 constituebantur,
1377 888 1472 943 sed
1494 886 1659 943 etiam
1683 902 1751 942 ex
1777 887 2116 942 subdiaconis
2136 896 2193 942 et

605 994 675 1035 ex
705 978 949 1045 notariis,
983 990 1297 1051 posteaque,
1322 978 1585 1048 Gregorio
1616 980 1806 1048 Magno
1836 978 2189 1044 concedente,

601 1089 670 1130 ex
698 1076 1088 1133 defensoribus.
1119 1076 1339 1147 (Regist.
1370 1078 1406 1133 l.
1438 1093 1552 1144 vm,
1582 1095 1663 1147 ep.
1692 1077 1800 1146 Η.)
1832 1077 2005 1131 Verba
2030 1076 2187 1133 Joan.

600 1166 825 1224 Diaconi
854 1167 1103 1234 referam,
1136 1178 1195 1222 ut
1241 1168 1369 1237 quid
1416 1185 1479 1223 ex
1523 1169 1625 1223 illis
1672 1168 2071 1236 intelligendum
2120 1168 2191 1221 sit

600 1258 840 1327 prudens
860 1259 1035 1313 lector
1056 1265 1253 1313 statuat
1286 1276 1298 1310 ε
1333 1257 1399 1311 In
1429 1260 1573 1329 cujus
1596 1258 1894 1313 venerabilis
1923 1268 2189 1311 monaste-

600 1352 668 1404 rii
700 1349 776 1422 (S.
816 1349 1060 1420 Andreae)
1086 1352 1237 1413 atrio,
1264 1352 1414 1421 jussu
1440 1350 1690 1422 Gregorii,
1710 1352 1865 1422 juxta
1890 1352 2191 1421 nymphium

603 1441 721 1495 duce
740 1442 926 1495 iconiae
945 1442 1232 1495 veterrima:
1261 1443 1525 1511 artiﬁciali
1532 1451 1606 1495 ter
1631 1443 1865 1510 depictis,
1884 1458 2039 1513 usque
2060 1442 2189 1494 liac-

605 1540 752 1585 tenus
779 1533 1045 1597 videntur;
1076 1534 1129 1586 in
1168 1550 1383 1603 quarum
1426 1534 1589 1586 altera
1622 1532 1679 1585 Β.
1720 1532 1899 1585 Petrus
1926 1532 2192 1601 apostolus

603 1626 788 1679 sedens
828 1628 1143 1696 conspicitur
1182 1636 1406 1680 stantem
1456 1624 1777 1679 Gordianum
1818 1627 2188 1695 regienarium,

603 1715 837 1769 videlicet
861 1714 1075 1768 Patrem
1096 1714 1354 1786 Gregorii,
1386 1732 1540 1768 manu
1565 1716 1779 1769 dextera
1809 1731 1901 1782 per
1923 1717 2192 1769 dexteram

604 1807 908 1876 suscepisse.
941 1804 1100 1876 Cujus
1146 1804 1403 1859 Gordiani
1450 1804 1674 1870 habitus,
1730 1806 1959 1858 castanei
2002 1805 2191 1859 coloris

599 1895 813 1961 planetu
842 1903 937 1959 est,
970 1894 1063 1948 sub
1103 1895 1313 1963 planeta
1344 1893 1645 1957 dalmatica,
1669 1896 1722 1947 in
1751 1894 1963 1964 pedibus
1991 1895 2192 1963 caligas

2296 807 2417 847 rum
2438 794 2652 862 vigente
2681 796 2954 865 republica
2976 812 3155 851 rerum
3181 797 3430 864 dominis,
3460 810 3628 865 genus
3650 797 3910 873 duxisse,

2298 892 2390 936 aut
2428 883 2544 953 ejus
2574 894 2755 954 patres
2805 888 2945 941 inter
2995 888 3278 957 primarios
3322 887 3405 944 sui
3448 889 3708 958 temporis
3737 903 3912 942 sena-

2297 980 2445 1027 tores
2475 974 2652 1028 locum
2678 977 2996 1033 obtinuisse.
3022 978 3254 1033 Felicem
3282 993 3474 1049 papam
3496 987 3713 1034 atavum
3736 995 3907 1035 suum

2296 1062 2462 1120 fuisse
2496 1075 2722 1120 testatur
2753 1068 2868 1137 ipse
2900 1070 2989 1122 lib.
3024 1085 3074 1123 tv
3102 1068 3468 1138 Dialogorum,
3500 1084 3549 1125 c.
3583 1069 3670 1137 16,
3704 1080 3761 1126 et
3788 1073 3905 1127 ho-

2296 1156 2409 1210 lnil.
2440 1156 2508 1211 38
2540 1159 2591 1212 in
2621 1158 2927 1227 Evangelia.

2368 1247 2497 1314 Quis
2533 1261 2709 1303 autem
2752 1251 2908 1305 fuerit
2950 1252 3038 1305 ille
3084 1251 3254 1317 Felix,
3310 1254 3497 1308 tertius
3547 1270 3612 1308 an
3644 1264 3902 1325 quartus,

2299 1338 2603 1409 ambigitur.
2636 1338 2873 1397 Joannes
2914 1342 3179 1399 Diaconus
3209 1354 3459 1413 quartum
3490 1344 3651 1401 fuisse
3678 1350 3901 1415 asserit,

2297 1442 2455 1496 quem
2486 1431 2649 1484 virum
2675 1449 2878 1503 magna:
2907 1436 2961 1487 in
2993 1434 3181 1488 Christi
3209 1435 3446 1490 Ecclesia
3478 1441 3772 1492 reverentia:
3792 1456 3903 1509 ap-

2297 1520 2494 1589 pellat;
2531 1524 2712 1592 aitquc
2743 1524 3016 1578 basilicam
3046 1535 3343 1580 sanctorum
3369 1525 3569 1583 Cosmaz
3597 1539 3645 1581 et
3675 1527 3906 1582 Damia-

2298 1614 2353 1665 ni
2382 1624 2670 1683 martyrum
2710 1618 2791 1669 via
2820 1632 2971 1669 sacra
3007 1618 3164 1687 juxta
3210 1620 3453 1689 templum
3502 1619 3708 1675 Romuli
3740 1639 3905 1676 renu-

2298 1704 2523 1758 stissime
2548 1704 2855 1762 fabricasse.
2891 1708 3075 1777 Neque
3112 1716 3242 1765 vero
3270 1710 3428 1767 facile
3460 1712 3510 1765 in
3543 1712 3779 1769 animum
3809 1714 3904 1767 in»

2298 1794 2494 1849 ducere
2522 1812 2806 1866 possumus
2828 1797 3089 1854 Joannem
3113 1799 3409 1855 Diaconunt
3434 1810 3635 1857 temere
3655 1802 3902 1861 Felicem

2296 1884 2365 1939 IV
2395 1902 2493 1957 pro
2538 1886 2604 1940 l’ll
2654 1889 3054 1957 pronuntiasse.
3085 1878 3262 1946 Vitam
3293 1890 3350 1946 8.
3378 1890 3645 1961 Gregorii,
3680 1893 3903 1950 hortatu

599 1984 815 2039 habens.
850 1986 979 2052 Qum
1008 2000 1138 2040 sane
1164 1986 1481 2039 vestimenta
1524 1998 1749 2051 arguere
1791 1986 2042 2039 videntur
2070 1985 2191 2039 dia-
2221 1985 2273 2049 Β
2298 1975 2519 2032 Joannis
2548 1993 2697 2049 papa:
2727 1979 2861 2049 Vlll,
2904 1982 3245 2038 scribendam
3294 1985 3532 2055 suscepit
3586 1986 3673 2041 hic
3732 1986 3900 2041 Rom.

602 2090 821 2130 conum.
875 2075 983 2131 Sed
1013 2075 1293 2132 Ferrarius
1323 2075 1416 2130 lib.
1450 2091 1469 2130 ι
1493 2075 1561 2131 de
1592 2075 1671 2131 Re
1700 2076 1983 2143 Vestiaria,
2016 2093 2066 2131 c.
2100 2075 2187 2145 58,

600 2176 783 2223 censet
811 2170 1175 2238 promiscuum
1206 2178 1336 2225 tunc
1360 2170 1525 2225 fuisse
1548 2170 1777 2240 planetae
1802 2185 1864 2224 ac
1892 2170 2195 2225 dalmaticae

601 2272 787 2324 usum;
836 2259 997 2328 idque
1044 2259 1345 2315 luculenter
1402 2261 1665 2331 probatur
1707 2276 1775 2315 ex
1819 2261 1937 2330 ipso
1984 2259 2194 2316 Joanne

602 2346 772 2412 Diae,
798 2349 924 2404 dum
950 2351 1092 2405 inter
1118 2352 1437 2407 vestimenta
1467 2352 1523 2408 S.
1557 2352 1737 2408 Silviae
1763 2352 1944 2408 Matris
1973 2353 2033 2407 Β.
2058 2354 2194 2411 Gre-

602 2439 759 2507 gorii,
793 2440 1068 2510 planetam
1105 2451 1373 2509 recenset,
1407 2452 1465 2498 ut
1507 2444 1643 2499 infra
1690 2444 1951 2501 dicemus.
1982 2445 2096 2513 Qua
2126 2448 2192 2503 de

602 2546 663 2586 re
689 2532 946 2601 legendus
972 2533 1311 2591 doctissimus
1340 2535 1572 2594 Joannes
1609 2537 1949 2593 Mabillonius
1970 2539 2023 2594 in
2049 2537 2192 2594 Prae-

602 2618 701 2678 fat.
731 2622 799 2676 ad
820 2620 974 2678 Tom.
1004 2624 1027 2678 Ι
1054 2624 1175 2681 Act.
1214 2626 1335 2693 SS.,
1368 2628 1394 2699 §
1427 2644 1569 2684 cvm.
1602 2628 1982 2700 Regionarium
2011 2638 2191 2687 tamen

602 2712 771 2769 luisse
802 2714 1151 2786 Gordianum,
1184 2730 1239 2776 et
1266 2722 1403 2776 inter
1429 2724 1705 2781 ministros
1734 2727 1964 2781 basilica:
1994 2725 2050 2780 S.
2086 2725 2188 2781 Pe-

601 2807 689 2873 tri,
722 2817 813 2862 aut
839 2807 1089 2866 Ecclesiae
1118 2811 1273 2868 Rom.
1300 2824 1633 2885 cooptatum,
1676 2817 2047 2877 demonstrant
2075 2828 2189 2873 tum

600 2895 757 2953 Jtan.
810 2899 1029 2956 Diaconi
1065 2904 1250 2970 verba,
1280 2915 1391 2959 tum
1421 2906 1482 2961 Β.
1522 2906 1670 2963 Petri
1708 2908 1928 2976 efﬁgies,
1956 2909 2189 2965 Gordia-

598 3002 725 3045 nt'ui
773 2989 959 3045 dextra
1002 3009 1164 3049 manu
1192 2998 1546 3065 suscipientis.
1594 2999 1668 3053 Ex
1696 3000 1882 3055 eadem
1908 3002 2078 3057 veteri
2102 3002 2189 3071 pi-

600 3085 752 3132 ctura
794 3077 950 3137 Joan.
998 3082 1217 3139 Diacon.
1269 3086 1379 3157 (Cf.
1424 3087 1580 3144 Paul.
1621 3088 1810 3153 Diac.;
1838 3090 1996 3144 Joan.
2029 3090 2185 3145 Diae.

600 3168 690 3223 lib.
725 3187 760 3236 ι,
809 3189 865 3227 n.
916 3174 978 3241 l;
1010 3174 1153 3230 Beda
1184 3178 1218 3232 ι.
1252 3194 1310 3245 ιι,
1342 3178 1485 3235 Hist.
1517 3198 1565 3237 c.
1599 3183 1663 3250 i;
1693 3184 1755 3239 S.
1801 3182 1956 3256 Greg.
1989 3184 2185 3241 Turon.

602 3258 692 3315 lib.
732 3278 768 3315 x
796 3263 935 3319 Hist.
994 3283 1039 3319 c.
1068 3267 1121 3337 l)
1153 3270 1338 3323 tribuit
1365 3270 1639 3327 Gordiano
1665 3284 1923 3331 staturam
1948 3278 2186 3346 longam,

2299 2066 2555 2123 Ecclesia:
2596 2068 2887 2140 diaconus,
2938 2088 3099 2143 quam
3150 2082 3341 2143 postea
3404 2073 3650 2143 ejusdem
3697 2076 3900 2131 summi

2299 2159 2569 2231 pontiﬁcis
2591 2164 2916 2219 auctoritate
2940 2167 3343 2237 comprobatam
3368 2166 3679 2238 publicavit.
3704 2166 3902 2227 Otunia

2299 2263 2483 2310 vetera
2503 2266 2851 2312 monumenta
2873 2259 3202 2330 inspexerat,
3227 2276 3556 2316 summorum
3578 2259 3900 2329 pontiﬁcum

2299 2347 2598 2413 catalogos,
2622 2358 2764 2417 acta,
2787 2350 2957 2404 diaria
2972 2352 3265 2405 evolverat.
3292 2351 3535 2406 Stantem
3560 2353 3754 2415 adhuc,
3770 2366 3900 2420 qua-

2298 2445 2402 2501 lem
2424 2439 2579 2500 Felix
2608 2460 2746 2516 papa
2776 2458 2895 2497 eam
2920 2452 3314 2511 construxerat,
3348 2453 3659 2500 sanctorum
3685 2446 3899 2505 Cosma:

2297 2545 2353 2591 et
2381 2535 2623 2590 Damiani
2652 2536 2948 2601 basilicam,
2982 2534 3227 2591 sollicitis
3257 2535 3425 2591 oculis
3458 2536 3799 2598 lustraverat,
3840 2545 3899 2601 et

2302 2642 2367 2682 ex
2404 2620 2676 2682 nonnullis
2703 2626 3055 2696 proculdubio
3083 2626 3170 2681 vel
3198 2626 3638 2697 inscriptionibus
3665 2629 3751 2683 vel
3774 2628 3896 2685 aliis

2297 2719 2460 2773 certis
2490 2719 2817 2786 argumentis
2847 2717 3537 2788 depreheiiderat,Felicein
3580 2719 3895 2789 pontiﬁcem

2303 2807 2551 2877 Gregorii
2573 2816 2791 2863 atavum
2810 2809 2971 2864 fuisse
2991 2818 3245 2878 quartqu
3268 2811 3505 2879 nomine,
3522 2825 3629 2865 non
3650 2810 3892 2865 tertium.

2298 2901 2370 2955 Et
2396 2916 2527 2956 sane
2556 2910 2682 2961 ante
2710 2900 2929 2956 Baronii
2959 2901 3395 2957 emendationem
3427 2902 3478 2956 in
3509 2900 3895 2973 Martyrologio

2296 2993 2454 3049 Rom.
2488 2994 2765 3063 legebatur
2794 2992 2947 3049 Felix
2995 2992 3086 3058 IV,
3121 2994 3443 3063 aliundeque
3491 3002 3707 3048 constat
3745 2992 3895 3047 basi-

2296 3082 2457 3143 licam
2518 3094 2829 3143 sanctorum
2877 3096 3174 3161 martyrum
3205 3088 3272 3144 de
3317 3104 3421 3160 qua
3452 3089 3687 3158 loquitur
3711 3098 3893 3143 noster

2293 3178 2573 3253 diaconus,
2600 3195 2707 3234 non
2737 3195 2766 3233 a
2795 3178 2975 3235 Felice
2997 3181 3179 3246 tertio,
3203 3180 3297 3235 sed
3326 3195 3356 3236 a
3388 3189 3579 3252 quarto
3610 3181 3893 3256 hujuspo-

2293 3272 2455 3328 minis
2483 3274 2758 3343 pontiﬁce,
2792 3271 2956 3329 fuisse
2985 3275 3323 3328 mdilicatam.

599 3352 795 3406 faciem
818 3353 1121 3421 diductam,
1153 3359 1351 3414 virides
1395 3362 1601 3429 oculos,
1636 3364 1859 3420 barbam
1900 3368 2192 3436 modicam,
2226 3354 2275 3421 C
2376 3363 2527 3419 Hanc
2552 3364 2775 3420 Joannis
2804 3365 3128 3419 sententiam
3160 3365 3420 3421 eminent.
3452 3364 3598 3420 card.
3632 3362 3894 3420 Baronius

600 3445 807 3499 Vultum
828 3460 1066 3515 gravem.

674 3535 728 3592 2.
757 3537 921 3594 Silvia
949 3550 1124 3597 mater
1148 3543 1391 3612 Gregorii
1421 3545 1626 3603 mundo
1654 3549 1957 3606 valedieens
1988 3551 2190 3622 (utrum

602 3628 721 3685 viro
743 3630 1049 3699 demortuo,
1081 3650 1147 3689 an
1178 3636 1351 3692 adhuc
1376 3643 1686 3710 superstite,
1721 3643 2008 3715 incertum)
2032 3646 2189 3714 juxta

601 3732 814 3792 portam
840 3724 1074 3781 basilica:
1111 3728 1167 3783 S.
1204 3727 1355 3783 Pauli
1392 3733 1642 3801 apostoli,
1671 3750 1941 3791 secessum
1972 3738 2073 3792 sibi
2096 3738 2190 3793 do-

600 3812 762 3881 legit;
790 3831 897 3883 quo
946 3817 1001 3871 in
1034 3817 1154 3873 loco
1189 3819 1348 3888 vulgo
1376 3821 1522 3877 dicto
1551 3822 1695 3879 Cella
1737 3842 1867 3880 nova
1911 3826 2189 3881 conditum

600 3909 897 3964 oratorium
917 3908 1031 3981 ejus
1060 3912 1263 3967 nomini
1282 3912 1541 3983 dicatum,
1571 3915 1745 3975 adhuc
1767 3934 1862 3974 sua
1887 3927 2047 3975 artata
2072 3926 2186 3977 ste-

599 3998 731 4054 tisse
761 4008 990 4054 testatur
1014 4000 1170 4057 Joan.
1194 4004 1484 4060 Diaconus.
1514 4008 1678 4063 Silvia
1708 4011 1849 4063 enim
1875 4010 1928 4064 in
1958 4010 2191 4068 Sancto-

600 4103 718 4143 rum
750 4089 931 4144 albmn
978 4102 1060 4145 est
1098 4092 1290 4158 relata,
1324 4094 1548 4163 ejusque
1579 4113 1777 4152 nomen
1806 4098 2193 4171 Martyrologio

602 4175 851 4233 Romano
880 4180 1193 4252 inscriptum
1225 4185 1418 4252 legitur
1453 4186 1519 4238 ad
1548 4186 1687 4241 diem
1715 4191 1929 4244 tertiam
1959 4190 2191 4247 Novem-

600 4262 733 4320 bris.
783 4267 839 4322 S.
883 4268 1106 4325 Silviam
1160 4274 1211 4327 iu
1258 4274 1314 4329 S.
1363 4275 1588 4330 Andreae
1628 4280 1891 4335 asceterio
1919 4282 2190 4350 depictam

601 4356 755 4425 jussu
783 4359 839 4413 S.
882 4359 1127 4430 Gregorii
1159 4364 1323 4419 refert
1369 4366 1614 4422 laudatus
1654 4370 1885 4438 scriptor
1919 4390 1929 4424 :
1965 4372 2186 4442 Sedens,

600 4444 806 4517 inquit',
839 4450 1044 4517 depicta
1088 4462 1161 4507 est
1191 4454 1374 4522 Silvia,
1408 4456 1629 4511 candido
1660 4459 1909 4515 velamine
1947 4479 1979 4515 a
2008 4463 2189 4520 dextro

602 4538 812 4596 humero
837 4543 1009 4597 taliter
1027 4556 1206 4599 contra
1228 4548 1496 4601 sinistram
1512 4552 1736 4604 revoluto
1753 4553 1913 4621 200
1933 4564 2186 4620 contecta,

600 4643 657 4686 ut
686 4635 775 4688 sub
796 4652 855 4690 eo
875 4654 1059 4692 manus
1083 4648 1326 4711 tanquam
1359 4640 1422 4694 de
1440 4646 1648 4710 planeta
1662 4641 1928 4697 subducat.
1958 4644 2185 4714 Reliqua

602 4725 670 4779 ad
720 4730 1099 4785 vestimentum
1142 4741 1195 4784 et
1252 4741 1499 4787 ornatum
1538 4734 1653 4804 ejus
1702 4738 2024 4805 pertinentia
2069 4738 2188 4807 lege

534 4870 538 4878 ,
602 4819 745 4887 apud
782 4819 1041 4877 Joannem
1090 4823 1384 4880 Diaconum
1426 4826 1518 4881 lib.
1549 4844 1620 4895 tv,
1652 4846 1699 4882 c.
1733 4828 1819 4883 85.
1848 4830 1928 4884 Ad
1960 4829 2188 4886 formam

603 4909 719 4979 ejus
745 4913 889 4979 quod
915 4916 1106 4970 attinet
1140 4934 1151 4969 :
1178 4917 1394 4973 Statura
1437 4922 1486 4975 ei
1517 4922 1699 4991 plena,
1736 4923 1909 4993 inquit
1952 4924 2185 4990 ibidem,

605 5001 767 5072 facies
782 5005 1002 5058 rotunda
1021 5006 1223 5077 quidem
1244 5018 1292 5063 et
1312 5012 1556 5079 candida,
1575 5016 1665 5068 sed
1684 5017 1827 5071 senio
1834 5016 1949 5086 jam
1968 5033 2184 5087 rugosa,

602 5112 757 5164 quam
777 5097 893 5164 ipsa
920 5114 1115 5169 quoque
1141 5112 1372 5159 senectus
1401 5106 1798 5175 pulcherrimam
1830 5110 1990 5177 fuisse
2030 5110 2189 5180 signi-

602 5186 749 5256 ﬁcat,
772 5188 932 5240 oculis
962 5190 1160 5257 glaucis
1179 5201 1227 5244 et
1254 5194 1556 5263 grandibus,
1602 5200 1890 5267 superciliis
1944 5200 2181 5267 modicis,

601 5276 803 5332 labellis
833 5281 1073 5346 venustis,
1106 5281 1243 5335 vultu
1263 5284 1436 5349 hilari,
1461 5289 1630 5357 ferens
1652 5290 1704 5342 iu
1730 5292 1898 5359 capite
1919 5301 2187 5347 matrona-

601 5373 699 5423 lent
733 5381 757 5407 εί
781 5372 1009 5425 mitram.
1039 5370 1143 5443 (Cf.
1174 5376 1333 5429 Joan.
1377 5375 1528 5431 Diac.
1562 5379 1598 5431 l.
1631 5395 1669 5442 t,
1699 5396 1752 5433 η.
1784 5380 1864 5451 9.)

670 5462 724 5517 5.
767 5464 846 5521 De
875 5464 1118 5534 Gregorii
1144 5468 1435 5536 majoribus
1481 5470 1614 5524 nihil
1655 5474 1786 5526 certi
1836 5474 1991 5530 nobis
2021 5477 2187 5532 tradi-

602 5563 738 5624 tum,
771 5557 873 5612 nisi
903 5558 1047 5628 quod
1074 5562 1138 5614 de
1173 5561 1491 5617 senatoribus
1530 5564 1741 5632 primis,
1776 5574 1833 5621 ut
1860 5566 2018 5623 docet
2054 5569 2191 5624 Gre-

602 5649 806 5717 gorius,
846 5648 1176 5707 Turonensis
1217 5652 1503 5723 episcopus
1560 5654 1693 5726 (Lib.
1744 5673 1777 5711 x
1824 5656 1966 5713 Hist.
2017 5677 2062 5713 c.
2111 5661 2192 5733 1),

603 5757 817 5799 coaevus
838 5744 1089 5814 scriptor,
1130 5744 1289 5800 fuerit
1317 5744 1594 5803 oriundus.
1641 5745 1845 5814 Quibus
1888 5753 2066 5807 verbis
2087 5753 2191 5807 du-

684 5909 710 5935 ι
736 5899 811 5952 De
827 5901 981 5967 mitra
1003 5901 1122 5967 lege
1147 5908 1329 5955 notam
1350 5901 1418 5954 ad
1444 5902 1619 5957 locum
1642 5900 1800 5957 Jnan.
1816 5904 2038 5961 Diaconi
2059 5906 2176 5961 lau-

610 5971 814 6029 datum.
847 5966 1015 6024 Mittas
1044 5966 1259 6039 proprie
1290 5986 1505 6026 coronae
1529 5983 1653 6027 sunt
1675 5990 1739 6028 ex
1769 5976 1949 6051 l'ascns
1974 5986 2027 6031 et
2048 5992 2173 6033 ora-

2298 3456 2597 3527 impugnat,
2630 3466 2741 3512 tum
2773 3459 2825 3513 in
2855 3457 3112 3513 Aunotat.
3141 3457 3208 3512 ad
3236 3457 3583 3527 Martyrolog.
3620 3455 3780 3511 Rom.
3804 3457 3893 3518 die

2296 3548 2367 3602 25
2414 3549 2713 3618 Februarii,
2767 3559 2880 3605 tum
2931 3551 2986 3605 in
3026 3549 3323 3607 Annalibus
3351 3549 3497 3606 Eccl.
3527 3550 3594 3604 ad
3633 3565 3719 3605 an.
3764 3546 3889 3615 581,

2297 3643 2398 3697 hac
2426 3642 2723 3710 praesertim
2766 3642 2997 3707 ratione,
3035 3641 3180 3711 quod
3212 3640 3442 3695 Felicem
3484 3639 3549 3696 lV
3594 3640 3893 3699 Samnitem

2296 3731 2461 3787 fuisse
2490 3740 2720 3798 constet,
2749 3732 3090 3803 maioresque
3112 3730 3572 3803 GregoriiMagni,
3595 3732 3889 3789 Romanos.

2301 3823 2373 3876 At
2394 3823 2521 3892 quid
2568 3831 2716 3877 vetat
2763 3823 3019 3889 Felicem,
3078 3824 3177 3878 etsi
3220 3838 3419 3892 genere
3465 3824 3785 3887 Romanum,
3836 3826 3891 3881 in

2294 3912 2629 3973 Samnitibus
2673 3926 2853 3973 tamen
2885 3924 3070 3981 ,ortmn
3096 3917 3251 3972 esse?
3279 3916 3596 3985 Quanquam
3620 3918 3734 3986 ipse
3757 3916 3892 3972 Gre-

2293 4008 2496 4078 gorius,
2538 4008 2747 4078 aliquos
2777 4023 2809 4063 e
2833 4009 2943 4064 suis
2973 4008 3388 4077 consanguineis
3415 4006 3686 4062 Samnites
3725 4007 3890 4063 fuisse

2294 4101 2426 4155 satis
2453 4100 2675 4154 innuere
2703 4098 2965 4164 videatur,
2990 4115 3113 4155 eum
3138 4102 3233 4168 ait,
3258 4101 3349 4156 lib.
3376 4115 3432 4154 tu
3461 4101 3667 4167 Dialog.
3699 4116 3745 4155 c.
3772 4099 3839 4152 26
3869 4116 3883 4150 :

2297 4189 2484 4261 Nuper
2505 4193 2560 4246 in
2608 4192 2815 4246 Samnii
2870 4194 3137 4263 provincia
3184 4193 3391 4263 quidam
3444 4191 3749 4246 venerabilis
3794 4194 3888 4257 vir,

2296 4282 2520 4337 Mennas
2542 4285 2772 4347 nomine,
2796 4284 3085 4339 solitariam
3130 4286 3284 4338 vitam
3314 4284 3550 4350 ducebat,
3581 4286 3666 4356 qui
3693 4294 3892 4339 nostro-

2294 4391 2411 4428 rum
2450 4376 2625 4429 multis
2667 4378 2926 4447 cognitus,
2955 4386 3075 4430 ante
3105 4376 3198 4430 hoc
3226 4380 3334 4447 fere
3363 4377 3668 4432 decennium
3703 4387 3777 4430 est
3813 4377 3892 4431 de-

2297 4467 2525 4536 functus.
2581 4466 2923 4535 Cmteroquin
2980 4476 3289 4532 magnatum
3338 4469 3612 4536 assignare
3661 4468 3887 4537 patriam

2297 4574 2405 4613 non
2426 4560 2498 4611 ita
2521 4559 2845 4629 quandoque
2873 4559 3185 4628 expeditum
3203 4568 3304 4625 est,
3328 4560 3451 4628 quia
3472 4568 3727 4629 parentes
3752 4560 3891 4628 ipso—

2297 4664 2416 4702 rum
2464 4649 2578 4705 sive
2628 4648 2697 4703 ob
2744 4649 2986 4704 diversas
3015 4664 3150 4718 quas
3177 4664 3278 4719 pro
3310 4650 3541 4704 utilitate
3584 4648 3889 4718 reipublicae

2218 4723 2273 4783 1)
2298 4740 2500 4794 obeunt
2521 4739 2847 4809 provincias,
2871 4740 2984 4795 sive
3010 4752 3233 4811 propter
3261 4742 3405 4795 varia
3436 4742 3618 4796 multis
3642 4743 3694 4796 in
3718 4741 3891 4809 regio-

2293 4832 2453 4885 nibus
2485 4832 2686 4899 praedia
2714 4846 2835 4899 quae
2860 4831 3159 4901 po'ssident,
3211 4832 3353 4887 nulla
3408 4832 3520 4886 fere
3573 4832 3626 4887 in
3678 4831 3890 4886 civitate

2295 4919 2455 4974 ﬁxam
2485 4920 2687 4975 habent
2737 4920 2940 4975 sedem.
2986 4920 3128 4976 Sane
3166 4930 3318 4976 extra
3348 4920 3651 4977 Romanum
3704 4934 3889 4990 agrum

2293 5011 2538 5081 Gregorii
2567 5026 2800 5082 proavos
2849 5012 3002 5067 villas
3057 5013 3317 5082 plurimas
3370 5014 3688 5081 opimasque
3750 5012 3890 5066 obti-

2293 5102 2494 5168 nuisse,
2552 5101 2677 5157 inde
2732 5102 2903 5171 liquet
2943 5103 3089 5173 quod
3143 5118 3331 5157 eorum
3380 5103 3540 5158 heres
3567 5100 3888 5167 Gordianus,

2292 5194 2683 5265 amplissimum
2722 5192 2834 5250 ﬁlio
2866 5194 3251 5264 patrimonium
3284 5195 3340 5249 in
3381 5194 3564 5249 Sicilia
3592 5194 3887 5263 reliquerit,

2291 5302 2360 5341 ex
2390 5301 2496 5355 quo
2526 5292 2715 5355 postea
2743 5300 2839 5341 sex
2868 5285 3196 5340 monasteria
3227 5286 3281 5339 in
3326 5285 3516 5341 eadem
3548 5285 3743 5349 insula,
3777 5300 3883 5340 non

2292 5378 2466 5436 solum
2492 5378 2875 5445 construxerit,
2906 5385 2967 5431 ut
3014 5376 3151 5431 inl'ra
3189 5378 3421 5444 dicetur,
3452 5377 3547 5433 sed
3579 5378 3743 5432 etiam
3771 5392 3889 5432 tnu-

2296 5474 2703 5530 nilicentissime
2731 5472 3018 5528 dotaverit.
3053 5470 3183 5526 Ruit
3214 5472 3377 5527 etiam
3408 5480 3520 5528 tota
3546 5471 3708 5541 hujus
3734 5485 3889 5540 argu-

2297 5568 2467 5623 menti
2495 5567 2687 5634 moles,
2713 5566 2759 5620 si
2781 5566 2989 5621 dicatur
3008 5563 3330 5635 Gregorium
3353 5581 3418 5621 ex
3447 5580 3646 5636 genere
3663 5572 3890 5636 paterno

2300 5659 2604 5716 Romanum
2627 5658 2842 5728 quidem
2867 5658 3063 5725 fuisse;
3095 5658 3329 5728 aliquem
3345 5667 3524 5715 tamen
3540 5676 3609 5715 ex
3636 5658 3752 5728 ejus
3774 5672 3895 5712 ωδε

2296 5757 2505 5826 joribus
2534 5756 2590 5812 in
2616 5754 2837 5811 Samnio
2870 5754 3160 5822 habitasse,
3192 5755 3281 5810 ubi
3308 5754 3544 5812 Felicem
3572 5752 3884 5827 suaceperit.

2287 5909 2384 5989 riis
2410 5910 2990 5989 eompgcueh‘mructor
3038 5918 3151 5989 vet.
3177 5907 3476 5983 Etymolog.
3513 5908 3731 5983 Cruci.)
3756 5906 3889 5983 νίας

2283 5988 2468 6035 notam
2494 5978 2597 6033 947
2622 5980 2690 6035 ad
2710 5979 2803 6034 lib.
2836 5978 3334 6037 Sacramentorum.
