4138 6448
265 419 377 479 243

733 417 791 473 S.
836 412 1163 472 GREGORII
1200 410 1418 471 MAGNI
1459 411 1643 481 VITA,
1683 406 1777 466 EX
1813 403 1978 466 Ειυε
2019 403 2325 464 SCRIPTIS
2364 401 2760 460 ADORNATA.
2802 399 2936 458 LIB.
2973 399 3014 456 1.

3423 394 3532 462 εδδ

330 531 532 590 Unicus
567 531 826 587 duntaxat
856 530 1029 586 nodus
1043 528 1130 584 hic
1158 536 1408 600 superest
1421 526 1730 584 solvendus.
1755 522 1841 579 Μ-
1864 522 1918 584 Δ
1943 523 1996 593 pi
2023 519 2133 588 tibi,
2168 530 2224 574 ut
2248 527 2517 590 argentum
2554 521 2694 576 illius
2726 518 3075 576 transmisisse
3099 513 3382 582 debuisses.
3414 515 3529 573 Lib.

253 633 453 682 nurum
476 622 670 679 Felicis
694 621 780 690 IV,
805 621 896 690 qui
920 621 1226 691 auspicatus
1253 630 1336 677 est
1356 617 1722 690 pontificatum
1751 629 1840 670 an.

255 716 363 774 526
387 724 442 775 et
461 729 550 772 an.
575 711 676 766 529
702 713 769 768 ad
795 713 992 769 cadum
1014 712 1282 780 migravit,
1305 719 1434 769 aetas
1455 710 1545 766 vix
1570 709 1696 764 sinit
1719 721 1846 766 eum

257 807 507 875 Gregorii
538 813 754 860 atavum
788 802 1082 872 suspicari;
1110 802 1346 871 quinque
1373 800 1513 858 enim
1535 796 1845 868 generatio-

257 915 386 956 num
411 896 609 968 gradus
648 896 788 950 inter
815 903 1107 963 utrumque
1134 892 1407 952 numerari
1435 891 1714 957 deberent,
1745 886 1848 944 etsi

258 1005 291 1048 a
319 989 516 1045 Felicis
545 986 697 1044 obitu
725 986 792 1040 ad
822 985 1072 1054 Gregorii
1101 999 1280 1040 ortum
1311 983 1557 1048 undecim
1608 989 1847 1044 tantumv

259 1080 423 1138 modo
447 1079 573 1134 anni
602 1077 913 1134 efﬂuxerint
957 1085 1012 1132 et
1047 1075 1382 1136 Gordianum
1409 1076 1733 1144 abnepotem
1761 1087 1849 1132 see

259 1178 514 1242 ptennem
535 1169 726 1224 saltem
755 1167 906 1221 Felix
926 1166 1169 1223 vidisset.

333 1259 531 1322 Fateor
559 1257 809 1328 equidem
839 1272 964 1312 raro
993 1256 1214 1311 evenire
1254 1264 1315 1310 ut
1342 1264 1495 1325 pater
1518 1253 1658 1308 filios
1679 1266 1851 1323 usque

169 1335 181 1373 τ
263 1349 330 1408 ad
353 1357 599 1419 quartam
621 1347 1024 1418 generationem
1049 1354 1396 1418 propagatos,
1414 1345 1556 1416 quod
1577 1344 1738 1399 Felici
1763 1343 1850 1398 da-

267 1452 379 1510 tum
421 1437 634 1506 fuisset,
689 1439 1086 1510 amplectatur;
1128 1453 1305 1508 neque
1341 1446 1522 1492 tamen
1550 1435 1850 1491 id-omnino

263 1531 618 1602 impossibile,
647 1538 741 1585 aut
773 1529 1094 1592 inauditum,
1125 1529 1212 1582 vel
1259 1527 1424 1584 etiam
1457 1542 1677 1597 prorsus
1704 1526 1849 1581 inso-

263 1621 384 1678 lens
412 1631 514 1677 est.
545 1621 792 1676 Forsitan
843 1621 1004 1674 etiam
1037 1627 1216 1674 atauus
1244 1619 1330 1673 hic
1358 1618 1542 1676 stricte
1571 1633 1668 1688 pro
1697 1625 1852 1687 patre

266 1713 426 1768 abavi
442 1721 498 1768 et
516 1728 618 1768 avo
638 1711 827 1782 proavi
850 1727 956 1766 non
985 1695 1066 1766 est
1093 1709 1456 1780 accipiendus,
1480 1709 1573 1776 sed
1598 1709 1700 1766 hac
1714 1721 1853 1778 voce

266 1820 410 1880 unus
437 1819 504 1858 ex
534 1803 848 1871 majoribus,
878 1818 986 1857 non
1016 1801 1202 1857 habita
1228 1800 1437 1858 ratione
1464 1799 1662 1864 gradus
1685 1813 1854 1870 gene-

267 1895 518 1964 rationis,
548 1894 839 1966 signiﬁcari
867 1901 1070 1964 potest.

341 1983 492 2042 Felix
534 1982 600 2040 ιν
621 1983 916 2039 Ecclesium
944 1998 1008 2040 ea
1038 1981 1323 2054 prudentia
1365 1987 1420 2037 et
1447 1981 1706 2054 virtutum
1733 1978 1855 2038 odi“

266 2075 418 2132 nium
442 2073 600 2129 laude
623 2073 960 2142 gubernavit,
987 2083 1044 2127 ut
1064 2071 1385 2127 Sanctorum
1408 2069 1559 2126 fastis
1588 2069 1712 2124 addi
1739 2085 1856 2128 me-

267 2164 441 2222 ruerit
467 2163 532 2219 ad
559 2162 700 2219 diem
730 2160 799 2216 50
827 2160 1090 2216 Januarii.
1111 2159 1369 2216 Eumdem
1391 2160 1652 2215 honorem
1670 2173 1860 2216 conse-

267 2263 428 2312 cutus
472 2262 554 2310 est
597 2253 747 2309 Felix
795 2251 880 2314 lll.
912 2252 1066 2320 cujus
1095 2251 1287 2308 natalis
1316 2251 1433 2309 dies
1479 2249 1550 2304 25
1583 2249 1861 2308 Februarii

268 2344 591 2404 celebratur.

342 2434 396 2490 4.
428 2434 505 2490 De
534 2434 705 2498 tribus
750 2435 926 2490 amitis
969 2435 1080 2492 suis
1124 2435 1240 2490 haec
1284 2433 1662 2504 observatione
1699 2433 1861 2505 digna

270 2534 665 2583 comemorat
692 2534 908 2582 sanctus
937 2524 1247 2596 Gregorius.
1279 2534 1395 2581 tum
1423 2525 1517 2582 lib.
1547 2523 1617 2596 iV
1648 2523 1858 2595 Dialog.

273 2634 327 2673 c.
361 2616 450 2681 16,
485 2625 594 2672 tum
617 2616 766 2674 hom.
793 2617 860 2672 58
887 2618 941 2672 in
969 2616 1223 2686 Evangel.
1254 2634 1266 2670 :
1301 2616 1426 2672 Tres
1449 2625 1594 2688 pater
1620 2632 1758 2672 meus
1779 2631 1866 2672 so-

271 2722 423 2762 rores
454 2705 651 2773 habuit,
681 2723 793 2780 qua:
820 2716 1019 2763 cuncta:
1044 2716 1144 2761 tres
1172 2722 1336 2763 sacrae
1363 2707 1584 2777 virgines
1615 2707 1862 2776 fuerunt:

273 2815 492 2869 quarum
519 2816 623 2854 una
667 2797 950 2863 Tharsilla,
976 2799 1083 2853 alia
1111 2795 1402 2865 Gordiano,
1432 2796 1539 2850 alia
1569 2793 1867 2868 xEmiliantt

275 2890 560 2945 dicebatur.
588 2889 704 2945 Uno
725 2907 899 2948 omnes
928 2889 1115 2952 ardore
1154 2903 1428 2952 conversae,
1460 2903 1562 2942 uno
1591 2885 1866 2957 eodemque

275 2990 505 3052 tempore
531 2990 769 3046 sacratae,
793 2981 886 3037 sub
910 2981 1233 3048 districtione
1266 2980 1492 3051 regulari
1513 2978 1770 3050 degentes,
1809 2979 1868 3034 in

277 3071 433 3148 domo
453 3074 664 3148 propria
690 3072 932 3127 socialem
962 3073 1118 3126 vitam
1146 3070 1419 3126 ducebant.
1446 3068 1627 3139 Pergit
1647 3078 1867 3140 sanctus

277 3164 482 3221 Doctor
503 3167 556 3220 in
586 3164 939 3236 describenda
964 3165 1218 3230 continuo
1236 3163 1512 3234 Tharsillae
1540 3171 1594 3219 et
1621 3161 1866 3217 Emilia-

1946 631 2024 681 ιι,
2053 630 2140 685 ep.
2167 612 2236 668 98
2261 631 2274 668 :
2305 613 2410 669 Sed
2451 614 2496 668 si
2519 621 2719 667 tantum
2741 620 2838 681 est,
2861 612 3142 684 gloriosum
3182 611 3397 680 fratrem
3440 626 3538 676 nae

1948 715 2130 771 stium,
2152 706 2230 760 vel
2255 705 2320 759 de
2351 705 2603 773 episcopis
2631 719 2881 762 unum...
2914 703 3230 760 subscribere
3259 701 3533 772 faciemus.

1949 797 2152 856 Eodem
2180 796 2336 862 libro,
2370 811 2457 865 ep.
2488 793 2636 850 £02:
2668 793 2842 852 Filius
2888 803 3065 856 noster
3107 795 3187 850 uir
3228 794 3538 865 magniﬁcus

1953 887 2340 944 Occilianus....
2363 902 2578 957 puerum
2597 902 2848 942 unum...
2879 903 2944 941 ea:
2968 889 3088 957 jure
3117 885 3348 958 germani
3374 885 3542 950 nostri

1951 979 2020 1036 ad
2058 997 2173 1034 eum
2219 980 2450 1034 noscitur
2494 978 2817 1048 perduxisse.
2848 975 2966 1040 Lib.
2997 993 3053 1044 ι,
3085 991 3172 1047 ep.
3205 974 3268 1032 5i
3306 993 3320 1030 :
3353 977 3483 1041 Qum
3507 991 3543 1030 α

1951 1071 2176 1142 glorioso
2207 1072 2372 1142 fratre
2399 1087 2510 1125 meo
2553 1068 2800 1124 Palatino
2849 1067 3107 1137 Patricio,
3159 1074 3266 1130 etc.
3299 1066 3541 1142 Denique

1952 1141 2046 1216 lib.
2069 1178 2179 1228 xuv,
2210 1159 2311 1230 Ep.
2335 1159 2372 1214 2
2396 1179 2407 1213 :
2441 1159 2520 1214 De
2547 1160 2860 1214 monasterio
2888 1157 2950 1216 S.
2975 1156 3187 1213 Hermae
3205 1198 3220 1226 ,
3251 1157 3478 1226 quod...
3509 1141 3546 1212 ἁ

1954 1256 2118 1326 fratre
2144 1262 2320 1308 nostra
2348 1260 2696 1316 constructum
2717 1259 2812 1306 est.
2843 1250 2920 1304 De
2940 1248 3134 1304 eodem
3161 1248 3309 1317 loqui
3334 1247 3546 1314 videtur

1953 1341 2114 1412 Greg.
2148 1342 2350 1399 Turon.
2379 1341 2516 1413 (Lib.
2548 1359 2604 1410 ιι,
2636 1359 2683 1396 c.
2716 1341 2794 1411 1),
2827 1356 2947 1396 cum
2979 1340 3092 1394 ait:
3126 1337 3235 1403 Sed
3256 1337 3548 1408 Praefectus

1952 1435 2093 1491 urbis
2127 1435 2305 1490 Romae
2323 1450 2598 1506 germanus
2627 1434 2738 1504 ejus
2767 1430 3057 1503 (Gregorii)
3089 1430 3395 1500 anticipavit
3413 1444 3548 1482 nun-

1956 1528 2102 1584 tium.
2129 1526 2262 1581 Nam
2294 1542 2604 1597 germanus,
2635 1525 2798 1579 etiam
2828 1522 2971 1592 apud
3002 1521 3218 1591 optimae
3245 1519 3551 1586 Latinitatis

1956 1618 2270 1686 scriptores,
2289 1617 2509 1672 fratrem
2530 1614 2683 1684 quasi
2703 1613 2895 1670 eodem
2921 1625 3162 1680 germine
3182 1617 3368 1668 natum
3385 1608 3552 1677 signi-

1957 1707 2113 1772 ficat;
2157 1707 2389 1775 hincque
2442 1705 2510 1760 ab
2553 1701 3099 1775 liispanisﬂermano
3146 1701 3316 1758 frater
3353 1699 3553 1762 dieitur

1957 1807 2013 1858 et
2032 1799 2099 1862 ab
2125 1798 2272 1858 italis
2295 1797 2553 1854 Germane

1883 1905 1935 1970 Β
2031 1889 2084 1945 6.
2127 1890 2244 1957 Quo
2271 1905 2414 1945 anno
2443 1890 2499 1944 in
2543 1889 2718 1946 lucem
2747 1897 3032 1958 susceptus
3069 1886 3231 1942 fuerit
3259 1882 3554 1954 Gregorius

1962 1980 2289 2049 coujecturis
2318 1980 2503 2050 potius
2531 1980 2746 2048 assequi
2775 1993 2938 2049 quam
2965 1986 3234 2036 rationum
3262 1977 3555 2040 momentis

1962 2078 2200 2130 statuere
2222 2071 2368 2133 licet.
2397 2069 2468 2126 Ut
2508 2087 2541 2125 a
2587 2071 2732 2128 notis
2780 2069 2849 2124 ad
2892 2068 3206 2128 obscuriora
3234 2066 3554 2128 elucidauda

1963 2163 2358 2234 perveniamus,
2385 2168 2598 2218 constat
2616 2177 2685 2220 ex
2713 2161 2946 2230 antiquis
2987 2159 3350 2228 monumentis
3380 2159 3556 2228 ipsum

1965 2253 2107 2310 diem
2155 2262 2458 2310 extremum
2503 2253 2763 2312 clausisse
2816 2266 3005 2310 mense
3051 2250 3246 2308 Martio
3294 2265 3386 2306 an.
3428 2247 3553 2310 604.

1965 2343 2166 2400 Morbis
2185 2343 2458 2400 continuis
2481 2342 2662 2413 potius
2689 2355 2853 2413 quam
2873 2341 3026 2399 senio
3054 2339 3336 2400 confectus
3363 2355 3396 2402 β
3423 2336 3561 2402 vivis

1967 2438 2198 2494 excessit
2217 2436 2588 2491 sanctissimus
2611 2433 2877 2504 pontifex.
2899 2433 3092 2490 Nutrix
3119 2431 3238 2502 ejus
3267 2429 3446 2496 adhuc
3469 2444 3561 2486 su-

1967 2536 2179 2600 perstes
2201 2536 2338 2596 erat,
2370 2526 2561 2605 decem
2589 2525 2781 2582 saltem
2810 2525 2966 2580 annis
2995 2531 3286 2592 antequam
3315 2522 3431 2591 ipse
3452 2520 3561 2580 vita

1969 2618 2191 2674 cederet
2216 2635 2229 2671 :
2254 2632 2363 2687 quo
2391 2625 2642 2687 tempore
2671 2630 2793 2671 eam
2811 2615 3136 2672 Rusticiana
3156 2612 3396 2684 patricia:
3414 2625 3564 2676 come

1971 2706 2244 2776 mendavit
2291 2722 2378 2778 ep.
2422 2705 2495 2760 46
2539 2707 2661 2762 libri
2691 2723 2767 2764 ιν.
2797 2705 3068 2766 Praeterea
3097 2704 3168 2762 de
3210 2704 3468 2774 podagra,
3494 2701 3566 2768 de

1970 2787 2235 2858 stomachi
2272 2801 2552 2870 languore,
2585 2815 2649 2856 ac
2677 2800 2746 2856 de
2792 2800 2956 2858 variis
3001 2798 3120 2858 aliis
3165 2795 3569 2874 inﬁrmitatibus

1972 2908 2115 2964 saepe
2139 2893 2491 2961 conqueritur
2510 2891 2832 2960 Gregorius;
2855 2899 2912 2946 at
2931 2891 3000 2947 de
3024 2889 3161 2946 senii
3187 2886 3570 2956 incommodis.

1972 2999 2274 3053 nusquam;
2304 2983 2448 3055 quod
2469 2996 2600 3040 sane
2631 2999 2741 3040 non
2769 2983 2891 3038 leve
2921 2980 3233 3052 suppeditat
3273 2993 3566 3056 argument

1973 3089 2086 3140 tum
2115 3080 2353 3136 nondum
2380 3079 2457 3136 ita
2482 3087 2752 3150 provectae
2773 3077 2968 3135 aetatis.
3005 3077 3100 3134 His
3118 3076 3255 3131 adde
3283 3090 3402 3146 quae
3429 3074 3569 3131 scri-

1973 3174 2079 3245 psit
2105 3179 2323 3230 sanctus
2343 3172 2424 3230 .vir
2440 3171 2508 3228 ad
2529 3170 2840 3226 .lanuarium
2862 3168 3226 3224 Caralitanum
3253 3166 3571 3235 episcopum

276 3271 366 3320 me
387 3255 654 3326 profectu,
685 3264 980 3327 optatoque
1005 3257 1072 3313 ad
1099 3255 1298 3312 coelum
1327 3257 1574 3320 transitu,
1608 3255 1866 3312 invitante

1975 3279 2062 3334 ep.
2098 3265 2124 3318 1
2155 3264 2248 3322 lib.
2289 3278 2366 3331 tx,
2393 3261 2738 3332 pontiﬁcatus
2785 3261 2868 3348 sui
2897 3275 2987 3316 an.
3018 3273 3166 3314 nono
3196 3265 3323 3312 ante
3360 3256 3573 3324 obitum

277 3347 516 3404 maxime
572 3346 888 3402 Tharsillam
933 3356 1149 3416 neptem
1201 3361 1353 3412 suam
1399 3345 1467 3399 ad
1492 3345 1627 3406 lucis
1653 3354 1868 3419 auertite

281 3437 612 3492 consortium
628 3436 686 3492 S.
707 3437 881 3492 Felice
904 3451 1064 3508 papa,
1089 3444 1518 3505 occurrenteque
1541 3435 1870 3491 charissima:

279 3542 494 3597 sponsa:
521 3528 734 3584 Christo
756 3528 1004 3584 Domino.
1038 3527 1104 3581 At
1134 3536 1337 3596 contra,
1362 3527 1534 3596 inquit
1557 3525 1866 3596 Gregorius,

283 3617 566 3674 Gordianus
609 3620 812 3674 animus
851 3621 1000 3689 capit
1052 3636 1085 3672 a
1131 3619 1304 3672 calore
1351 3617 1544 3672 amoris
1582 3618 1752 3672 intimi
1776 3633 1870 3685 per

281 3711 584 3777 quotidiana
615 3710 921 3776 detrimenta
945 3719 1215 3780 tepescere,
1244 3718 1294 3764 et
1321 3709 1584 3778 paulisper
1617 3707 1685 3762 ad
1717 3706 1870 3776 hujus

279 3801 460 3856 saeculi
498 3817 726 3856 amorem
767 3802 953 3856 redire.
1005 3799 1173 3864 Quam
1201 3800 1454 3856 curabant
1480 3800 1605 3870 (pia:
1629 3799 1870 3867 sorores)

278 3891 478 3960 blanda
500 3890 722 3961 quotidie
752 3893 1111 3962 redargutione
1137 3893 1415 3961 corripere,
1446 3899 1598 3962 atque
1617 3907 1650 3954 α
1670 3889 1874 3954 levitate

281 3999 485 4046 morum
515 3981 583 4035 ad
607 3984 909 4054 gravitatem
940 3984 1022 4038 sui
1042 3983 1248 4052 habitus
1271 3984 1573 4053 reformare.
1600 3981 1873 4047 Defunctis

285 4089 414 4130 vero
441 4074 745 4141 sororibus,
777 4073 936 4128 oblita
965 4072 1228 4128 Dominici
1257 4075 1478 4140 timoris,
1523 4072 1682 4132 oblita
1707 4072 1874 4144 pado-,-

287 4167 358 4219 ris
378 4173 424 4219 et
463 4167 788 4230 reverentiae,
841 4165 1002 4218 oblita
1046 4165 1481 4234 consecrationis,
1511 4165 1874 4225 conductorem

287 4273 530 4326 agrorum
553 4273 763 4311 suorum
783 4257 1102 4327 postmodum
1126 4257 1369 4310 maritum
1411 4255 1578 4311 duxit.
1608 4254 1744 4310 Ecce
1762 4273 1875 4310 em-

287 4363 376 4400 nes
413 4354 516 4400 tres
552 4363 655 4402 uno
689 4347 831 4417 prius
860 4347 1046 4401 ardore
1075 4363 1332 4409 conversa:
1355 4355 1494 4414 sunt,
1535 4347 1625 4401 sed
1670 4364 1775 4402 non
1816 4348 1874 4424 in

202 4469 212 4491 λ
286 4454 388 4492 uno
415 4439 688 4511 eodemque
715 4439 884 4494 studio
912 4449 1304 4510 permanserunt
1331 4457 1346 4494 :
1378 4441 1500 4512 quia
1510 4439 1669 4510 juxta
1691 4438 1874 4496 Domi-

286 4532 458 4585 nicam
482 4547 672 4597 vocem,
702 4533 849 4586 multi
877 4543 996 4587 sunt
1024 4534 1210 4598 vocati,
1237 4534 1390 4601 pauci
1417 4550 1534 4589 vero
1558 4534 1728 4589 electi.

358 4623 647 4694 Gregorius
672 4625 896 4680 alterius
917 4634 1009 4680 aut
1036 4627 1212 4681 amita:
1240 4610 1336 4680 aut
1355 4635 1661 4683 materterm
1681 4641 1872 4682 memi-
1897 4665 1954 4728 Β

286 4718 368 4773 nit
412 4717 503 4772 lib.
542 4733 581 4784 1,
627 4733 714 4787 ep.
757 4717 847 4783 59,
897 4717 1136 4772 scribens
1165 4716 1452 4772 Anthemio
1498 4717 1870 4775 subdiacono:

300 4804 426 4860 Volo
448 4815 619 4860 autem
647 4813 703 4859 ut
731 4805 934 4860 damnat
978 4806 1208 4859 Pateria:
1247 4807 1370 4860 thia:
1410 4823 1631 4863 mete...
1663 4807 1856 4879 θίγεν-αδ

287 4895 361 4950 ad
389 4896 692 4949 calciarium
718 4911 992 4965 puerorum
1021 4895 1216 4950 solidos
1237 4897 1437 4968 viginti,
1461 4907 1510 4952 et
1533 4899 1690 4954 tritici
1714 4903 1873 4972 201

287 4985 484 5039 modios
509 4993 779 5040 trecentos.
800 4983 929 5040 Thia
951 4986 1092 5056 enim
1111 5001 1215 5040 vox
1234 4996 1316 5040 est
1337 5002 1366 5041 a
1389 4986 1577 5043 Graeco
1592 4991 1715 5056 θεία,
1732 4979 1877 5062 quod

287 5078 502 5130 amitam
545 5077 628 5131 vel
655 5084 985 5130 materteram
1037 5075 1324 5144 significat,
1375 5077 1636 5133 derivata.
1671 5079 1877 5150 Lingua

287 5169 451 5222 etiam
485 5167 772 5239 Hispanica
795 5170 867 5222 tia
897 5168 1038 5222 idem
1060 5175 1236 5223 sonat.
1268 5167 1512 5234 Quonam
1543 5185 1670 5225 casu
1693 5180 1874 5227 extre-

286 5273 428 5314 mam
452 5259 521 5313 ad
551 5261 786 5331 inopiam
815 5260 1018 5330 pateria
1064 5258 1394 5315 nobilissima
1422 5260 1621 5314 femina
1653 5262 1872 5318 redacta

286 5350 483 5418 fuerat,
515 5352 606 5407 diu
636 5369 743 5407 non
783 5361 866 5408 est
907 5350 1305 5421 inquirendum,
1349 5350 1719 5424 conflagrante
1745 5365 1874 5416 tunc

285 5444 515 5500 assiduis
541 5445 694 5500 bellis
717 5446 963 5501 universa
991 5443 1166 5499 Italia.

357 5534 411 5592 5.
444 5535 761 5610 Gregorium
803 5540 1023 5595 fratrem
1072 5539 1355 5607 habtusse,
1405 5538 1582 5596 nullus
1622 5541 1716 5611 qui
1756 5541 1876 5614 ejus

285 5629 544 5699 epistolas
572 5638 774 5687 attente
803 5631 991 5699 legerit
1019 5632 1072 5686 in
1113 5630 1334 5686 dubium
1375 5631 1685 5698 revocabit;
1733 5649 1878 5705 saepe

287 5722 433 5778 enim
463 5723 516 5777 in
547 5722 650 5778 illis
679 5721 858 5778 fratris
911 5724 993 5778 sui
1040 5725 1372 5780 mentionem
1417 5725 1600 5780 habet.
1633 5724 1797 5783 Libro
1838 5744 1878 5794 ι,

291 5826 378 5886 ep.
399 5807 488 5877 Η,
515 5812 677 5868 Petro
700 5813 1032 5870 subdiacono
1059 5815 1243 5874 scribit
1268 5833 1280 5869 :
1331 5816 1547 5890 Agimus
1571 5825 1743 5874 autem
1770 5836 1884 5892 στα.

291 5903 392 5960 tius
418 5903 758 5964 sollicitudini
784 5913 904 5974 tute,
935 5905 1056 5976 quia
1079 5903 1143 5960 de
1167 5922 1327 5964 causa
1355 5908 1538 5982 fratris
1561 5909 1660 5967 mei
1679 5926 1880 5981 prace-

1974 3361 2169 3428 quarto
2187 3353 2275 3410 vel
2296 3353 2505 3422 quinto.
2530 3352 2737 3422 Nempe
2755 3341 3041 3421 o'bjurgare
3058 3356 3277 3404 coactus
3304 3344 3572 3414 hnnc'epi-

1975 3459 2200 3514 scopum
2213 3458 2418 3508 senem,
2433 3442 2643 3514 pudore
2654 3443 2835 3502 statim
2850 3441 3060 3498 videtur
3080 3439 3344 3504 cohiberi,
3359 3438 3573 3506 sibique

1974 3536 2090 3592 haec
2108 3536 2355 3607 Apostoli
2381 3537 2449 3590 ad
2476 3535 2818 3592 Timotheum
2849 3534 3024 3592 adhuc
3049 3533 3307 3604 juvenem
3337 3530 3526 3599 objicit
3551 3547 3568 3587 :

1976 3627 2247 3694 Seniorem
2270 3643 2335 3680 ne
2357 3628 2704 3698 increpaveris
2727 3625 2790 3697 (Ι
2813 3625 3002 3682 Timot.
3051 3643 3107 3693 ν,
3132 3625 3208 3696 i).
3231 3624 3376 3693 Ergo
3392 3623 3574 3693 junio-

1975 3733 2092 3776 rem
2141 3733 2201 3773 se
2249 3726 2382 3774 tunc
2427 3719 2755 3787 agnoscebat
2778 3733 2889 3786 pra:
2915 3716 3197 3781 Januario,
3229 3715 3573 3787 proindequc

1974 3812 2065 3868 vix
2092 3811 2237 3867 credi
2265 3818 2448 3880 potest
2476 3811 2653 3880 ipsum
2675 3819 2804 3866 tunc
2827 3809 3181 3876 sexagenario
3203 3807 3371 3862 fuisse
3399 3806 3574 3874 majo-

1978 3916 2124 3966 rem;
2152 3917 2339 3956 verum
2370 3900 2498 3969 quid
2525 3901 2594 3956 de
2621 3915 2718 3960 sua
2743 3907 2905 3958 aetate
2929 3899 3042 3956 suis
3069 3899 3127 3954 in
3173 3897 3412 3965 Dialogis
3452 3899 3574 3967 ipse

1981 3991 2177 4058 doceat
2204 3990 2567 4058 consulamus.

2053 4081 2169 4152 Lib.
2198 4097 2275 4150 ιιι,
2306 4097 2356 4136 c.
2392 4081 2482 4151 ii,
2524 4080 2817 4150 Gregorius
2861 4078 3104 4136 referens
3148 4075 3466 4146 miraculum
3514 4075 3572 4132 in

1979 4170 2036 4234 S.
2053 4170 2326 4240 perbonio
2349 4169 2634 4242 Populonii
2665 4170 2922 4241 episcopo
2948 4167 3171 4233 factum,
3197 4175 3444 4236 tempore
3461 4181 3573 4236 quo

1979 4263 2155 4338 Totila
2179 4261 2481 4320 Gothorum
2509 4277 2624 4327 rex,
2649 4261 2868 4322 Merulis
2895 4268 3091 4316 octavo
3119 4258 3188 4314 ab
3230 4259 3364 4313 urbe
3393 4257 3569 4313 Roma

1977 4356 2231 4416 milliario
2256 4354 2756 4420 castrametabatur,
2776 4354 2950 4423 idsuis
2967 4351 3146 4408 diebus
3165 4351 3456 4420 contigisse
3475 4351 3573 4414 ob:

1976 4455 2178 4517 servat.
2222 4447 2417 4514 Totila,
2472 4447 2564 4519 qui
2599 4459 2828 4515 regnare
2867 4445 3034 4516 coepit
3060 4459 3149 4499 an.
3181 4442 3309 4507 5M,
3342 4441 3573 4496 Romam

1977 4540 2061 4612 bis
2079 4539 2364 4606 obsidione
2387 4539 2557 4602 cinxit
2581 4545 2637 4594 et
2662 4536 2990 4608 expugnavit
3016 4534 3171 4589 annis
3193 4531 3445 4588 videlicet
3469 4529 3574 4584 546

1977 4642 2033 4690 et
2064 4632 2187 4689 549.
2220 4632 2376 4688 Prior
2403 4631 2614 4692 obsidio
2641 4632 2694 4687 in
2723 4646 2923 4687 annum
2979 4630 3249 4696 integrum
3295 4631 3573 4694 protracta

1981 4735 2087 4792 est,
2121 4739 2230 4794 quo
2257 4731 2504 4794 tempore
2533 4722 2707 4780 Totila
2731 4738 2843 4778 non
2866 4721 3026 4788 longe
3054 4719 3122 4773 ab
3149 4715 3292 4771 Urbe
3318 4714 3572 4772 distabat.

1985 4813 2142 4872 Unde
2169 4830 2302 4872 vero
2325 4814 2549 4885 propius
2596 4814 2812 4869 videtur
2867 4819 2997 4865 tunc
3042 4809 3093 4863 id
3143 4807 3402 4863 accidisse
3430 4803 3576 4876 quod

1982 4913 2167 4964 narrat
2187 4904 2500 4974 Gregorius,
2529 4903 2686 4970 eique
2713 4917 2778 4956 ac
2804 4900 2922 4955 aliis
2951 4899 3142 4955 Romae
3167 4897 3484 4967 degentibus
3509 4910 3576 4953 ea

1982 4997 2193 5052 ratione
2221 4994 2379 5056 facile
2401 4992 2717 5050 innotuisse.
2741 4991 2848 5047 Sex
2865 4998 3048 5045 autem
3063 4999 3155 5045 aut
3175 4998 3383 5061 septem
3403 5002 3576 5043 annos

1985 5100 2052 5142 eo
2082 5094 2325 5155 tempore
2345 5083 2540 5140 saltem
2565 5089 2728 5138 natus
2747 5088 2895 5150 erat;
2917 5097 3096 5153 neque
3113 5082 3256 5137 enim
3276 5095 3397 5151 quae
3418 5079 3576 5134 nobis

1984 5175 2160 5232 adhuc
2186 5173 2526 5244 vagientibus
2552 5179 2702 5242 gesta
2727 5179 2874 5242 sunt,
2903 5187 2969 5228 ea
2998 5171 3200 5228 nostris
3226 5171 3415 5227 diebus
3443 5183 3574 5225 eve-

1984 5267 2129 5322 nisse
2154 5265 2336 5322 dicere
2360 5265 2758 5322 consuevimus.
2792 5263 2888 5320 His
2909 5263 3208 5336 perpensis,
3233 5260 3574 5318 referendum

1987 5359 2237 5415 existimo
2265 5358 2324 5414 S.
2347 5358 2594 5429 Gregorii
2624 5367 2803 5415 ortum
2831 5357 2901 5413 ad
2929 5372 3019 5412 an.
3052 5356 3177 5410 540.
3210 5353 3392 5424 Vigilii
3421 5365 3576 5421 papae

1985 5449 2208 5518 tertium
2235 5451 2303 5520 (si
2342 5459 2524 5508 tamen
2573 5453 2692 5521 ejus
2729 5449 3075 5520 pontiﬁcatus
3113 5447 3240 5502 anni
3266 5461 3298 5499 a
3329 5452 3577 5512 tempore

1985 5559 2094 5613 quo
2120 5543 2173 5600 in
2204 5545 2379 5604 locum
2407 5543 2466 5602 S.
2496 5543 2708 5601 Silverii
2738 5543 2935 5611 injuste
2960 5537 3298 5598 exauctorati
3318 5535 3574 5592 suffectus

1987 5649 2070 5696 est
2101 5634 2443 5706 computandi
2469 5634 2641 5703 sunt),
2667 5631 2953 5688 Justiniani
2980 5631 3118 5699 Aug.
3160 5626 3430 5682 decimum
3468 5633 3576 5678 tero

1985 5733 2144 5798 tium,
2171 5726 2362 5796 Vitigis
2383 5723 2682 5780 Gothorum
2710 5724 2871 5791 regis,
2896 5733 3058 5788 quem
3082 5715 3394 5774 Bellisarius
3419 5721 3579 5784 capta

1989 5821 2251 5878 Ravenna
2277 5816 2514 5872 vinctum
2544 5813 2699 5870 duxit
2725 5805 3287 5878 Constantinopolim,
3333 5803 3582 5888 quintth

1990 5918 2050 5971 et
2073 5911 2337 5970 ultimum.
