4138 6480
556 426 663 495 247

958 420 963 427 Ν
1054 434 1110 488 S.
1150 426 1480 488 GREGORI-l
1521 421 1736 488 MAGNI
1778 422 1961 495 VITA,
2004 424 2094 480 EX
2137 421 2299 480 EJUS
2340 421 2645 480 SCRIPTIS
2684 419 3078 479 ADORNATA.
3122 419 3248 476 LIB.
3290 421 3333 479 I.

3738 423 3851 483 248

614 558 670 611 7.
714 550 961 621 Gregorii
995 564 1216 617 nomen,
1248 546 1394 617 quod
1443 546 1753 616 vigilantem
1795 549 1971 608 sonat,
2016 538 2141 593 Non
2169 540 2219 599 Α
2246 537 2548 594 litterarum
2575 535 2774 602 studia,
2803 534 3077 601 nimirum,
3112 536 3388 590 annitente
3410 538 3717 605 praesertim
3738 553 3855 595 ma-

546 650 661 703 sine
707 660 895 715 magno
940 639 1163 712 quodam
1197 640 1456 710 prwsagio
1496 646 1794 692 consecutus
1835 643 1931 699 est,
1972 629 2145 700 inquit

552 736 751 791 Paulus
778 733 1042 789 Diaconus
1095 730 1259 799 (num.
1306 728 1381 800 I).
1436 727 1513 782 Re
1550 728 1741 781 etenim
1769 742 1889 779 vera
1918 721 2147 793 vigilavit

546 827 665 892 sibi,
682 824 805 879 dum
822 823 1011 876 divinis
1034 821 1336 876 inhwrendo
1351 821 1624 890 praeceptis
1642 810 1970 872 laudabiliter
1987 815 2142 879 vixit;

543 919 771 990 vigilavit
808 912 1045 986 fidelibus
1087 915 1313 985 populis,
1347 912 1468 966 dum
1494 912 1748 967 doctrina:
1777 909 2032 980 aﬁluentis
2064 907 2146 960 iu-

543 1010 692 1080 genio
735 1009 809 1061 eis
840 1023 937 1075 quo
988 1006 1194 1059 tramite
1244 1005 1469 1059 ccelestia
1524 1004 1832 1057 scanderent
1882 1000 2143 1071 patefecit.

544 1100 740 1167 Quanti
790 1098 982 1153 fecerit
1010 1096 1342 1164 vigilantiam
1391 1094 1915 1160 sollicitudinemque
1941 1089 2148 1157 Grego-

546 1193 656 1247 rius
685 1198 873 1245 noster
905 1205 1017 1244 non
1045 1188 1274 1242 obscure
1302 1186 1479 1241 multis
1509 1187 1562 1240 in
1586 1186 1718 1241 locis
1748 1184 1939 1255 aperit,
1973 1181 2146 1236 maxi-

550 1300 638 1339 me
661 1298 795 1338 vero
824 1281 917 1336 lib.
938 1296 1009 1334 xx
1035 1279 1225 1334 Moral.
1251 1295 1398 1332 num.
1428 1277 1460 1331 8
1491 1296 1501 1330 :
1547 1277 1714 1331 Electi
1749 1278 1952 1348 quique,
1983 1291 2150 1345 quan-

551 1375 641 1427 diu
669 1375 725 1427 in
758 1373 855 1426 hac
881 1374 987 1425 vita
1023 1380 1162 1435 sunt,
1195 1370 1485 1423 securitatis
1510 1368 1605 1422 sibi
1638 1368 2007 1437 conﬁdentiam
2044 1381 2148 1420 non

544 1464 868 1533 promittunt.
897 1460 1060 1515 Horis
1081 1460 1218 1513 enim
1249 1458 1485 1512 omnibus
1510 1468 1691 1512 contra
1721 1466 2035 1511 tentantenta
2063 1473 2149 1510 su-

548 1552 729 1619 specti,
764 1550 950 1604 occulti
980 1550 1140 1603 hostis
1169 1548 1389 1601 insidias
1411 1554 1662 1610 metuunt,
1687 1548 1771 1617 qui
1793 1547 1948 1599 etiam
1976 1552 2148 1599 tenta-

547 1642 687 1694 tione
709 1649 961 1702 cessante,
995 1640 1072 1693 vel
1101 1639 1212 1693 sola
1262 1640 1489 1707 graviter
1536 1637 1827 1708 suspicione
1854 1636 2145 1690 turbantur.

546 1730 691 1785 Nam
734 1748 871 1801 saepe
919 1731 1093 1783 multis
1124 1747 1278 1799 grave
1325 1729 1613 1799 periculum
1658 1730 1867 1783 incauta
1898 1730 2148 1782 securitas

547 1826 686 1897 fuit:
726 1832 781 1877 ut
830 1824 1008 1877 callidi
1060 1823 1219 1877 hostis
1275 1822 1500 1876 insidias
1548 1838 1653 1875 non
1685 1823 1887 1885 tentati,
1922 1820 2012 1875 sed
2033 1819 2149 1889 jam

2247 644 2354 700 gno
2379 629 2727 698 Cassiodoro,
2757 628 2854 697 qui
2882 627 2937 682 in
2960 626 3113 682 Italia
3130 626 3373 696 iacentes
3401 628 3610 684 litteras
3638 633 3855 688 excita-

2247 731 2422 790 verat,
2452 730 2507 779 et
2527 721 2936 778 celeberrimam
2960 720 3015 774 in
3044 734 3140 775 suo
3160 719 3489 776 monasterio
3511 720 3856 778 academiam

2250 816 2582 885 instituerat,
2613 823 2673 871 ut
2700 822 2815 870 toto
2836 812 2956 869 fere
2984 813 3124 870 libro
3147 814 3306 870 tertio
3336 813 3453 882 ejus
3481 812 3620 869 Vitas
3639 814 3857 872 descri-

2248 898 2470 980 psimus.
2504 907 2751 964 Notanda
2782 923 2891 978 prae
2921 908 3133 963 caeteris
3162 916 3288 963 sunt
3314 907 3432 963 haec
3458 907 3616 963 Pauli
3654 908 3860 965 Diaco-

2250 1002 2304 1056 ni
2335 1001 2521 1071 (Num.
2556 1000 2620 1070 1)
2651 1001 2815 1056 verba
2846 1018 2858 1054 :
2889 999 3073 1054 Inerat
3118 1002 3164 1054 ei
3222 998 3558 1071 (Gregorio)
3596 1004 3754 1073 202
3796 1004 3858 1056 in

2248 1109 2410 1160 parva
2454 1092 2621 1145 adhuc
2658 1100 2810 1147 aztate
2837 1100 3096 1145 maturum
3118 1093 3234 1162 jam
3262 1092 3510 1160 studium,
3535 1103 3558 1130 ιι
3582 1095 3861 1150 adhwrere

2249 1185 2442 1239 scilicet
2464 1184 2616 1238 dictis
2645 1186 2925 1254 majorum,
2956 1193 3003 1238 et
3027 1185 3070 1237 si
3093 1184 3214 1255 quid
3242 1184 3455 1255 dignum
3479 1188 3731 1257 potuisset
3750 1205 3855 1240 au-

2252 1279 2365 1331 ditu
2392 1279 2673 1349 percipere,
2716 1294 2823 1332 non
2862 1279 3089 1350 segniter
3116 1278 3363 1351 oblivioni
3395 1282 3624 1351 tradere,
3654 1284 3746 1336 sed
3772 1293 3860 1337 te-

2252 1372 2372 1424 naci
2402 1372 2570 1441 potius
2602 1372 2867 1426 memoria:
2899 1350 3280 1426 commendare:
3322 1371 3713 1445 Hauriebatque
3735 1377 3859 1445 jam

2254 1471 2372 1517 tunc
2401 1464 2663 1517 sitibundo
2694 1464 2945 1517 doctrina:
2972 1464 3171 1532 ﬂuenta
3196 1474 3418 1534 pectore,
3451 1481 3565 1536 qua!
3588 1476 3706 1535 post
3732 1483 3860 1520 con.

2258 1558 2462 1626 gruenti
2487 1566 2729 1625 tempore,
2763 1556 2957 1610 mellito
2982 1566 3187 1628 gutture
3216 1568 3488 1611 eructaret.

2326 1647 2492 1702 Paulo
2532 1648 2766 1703 concinit
2814 1647 3052 1703 Joannes
3097 1648 3395 1715 Diaconus,
3429 1648 3683 1720 additque
3711 1649 3841 1708 Gre-

2250 1730 2459 1807 gorium
2503 1738 2668 1794 fuisse
2711 1746 2822 1792 arte
2855 1738 3212 1809 philosophum
3238 1738 3377 1810 (Lib.
3409 1756 3457 1808 ι,
3487 1757 3542 1794 n.
3576 1741 3653 1811 1).
3677 1740 3862 1807 Quam

2252 1843 2385 1883 vero
2425 1827 2875 1899 philosophorum
2908 1837 3114 1883 sectam
3162 1829 3234 1883 sit
3254 1827 3554 1900 amplexus,
3584 1846 3694 1885 non
3724 1816 3863 1901 ape-

546 1917 793 1986 prostrati
839 1924 1224 1986 cognoscerent.
1258 1914 1597 1985 Vigilandum
1620 1916 1805 1986 quippe
1820 1930 2019 1983 semper
2040 1920 2140 1981 est,
2173 1924 2221 1985 Β
2245 1922 2337 1976 rit.
2369 1919 2595 1975 Ethicen
2626 1920 2694 1974 ab
2722 1935 2789 1975 eo
2814 1919 3051 1975 maxime
3077 1920 3277 1975 cultam
3302 1919 3467 1977 fuisse
3486 1912 3675 1978 nullus
3696 1924 3864 1991 igno-

545 2014 600 2059 ut
622 2024 767 2060 mens
823 2007 1061 2059 continue
1106 2006 1331 2059 sollicita
1378 2022 1645 2077 nunquam
1684 2005 1945 2060 relaxetur
1971 2006 2145 2058 inten-

546 2096 683 2149 tione
705 2112 949 2166 superna,
1000 2113 1062 2149 ne
1088 2094 1346 2149 laboriosa
1369 2095 1634 2161 deserens,
1662 2097 1716 2149 in
1743 2095 2145 2166 cogitationibus

547 2190 727 2256 ﬂuxis,
752 2191 899 2259 quasi
920 2190 974 2241 in
1003 2188 1306 2259 quibusdam
1345 2188 1585 2242 mollibus
1616 2190 1914 2243 stramentis
1936 2189 2143 2258 jacens,

547 2281 767 2332 venienti
802 2280 1091 2345 corruptori
1120 2276 1325 2332 diabolo
1351 2295 1494 2331 mens
1519 2295 1573 2331 se
1596 2279 1824 2333 resoluta
1840 2277 2141 2349 'prostituat.
2174 2351 2181 2357 _

551 2369 761 2424 Cretera
804 2370 998 2424 omitto
1047 2370 1146 2423 etsi
1176 2369 1245 2423 ad
1268 2368 1629 2425 Christianam
1660 2370 1991 2440 vigilantiam
2020 2384 2148 2426 sua-

547 2462 781 2517 dendam
821 2461 1257 2529 exquisitissima.

622 2551 675 2605 8.
720 2551 797 2605 De
831 2552 1151 2607 educatione
1196 2560 1251 2605 et
1289 2551 1627 2608 institutione
1654 2551 1903 2622 Gregorii
1931 2552 1983 2607 in
2012 2567 2147 2622 pue-

555 2643 639 2697 rili
668 2650 829 2697 aetate
872 2642 1005 2697 nihil
1034 2642 1185 2698 nobis
1213 2650 1554 2713 compertum
1595 2651 1713 2709 est;
1754 2658 1943 2698 verum
1972 2658 2150 2713 neque

549 2748 761 2790 summa
789 2741 1073 2803 parentum
1099 2734 1293 2804 pietas,
1330 2749 1506 2803 neque
1526 2733 1619 2789 lilii
1646 2736 1903 2791 sanctitas
1929 2734 2145 2803 eximia,

551 2826 645 2895 qui
670 2826 832 2881 etiam
862 2826 917 2880 in
945 2826 1142 2881 smculo
1172 2826 1427 2890 militans,
1459 2841 1640 2882 mores
1668 2841 1798 2882 suos
1828 2827 1895 2883 ad
1921 2825 2147 2883 exactis-

550 2918 745 2974 simam
774 2918 1094 2974 Christiana:
1124 2918 1474 2988 perfectionis
1524 2935 1773 2975 normam
1818 2936 2150 2991 componere

547 3011 850 3080 satagebat,
882 3010 1129 3066 dubitare
1178 3010 1362 3066 sinunt
1387 3011 1517 3080 quin
1547 3026 1577 3065 a
1603 3013 1806 3067 teneris
1836 3012 2001 3067 fuerit
2031 3027 2149 3068 om-

547 3099 707 3154 nibus
730 3099 862 3169 legis
885 3097 1219 3168 Evangelicae
1248 3101 1529 3170 praeceptis
1577 3100 1897 3169 innutritus,
1946 3102 2001 3156 in
2031 3117 2149 3157 om-

546 3188 697 3243 nium
722 3189 981 3243 virtutum
1008 3190 1256 3260 palaestra
1299 3199 1561 3260 quantum
1602 3190 1812 3247 ferebat
1852 3200 2006 3261 :etas,
2038 3194 2146 3251 imo

545 3291 710 3347 supra
734 3285 974 3343 aetatem,
1007 3280 1337 3335 exercitatus
1368 3289 1424 3335 et
1469 3281 1713 3340 edoctus.
1742 3282 1987 3356 Cumque
2016 3302 2143 3357 par-
2174 3304 2221 3368 ρ

547 3369 797 3424 vulorum
825 3370 1078 3427 educatio
1110 3380 1341 3427 matrum
1373 3374 1719 3443 potissimum
1748 3377 1819 3431 sit
1846 3378 2143 3449 provincia,

545 3460 702 3529 juxta
730 3460 956 3515 Paulum
988 3462 1051 3533 (Ι
1103 3463 1236 3517 Tim.
1283 3480 1337 3533 v,
1371 3465 1485 3535 IO),
1517 3482 1625 3521 non
1673 3468 1942 3525 immerito
1974 3472 2148 3542 conji-

548 3552 718 3611 cimus
745 3553 803 3608 S.
836 3552 1059 3609 Silviam
1084 3556 1189 3611 hoc
1218 3565 1436 3614 strenue
1476 3559 1653 3616 ollicio
1683 3576 1811 3631 erga
1834 3576 1990 3617 suum
2012 3562 2147 3620 Gre-

546 3645 755 3713 garium
786 3644 1099 3701 defunctam
1126 3663 1267 3715 esse,
1301 3666 1597 3721 omnesque
1620 3653 1939 3709 Christianae
1961 3658 2147 3714 matris

548 3742 732 3802 partes
778 3736 831 3791 in
879 3737 997 3806 ipso
1042 3739 1374 3796 instituendo
1414 3742 1699 3811 diligenter
1728 3745 1999 3815 implesse.
2029 3746 2146 3814 Qua

548 3840 682 3881 vero
712 3837 831 3882 arte
858 3844 922 3883 ac
953 3829 1215 3885 industria
1244 3832 1420 3888 excoli
1450 3833 1516 3888 ad
1542 3835 1800 3904 pietatem
1832 3837 2146 3896 informari-

546 3930 655 3986 que
679 3918 914 3974 debeant
944 3922 1098 3990 pueri
1126 3922 1336 3979 nobiles
1365 3926 1705 3997 maximeque
1733 3930 1894 3998 regia:
1938 3933 2143 4004 stirpis,

549 4004 843 4078 Gregorius
884 4011 1045 4068 docet
1092 4014 1318 4084 pulchre
1376 4016 1441 4071 ad
1492 4016 1855 4075 Theoctistam
1904 4024 2146 4081 scribens

546 4096 641 4152 lib.
672 4116 764 4165 vn,
799 4116 886 4170 ep.
919 4100 1008 4167 26,
1041 4104 1130 4159 cui
1161 4118 1217 4160 ut
1247 4106 1580 4162 charissimm
1627 4112 1803 4166 sorori
1854 4111 2146 4173 Mauricius

546 4187 818 4255 Augustus
839 4191 1146 4249 dulcissima
1174 4196 1395 4263 pignora
1424 4213 1519 4253 sua
1547 4200 1868 4267 crediderat,
1896 4204 2033 4259 filios
2060 4206 2143 4261 vi-

547 4275 749 4332 delicet
792 4280 1085 4336 tradiderat
1140 4285 1463 4342 educandos.
1515 4287 1660 4343 Inter
1706 4298 1900 4346 caetera
1949 4295 2147 4352 eximia
2237 4306 2253 4314 ‘

546 4380 665 4434 quae
689 4368 791 4423 hac
820 4369 874 4423 in
895 4372 1125 4440 epistola
1145 4374 1413 4444 leguntur,
1439 4377 1557 4432 haec
1581 4379 1814 4451 maxime
1835 4382 2145 4451 ponderan-

546 4456 616 4510 da
645 4451 1368 4533 et'memoriaeinsculpenda
1403 4485 1415 4520 :
1459 4466 1648 4535 Verba,
1682 4470 1873 4539 inquit,
1908 4477 2146 4533 nutrien-

547 4548 695 4616 tium,
720 4560 810 4605 aut
840 4553 921 4605 lac
951 4564 1100 4607 erunt
1127 4557 1172 4609 si
1199 4554 1334 4610 bona
1366 4568 1507 4630 sunt,
1531 4570 1620 4613 aut
1643 4578 1891 4618 venenum
1912 4567 1960 4621 si
1982 4570 2143 4626 mala.

616 4638 667 4693 9.
696 4638 899 4706 Quibus
926 4645 1197 4712 magistris
1229 4661 1293 4701 ac
1316 4647 1630 4707 doctoribus
1659 4668 1790 4710 usus
1820 4656 1981 4713 fuerit
2009 4675 2143 4719 san-
2172 4678 2227 4740 Ι)

544 4736 664 4785 ctus
693 4746 844 4800 puer,
899 4744 958 4789 ut
1004 4736 1072 4791 ad
1103 4745 1308 4793 tantum
1338 4740 1575 4797 scientiae
1606 4758 1670 4798 ac
1713 4747 1991 4817 sapientia:
2023 4753 2139 4807 cul-

544 4834 669 4874 men
690 4825 1014 4891 perveniret,
1044 4830 1259 4898 penitus
1288 4847 1385 4889 nos
1413 4830 1566 4902 fugit.
1591 4833 1804 4891 Litteris
1831 4842 2137 4910 grammati-

544 4911 640 5001 cis,
668 4910 841 4980 inquit
866 4912 1158 4983 Gregorius
1201 4920 1403 4978 Turon.
1451 4925 1575 4981 loco
1602 4926 1717 4995 jam
1749 4929 1985 5001 laudato,
2020 4936 2135 4991 dia—

544 4998 834 5087 lecticisque
869 5021 931 5057 ac
961 5006 1228 5065 rhetoricis
1257 5015 1332 5067 ita
1368 5026 1481 5069 erat
1517 5018 1805 5087 institutus,
1834 5033 1889 5077 ut
1917 4998 2051 5078 nulli
2077 5028 2135 5081 in

548 5086 686 5180 Urbe
710 5091 826 5162 ipsa
858 5103 1127 5162 putaretur
1156 5116 1264 5156 esse
1311 5105 1586 5162 secundus.
1640 5108 1901 5180 Linguam
1950 5121 2135 5173 tamen

541 5178 789 5238 Graecam
817 5187 1039 5245 minime
1064 5193 1328 5263 calluisse,
1358 5215 1482 5255 raro
1512 5202 1654 5258 inter
1681 5178 1872 5262 doctos
1916 5207 2137 5267 humili-

541 5272 670 5329 tatis
696 5278 965 5347 exemplo,
994 5280 1279 5350 proﬁtetur
1310 5304 1397 5358 ep.
1450 5291 1522 5344 52
1564 5293 1687 5349 libri
1715 5312 1808 5351 vn.
1838 5295 1982 5355 Juris
2007 5315 2133 5357 eum

538 5361 707 5461 fuisse
735 5368 1119 5437 peritissimum
1160 5383 1216 5431 et
1243 5381 1694 5438 consultissimum
1735 5385 1979 5454 plurimm
2005 5406 2135 5461 pro-

537 5454 670 5511 bant
715 5458 834 5527 ejus
865 5462 1127 5532 epistolae,
1173 5471 1406 5527 maxime
1446 5472 1570 5528 libri
1609 5475 1804 5531 decimi
1854 5454 2130 5541 tertii-45.

537 5542 741 5644 Eadem
764 5565 888 5644 cum
910 5552 1173 5625 Gregorio
1198 5557 1401 5616 Turon.
1431 5564 1593 5619 tradit
1615 5564 1815 5624 Paulus
1840 5569 2129 5644 Diaconus,

538 5634 791 5708 additque
820 5640 1005 5699 Romae
1052 5647 1157 5703 hoc
1203 5657 1447 5720 tempore
1501 5656 1842 5723 potissimum
1883 5634 2135 5725 floruisse

2252 2027 2375 2067 rare
2405 2018 2613 2082 potest,
2668 2010 2771 2065 nisi
2802 2010 2857 2065 in
2888 2025 3113 2079 operum
3145 2010 3261 2078 ejus
3291 2009 3523 2065 lectione
3568 2010 3731 2066 fuerit
3753 2026 3865 2082 pe-

2226 2103 2518 2173 ‘regrinus.
2552 2100 2713 2156 Certe
2740 2099 3169 2156 Christianorum
3191 2098 3456 2155 Senecam
3479 2114 3603 2155 eum
3626 2100 3863 2157 libenter

2252 2190 2598 2263 appellarem,
2631 2191 2734 2245 nisi
2764 2189 2831 2245 de
2856 2188 2949 2244 illo
2981 2190 3149 2246 satius
3168 2188 3445 2245 videretur
3469 2188 3680 2259 dicere,
3708 2190 3863 2261 quod

2252 2282 2320 2337 de
2348 2282 2620 2336 Abraham
2650 2280 2965 2337 Ambrosius
2998 2298 3011 2333 :
3049 2279 3275 2352 Magnus
3304 2282 3460 2351 plane
3485 2283 3561 2335 vir
3589 2290 3639 2337 et
3661 2284 3864 2336 multa-

2250 2389 2366 2427 rum
2394 2373 2635 2427 virtutum
2660 2373 2831 2425 clarus
2854 2370 3172 2443 insignibus,
3217 2388 3365 2442 quem
3390 2372 3517 2427 votis
3544 2374 3653 2427 suis
3680 2374 3861 2443 philo-

2251 2462 2436 2529 saphia
2464 2478 2570 2516 non
2597 2463 2763 2532 potuit
2786 2478 3007 2531 requare.
3040 2461 3273 2533 Denique
3293 2463 3464 2517 minus
3491 2472 3567 2517 est
3588 2464 3723 2535 quod
3760 2466 3861 2519 illa

2250 2552 2407 2620 ﬁnxit
2426 2568 2580 2623 quam
2608 2552 2745 2623 quod
2765 2553 2863 2606 iste
2903 2554 3060 2624 gessit
3104 2551 3257 2625 (Lib.
3285 2570 3302 2607 1
3343 2554 3407 2608 de
3433 2553 3629 2609 Abrah.
3682 2573 3729 2610 c.
3758 2555 3859 2627 2).

2326 2642 2685 2712 Astrologiam
2712 2641 3046 2697 divinantem
3079 2642 3320 2712 aliasque
3353 2643 3594 2700 curiosas
3624 2653 3679 2699 et
3704 2644 3861 2715 peri-

2253 2730 2467 2788 culosas
2499 2740 2643 2787 artes
2691 2745 2965 2800 nunquam
2993 2739 3230 2787 sectatus
3268 2740 3368 2788 est.
3406 2731 3606 2788 Contra
3645 2734 3858 2790 mathec

2252 2823 2482 2880 maticos
2509 2822 2685 2877 futura
2712 2822 3003 2893 prtedicere
3032 2832 3417 2893 praesumentes
3446 2824 3672 2895 insurgit
3701 2827 3855 2881 hom.

2254 2914 2323 2969 10
2350 2917 2404 2971 in
2443 2914 2733 2984 Evangelia
2766 2929 2911 2969 num.
2960 2914 2996 2966 4
3022 2922 3077 2970 et
3107 2913 3158 2969 5.
3187 2913 3346 2981 Quod
3376 2923 3555 2971 autem
3585 2916 3662 2971 ait
3688 2915 3858 2972 Joan-
3906 2980 3910 2984 ,

2251 3021 2350 3062 nes
2394 3004 2843 3062 Sacrisburiensis
2870 3005 2964 3061 lib.
3013 3021 3050 3060 ιι
3080 3005 3147 3061 de
3175 3005 3340 3077 Nugis
3368 3005 3662 3064 Curiatium
3702 3024 3753 3063 c.
3784 3007 3858 3063 26

2251 3104 2308 3153 et
2334 3096 2428 3152 lib.
2458 3111 2554 3152 vm
2582 3110 2631 3151 c.
2684 3094 2781 3162 19,
2809 3111 2934 3152 cum
2961 3111 3069 3152 non
3099 3096 3273 3152 solum
3320 3098 3593 3155 mathesin
3630 3097 3700 3153 ab
3728 3098 3858 3153 aula

2251 3187 2507 3243 recedere
2549 3187 2802 3257 jussisse,
2850 3187 2944 3243 sed
2994 3188 3160 3244 etiam
3202 3187 3549 3244 Bibliotheca
3598 3186 3859 3242 Palatina:

2251 3278 2306 3333 in
2327 3277 2480 3347 cujus
2509 3276 2741 3333 archivis
2762 3276 3191 3333 recondebantur
3201 3276 3440 3333 omnium
3452 3275 3859 3348 disciplinarum

2252 3369 2406 3436 libri,
2440 3368 2557 3425 zelo
2585 3369 2966 3437 intempestivo
3005 3368 3183 3438 ignem
3212 3367 3549 3437 admovisse,
3593 3375 3653 3423 ut
3680 3366 3858 3437 major

2254 3466 2399 3513 esset
2442 3472 2609 3513 sacra:
2652 3456 2946 3527 Scriptura:
2986 3458 3309 3525 auctoritas,
3340 3469 3397 3513 et
3422 3458 3477 3513 in
3525 3472 3590 3515 ea
3630 3458 3858 3528 legenda

2252 3551 2564 3622 ﬂagrantius
2603 3552 2868 3619 studium;
2919 3551 2973 3606 id
3014 3551 3176 3622 plane
3204 3552 3344 3607 inter
3382 3564 3550 3620 nugas
3578 3558 3634 3606 et
3682 3550 3857 3606 aniles

2251 3639 2459 3698 fabulas
2483 3642 2633 3712 rejici
2661 3643 2839 3699 debet.
2866 3642 2961 3700 His
2986 3642 3273 3699 virtutibus
3295 3650 3536 3709 ornatus,
3562 3642 3645 3698 bis
3667 3642 3857 3699 excul-

2250 3741 2339 3791 tus
2365 3735 2553 3790 studiis
2591 3733 2913 3803 Gregorius,
2943 3750 3071 3790 mox
3098 3734 3167 3790 ad
3194 3734 3511 3805 praecipuas.
3545 3732 3733 3799 Urbis,
3767 3748 3855 3789 se-

2251 3830 2439 3890 natus,
2488 3822 2797 3893 reipublicae
2840 3823 3130 3894 diguitates
3151 3823 3293 3879 viam
3323 3824 3425 3879 sibi
3454 3822 3684 3894 aperuit.
3716 3822 3853 3889 Quia

2251 3928 2383 3972 vero
2412 3930 2539 3984 pars
2572 3930 2764 3986 magna
2795 3916 2892 3971 fuit
2920 3930 3108 3971 eorum
3136 3930 3255 3987 qua:
3292 3924 3385 3971 aut
3414 3914 3470 3971 in
3510 3906 3726 3984 imperii
3758 3921 3853 3969 aut

2250 4004 2307 4059 in
2332 4002 2621 4060 Eccclesia:
2649 4005 3112 4062 administratione
3139 4014 3291 4077 gesta
3317 4014 3444 4063 sunt
3468 4006 3597 4061 dum
3620 4004 3849 4069 viveret,

2250 4093 2427 4163 qualis
2454 4101 2585 4149 tunc
2618 4092 2781 4150 fuerit
2806 4096 3083 4162 utriusque
3109 4104 3308 4167 status,
3352 4097 3588 4153 maxime
3615 4096 3671 4152 in
3697 4094 3849 4151 Italia

2250 4183 2436 4253 paucis
2464 4182 2863 4255 exponendum.

2865 4296 3095 4354 CAPUT
3133 4298 3197 4355 II.

2251 4407 2606 4475 Anapum.
2631 4438 2692 4475 έ
2714 4412 2759 4461 1.
2782 4410 3015 4475 Ecclesia
3043 4416 3214 4463 status.
3239 4438 3303 4450 --
3322 4414 3369 4463 2.
3392 4411 3455 4462 Et
3474 4413 3694 4475 Imperii.
3721 4410 3848 4461 Lan-

2314 4473 2542 4538 gobardL
2558 4473 2747 4524 Italiam
2787 4474 3036 4523 invadunt.
3062 4501 3122 4509 —
3165 4473 3625 4538 3.,Gregorius'lit
3671 4482 3849 4538 praetor

2322 4534 2485 4584 Urbis.
2507 4535 2624 4597 Ejus
2648 4541 2878 4598 prmturge
2900 4541 3113 4598 tempus.
3134 4562 3195 4574 -—
3219 4536 3265 4585 4.
3293 4534 3542 4595 Quomodo
3562 4539 3611 4583 in
3633 4534 3850 4598 praetura

2317 4610 2375 4661 se
2395 4600 2626 4659 gesserit.
2650 4596 2777 4647 ‘——5.
2834 4596 3136 4659 Frequentia
3175 4598 3241 4647 de
3280 4600 3430 4647 rebus
3462 4598 3568 4661 piis
3608 4596 3848 4661 colloquia

2320 4660 2378 4708 ad
2402 4662 2676 4710 monasticae
2693 4662 2807 4709 vitae
2830 4663 3134 4722 propositum
3158 4673 3269 4709 eum
3294 4660 3594 4722 accendunt.
3609 4660 3848 4719 Quod'diu

2314 4722 2495 4771 differt.
2523 4748 2584 4756 —
2603 4724 2649 4771 6.
2673 4721 2879 4783 Septem
2902 4721 3110 4771 (aediﬁcat
3146 4724 3463 4772 monasteria.
3489 4721 3618 4770 —7.
3646 4722 3724 4771 Fit
3743 4736 3848 4771 mo-

2314 4782 2666 4903 pzflhussﬂtfuo
2687 4782 2865 4833 inloco
2890 4789 2943 4833 et
2963 4788 3201 4843 tempore.
3226 4784 3348 4835 --8.
3372 4784 3564 4844 Quibus
3577 4785 3846 4844 magistris.

2322 4944 2374 4999 1.
2408 4945 2630 5014 Dejecto
2660 4946 2718 5001 S.
2750 4945 2979 5002 Silverio
3007 4962 3175 5017 papa,
3207 4947 3432 5018 Vigilius
3474 4947 3543 5004 ab
3569 4961 3714 5003 anno
3742 4946 3847 5002 557

2247 5052 2417 5108 usque
2446 5037 2514 5092 ad
2537 5052 2630 5093 an.
2655 5035 2761 5092 554
2778 5038 2866 5093 vel
2890 5036 2996 5093 555
3014 5038 3197 5094 sedem
3219 5037 3517 5095 Romanam
3539 5039 3843 5109 occupavit.

2247 5145 2280 5184 a
2307 5128 2609 5185 Justiniano
2647 5128 2818 5198 Aug.,
2861 5144 2969 5197 quo
3031 5138 3253 5187 auctore
3317 5130 3490 5199 ipsam
3546 5131 3844 5197 invaserat,

2248 5220 2416 5275 multa
2442 5228 2630 5291 postea
2674 5235 2982 5292 perpessus.
3020 5218 3157 5275 Cum
3197 5220 3635 5277 condemnationi
3684 5221 3847 5275 trium

2247 5312 2635 5381 capitulorum,
2686 5320 2747 5367 ut
2794 5313 3106 5382 imperatori
3153 5313 3575 5383 obsequeretur,
3627 5311 3847 5367 tandem

2246 5403 2640 5469 consensisset,
2672 5402 2739 5458 ab
2780 5403 2896 5472 ejus
2924 5405 3306 5460 communione
3348 5410 3691 5460 secesserunt
3719 5409 3844 5473 ptu-

2248 5492 2372 5547 rimi
2400 5493 2455 5547 in
2475 5491 2787 5559 Occidente,
2820 5493 3053 5548 maxime
3074 5493 3271 5565 Illyrici
3292 5501 3348 5548 et
3367 5491 3561 5548 Africae
3586 5491 3833 5563 episcopi

2245 5582 2390 5652 quod
2454 5583 2673 5652 indigne
2731 5585 2936 5640 ferrent
3000 5593 3111 5641 tres
3166 5584 3450 5656 episcopos
3498 5585 3843 5640 Theodorum

2241 5671 2710 5741 Mopsuestenum,
2762 5673 2907 5730 Ibam
2956 5675 3326 5744 Edessenum,
3366 5683 3422 5731 et
3441 5676 3843 5734 Theodoretum

540 5806 630 5920 lib“.
974 5804 1045 5879 .dc
1098 5806 1276 5875 δείρεο
1324 5817 1569 5870 ῑθδῐθιωκ
1608 5816 1675 5871 Ut
1718 5820 1880 5892 nti/ti,
1940 5826 2137 5897 inquit,
2193 5847 2370 5889 senum
2408 5834 2681 5888 collocatio
2730 5852 2840 5891 esse
2880 5852 3079 5905 semper
3128 5839 3367 5895 amabilis
3408 5840 3554 5896 solet.
3605 5839 3839 5914 Dialog.,

2094 6021 2140 6040 μί.
