4138 6448
264 367 377 425 249

742 363 802 419 s.
844 358 1171 418 onsconn
1208 359 1422 419 MAGNI
1461 358 1646 421 VITA.
1691 358 1784 413 EX
1824 353 1985 413 EJUS
2023 340 2329 411 SCRIPTIS
2372 352 2763 411 ADORNATA.
2806 352 2934 409 LIB.
2978 354 3019 407 ι.

3442 354 3551 414 ξω

261 482 419 554 Cyri,
450 495 589 552 quos
614 478 900 535 concilium
927 476 1368 536 Chalcedonense
1402 494 1499 548 pro
1539 476 1856 533 orthodoxis
1881 477 1934 537 Α
1961 484 2009 528 et
2037 484 2227 542 septem
2250 491 2416 530 anites
2438 477 2700 545 ducimus,
2729 476 2863 548 quod
2888 478 2943 531 in
2973 476 3069 529 hac
3096 474 3220 530 urbe
3242 478 3377 532 inter
3403 473 3552 533 Latt-

264 573 545 639 habuerat,
576 570 967 628 condemnatos
990 579 1047 626 et
1072 572 1392 641 reprobatos
1415 570 1483 625 ab
1503 566 1863 625 Orientalibus

263 661 429 717 fuisse
481 661 538 716 in
576 661 783 732 synodo
836 660 1466 731 Constantinopolitana,
1509 673 1629 728 quae
1675 657 1861 728 quinta

263 751 599 807 meumen'rca
637 751 799 819 vulgo
836 750 1155 821 appellatur.

338 844 629 899 Demortuo
676 843 733 897 in
768 841 956 898 Sicilia
983 841 1182 912 Vigilio
1228 840 1477 911 Pelagius
1523 839 1544 892 ι
1582 838 1858 894 successit.

264 932 385 998 Quo
414 940 660 1002 tempore
702 931 899 1000 Istriaa,
945 931 1203 1001 Liguriae,
1254 930 1710 999 Venetiarumque
1747 932 1861 1000 epi-

264 1022 447 1092 scopi,
491 1023 676 1078 habita
719 1023 959 1094 synodo,
1004 1023 1093 1078 cui
1138 1020 1351 1092 prmluit
1383 1019 1665 1086 Paulinus,
1694 1021 1860 1089 Aqui—

263 1109 480 1167 leiensis
525 1113 839 1183 episcopus,
886 1128 987 1184 pro
1021 1127 1185 1168 causa
1216 1097 1378 1167 trium
1425 1112 1783 1181 capitulorum
1803 1112 1859 1167 in

263 1212 509 1274 apertum
527 1206 761 1261 schisma
788 1214 1112 1276 eruperunt;
1136 1204 1470 1273 Narsemque
1490 1204 1743 1259 comitem
1770 1212 1857 1258 tu-

260 1295 590 1353 multuantes
610 1312 865 1354 coercere
886 1304 1196 1365 conantem,
1217 1296 1421 1352 imbelli
1444 1297 1619 1353 inanis
1645 1312 1859 1352 excom-

260 1384 643 1441 municationis
702 1386 926 1442 fulmine
982 1395 1388 1458 percusserunt.
1443 1385 1548 1441 Tot
1588 1386 1858 1455 tantisque

258 1471 425 1529 Italiae
452 1476 607 1532 malis
636 1476 1002 1533 conﬂictatum
1044 1477 1320 1547 Pelagium
1346 1491 1493 1532 mors
1520 1476 1587 1531 ad
1616 1477 1857 1546 quietem

256 1575 518 1621 aeternam
561 1569 775 1624 vocavit
822 1584 891 1624 an
919 1568 1045 1625 559.
1090 1567 1169 1623 Illi
1219 1577 1401 1624 tamen
1449 1568 1699 1623 undecim
1728 1567 1856 1622 anni

256 1656 599 1723 pontificatus
625 1664 682 1712 et
705 1673 919 1715 menses
962 1658 1178 1725 decem,
1209 1658 1264 1712 in
1293 1658 1590 1728 appendice
1612 1657 1681 1712 ad
1710 1656 1853 1712 Mar-

256 1741 441 1799 cellini
465 1745 680 1803 comitis
715 1745 1023 1803 Chronicon
1056 1747 1383 1802 tribuuntur.

1964 567 2309 641 gobardorum
2359 568 2561 639 gladios
2613 570 2845 623 vivimus.
2906 568 2966 623 In
3032 569 3317 639 posteriori
3379 586 3555 641 vero,

1962 659 2159 729 scripta
2181 675 2268 713 an.
2303 658 2408 713 603
2431 701 2446 727 ,
2477 659 2661 714 indict.
2696 668 2850 715 sexta
2874 701 2888 726 ,
2923 675 3042 730 quae
3070 669 3155 717 est
3180 661 3251 715 ‘58
3276 661 3397 716 libri
3419 678 3553 719 xm:

1964 752 2218 822 Qualiter,
2250 754 2450 825 inquit,
2481 754 2797 825 quotidianis
2819 756 3125 825 gladiis.....
3162 773 3278 811 ecce
3299 758 3415 827 jam
3463 773 3555 827 per

1963 845 2175 915 triginta
2195 846 2416 917 quinque
2440 861 2697 900 annorum
2718 847 3091 916 longitudinem
3112 849 3409 918 premimur,
3434 864 3555 919 qua:

1962 935 2368 1005 chronologiam
2396 946 2635 992 nostram
2658 936 2793 991 mire
2818 936 3119 994 adstruunt.

2032 1027 2255 1093 Quantis
2284 1034 2464 1083 autem
2487 1027 2722 1098 rapinis,
2756 1027 3045 1094 incendiis,
3078 1029 3310 1086 caedibus
3347 1027 3553 1084 Italiam

1959 1119 2072 1176 fere
2103 1128 2271 1175 totam
2310 1119 2738 1185 devastaverint,
2783 1118 2925 1174 idem
2954 1118 3243 1189 Gregorius
3271 1139 3371 1179 nos
3396 1125 3558 1183 docet

1959 1213 2053 1270 lib.
2086 1231 2144 1270 ιιι
2172 1215 2378 1286 Dialog.
2405 1230 2455 1269 c.
2487 1213 2556 1268 58
2595 1232 2607 1267 :
2652 1213 2781 1267 Mox
2805 1214 2987 1283 e/fera,
3022 1215 3213 1284 inquit,
3248 1216 3556 1290 Langobar-

1961 1306 2143 1360 dorum
2175 1322 2297 1375 gens
2361 1306 2424 1359 de
2470 1307 2660 1377 vagina
2698 1322 2808 1360 siue
2852 1305 3185 1361 habitationis
3240 1310 3455 1381 educta,
3498 1315 3555 1369 in

1958 1408 2192 1454 nostram
2234 1400 2476 1453 cervicem
2503 1407 2743 1470 grassata
2770 1407 2865 1466 est,
2891 1407 3041 1470 atque
3070 1399 3349 1455 humanum
3378 1420 3554 1474 genus,

1958 1494 2097 1565 quod
2126 1495 2178 1548 in
2204 1494 2299 1547 hac
2325 1503 2465 1547 terra
2492 1509 2603 1563 pra:
2632 1494 2793 1547 nimia
2830 1492 3160 1546 multitudine
3186 1496 3333 1565 quasi
3376 1498 3557 1566 spissa:

1958 1588 2143 1659 segetis
2173 1604 2313 1642 more
2340 1595 2674 1655 surrexerat,
2697 1587 2954 1640 succisum
2980 1589 3137 1641 aruit.
3171 1585 3314 1642 Nam
3339 1589 3557 1660 depopu-

1926 1678 2081 1769 Jata:
2098 1678 2268 1743 urbes,
2298 1696 2473 1733 eversa
2496 1688 2688 1745 castra,
2714 1686 3056 1734 concremata:
3081 1680 3331 1747 ecclesiw,
3359 1682 3556 1735 destru-

1958 1781 2041 1826 cta
2086 1781 2206 1826 sunt
2245 1773 2563 1827 monasteria
2605 1775 2829 1827 virorum
2858 1790 2919 1828 ac
2947 1775 3289 1844 feminarum,
3327 1774 3558 1829 desolata

328 1832 456 1935 ι’ξξυδ
468 1850 764 1935 Ξυῗθθξδθξ
783 1835 1112 1935 Joanne?!"
1141 1836 1524 1935 P°’3“"°S_“
1554 1836 1852 1891 Εθθιθδίδω
1885 1859 1932 1918 Β
1960 1866 2023 1917 ab
2045 1864 2336 1918 hominibus
2374 1864 2597 1935 praedia,
2620 1874 2770 1934 atque
2798 1863 2862 1917 ab
2903 1832 3043 1919 omni
3072 1832 3557 1934 cultore’destituta,

256 1923 415 1978 rexit.
467 1923 702 1982 Sedente
744 1926 850 1982 hoc
892 1928 1178 1998 pontiﬁce,
1231 1926 1524 1996 Gregorius
1564 1935 1854 1998 praeturam

256 2011 416 2070 Urbis
443 2016 719 2086 sapienter
738 2018 937 2089 gessit,
966 2025 1026 2073 ut
1055 2018 1195 2073 infra
1227 2018 1500 2084 dicemus;
1534 2032 1720 2073 verum
1745 2032 1855 2086 quo

254 2119 400 2161 anno
448 2109 703 2177 coeperit,
758 2120 1008 2164 utrumve
1054 2107 1386 2176 Justiniano,
1433 2109 1526 2178 qui
1578 2123 1747 2178 usque
1787 2107 1857 2161 ad

253 2208 345 2249 an.
378 2193 480 2250 565
511 2198 785 2267 pervenit,
812 2198 989 2255 adhuc
1016 2198 1346 2268 imperante,
1379 2213 1489 2253 non
1517 2198 1703 2267 liquet.

327 2284 379 2340 2.
411 2284 735 2357 Reportatas
781 2288 848 2344 de
885 2288 1133 2344 barbaris
1170 2288 1452 2355 victorias,
1504 2296 1855 2359 recuperatas

252 2374 436 2446 plures
459 2377 670 2447 imperii
694 2380 1019 2450 provincias,
1047 2380 1261 2449 aliaque
1282 2381 1379 2438 sub
1393 2378 1421 2435 J
1429 2381 1698 2436 ustiniano
1713 2395 1852 2450 prae-

252 2463 401 2520 clare
427 2474 598 2534 gesta,
622 2467 677 2521 in
718 2467 842 2523 Vita
882 2468 1191 2525 Cassiodori
1229 2484 1424 2540 magna
1455 2486 1521 2525 ex
1546 2477 1700 2541 parte
1729 2469 1856 2524 atti-

251 2554 449 2623 gimus.
497 2555 837 2614 lmmortales
872 2573 1005 2615 sane
1058 2559 1246 2615 laudes
1288 2569 1614 2616 consecutus
1668 2559 1857 2614 fuisset

252 2642 616 2715 Justinianus,
646 2648 694 2703 si
723 2649 778 2703 in
815 2649 980 2706 rebus
1016 2650 1399 2707 ecclesiasticis
1439 2659 1494 2706 et
1540 2649 1857 2719 theologicis

252 2742 545 2810 sapere.ad
590 2741 941 2797 sobrietatem
982 2740 1281 2796 didicisset.
1320 2740 1389 2795 At
1426 2741 1621 2811 praeire
1667 2740 1856 2796 volens

252 2830 555 2901 episcopis,
610 2830 783 2888 factus
816 2838 900 2888 est
923 2831 1127 2887 erroris
1155 2830 1265 2886 dux
1306 2838 1361 2885 et
1399 2830 1682 2899 magister,
1719 2843 1857 2899 quos

252 2924 536 2994 sequendo
565 2925 739 2981 factus
767 2925 957 2980 fuisset
983 2922 1277 2993 discipulus
1304 2920 1566 2976 veritatis.

328 3013 400 3071 Ut
428 3016 637 3074 Gothos
677 3033 747 3073 ex
778 3017 933 3072 Italia
962 3016 1179 3087 penitus
1213 3014 1515 3085 expelleret
1540 3013 1855 3083 imperator,

254 3105 637 3177 Langobardos
657 3122 688 3163 e
713 3105 988 3162 Pannonia
1013 3104 1279 3169 evocavit,
1309 3103 1562 3172 belloque
1582 3100 1853 3166 confecto,

253 3194 462 3264 priores
476 3196 649 3262 sedes,
668 3195 863 3251 additis
880 3196 935 3250 in
950 3193 1256 3250 mercedem
1272 3192 1521 3264 praestitae
1538 3205 1716 3261 operte
1731 3190 1853 3259 qui-

252 3284 481 3351 busdam
501 3288 743 3357 urbibus,
766 3296 1015 3359 repetere
1026 3287 1203 3356 jussit.
1233 3285 1302 3341 At
1322 3283 1487 3340 Italiae
1508 3283 1716 3340 deliciis
1747 3282 1857 3339 ine-

252 3377 411 3445 scati,
449 3377 574 3433 data
590 3387 782 3448 postea
806 3376 1069 3435 redeundi
1084 3376 1373 3433 occasione
1389 3419 1405 3445 ,
1428 3374 1610 3430 statim
1631 3371 1855 3427 advola-

253 3474 400 3520 runt.
418 3466 553 3522 Cum
566 3483 694 3524 vero
707 3468 773 3524 de
794 3469 931 3540 ipsis'
948 3468 1204 3539 deinceps
1228 3463 1660 3538 frequentissime
1688 3464 1855 3519 simus

253 3552 518 3626 locuturi,
548 3571 737 3615 eorum
760 3558 987 3616 historia
1010 3573 1042 3613 a
1067 3558 1242 3629 prima
1272 3556 1479 3626 origine
1507 3553 1746 3611 breviter
1773 3560 1857 3609 est

252 3643 583 3704 deducenda.
652 3638 653 3641 “

326 3734 370 3788 Ε
415 3735 773 3795 Scandinavia
825 3741 966 3807 orti,
1011 3755 1172 3809 quam
1225 3748 1415 3809 utpote
1467 3736 1857 3792 feracissimam

251 3825 690 3897 belligerantium
718 3833 1061 3901 populorum,
1090 3830 1391 3887 Jornandes
1420 3828 1692 3883 oflicinam
1727 3841 1857 3895 gen-

251 3914 420 3983 tium,
449 3918 700 3987 vaginam
722 3920 1029 3987 nationum,
1072 3921 1278 3990 Optime
1308 3919 1545 3989 appellat
1580 3920 1647 3974 de
1677 3918 1859 3974 Rebus

252 4002 459 4060 Geticis
500 4021 551 4060 c.
582 4007 650 4076 4,
682 4008 737 4063 in
764 4024 885 4064 eam
928 4008 1230 4064 Germaniae
1264 4017 1474 4078 partem
1511 4024 1630 4078 qua:
1660 4006 1857 4063 Pome—

252 4095 409 4150 rania
454 4112 598 4153 nunc
638 4098 836 4155 dicitur
880 4100 1031 4170 prius
1071 4098 1524 4168 commigrarunt,
1564 4097 1756 4154 deinde
1806 4098 1860 4152 in

254 4184 623 4257 Pannoniam,
654 4188 782 4246 licet
807 4189 875 4246 ab
902 4188 1109 4247 Hunnis
1138 4202 1331 4259 magna
1349 4188 1462 4259 jam
1488 4203 1556 4244 ex
1582 4197 1740 4259 parte
1767 4203 1857 4246 0c—

256 4283 529 4344 cupatam.

328 4361 688 4435 Langobardi,
707 4376 844 4425 teste
862 4368 1031 4425 Paulo
1048 4369 1289 4425 Diacono
1306 4366 1409 4440 (De
1434 4366 1601 4422 Gestis
1618 4365 1855 4440 Langob.

255 4453 347 4509 lib.
372 4472 408 4523 ι,
440 4474 487 4511 c.
513 4459 541 4513 1
573 4470 623 4516 et
649 4460 726 4532 2),
750 4477 789 4532 ρ
810 4463 969 4533 longa
989 4463 1155 4519 barba
1186 4462 1316 4518 dicti
1343 4470 1487 4517 sunt.
1514 4461 1648 4515 Nam
1670 4476 1860 4517 eorum

257 4545 438 4615 lingua
460 4550 583 4623 lang
611 4551 824 4623 longam
854 4554 1137 4623 signiﬁcat,
1168 4562 1225 4609 et
1274 4553 1415 4608 baert
1440 4554 1682 4609 barbam.
1710 4551 1855 4619 Qua-

1957 1956 2011 2008 in
2040 1955 2319 2010 solitudine
2341 1964 2490 2009 vacat
2536 1965 2707 2018 terra;
2737 1954 2910 2008 nullus
2954 1954 3088 2007 hanc
3115 1970 3383 2023 possessor
3408 1954 3557 2008 inha-

1959 2044 2137 2110 bitat;
2165 2053 2541 2115 occupaverunt
2595 2044 2770 2098 bestia:
2812 2043 2928 2098 loca
2956 2060 3070 2115 qua:
3101 2045 3244 2113 prius
3288 2044 3558 2097 multitudo

1957 2136 2221 2191 hominum
2265 2136 2486 2191 tenebat.
2520 2134 2745 2191 Easdem
2791 2135 2969 2190 clades
3006 2134 3170 2190 deﬁet
3210 2135 3357 2189 hom.
3406 2134 3474 2187 17
3504 2134 3558 2191 in

1958 2228 2269 2298 Evangelia,
2301 2236 2358 2283 et
2386 2228 2533 2284 alibi.
2566 2228 2685 2283 Non
2731 2226 3012 2285 dissimilia
3041 2235 3226 2282 narrat
3266 2226 3567 2297 Gregorius

1958 2322 2096 2377 alter
2142 2320 2344 2377 Turon.
2400 2321 2555 2375 testis
2595 2335 2811 2376 coaevus
2839 2320 2935 2375 lib.
2982 2335 3033 2373 iv
3084 2316 3222 2373 Hist.
3254 2334 3304 2374 c.
3339 2318 3436 2381 58,
3470 2317 3559 2375 ubi

1957 2414 2258 2484 praesertim
2299 2414 2553 2469 observat
2600 2412 2861 2483 spoliatas
2911 2427 2942 2465 a
2989 2411 3237 2468 barbaris
3276 2410 3557 2477 ecclesias,

1959 2506 2167 2562 occisos
2212 2504 2561 2576 presbyteros
2610 2512 2667 2558 et
2710 2503 3025 2573 episcopos,
3073 2510 3132 2556 ut
3172 2516 3303 2557 sane
3331 2500 3559 2555 decebat

1957 2607 2176 2669 gentem
2229 2607 2324 2652 aut
2383 2598 2651 2653 idolorum
2705 2595 2874 2652 cultui
2933 2594 3110 2650 adhuc
3152 2594 3421 2649 addictam
3468 2600 3559 2647 aut

1960 2690 2282 2743 Arianorum
2322 2687 2691 2757 impietatibus
2739 2693 3073 2755 corruptam.
3107 2682 3415 2738 Victoribus
3448 2690 3559 2738 tota

1959 2783 2122 2839 cessit
2158 2780 2343 2849 Italia,
2391 2780 2437 2835 si
2465 2780 2728 2849 Romam,
2760 2778 3105 2843 Ravennam,
3139 2774 3472 2842 ﬁnitimaque
3496 2788 3559 2829 ac

1958 2874 2227 2929 maritima
2246 2873 2366 2928 loca
2382 2871 2639 2941 excipias.
2665 2870 2936 2926 Ravennae
2958 2868 3227 2935 totiusque
3254 2865 3273 2920 l
3281 2865 3419 2920 taliae
3436 2873 3559 2921 tunc

1959 2964 2246 3036 praefectus
2275 2970 2393 3017 erat
2421 2960 2696 3031 Longinus
2733 2959 2889 3015 Narsi
2933 2971 3216 3013 successor
3255 2955 3445 3023 datus,
3468 2956 3561 3025 qui

1958 3057 2165 3127 primus
2192 3053 2417 3111 exarchi
2446 3068 2647 3108 nomen
2674 3050 2988 3121 assumpsit.

2032 3147 2507 3219 Langobardorum
2545 3144 2784 3200 furorem
2814 3143 3025 3212 fugiens
3061 3139 3344 3206 Paulinus,
3391 3138 3560 3207 Aqui-

1884 3242 1931 3307 C
1960 3246 2177 3304 leiensis
2205 3243 2491 3313 episcopus
2521 3254 2618 3296 seu
2657 3237 2965 3310 patriarcha
3002 3236 3105 3309 (sic
3131 3235 3276 3291 enim
3316 3248 3440 3288 eum
3468 3247 3561 3302 ap-

1958 3338 2124 3409 pellat
2161 3334 2359 3391 Paulus
2398 3332 2669 3388 Diaconus
2720 3328 2860 3401 (Lib.
2891 3345 2959 3395 ιι,
2988 3344 3035 3381 ε.
3069 3325 3138 3379 10
3174 3334 3225 3380 et
3254 3322 3376 3395 25),
3408 3320 3565 3391 quasi

1956 3445 2159 3487 novum
2200 3429 2346 3483 hunc
2370 3425 2582 3481 titulum
2611 3438 2710 3494 pro
2753 3420 2977 3492 praemio
3018 3416 3240 3474 conﬂati
3265 3430 3297 3470 a
3330 3429 3390 3471 se
3422 3412 3565 3469 schi-

1958 3524 2145 3579 smatis
2165 3520 2356 3577 fuisset
2372 3515 2747 3583 consecutus),
2775 3511 3013 3568 Gradum
3039 3507 3271 3565 insulam
3298 3513 3353 3562 et
3376 3504 3564 3561 urbem

1957 3614 2236 3686 Forojulii,
2263 3612 2506 3670 hostibus
2527 3652 2543 3679 ,
2574 3606 2721 3678 quod
2745 3604 2975 3661 navibus
3013 3606 3296 3664 carerent,
3324 3597 3563 3653 inacces-

1959 3725 2074 3765 sam
2119 3723 2179 3763 se
2223 3705 2465 3774 recepit;
2507 3701 2599 3757 ubi
2646 3699 2863 3769 expleto
2908 3695 2980 3749 12
3024 3694 3372 3765 episcopatus
3417 3703 3595 3763 anno,

1959 3808 2205 3854 mortuus
2233 3793 2525 3850 Probinum
2550 3789 2739 3845 habuit
2774 3798 3164 3842 successorem.

2032 3888 2288 3943 Alboinus
2309 3927 2324 3953 ,
2366 3882 2633 3939 scelerum
2676 3890 2733 3934 et
2770 3874 3057 3947 singularis
3085 3869 3438 3928 immanitatis
3457 3882 3563 3937 qua

1962 3993 2188 4037 uxorem
2219 3954 2471 4045 coegerat
2490 3970 2679 4028 cranio
2709 3967 2897 4039 patris,
2920 3979 3085 4035 quem
3111 3964 3226 4033 ipse
3269 3958 3563 4024 occiderat,

1963 4073 2040 4129 uti
2069 4086 2169 4142 pro
2190 4066 2388 4140 poculo
2408 4105 2424 4133 ,
2450 4077 2642 4135 poenas
2670 4059 2818 4117 dedit
2845 4057 3015 4128 ipsius
3033 4054 3219 4112 uxoris
3246 4052 3451 4109 artibus
3478 4049 3563 4104 in-

1964 4174 2287 4237 teremptus.
2314 4162 2486 4218 Clebo
2530 4167 2720 4230 postea
2742 4169 2905 4227 quem
2934 4151 3037 4210 sibi
3050 4152 3241 4220 regem
3265 4148 3563 4237 elegerant,

1964 4235 2160 4330 elapsis
2187 4257 2376 4313 decem
2404 4260 2459 4309 et
2487 4259 2613 4308 octo
2659 4246 2935 4304 mensibus
2974 4244 3138 4299 etiam
3178 4240 3390 4305 occiso,
3425 4235 3565 4291 Lan-

1964 4326 2188 4423 gobardi
2232 4365 2263 4404 a
2291 4346 2474 4403 multis
2512 4342 2673 4400 simul
2708 4339 2933 4397 ducibus
2959 4351 3059 4408 per
3084 4332 3406 4392 decennium
3451 4326 3566 4398 regi

1964 4444 2286 4500 maluerunt.

2036 4538 2088 4591 5.
2121 4535 2267 4589 Inter
2295 4539 2378 4587 tot
2424 4541 2701 4584 armorum
2737 4522 2993 4594 strepitus
3027 4525 3083 4574 et
3122 4515 3388 4571 bellorum
3416 4507 3563 4564 cala-

256 4649 378 4691 rum
404 4598 593 4696 vocum
618 4598 744 4697 uti:
767 4650 824 4699 et
846 4598 1071 4699 ahParum
1100 4598 1451 4713 plurimarum
1473 4643 1615 4713 apud
1634 4598 1861 4697 Palilum
1890 4633 1940 4695 D
1965 4630 2183 4686 milales
2207 4623 2501 4694 ῧτθεοτίυε
2529 4611 3122 4691 διίείιιειιάίιιιπεειοτίε
3152 4605 3355 4713 ρξδίξώ
3382 4598 3564 4713 (“fido

258 4730 555 4786 Diaconum
584 4734 784 4804 passim
825 4736 1222 4791 occurrentium
1250 4734 1481 4790 afﬁnitas
1512 4750 1635 4790 cum
1665 4733 1850 4790 Gothi-

257 4820 338 4876 cis
365 4835 428 4877 ac
464 4820 799 4880 Germanicis
826 4826 1132 4894 vocabulis,
1165 4825 1649 4894 Langobardorum
1689 4826 1856 4894 origi-

257 4929 383 4969 nem
414 4931 522 4971 non
544 4917 776 4972 obscure
804 4916 1157 4972 demonstrat.
1184 4917 1420 4974 Ducibus
1447 4919 1699 4988 primum,
1733 4917 1859 4973 dein

258 5004 478 5073 regibus
512 5015 825 5075 paruerunt.
869 5006 951 5062 Ab
998 5007 1363 5076 Agelmundo,
1391 5009 1482 5078 qui
1505 5010 1709 5078 primus
1736 5008 1858 5076 fuit,

258 5094 544 5152 duodecim
573 5106 951 5165 numerantur,
980 5112 1152 5168 usque
1181 5099 1247 5153 ad
1279 5099 1599 5165 Alboinum;
1624 5115 1733 5169 quo
1759 5098 1861 5153 im-

259 5196 487 5265 perante
540 5188 747 5245 Italiam
788 5206 820 5246 a
856 5191 1025 5247 Narse
1066 5191 1276 5246 invitati
1324 5192 1669 5257 invaserunt,
1718 5207 1861 5247 anno

260 5282 423 5354 203
447 5283 655 5339 scilicet
694 5283 836 5363 568,
867 5293 926 5341 ut
967 5301 1036 5342 ex
1070 5283 1276 5341 duabus
1324 5282 1571 5353 Gregorii
1620 5284 1862 5355 epistolis

261 5375 553 5445 colligitur.
612 5377 670 5433 In
724 5378 893 5449 priori
942 5379 1086 5435 enim
1136 5379 1337 5448 scripta
1379 5377 1674 5433 indictione
1703 5376 1862 5431 tertia

262 5467 473 5527 decima
502 5487 593 5528 an.
624 5470 749 5541 595,
778 5487 899 5543 quae
927 5481 1011 5530 est
1039 5471 1160 5529 libri
1190 5489 1247 5542 ν,
1273 5469 1365 5538 21,
1390 5469 1463 5525 ait
1487 5489 1499 5523 :
1531 5469 1729 5541 Viginti
1747 5472 1862 5541 jam

289 5654 293 5659 .
339 5620 365 5649 ³
395 5611 468 5668 Ut
492 5623 617 5669 sunt
636 5611 845 5668 Wodan
867 5628 965 5668 seu
991 5611 1200 5678 Godan,
1230 5626 1350 5681 quae
1371 5606 1637 5681 signiﬁcat
1657 5604 1824 5681 Deum
1843 5647 1858 5672 ,

265 5680 401 5738 Feld
420 5724 436 5751 ,
474 5691 723 5755 patentes
755 5699 1008 5753 campos;
1041 5677 1208 5755 Lam};
1228 5677 1266 5748 ,⁷
1288 5695 1516 5755 aquam;
1551 5677 1743 5755 Scuta,
1767 5692 1861 5755 pa-

268 5745 746 5823 teram,'Schilpor,
772 5745 1125 5821 armigerum;
1154 5750 1208 5805 Μ
1215 5745 1459 5823 urna/iis,
1492 5748 1574 5823 vel
1598 5745 1861 5823 adluis,

266 5815 583 5893 mnisunem
601 5815 790 5886 [unde
820 5815 958 5879 forte
984 5823 1188 5877 Gallica
1212 5815 1324 5893 vox
1358 5820 1663 5893 blaréchat;
1689 5815 1858 5886 Fara,

267 5890 547 5953 familiam.
567 5896 761 5955 Omnia
780 5896 896 5956 fere
918 5893 1181 5955 vocabula
1208 5892 1327 5954 haec
1347 5890 1671 5957 Germanica
1688 5896 1856 5967 βιωιρ

1960 4718 2241 4780 defunctus
2263 4726 2374 4785 est;
2404 4729 2593 4772 verum
2622 4726 2731 4781 quo
2763 4717 3009 4777 tempore
3029 4699 3398 4770 magistratum
3422 4694 3565 4749 hunc

1962 4814 2269 4885 auspicatus
2296 4810 2366 4865 sit
2413 4814 2505 4862 aut
2535 4801 2874 4874 deposuerit,
2921 4793 3133 4885 nonin
3178 4796 3433 4885 promptu
3483 4793 3567 4840 est

1960 4881 2215 4965 stat-uere.
2248 4903 2368 4971 Ipse
2390 4907 2617 4955 testatur
2648 4892 2788 4966 (Lib.
2814 4906 2897 4955 ιν,
2925 4905 3006 4957 ep.
3038 4884 3125 4955 2),
3150 4898 3240 4947 se,
3270 4881 3396 4937 dum
3427 4894 3565 4950 pra:—

1964 5009 2129 5052 turam
2162 4994 2427 5050 Urbanam
2455 4992 2707 5057 gereret,
2736 4977 3120 5048 subscripsisse
3157 4988 3280 5029 cum
3317 4971 3436 5027 aliis
3465 4984 3566 5024 no-

1966 5087 2237 5147 bilissimis
2265 5084 2394 5140 viris
2423 5078 2651 5135 cautioni
2680 5090 2777 5133 seu
2804 5069 3178 5144 promissioni,
3225 5080 3387 5136 quam
3429 5063 3568 5117 Lau-

1968 5184 2173 5241 rentius
2211 5176 2626 5237 Mediolanensis
2690 5173 2978 5245 episcopus
3021 5168 3088 5225 de
3134 5166 3304 5222 tribus
3349 5159 3569 5217 famosis

1968 5274 2217 5347 capitulis
2243 5272 2314 5327 ad
2342 5270 2524 5327 sedem
2546 5265 2901 5338 apostolicam
2929 5261 3172 5317 miserat.
3198 5257 3258 5313 Id
3278 5251 3569 5347 contigisse

1970 5342 2056 5424 an:
2087 5365 2215 5433 581,
2236 5378 2343 5435 quo
2367 5360 2686 5416 Laurentius
2715 5363 2930 5414 creatus
2957 5360 3039 5409 est
3065 5350 3349 5421 episcopus
3378 5342 3564 5435 ﬁdem.

1971 5474 2079 5532 que
2106 5471 2257 5513 suam
2285 5459 2618 5511 contestatus
2644 5455 2754 5514 est,
2800 5445 2994 5503 asserit
3030 5440 3293 5496 Baronius
3312 5478 3326 5505 ,
3357 5449 3422 5488 ex
3453 5429 3567 5484 Me-

1967 5566 2307 5669 explicantur
2345 5597 2525 5669 autem
2551 5582 2648 5669 Iab
2686 5579 2925 5669 I-lﬂugoenwel
2959 5570 3149 5669 Erotio
3214 5560 3565 5669 Iﬁst'nGnolth:

3144 5678 3155 5691 .
3179 5678 3194 5691 .
3244 5647 3403 5691 auem
3434 5646 3568 5686 COII»

2364 5656 2605 5725 Langob.
2646 5644 2801 5723 pag.’
2828 5644 2932 5699 574
2960 5650 3015 5698 et
3042 5656 3194 5709 seq.,
3244 5647 3403 5703 quem
3434 5646 3568 5686 con.-

1965 5743 2113 5808 sule,
2172 5749 2385 5795 necnon
2438 5725 2640 5787 Mabill.
2703 5719 2946 5777 Analect.
3001 5720 3131 5768 tom.
3158 5706 3234 5777 ll,
3289 5718 3412 5774 pag.
3464 5699 3572 5758 ΕΞ

1965 5822 2021 5872 et
2059 5826 2173 5882 seq.
