  <div class='ocr_page' id='page_1' title='image "/cluster/home/n/w/nwhite01/storage/ocr_20150623/75/hvd.32044015469380/133.png"; bbox 0 0 4138 6462; ppageno 0'>
   <div class='ocr_carea' id='block_1_1' title="bbox 530 377 635 435">
    <p class='ocr_par' dir='ltr' id='par_1_1' title="bbox 530 377 635 435">
     <span class='ocr_line' id='line_1_1' title="bbox 530 377 635 435; baseline -0.019 0"><span class='ocrx_word' id='word_1_1' title='bbox 530 377 635 435; x_wconf 64' lang='grc' dir='ltr'><strong>εει</strong></span> 
     </span>
    </p>
   </div>
   <div class='ocr_carea' id='block_1_2' title="bbox 1022 358 3297 451">
    <p class='ocr_par' dir='ltr' id='par_1_2' title="bbox 1022 358 3297 451">
     <span class='ocr_line' id='line_1_2' title="bbox 1022 358 3297 451; baseline -0.007 -21"><span class='ocrx_word' id='word_1_2' title='bbox 1022 373 1080 430; x_wconf 87' lang='lat' dir='ltr'><strong>S.</strong></span> <span class='ocrx_word' id='word_1_3' title='bbox 1118 368 1457 429; x_wconf 77' lang='lat' dir='ltr'><strong>GREGORII</strong></span> <span class='ocrx_word' id='word_1_4' title='bbox 1496 367 1709 425; x_wconf 83' lang='lat' dir='ltr'><strong>MAGN-l</strong></span> <span class='ocrx_word' id='word_1_5' title='bbox 1751 366 1928 431; x_wconf 80' lang='lat' dir='ltr'><strong>VITA,</strong></span> <span class='ocrx_word' id='word_1_6' title='bbox 1971 364 2065 421; x_wconf 78' lang='lat' dir='ltr'><strong>EX</strong></span> <span class='ocrx_word' id='word_1_7' title='bbox 2105 362 2269 421; x_wconf 72' lang='lat' dir='ltr'><strong>EJUS</strong></span> <span class='ocrx_word' id='word_1_8' title='bbox 2308 360 2613 451; x_wconf 81' lang='lat' dir='ltr'><strong>SCRIPTIS</strong></span> <span class='ocrx_word' id='word_1_9' title='bbox 2654 358 3046 416; x_wconf 76' lang='lat' dir='ltr'><strong>ADORNATA.</strong></span> <span class='ocrx_word' id='word_1_10' title='bbox 3084 358 3214 415; x_wconf 85' lang='lat' dir='ltr'><strong>LIB.</strong></span> <span class='ocrx_word' id='word_1_11' title='bbox 3253 358 3297 414; x_wconf 84' lang='lat' dir='ltr'><strong>l.</strong></span> 
     </span>
    </p>
   </div>
   <div class='ocr_carea' id='block_1_3' title="bbox 3700 360 3811 414">
    <p class='ocr_par' dir='ltr' id='par_1_3' title="bbox 3700 360 3811 414">
     <span class='ocr_line' id='line_1_3' title="bbox 3700 360 3811 414; baseline 0 0"><span class='ocrx_word' id='word_1_12' title='bbox 3700 360 3811 414; x_wconf 67' lang='lat'><strong>252</strong></span> 
     </span>
    </p>
   </div>
   <div class='ocr_carea' id='block_1_4' title="bbox 532 471 3822 562">
    <p class='ocr_par' dir='ltr' id='par_1_4' title="bbox 532 471 3822 562">
     <span class='ocr_line' id='line_1_4' title="bbox 532 471 3822 562; baseline -0.007 -8"><span class='ocrx_word' id='word_1_13' title='bbox 532 496 927 553; x_wconf 80' lang='lat' dir='ltr'><strong>diolanensium</strong></span> <span class='ocrx_word' id='word_1_14' title='bbox 970 488 1282 562; x_wconf 84' lang='lat' dir='ltr'><strong>pontiﬁcum</strong></span> <span class='ocrx_word' id='word_1_15' title='bbox 1345 486 1638 557; x_wconf 88' lang='lat' dir='ltr'><strong>indicibus,</strong></span> <span class='ocrx_word' id='word_1_16' title='bbox 1678 488 1770 557; x_wconf 88' lang='lat' dir='ltr'><strong>qui</strong></span> <span class='ocrx_word' id='word_1_17' title='bbox 1832 485 2113 542; x_wconf 80' lang='lat' dir='ltr'><strong>duodecim</strong></span> <span class='ocrx_word' id='word_1_18' title='bbox 2144 486 2191 547; x_wconf 77' lang='grc' dir='ltr'>Α</span> <span class='ocrx_word' id='word_1_19' title='bbox 2220 497 2324 537; x_wconf 91' lang='lat' dir='ltr'><strong>non</strong></span> <span class='ocrx_word' id='word_1_20' title='bbox 2347 480 2543 537; x_wconf 68' lang='lat' dir='ltr'><strong>saeculo</strong></span> <span class='ocrx_word' id='word_1_21' title='bbox 2570 478 2662 534; x_wconf 89' lang='lat' dir='ltr'><strong>sed</strong></span> <span class='ocrx_word' id='word_1_22' title='bbox 2683 478 2895 533; x_wconf 79' lang='lat' dir='ltr'><strong>Christo</strong></span> <span class='ocrx_word' id='word_1_23' title='bbox 2923 476 3215 542; x_wconf 75' lang='lat' dir='ltr'><strong>militabat;</strong></span> <span class='ocrx_word' id='word_1_24' title='bbox 3248 476 3389 530; x_wconf 89' lang='lat' dir='ltr'><strong>inter</strong></span> <span class='ocrx_word' id='word_1_25' title='bbox 3418 471 3537 530; x_wconf 87' lang='lat' dir='ltr'><strong>illos</strong></span> <span class='ocrx_word' id='word_1_26' title='bbox 3565 489 3725 543; x_wconf 66' lang='lat' dir='ltr'><strong>reges</strong></span> <span class='ocrx_word' id='word_1_27' title='bbox 3756 487 3822 535; x_wconf 85' lang='lat' dir='ltr'><strong>et</strong></span> 
     </span>
    </p>
   </div>
   <div class='ocr_carea' id='block_1_5' title="bbox 534 578 2112 658">
    <p class='ocr_par' dir='ltr' id='par_1_5' title="bbox 534 578 2112 658">
     <span class='ocr_line' id='line_1_5' title="bbox 534 578 2112 658; baseline -0.011 -10"><span class='ocrx_word' id='word_1_28' title='bbox 534 605 706 648; x_wconf 84' lang='lat' dir='ltr'><strong>annos</strong></span> <span class='ocrx_word' id='word_1_29' title='bbox 726 584 1067 658; x_wconf 83' lang='lat' dir='ltr'><strong>pontiﬁcatus</strong></span> <span class='ocrx_word' id='word_1_30' title='bbox 1095 581 1381 636; x_wconf 89' lang='lat' dir='ltr'><strong>Laurentio</strong></span> <span class='ocrx_word' id='word_1_31' title='bbox 1409 582 1667 635; x_wconf 89' lang='lat' dir='ltr'><strong>tribuunt.</strong></span> <span class='ocrx_word' id='word_1_32' title='bbox 1707 578 1949 648; x_wconf 85' lang='lat' dir='ltr'><strong>Cumque</strong></span> <span class='ocrx_word' id='word_1_33' title='bbox 1974 579 2112 631; x_wconf 88' lang='lat' dir='ltr'><strong>Lau-</strong></span> 
     </span>
    </p>
   </div>
   <div class='ocr_carea' id='block_1_6' title="bbox 533 668 2114 742">
    <p class='ocr_par' dir='ltr' id='par_1_6' title="bbox 533 668 2114 742">
     <span class='ocr_line' id='line_1_6' title="bbox 533 668 2114 742; baseline -0.011 -4"><span class='ocrx_word' id='word_1_34' title='bbox 533 680 694 738; x_wconf 82' lang='lat' dir='ltr'><strong>rentii</strong></span> <span class='ocrx_word' id='word_1_35' title='bbox 739 677 978 742; x_wconf 89' lang='lat' dir='ltr'><strong>obitum,</strong></span> <span class='ocrx_word' id='word_1_36' title='bbox 1028 672 1434 740; x_wconf 87' lang='lat' dir='ltr'><strong>Constantiique</strong></span> <span class='ocrx_word' id='word_1_37' title='bbox 1482 672 1536 725; x_wconf 92' lang='lat' dir='ltr'><strong>in</strong></span> <span class='ocrx_word' id='word_1_38' title='bbox 1582 670 1696 738; x_wconf 85' lang='lat' dir='ltr'><strong>ejus</strong></span> <span class='ocrx_word' id='word_1_39' title='bbox 1738 670 1915 724; x_wconf 90' lang='lat' dir='ltr'><strong>locum</strong></span> <span class='ocrx_word' id='word_1_40' title='bbox 1957 668 2114 723; x_wconf 89' lang='lat' dir='ltr'><strong>electi</strong></span> 
     </span>
    </p>
   </div>
   <div class='ocr_carea' id='block_1_7' title="bbox 534 749 2112 831">
    <p class='ocr_par' dir='ltr' id='par_1_7' title="bbox 534 749 2112 831">
     <span class='ocr_line' id='line_1_7' title="bbox 534 749 2112 831; baseline -0.013 0"><span class='ocrx_word' id='word_1_41' title='bbox 534 749 928 831; x_wconf 72' lang='lat' dir='ltr'><strong>ordinationem</strong></span> <span class='ocrx_word' id='word_1_42' title='bbox 958 766 1152 822; x_wconf 82' lang='lat' dir='ltr'><strong>factam</strong></span> <span class='ocrx_word' id='word_1_43' title='bbox 1177 766 1340 819; x_wconf 80' lang='lat' dir='ltr'><strong>fuisse</strong></span> <span class='ocrx_word' id='word_1_44' title='bbox 1366 780 1452 817; x_wconf 88' lang='lat' dir='ltr'><strong>an.</strong></span> <span class='ocrx_word' id='word_1_45' title='bbox 1482 760 1614 826; x_wconf 76' lang='lat'><strong>593,</strong></span> <span class='ocrx_word' id='word_1_46' title='bbox 1654 761 1989 830; x_wconf 88' lang='lat' dir='ltr'><strong>exploratum</strong></span> <span class='ocrx_word' id='word_1_47' title='bbox 2014 759 2112 813; x_wconf 78' lang='lat' dir='ltr'><strong>ba-</strong></span> 
     </span>
    </p>
   </div>
   <div class='ocr_carea' id='block_1_8' title="bbox 533 851 2113 930">
    <p class='ocr_par' dir='ltr' id='par_1_8' title="bbox 533 851 2113 930">
     <span class='ocr_line' id='line_1_8' title="bbox 533 851 2113 930; baseline -0.011 -9"><span class='ocrx_word' id='word_1_48' title='bbox 533 864 757 921; x_wconf 81' lang='lat' dir='ltr'><strong>beamus</strong></span> <span class='ocrx_word' id='word_1_49' title='bbox 776 877 846 917; x_wconf 89' lang='lat' dir='ltr'><strong>ex</strong></span> <span class='ocrx_word' id='word_1_50' title='bbox 865 859 1105 930; x_wconf 78' lang='lat' dir='ltr'><strong>epistolis</strong></span> <span class='ocrx_word' id='word_1_51' title='bbox 1130 857 1229 922; x_wconf 71' lang='lat'><strong>29,</strong></span> <span class='ocrx_word' id='word_1_52' title='bbox 1261 856 1330 911; x_wconf 75' lang='lat'><strong>30</strong></span> <span class='ocrx_word' id='word_1_53' title='bbox 1358 864 1413 910; x_wconf 92' lang='lat' dir='ltr'><strong>et</strong></span> <span class='ocrx_word' id='word_1_54' title='bbox 1442 853 1502 909; x_wconf 76' lang='grc'><strong>51</strong></span> <span class='ocrx_word' id='word_1_55' title='bbox 1538 854 1657 908; x_wconf 87' lang='lat' dir='ltr'><strong>libri</strong></span> <span class='ocrx_word' id='word_1_56' title='bbox 1688 853 1859 917; x_wconf 81' lang='lat' dir='ltr'><strong>tertii,</strong></span> <span class='ocrx_word' id='word_1_57' title='bbox 1893 860 1949 905; x_wconf 92' lang='lat' dir='ltr'><strong>ut</strong></span> <span class='ocrx_word' id='word_1_58' title='bbox 1976 851 2113 905; x_wconf 87' lang='lat' dir='ltr'><strong>duo-</strong></span> 
     </span>
    </p>
   </div>
   <div class='ocr_carea' id='block_1_9' title="bbox 533 943 2116 1024">
    <p class='ocr_par' dir='ltr' id='par_1_9' title="bbox 533 943 2116 1024">
     <span class='ocr_line' id='line_1_9' title="bbox 533 943 2116 1024; baseline -0.01 -12"><span class='ocrx_word' id='word_1_59' title='bbox 533 958 705 1014; x_wconf 85' lang='lat' dir='ltr'><strong>decim</strong></span> <span class='ocrx_word' id='word_1_60' title='bbox 735 970 906 1010; x_wconf 84' lang='lat' dir='ltr'><strong>annos</strong></span> <span class='ocrx_word' id='word_1_61' title='bbox 933 950 1275 1024; x_wconf 84' lang='lat' dir='ltr'><strong>pontiﬁcatus</strong></span> <span class='ocrx_word' id='word_1_62' title='bbox 1303 947 1574 1003; x_wconf 84' lang='lat' dir='ltr'><strong>Laurentii</strong></span> <span class='ocrx_word' id='word_1_63' title='bbox 1598 961 1941 1001; x_wconf 84' lang='lat' dir='ltr'><strong>numeremus</strong></span> <span class='ocrx_word' id='word_1_64' title='bbox 1958 982 1973 1008; x_wconf 95' lang='lat'><strong>,</strong></span> <span class='ocrx_word' id='word_1_65' title='bbox 2000 943 2116 1011; x_wconf 90' lang='lat' dir='ltr'><strong>ejus</strong></span> 
     </span>
    </p>
   </div>
   <div class='ocr_carea' id='block_1_10' title="bbox 534 1038 2114 1105">
    <p class='ocr_par' dir='ltr' id='par_1_10' title="bbox 534 1038 2114 1105">
     <span class='ocr_line' id='line_1_10' title="bbox 534 1038 2114 1105; baseline -0.01 -1"><span class='ocrx_word' id='word_1_66' title='bbox 534 1048 813 1105; x_wconf 82' lang='lat' dir='ltr'><strong>exordium</strong></span> <span class='ocrx_word' id='word_1_67' title='bbox 836 1046 906 1101; x_wconf 88' lang='lat' dir='ltr'><strong>ad</strong></span> <span class='ocrx_word' id='word_1_68' title='bbox 926 1061 1015 1100; x_wconf 90' lang='lat' dir='ltr'><strong>an.</strong></span> <span class='ocrx_word' id='word_1_69' title='bbox 1048 1043 1144 1097; x_wconf 80' lang='grc'><strong>581</strong></span> <span class='ocrx_word' id='word_1_70' title='bbox 1179 1042 1364 1097; x_wconf 80' lang='lat' dir='ltr'><strong>referri</strong></span> <span class='ocrx_word' id='word_1_71' title='bbox 1407 1040 1600 1105; x_wconf 86' lang='lat' dir='ltr'><strong>debet;</strong></span> <span class='ocrx_word' id='word_1_72' title='bbox 1646 1038 2114 1104; x_wconf 88' lang='lat' dir='ltr'><strong>consentiuntque,</strong></span> 
     </span>
    </p>
   </div>
   <div class='ocr_carea' id='block_1_11' title="bbox 532 1129 2118 1201">
    <p class='ocr_par' dir='ltr' id='par_1_11' title="bbox 532 1129 2118 1201">
     <span class='ocr_line' id='line_1_11' title="bbox 532 1129 2118 1201; baseline -0.008 -5"><span class='ocrx_word' id='word_1_73' title='bbox 532 1147 671 1196; x_wconf 86' lang='lat' dir='ltr'><strong>teste</strong></span> <span class='ocrx_word' id='word_1_74' title='bbox 697 1138 1003 1195; x_wconf 87' lang='lat' dir='ltr'><strong>doctissimo</strong></span> <span class='ocrx_word' id='word_1_75' title='bbox 1047 1136 1343 1201; x_wconf 87' lang='lat' dir='ltr'><strong>annalista,</strong></span> <span class='ocrx_word' id='word_1_76' title='bbox 1399 1148 1586 1189; x_wconf 89' lang='lat' dir='ltr'><strong>omnes</strong></span> <span class='ocrx_word' id='word_1_77' title='bbox 1624 1132 1716 1201; x_wconf 75' lang='lat' dir='ltr'><strong>Qui</strong></span> <span class='ocrx_word' id='word_1_78' title='bbox 1757 1145 1844 1185; x_wconf 90' lang='lat' dir='ltr'><strong>res</strong></span> <span class='ocrx_word' id='word_1_79' title='bbox 1869 1129 2118 1186; x_wconf 79' lang='lat' dir='ltr'><strong>Ecclesiae</strong></span> 
     </span>
    </p>
   </div>
   <div class='ocr_carea' id='block_1_12' title="bbox 537 1221 2119 1301">
    <p class='ocr_par' dir='ltr' id='par_1_12' title="bbox 537 1221 2119 1301">
     <span class='ocr_line' id='line_1_12' title="bbox 537 1221 2119 1301; baseline -0.007 -14"><span class='ocrx_word' id='word_1_80' title='bbox 537 1230 949 1287; x_wconf 80' lang='lat' dir='ltr'><strong>Mediolanensis</strong></span> <span class='ocrx_word' id='word_1_81' title='bbox 976 1228 1247 1301; x_wconf 85' lang='lat' dir='ltr'><strong>prosecuti</strong></span> <span class='ocrx_word' id='word_1_82' title='bbox 1269 1234 1409 1291; x_wconf 90' lang='lat' dir='ltr'><strong>sunt,</strong></span> <span class='ocrx_word' id='word_1_83' title='bbox 1434 1234 1487 1281; x_wconf 93' lang='lat' dir='ltr'><strong>et</strong></span> <span class='ocrx_word' id='word_1_84' title='bbox 1514 1240 1576 1279; x_wconf 89' lang='lat' dir='ltr'><strong>ex</strong></span> <span class='ocrx_word' id='word_1_85' title='bbox 1600 1222 1837 1293; x_wconf 87' lang='lat' dir='ltr'><strong>ejusdem</strong></span> <span class='ocrx_word' id='word_1_86' title='bbox 1867 1221 2119 1277; x_wconf 76' lang='lat' dir='ltr'><strong>Ecclesiae</strong></span> 
     </span>
    </p>
   </div>
   <div class='ocr_carea' id='block_1_13' title="bbox 532 1312 2119 1390">
    <p class='ocr_par' dir='ltr' id='par_1_13' title="bbox 532 1312 2119 1390">
     <span class='ocr_line' id='line_1_13' title="bbox 532 1312 2119 1390; baseline -0.008 -12"><span class='ocrx_word' id='word_1_87' title='bbox 532 1322 894 1379; x_wconf 87' lang='lat' dir='ltr'><strong>monumentis</strong></span> <span class='ocrx_word' id='word_1_88' title='bbox 920 1321 1292 1390; x_wconf 90' lang='lat' dir='ltr'><strong>episcoporum</strong></span> <span class='ocrx_word' id='word_1_89' title='bbox 1316 1318 1509 1373; x_wconf 88' lang='lat' dir='ltr'><strong>seriem</strong></span> <span class='ocrx_word' id='word_1_90' title='bbox 1532 1322 1837 1370; x_wconf 78' lang='lat' dir='ltr'><strong>texuerunt.</strong></span> <span class='ocrx_word' id='word_1_91' title='bbox 1863 1312 2119 1368; x_wconf 90' lang='lat' dir='ltr'><strong>Proinde-</strong></span> 
     </span>
    </p>
   </div>
   <div class='ocr_carea' id='block_1_14' title="bbox 534 1404 2120 1487">
    <p class='ocr_par' dir='ltr' id='par_1_14' title="bbox 534 1404 2120 1487">
     <span class='ocr_line' id='line_1_14' title="bbox 534 1404 2120 1487; baseline -0.009 -14"><span class='ocrx_word' id='word_1_92' title='bbox 534 1432 640 1487; x_wconf 88' lang='lat' dir='ltr'><strong>que</strong></span> <span class='ocrx_word' id='word_1_93' title='bbox 665 1414 955 1484; x_wconf 78' lang='lat' dir='ltr'><strong>Gregorius</strong></span> <span class='ocrx_word' id='word_1_94' title='bbox 1003 1413 1238 1469; x_wconf 90' lang='lat' dir='ltr'><strong>nondum</strong></span> <span class='ocrx_word' id='word_1_95' title='bbox 1268 1421 1398 1466; x_wconf 90' lang='lat' dir='ltr'><strong>tunc</strong></span> <span class='ocrx_word' id='word_1_96' title='bbox 1417 1452 1431 1478; x_wconf 95' lang='lat'><strong>,</strong></span> <span class='ocrx_word' id='word_1_97' title='bbox 1472 1410 1719 1466; x_wconf 87' lang='lat' dir='ltr'><strong>abdicata</strong></span> <span class='ocrx_word' id='word_1_98' title='bbox 1747 1415 1977 1479; x_wconf 68' lang='lat' dir='ltr'><strong>praetura</strong></span> <span class='ocrx_word' id='word_1_99' title='bbox 1999 1446 2014 1473; x_wconf 97' lang='lat'><strong>,</strong></span> <span class='ocrx_word' id='word_1_100' title='bbox 2052 1404 2120 1461; x_wconf 89' lang='lat' dir='ltr'><strong>ad</strong></span> 
     </span>
    </p>
   </div>
   <div class='ocr_carea' id='block_1_15' title="bbox 533 1506 1445 1577">
    <p class='ocr_par' dir='ltr' id='par_1_15' title="bbox 533 1506 1445 1577">
     <span class='ocr_line' id='line_1_15' title="bbox 533 1506 1445 1577; baseline -0.01 -12"><span class='ocrx_word' id='word_1_101' title='bbox 533 1508 845 1566; x_wconf 88' lang='lat' dir='ltr'><strong>monasterii</strong></span> <span class='ocrx_word' id='word_1_102' title='bbox 875 1515 1088 1577; x_wconf 89' lang='lat' dir='ltr'><strong>portum</strong></span> <span class='ocrx_word' id='word_1_103' title='bbox 1114 1506 1445 1573; x_wconf 75' lang='lat' dir='ltr'><strong>confugerat.</strong></span> 
     </span>
    </p>
   </div>
   <div class='ocr_carea' id='block_1_16' title="bbox 604 1590 2121 1666">
    <p class='ocr_par' dir='ltr' id='par_1_16' title="bbox 604 1590 2121 1666">
     <span class='ocr_line' id='line_1_16' title="bbox 604 1590 2121 1666; baseline -0.008 -9"><span class='ocrx_word' id='word_1_104' title='bbox 604 1601 713 1657; x_wconf 85' lang='lat' dir='ltr'><strong>Sed</strong></span> <span class='ocrx_word' id='word_1_105' title='bbox 734 1602 872 1655; x_wconf 91' lang='lat' dir='ltr'><strong>banc</strong></span> <span class='ocrx_word' id='word_1_106' title='bbox 900 1599 1112 1654; x_wconf 90' lang='lat' dir='ltr'><strong>Baronii</strong></span> <span class='ocrx_word' id='word_1_107' title='bbox 1153 1596 1672 1666; x_wconf 77' lang='lat' dir='ltr'><strong>argumentationem</strong></span> <span class='ocrx_word' id='word_1_108' title='bbox 1721 1592 1915 1648; x_wconf 84' lang='lat' dir='ltr'><strong>evertit</strong></span> <span class='ocrx_word' id='word_1_109' title='bbox 1961 1590 2121 1646; x_wconf 84' lang='lat' dir='ltr'><strong>index</strong></span> 
     </span>
    </p>
   </div>
   <div class='ocr_carea' id='block_1_17' title="bbox 534 1684 2122 1761">
    <p class='ocr_par' dir='ltr' id='par_1_17' title="bbox 534 1684 2122 1761">
     <span class='ocr_line' id='line_1_17' title="bbox 534 1684 2122 1761; baseline -0.007 -14"><span class='ocrx_word' id='word_1_110' title='bbox 534 1691 1057 1761; x_wconf 83' lang='lat' dir='ltr'><strong>archiepiscoporum</strong></span> <span class='ocrx_word' id='word_1_111' title='bbox 1080 1689 1557 1744; x_wconf 78' lang='lat' dir='ltr'><strong>Mediolanensium</strong></span> <span class='ocrx_word' id='word_1_112' title='bbox 1572 1703 1640 1743; x_wconf 81' lang='lat' dir='ltr'><strong>ex</strong></span> <span class='ocrx_word' id='word_1_113' title='bbox 1660 1685 1962 1741; x_wconf 84' lang='lat' dir='ltr'><strong>veterrimis</strong></span> <span class='ocrx_word' id='word_1_114' title='bbox 1982 1684 2122 1737; x_wconf 81' lang='lat' dir='ltr'><strong>illius</strong></span> 
     </span>
    </p>
   </div>
   <div class='ocr_carea' id='block_1_18' title="bbox 534 1780 2124 1845">
    <p class='ocr_par' dir='ltr' id='par_1_18' title="bbox 534 1780 2124 1845">
     <span class='ocr_line' id='line_1_18' title="bbox 534 1780 2124 1845; baseline -0.006 -8"><span class='ocrx_word' id='word_1_115' title='bbox 534 1782 783 1839; x_wconf 68' lang='lat' dir='ltr'><strong>Ecclesia:</strong></span> <span class='ocrx_word' id='word_1_116' title='bbox 798 1782 990 1837; x_wconf 88' lang='lat' dir='ltr'><strong>tabulis</strong></span> <span class='ocrx_word' id='word_1_117' title='bbox 1014 1798 1044 1835; x_wconf 89' lang='lat' dir='ltr'><strong>a</strong></span> <span class='ocrx_word' id='word_1_118' title='bbox 1058 1789 1246 1837; x_wconf 93' lang='lat' dir='ltr'><strong>nostro</strong></span> <span class='ocrx_word' id='word_1_119' title='bbox 1263 1780 1568 1835; x_wconf 81' lang='lat' dir='ltr'><strong>Mabillouio</strong></span> <span class='ocrx_word' id='word_1_120' title='bbox 1581 1780 1777 1841; x_wconf 89' lang='lat' dir='ltr'><strong>editus,</strong></span> <span class='ocrx_word' id='word_1_121' title='bbox 1794 1792 1863 1832; x_wconf 85' lang='lat' dir='ltr'><strong>ex</strong></span> <span class='ocrx_word' id='word_1_122' title='bbox 1882 1792 1988 1845; x_wconf 89' lang='lat' dir='ltr'><strong>quo</strong></span> <span class='ocrx_word' id='word_1_123' title='bbox 2002 1783 2124 1844; x_wconf 89' lang='lat' dir='ltr'><strong>post</strong></span> 
     </span>
    </p>
   </div>
   <div class='ocr_carea' id='block_1_19' title="bbox 535 1867 2197 1955">
    <p class='ocr_par' dir='ltr' id='par_1_19' title="bbox 535 1867 2197 1955">
     <span class='ocr_line' id='line_1_19' title="bbox 535 1867 2197 1955; baseline -0.007 -24"><span class='ocrx_word' id='word_1_124' title='bbox 535 1875 799 1931; x_wconf 88' lang='lat' dir='ltr'><strong>Frontum</strong></span> <span class='ocrx_word' id='word_1_125' title='bbox 837 1890 931 1930; x_wconf 91' lang='lat' dir='ltr'><strong>seu</strong></span> <span class='ocrx_word' id='word_1_126' title='bbox 968 1873 1293 1929; x_wconf 88' lang='lat' dir='ltr'><strong>Frontonem</strong></span> <span class='ocrx_word' id='word_1_127' title='bbox 1322 1872 1642 1926; x_wconf 77' lang='lat' dir='ltr'><strong>Laurentius</strong></span> <span class='ocrx_word' id='word_1_128' title='bbox 1670 1873 1938 1941; x_wconf 79' lang='lat' dir='ltr'><strong>episwpus</strong></span> <span class='ocrx_word' id='word_1_129' title='bbox 1986 1867 2119 1921; x_wconf 88' lang='lat' dir='ltr'><strong>sedit</strong></span> <span class='ocrx_word' id='word_1_130' title='bbox 2148 1894 2197 1955; x_wconf 75' lang='grc' dir='ltr'><strong>Β</strong></span> 
     </span>
    </p>
   </div>
   <div class='ocr_carea' id='block_1_20' title="bbox 534 1962 2121 2035">
    <p class='ocr_par' dir='ltr' id='par_1_20' title="bbox 534 1962 2121 2035">
     <span class='ocr_line' id='line_1_20' title="bbox 534 1962 2121 2035; baseline -0.003 -14"><span class='ocrx_word' id='word_1_131' title='bbox 534 1984 699 2022; x_wconf 71' lang='lat' dir='ltr'><strong>atinas</strong></span> <span class='ocrx_word' id='word_1_132' title='bbox 722 1969 1085 2030; x_wconf 73' lang='lat' dir='ltr'><strong>novemdecim,</strong></span> <span class='ocrx_word' id='word_1_133' title='bbox 1112 1983 1310 2020; x_wconf 88' lang='lat' dir='ltr'><strong>menses</strong></span> <span class='ocrx_word' id='word_1_134' title='bbox 1327 1974 1553 2034; x_wconf 80' lang='lat' dir='ltr'><strong>septem;</strong></span> <span class='ocrx_word' id='word_1_135' title='bbox 1577 1963 1797 2035; x_wconf 79' lang='lat' dir='ltr'><strong>obiitque</strong></span> <span class='ocrx_word' id='word_1_136' title='bbox 1821 1962 2121 2017; x_wconf 86' lang='lat' dir='ltr'><strong>duodecimo</strong></span> 
     </span>
    </p>
   </div>
   <div class='ocr_carea' id='block_1_21' title="bbox 538 2055 2122 2131">
    <p class='ocr_par' dir='ltr' id='par_1_21' title="bbox 538 2055 2122 2131">
     <span class='ocr_line' id='line_1_21' title="bbox 538 2055 2122 2131; baseline -0.004 -16"><span class='ocrx_word' id='word_1_137' title='bbox 538 2059 807 2115; x_wconf 79' lang='lat' dir='ltr'><strong>Kalendas</strong></span> <span class='ocrx_word' id='word_1_138' title='bbox 837 2059 1150 2131; x_wconf 81' lang='lat' dir='ltr'><strong>Septembris</strong></span> <span class='ocrx_word' id='word_1_139' title='bbox 1192 2058 1355 2130; x_wconf 76' lang='lat' dir='ltr'><strong>(Mus.</strong></span> <span class='ocrx_word' id='word_1_140' title='bbox 1387 2058 1515 2113; x_wconf 82' lang='lat' dir='ltr'><strong>Ital.</strong></span> <span class='ocrx_word' id='word_1_141' title='bbox 1567 2068 1687 2114; x_wconf 90' lang='lat' dir='ltr'><strong>tom.</strong></span> <span class='ocrx_word' id='word_1_142' title='bbox 1724 2056 1776 2124; x_wconf 88' lang='lat' dir='ltr'><strong>I,</strong></span> <span class='ocrx_word' id='word_1_143' title='bbox 1806 2073 1926 2127; x_wconf 84' lang='lat' dir='ltr'><strong>pag.</strong></span> <span class='ocrx_word' id='word_1_144' title='bbox 1956 2055 2079 2126; x_wconf 82' lang='grc'><strong>111)</strong></span> <span class='ocrx_word' id='word_1_145' title='bbox 2106 2071 2122 2123; x_wconf 86' lang='lat'><strong>;</strong></span> 
     </span>
    </p>
   </div>
   <div class='ocr_carea' id='block_1_22' title="bbox 535 2144 2125 2220">
    <p class='ocr_par' dir='ltr' id='par_1_22' title="bbox 535 2144 2125 2220">
     <span class='ocr_line' id='line_1_22' title="bbox 535 2144 2125 2220; baseline -0.004 -14"><span class='ocrx_word' id='word_1_146' title='bbox 535 2165 672 2220; x_wconf 87' lang='lat' dir='ltr'><strong>quos</strong></span> <span class='ocrx_word' id='word_1_147' title='bbox 702 2166 903 2217; x_wconf 91' lang='lat' dir='ltr'><strong>annos,</strong></span> <span class='ocrx_word' id='word_1_148' title='bbox 953 2150 1125 2219; x_wconf 88' lang='lat' dir='ltr'><strong>inquit</strong></span> <span class='ocrx_word' id='word_1_149' title='bbox 1154 2149 1527 2215; x_wconf 87' lang='lat' dir='ltr'><strong>Mabillonius,</strong></span> <span class='ocrx_word' id='word_1_150' title='bbox 1570 2149 1615 2204; x_wconf 90' lang='lat' dir='ltr'><strong>si</strong></span> <span class='ocrx_word' id='word_1_151' title='bbox 1665 2163 1734 2202; x_wconf 91' lang='lat' dir='ltr'><strong>ex</strong></span> <span class='ocrx_word' id='word_1_152' title='bbox 1780 2144 2125 2214; x_wconf 80' lang='lat' dir='ltr'><strong>nonagesimo</strong></span> 
     </span>
    </p>
   </div>
   <div class='ocr_carea' id='block_1_23' title="bbox 538 2240 2127 2305">
    <p class='ocr_par' dir='ltr' id='par_1_23' title="bbox 538 2240 2127 2305">
     <span class='ocr_line' id='line_1_23' title="bbox 538 2240 2127 2305; baseline -0.001 -9"><span class='ocrx_word' id='word_1_153' title='bbox 538 2244 697 2298; x_wconf 86' lang='lat' dir='ltr'><strong>tertio</strong></span> <span class='ocrx_word' id='word_1_154' title='bbox 724 2244 1072 2299; x_wconf 88' lang='lat' dir='ltr'><strong>Constantius</strong></span> <span class='ocrx_word' id='word_1_155' title='bbox 1100 2244 1152 2298; x_wconf 88' lang='lat' dir='ltr'><strong>ei</strong></span> <span class='ocrx_word' id='word_1_156' title='bbox 1198 2242 1455 2299; x_wconf 72' lang='lat' dir='ltr'><strong>suti‘ectus</strong></span> <span class='ocrx_word' id='word_1_157' title='bbox 1479 2250 1557 2297; x_wconf 89' lang='lat' dir='ltr'><strong>est</strong></span> <span class='ocrx_word' id='word_1_158' title='bbox 1574 2280 1588 2305; x_wconf 88' lang='lat'><strong>,</strong></span> <span class='ocrx_word' id='word_1_159' title='bbox 1616 2240 1918 2296; x_wconf 78' lang='lat' dir='ltr'><strong>detraxeris</strong></span> <span class='ocrx_word' id='word_1_160' title='bbox 1936 2281 1951 2305; x_wconf 94' lang='lat'><strong>,</strong></span> <span class='ocrx_word' id='word_1_161' title='bbox 1983 2255 2127 2295; x_wconf 91' lang='lat' dir='ltr'><strong>anno</strong></span> 
     </span>
    </p>
   </div>
   <div class='ocr_carea' id='block_1_24' title="bbox 539 2330 2129 2401">
    <p class='ocr_par' dir='ltr' id='par_1_24' title="bbox 539 2330 2129 2401">
     <span class='ocr_line' id='line_1_24' title="bbox 539 2330 2129 2401; baseline -0.004 -12"><span class='ocrx_word' id='word_1_162' title='bbox 539 2332 664 2400; x_wconf 70' lang='lat'><strong>574,</strong></span> <span class='ocrx_word' id='word_1_163' title='bbox 680 2332 1323 2401; x_wconf 85' lang='lat' dir='ltr'><strong>Laurentii‘creationem,</strong></span> <span class='ocrx_word' id='word_1_164' title='bbox 1338 2332 1582 2401; x_wconf 86' lang='lat' dir='ltr'><strong>adeoque</strong></span> <span class='ocrx_word' id='word_1_165' title='bbox 1602 2331 1719 2399; x_wconf 87' lang='lat' dir='ltr'><strong>ejus</strong></span> <span class='ocrx_word' id='word_1_166' title='bbox 1738 2331 2039 2385; x_wconf 89' lang='lat' dir='ltr'><strong>cautionem</strong></span> <span class='ocrx_word' id='word_1_167' title='bbox 2061 2330 2129 2383; x_wconf 88' lang='lat' dir='ltr'><strong>ad</strong></span> 
     </span>
    </p>
   </div>
   <div class='ocr_carea' id='block_1_25' title="bbox 538 2420 2132 2496">
    <p class='ocr_par' dir='ltr' id='par_1_25' title="bbox 538 2420 2132 2496">
     <span class='ocr_line' id='line_1_25' title="bbox 538 2420 2132 2496; baseline -0.004 -15"><span class='ocrx_word' id='word_1_168' title='bbox 538 2425 841 2481; x_wconf 78' lang='lat' dir='ltr'><strong>Romanum</strong></span> <span class='ocrx_word' id='word_1_169' title='bbox 862 2424 1175 2496; x_wconf 82' lang='lat' dir='ltr'><strong>pontiﬁcem</strong></span> <span class='ocrx_word' id='word_1_170' title='bbox 1202 2426 1451 2489; x_wconf 88' lang='lat' dir='ltr'><strong>missam,</strong></span> <span class='ocrx_word' id='word_1_171' title='bbox 1498 2423 1584 2478; x_wconf 90' lang='lat' dir='ltr'><strong>cui</strong></span> <span class='ocrx_word' id='word_1_172' title='bbox 1611 2420 1906 2490; x_wconf 86' lang='lat' dir='ltr'><strong>Gregorius</strong></span> <span class='ocrx_word' id='word_1_173' title='bbox 1934 2427 2132 2489; x_wconf 64' lang='grc' dir='ltr'><strong>ιιι-αξιοι·</strong></span> 
     </span>
    </p>
   </div>
   <div class='ocr_carea' id='block_1_26' title="bbox 537 2509 2133 2587">
    <p class='ocr_par' dir='ltr' id='par_1_26' title="bbox 537 2509 2133 2587">
     <span class='ocr_line' id='line_1_26' title="bbox 537 2509 2133 2587; baseline -0.006 -14"><span class='ocrx_word' id='word_1_174' title='bbox 537 2516 875 2587; x_wconf 83' lang='lat' dir='ltr'><strong>subscripsit,</strong></span> <span class='ocrx_word' id='word_1_175' title='bbox 907 2516 1158 2571; x_wconf 84' lang='lat' dir='ltr'><strong>admittas</strong></span> <span class='ocrx_word' id='word_1_176' title='bbox 1191 2530 1413 2570; x_wconf 85' lang='lat' dir='ltr'><strong>necesse</strong></span> <span class='ocrx_word' id='word_1_177' title='bbox 1441 2521 1542 2569; x_wconf 83' lang='lat' dir='ltr'><strong>est.</strong></span> <span class='ocrx_word' id='word_1_178' title='bbox 1569 2512 1708 2567; x_wconf 79' lang='lat' dir='ltr'><strong>Huic</strong></span> <span class='ocrx_word' id='word_1_179' title='bbox 1728 2510 2024 2575; x_wconf 71' lang='lat' dir='ltr'><strong>sementim,</strong></span> <span class='ocrx_word' id='word_1_180' title='bbox 2057 2509 2133 2564; x_wconf 89' lang='lat' dir='ltr'><strong>ait</strong></span> 
     </span>
    </p>
   </div>
   <div class='ocr_carea' id='block_1_27' title="bbox 537 2601 2134 2675">
    <p class='ocr_par' dir='ltr' id='par_1_27' title="bbox 537 2601 2134 2675">
     <span class='ocr_line' id='line_1_27' title="bbox 537 2601 2134 2675; baseline -0.004 -11"><span class='ocrx_word' id='word_1_181' title='bbox 537 2608 681 2664; x_wconf 86' lang='lat' dir='ltr'><strong>idem</strong></span> <span class='ocrx_word' id='word_1_182' title='bbox 716 2608 1093 2673; x_wconf 78' lang='lat' dir='ltr'><strong>Mabillonius,</strong></span> <span class='ocrx_word' id='word_1_183' title='bbox 1148 2607 1513 2675; x_wconf 85' lang='lat' dir='ltr'><strong>subscripsere</strong></span> <span class='ocrx_word' id='word_1_184' title='bbox 1533 2602 1870 2659; x_wconf 88' lang='lat' dir='ltr'><strong>Bollandiani</strong></span> <span class='ocrx_word' id='word_1_185' title='bbox 1917 2601 2049 2657; x_wconf 87' lang='lat' dir='ltr'><strong>socii</strong></span> <span class='ocrx_word' id='word_1_186' title='bbox 2078 2601 2134 2657; x_wconf 89' lang='lat' dir='ltr'><strong>in</strong></span> 
     </span>
    </p>
   </div>
   <div class='ocr_carea' id='block_1_28' title="bbox 537 2694 2130 2770">
    <p class='ocr_par' dir='ltr' id='par_1_28' title="bbox 537 2694 2130 2770">
     <span class='ocr_line' id='line_1_28' title="bbox 537 2694 2130 2770; baseline -0.006 -14"><span class='ocrx_word' id='word_1_187' title='bbox 537 2701 646 2755; x_wconf 79' lang='lat' dir='ltr'><strong>vita</strong></span> <span class='ocrx_word' id='word_1_188' title='bbox 675 2700 732 2755; x_wconf 92' lang='lat' dir='ltr'><strong>S.</strong></span> <span class='ocrx_word' id='word_1_189' title='bbox 765 2700 1043 2770; x_wconf 87' lang='lat' dir='ltr'><strong>Gregorii;</strong></span> <span class='ocrx_word' id='word_1_190' title='bbox 1085 2700 1176 2754; x_wconf 90' lang='lat' dir='ltr'><strong>ubi</strong></span> <span class='ocrx_word' id='word_1_191' title='bbox 1204 2710 1385 2753; x_wconf 89' lang='lat' dir='ltr'><strong>tamen</strong></span> <span class='ocrx_word' id='word_1_192' title='bbox 1416 2698 1629 2752; x_wconf 91' lang='lat' dir='ltr'><strong>incaute</strong></span> <span class='ocrx_word' id='word_1_193' title='bbox 1667 2704 1790 2765; x_wconf 89' lang='lat' dir='ltr'><strong>post</strong></span> <span class='ocrx_word' id='word_1_194' title='bbox 1819 2694 2130 2758; x_wconf 88' lang='lat' dir='ltr'><strong>Baronium,</strong></span> 
     </span>
    </p>
   </div>
   <div class='ocr_carea' id='block_1_29' title="bbox 537 2784 2134 2864">
    <p class='ocr_par' dir='ltr' id='par_1_29' title="bbox 537 2784 2134 2864">
     <span class='ocr_line' id='line_1_29' title="bbox 537 2784 2134 2864; baseline -0.005 -17"><span class='ocrx_word' id='word_1_195' title='bbox 537 2790 855 2862; x_wconf 79' lang='lat' dir='ltr'><strong>Gregorium</strong></span> <span class='ocrx_word' id='word_1_196' title='bbox 901 2794 1263 2864; x_wconf 75' lang='lat' dir='ltr'><strong>prwfecturam</strong></span> <span class='ocrx_word' id='word_1_197' title='bbox 1290 2790 1519 2860; x_wconf 87' lang='lat' dir='ltr'><strong>gessisse</strong></span> <span class='ocrx_word' id='word_1_198' title='bbox 1556 2789 1775 2854; x_wconf 90' lang='lat' dir='ltr'><strong>dicunt,</strong></span> <span class='ocrx_word' id='word_1_199' title='bbox 1807 2786 2051 2856; x_wconf 91' lang='lat' dir='ltr'><strong>quamvis</strong></span> <span class='ocrx_word' id='word_1_200' title='bbox 2081 2784 2134 2840; x_wconf 90' lang='lat' dir='ltr'><strong>in</strong></span> 
     </span>
    </p>
   </div>
   <div class='ocr_carea' id='block_1_30' title="bbox 539 2877 2135 2948">
    <p class='ocr_par' dir='ltr' id='par_1_30' title="bbox 539 2877 2135 2948">
     <span class='ocr_line' id='line_1_30' title="bbox 539 2877 2135 2948; baseline -0.007 -6"><span class='ocrx_word' id='word_1_201' title='bbox 539 2886 789 2942; x_wconf 87' lang='lat' dir='ltr'><strong>omnibus</strong></span> <span class='ocrx_word' id='word_1_202' title='bbox 835 2886 1111 2941; x_wconf 88' lang='lat' dir='ltr'><strong>codicibus</strong></span> <span class='ocrx_word' id='word_1_203' title='bbox 1156 2899 1318 2939; x_wconf 88' lang='lat' dir='ltr'><strong>manu</strong></span> <span class='ocrx_word' id='word_1_204' title='bbox 1347 2882 1583 2937; x_wconf 86' lang='lat' dir='ltr'><strong>exaratis</strong></span> <span class='ocrx_word' id='word_1_205' title='bbox 1630 2881 1744 2935; x_wconf 89' lang='lat' dir='ltr'><strong>sive</strong></span> <span class='ocrx_word' id='word_1_206' title='bbox 1772 2877 2135 2948; x_wconf 87' lang='lat' dir='ltr'><strong>Epistolarum</strong></span> 
     </span>
    </p>
   </div>
   <div class='ocr_carea' id='block_1_31' title="bbox 539 2971 2135 3043">
    <p class='ocr_par' dir='ltr' id='par_1_31' title="bbox 539 2971 2135 3043">
     <span class='ocr_line' id='line_1_31' title="bbox 539 2971 2135 3043; baseline -0.007 -9"><span class='ocrx_word' id='word_1_207' title='bbox 539 2979 654 3034; x_wconf 83' lang='lat' dir='ltr'><strong>sive</strong></span> <span class='ocrx_word' id='word_1_208' title='bbox 679 2979 812 3034; x_wconf 72' lang='lat' dir='ltr'><strong>Viue</strong></span> <span class='ocrx_word' id='word_1_209' title='bbox 834 2993 864 3032; x_wconf 90' lang='lat' dir='ltr'><strong>a</strong></span> <span class='ocrx_word' id='word_1_210' title='bbox 890 2977 1097 3032; x_wconf 79' lang='lat' dir='ltr'><strong>Joanne</strong></span> <span class='ocrx_word' id='word_1_211' title='bbox 1123 2977 1359 3031; x_wconf 90' lang='lat' dir='ltr'><strong>Diacono</strong></span> <span class='ocrx_word' id='word_1_212' title='bbox 1390 2974 1708 3043; x_wconf 77' lang='lat' dir='ltr'><strong>conscriptae</strong></span> <span class='ocrx_word' id='word_1_213' title='bbox 1725 3014 1739 3037; x_wconf 94' lang='lat'><strong>,</strong></span> <span class='ocrx_word' id='word_1_214' title='bbox 1764 2971 1973 3039; x_wconf 85' lang='lat' dir='ltr'><strong>legatur</strong></span> <span class='ocrx_word' id='word_1_215' title='bbox 1997 2984 2135 3040; x_wconf 76' lang='lat' dir='ltr'><strong>prie—</strong></span> 
     </span>
    </p>
   </div>
   <div class='ocr_carea' id='block_1_32' title="bbox 542 3066 1931 3140">
    <p class='ocr_par' dir='ltr' id='par_1_32' title="bbox 542 3066 1931 3140">
     <span class='ocr_line' id='line_1_32' title="bbox 542 3066 1931 3140; baseline -0.008 -14"><span class='ocrx_word' id='word_1_216' title='bbox 542 3080 643 3140; x_wconf 91' lang='lat' dir='ltr'><strong>tor,</strong></span> <span class='ocrx_word' id='word_1_217' title='bbox 664 3080 719 3125; x_wconf 84' lang='lat' dir='ltr'><strong>et</strong></span> <span class='ocrx_word' id='word_1_218' title='bbox 744 3080 993 3140; x_wconf 65' lang='lat' dir='ltr'><strong>praetura,</strong></span> <span class='ocrx_word' id='word_1_219' title='bbox 1024 3084 1133 3124; x_wconf 87' lang='lat' dir='ltr'><strong>non</strong></span> <span class='ocrx_word' id='word_1_220' title='bbox 1162 3070 1461 3137; x_wconf 68' lang='lat' dir='ltr'><strong>praefectus,</strong></span> <span class='ocrx_word' id='word_1_221' title='bbox 1494 3077 1549 3120; x_wconf 87' lang='lat' dir='ltr'><strong>et</strong></span> <span class='ocrx_word' id='word_1_222' title='bbox 1592 3066 1931 3135; x_wconf 66' lang='lat' dir='ltr'><strong>praefectura.</strong></span> 
     </span>
    </p>
   </div>
   <div class='ocr_carea' id='block_1_33' title="bbox 614 3153 2136 3225">
    <p class='ocr_par' dir='ltr' id='par_1_33' title="bbox 614 3153 2136 3225">
     <span class='ocr_line' id='line_1_33' title="bbox 614 3153 2136 3225; baseline -0.007 -11"><span class='ocrx_word' id='word_1_223' title='bbox 614 3161 663 3215; x_wconf 76' lang='grc' dir='ltr'><strong>ι.</strong></span> <span class='ocrx_word' id='word_1_224' title='bbox 700 3161 907 3216; x_wconf 67' lang='lat' dir='ltr'><strong>Praetor</strong></span> <span class='ocrx_word' id='word_1_225' title='bbox 948 3158 1225 3221; x_wconf 86' lang='lat' dir='ltr'><strong>Urbanus,</strong></span> <span class='ocrx_word' id='word_1_226' title='bbox 1258 3165 1317 3211; x_wconf 93' lang='lat' dir='ltr'><strong>ut</strong></span> <span class='ocrx_word' id='word_1_227' title='bbox 1352 3156 1440 3225; x_wconf 86' lang='lat' dir='ltr'><strong>jus</strong></span> <span class='ocrx_word' id='word_1_228' title='bbox 1470 3156 1523 3209; x_wconf 89' lang='lat' dir='ltr'><strong>in</strong></span> <span class='ocrx_word' id='word_1_229' title='bbox 1554 3154 1699 3209; x_wconf 89' lang='lat' dir='ltr'><strong>Urbe</strong></span> <span class='ocrx_word' id='word_1_230' title='bbox 1722 3153 1953 3222; x_wconf 87' lang='lat' dir='ltr'><strong>diceret,</strong></span> <span class='ocrx_word' id='word_1_231' title='bbox 1986 3166 2136 3206; x_wconf 86' lang='lat' dir='ltr'><strong>crea-</strong></span> 
     </span>
    </p>
   </div>
   <div class='ocr_carea' id='block_1_34' title="bbox 2216 570 3830 643">
    <p class='ocr_par' dir='ltr' id='par_1_34' title="bbox 2216 570 3830 643">
     <span class='ocr_line' id='line_1_34' title="bbox 2216 570 3830 643; baseline -0.002 -15"><span class='ocrx_word' id='word_1_232' title='bbox 2216 576 2465 635; x_wconf 83' lang='lat' dir='ltr'><strong>consulcs</strong></span> <span class='ocrx_word' id='word_1_233' title='bbox 2510 583 2666 628; x_wconf 73' lang='lat' dir='ltr'><strong>terra:</strong></span> <span class='ocrx_word' id='word_1_234' title='bbox 2722 571 3074 643; x_wconf 80' lang='lat' dir='ltr'><strong>proculdubio</strong></span> <span class='ocrx_word' id='word_1_235' title='bbox 3134 570 3524 634; x_wconf 80' lang='lat' dir='ltr'><strong>numerandus,</strong></span> <span class='ocrx_word' id='word_1_236' title='bbox 3572 570 3700 639; x_wconf 79' lang='lat' dir='ltr'><strong>qui,</strong></span> <span class='ocrx_word' id='word_1_237' title='bbox 3763 578 3830 625; x_wconf 87' lang='lat' dir='ltr'><strong>ut</strong></span> 
     </span>
    </p>
   </div>
   <div class='ocr_carea' id='block_1_35' title="bbox 2217 662 3823 735">
    <p class='ocr_par' dir='ltr' id='par_1_35' title="bbox 2217 662 3823 735">
     <span class='ocr_line' id='line_1_35' title="bbox 2217 662 3823 735; baseline -0.001 -15"><span class='ocrx_word' id='word_1_238' title='bbox 2217 668 2451 735; x_wconf 87' lang='lat' dir='ltr'><strong>loquitur</strong></span> <span class='ocrx_word' id='word_1_239' title='bbox 2482 666 2613 731; x_wconf 84' lang='lat' dir='ltr'><strong>Job,</strong></span> <span class='ocrx_word' id='word_1_240' title='bbox 2654 666 2919 733; x_wconf 76' lang='lat' dir='ltr'><strong>wdiﬁcant</strong></span> <span class='ocrx_word' id='word_1_241' title='bbox 2955 663 3051 716; x_wconf 84' lang='lat' dir='ltr'><strong>sibi</strong></span> <span class='ocrx_word' id='word_1_242' title='bbox 3092 662 3393 716; x_wconf 78' lang='lat' dir='ltr'><strong>solitudines</strong></span> <span class='ocrx_word' id='word_1_243' title='bbox 3436 662 3557 731; x_wconf 80' lang='lat' dir='ltr'><strong>(Iob</strong></span> <span class='ocrx_word' id='word_1_244' title='bbox 3589 679 3673 729; x_wconf 86' lang='lat' dir='ltr'><strong>Ill,</strong></span> <span class='ocrx_word' id='word_1_245' title='bbox 3706 662 3823 718; x_wconf 71' lang='lat' dir='ltr'><strong>Hi.</strong></span> 
     </span>
    </p>
   </div>
   <div class='ocr_carea' id='block_1_36' title="bbox 2216 752 3827 826">
    <p class='ocr_par' dir='ltr' id='par_1_36' title="bbox 2216 752 3827 826">
     <span class='ocr_line' id='line_1_36' title="bbox 2216 752 3827 826; baseline -0.002 -15"><span class='ocrx_word' id='word_1_246' title='bbox 2216 756 2386 823; x_wconf 84' lang='lat' dir='ltr'><strong>Quem</strong></span> <span class='ocrx_word' id='word_1_247' title='bbox 2416 758 2591 811; x_wconf 91' lang='lat' dir='ltr'><strong>locum</strong></span> <span class='ocrx_word' id='word_1_248' title='bbox 2620 771 2895 826; x_wconf 86' lang='lat' dir='ltr'><strong>exponens</strong></span> <span class='ocrx_word' id='word_1_249' title='bbox 2920 763 3104 809; x_wconf 86' lang='lat' dir='ltr'><strong>noster</strong></span> <span class='ocrx_word' id='word_1_250' title='bbox 3120 752 3409 822; x_wconf 86' lang='lat' dir='ltr'><strong>Gregorius</strong></span> <span class='ocrx_word' id='word_1_251' title='bbox 3425 754 3516 806; x_wconf 92' lang='lat' dir='ltr'><strong>lib.</strong></span> <span class='ocrx_word' id='word_1_252' title='bbox 3542 769 3595 807; x_wconf 80' lang='lat' dir='ltr'><strong>iv</strong></span> <span class='ocrx_word' id='word_1_253' title='bbox 3622 753 3827 808; x_wconf 71' lang='lat' dir='ltr'><strong>Moral-</strong></span> 
     </span>
    </p>
   </div>
   <div class='ocr_carea' id='block_1_37' title="bbox 2217 845 3828 916">
    <p class='ocr_par' dir='ltr' id='par_1_37' title="bbox 2217 845 3828 916">
     <span class='ocr_line' id='line_1_37' title="bbox 2217 845 3828 916; baseline -0.004 -12"><span class='ocrx_word' id='word_1_254' title='bbox 2217 866 2272 904; x_wconf 89' lang='lat' dir='ltr'><strong>n.</strong></span> <span class='ocrx_word' id='word_1_255' title='bbox 2301 848 2369 905; x_wconf 83' lang='lat'><strong>58</strong></span> <span class='ocrx_word' id='word_1_256' title='bbox 2400 858 2452 902; x_wconf 88' lang='lat' dir='ltr'><strong>et</strong></span> <span class='ocrx_word' id='word_1_257' title='bbox 2474 848 2564 912; x_wconf 80' lang='lat'><strong>59,</strong></span> <span class='ocrx_word' id='word_1_258' title='bbox 2596 849 2829 916; x_wconf 90' lang='lat' dir='ltr'><strong>seipsum</strong></span> <span class='ocrx_word' id='word_1_259' title='bbox 2849 846 2975 901; x_wconf 90' lang='lat' dir='ltr'><strong>dum</strong></span> <span class='ocrx_word' id='word_1_260' title='bbox 2996 855 3194 915; x_wconf 63' lang='lat' dir='ltr'><strong>praetor</strong></span> <span class='ocrx_word' id='word_1_261' title='bbox 3214 845 3448 909; x_wconf 85' lang='lat' dir='ltr'><strong>sederet,</strong></span> <span class='ocrx_word' id='word_1_262' title='bbox 3473 845 3828 898; x_wconf 79' lang='lat' dir='ltr'><strong>adumbrasse</strong></span> 
     </span>
    </p>
   </div>
   <div class='ocr_carea' id='block_1_38' title="bbox 2218 938 3834 1008">
    <p class='ocr_par' dir='ltr' id='par_1_38' title="bbox 2218 938 3834 1008">
     <span class='ocr_line' id='line_1_38' title="bbox 2218 938 3834 1008; baseline -0.004 -10"><span class='ocrx_word' id='word_1_263' title='bbox 2218 943 2426 998; x_wconf 84' lang='lat' dir='ltr'><strong>viJetur</strong></span> <span class='ocrx_word' id='word_1_264' title='bbox 2455 962 2467 995; x_wconf 86' lang='lat'><strong>:</strong></span> <span class='ocrx_word' id='word_1_265' title='bbox 2503 942 2851 1003; x_wconf 81' lang='lat' dir='ltr'><strong>Solitudines,</strong></span> <span class='ocrx_word' id='word_1_266' title='bbox 2887 940 3089 1007; x_wconf 89' lang='lat' dir='ltr'><strong>inquit,</strong></span> <span class='ocrx_word' id='word_1_267' title='bbox 3147 940 3332 1008; x_wconf 80' lang='lat' dir='ltr'><strong>quippe</strong></span> <span class='ocrx_word' id='word_1_268' title='bbox 3367 938 3646 1007; x_wconf 70' lang='lat' dir='ltr'><strong>ludiﬁcare,</strong></span> <span class='ocrx_word' id='word_1_269' title='bbox 3677 948 3752 989; x_wconf 82' lang='lat' dir='ltr'><strong>est</strong></span> <span class='ocrx_word' id='word_1_270' title='bbox 3795 954 3834 991; x_wconf 71' lang='grc' dir='ltr'><em>α</em></span> 
     </span>
    </p>
   </div>
   <div class='ocr_carea' id='block_1_39' title="bbox 2219 1029 3830 1103">
    <p class='ocr_par' dir='ltr' id='par_1_39' title="bbox 2219 1029 3830 1103">
     <span class='ocr_line' id='line_1_39' title="bbox 2219 1029 3830 1103; baseline -0.004 -15"><span class='ocrx_word' id='word_1_271' title='bbox 2219 1046 2410 1089; x_wconf 81' lang='lat' dir='ltr'><strong>secreto</strong></span> <span class='ocrx_word' id='word_1_272' title='bbox 2440 1036 2609 1089; x_wconf 87' lang='lat' dir='ltr'><strong>cordis</strong></span> <span class='ocrx_word' id='word_1_273' title='bbox 2635 1042 2953 1103; x_wconf 81' lang='lat' dir='ltr'><strong>terrenorum</strong></span> <span class='ocrx_word' id='word_1_274' title='bbox 2983 1030 3351 1084; x_wconf 79' lang='lat' dir='ltr'><strong>desideriorum</strong></span> <span class='ocrx_word' id='word_1_275' title='bbox 3375 1029 3618 1083; x_wconf 79' lang='lat' dir='ltr'><strong>tumultus</strong></span> <span class='ocrx_word' id='word_1_276' title='bbox 3641 1030 3830 1097; x_wconf 69' lang='lat' dir='ltr'><strong>expel-</strong></span> 
     </span>
    </p>
   </div>
   <div class='ocr_carea' id='block_1_40' title="bbox 2219 1121 3834 1192">
    <p class='ocr_par' dir='ltr' id='par_1_40' title="bbox 2219 1121 3834 1192">
     <span class='ocr_line' id='line_1_40' title="bbox 2219 1121 3834 1192; baseline -0.006 -11"><span class='ocrx_word' id='word_1_277' title='bbox 2219 1128 2343 1191; x_wconf 89' lang='lat' dir='ltr'><strong>lere,</strong></span> <span class='ocrx_word' id='word_1_278' title='bbox 2366 1135 2415 1180; x_wconf 89' lang='lat' dir='ltr'><strong>et</strong></span> <span class='ocrx_word' id='word_1_279' title='bbox 2437 1143 2540 1179; x_wconf 89' lang='lat' dir='ltr'><strong>una</strong></span> <span class='ocrx_word' id='word_1_280' title='bbox 2586 1127 2867 1180; x_wconf 70' lang='lat' dir='ltr'><strong>intent’one</strong></span> <span class='ocrx_word' id='word_1_281' title='bbox 2898 1132 3106 1177; x_wconf 63' lang='lat' dir='ltr'><strong>(eterna;</strong></span> <span class='ocrx_word' id='word_1_282' title='bbox 3150 1123 3335 1192; x_wconf 76' lang='lat' dir='ltr'><strong>patriw</strong></span> <span class='ocrx_word' id='word_1_283' title='bbox 3380 1122 3433 1174; x_wconf 89' lang='lat' dir='ltr'><strong>in</strong></span> <span class='ocrx_word' id='word_1_284' title='bbox 3483 1137 3711 1173; x_wconf 76' lang='lat' dir='ltr'><strong>antorem</strong></span> <span class='ocrx_word' id='word_1_285' title='bbox 3742 1121 3834 1171; x_wconf 78' lang='lat' dir='ltr'><strong>in-</strong></span> 
     </span>
    </p>
   </div>
   <div class='ocr_carea' id='block_1_41' title="bbox 2221 1208 3829 1285">
    <p class='ocr_par' dir='ltr' id='par_1_41' title="bbox 2221 1208 3829 1285">
     <span class='ocr_line' id='line_1_41' title="bbox 2221 1208 3829 1285; baseline -0.007 -14"><span class='ocrx_word' id='word_1_286' title='bbox 2221 1220 2359 1273; x_wconf 71' lang='lat' dir='ltr'><strong>tima:</strong></span> <span class='ocrx_word' id='word_1_287' title='bbox 2378 1219 2559 1285; x_wconf 84' lang='lat' dir='ltr'><strong>quietis</strong></span> <span class='ocrx_word' id='word_1_288' title='bbox 2582 1215 2848 1269; x_wconf 82' lang='lat' dir='ltr'><strong>anhelare.</strong></span> <span class='ocrx_word' id='word_1_289' title='bbox 2870 1212 3007 1267; x_wconf 81' lang='lat' dir='ltr'><strong>Bene</strong></span> <span class='ocrx_word' id='word_1_290' title='bbox 3026 1221 3197 1266; x_wconf 88' lang='lat' dir='ltr'><strong>autem</strong></span> <span class='ocrx_word' id='word_1_291' title='bbox 3224 1212 3276 1263; x_wconf 83' lang='lat' dir='ltr'><strong>hi</strong></span> <span class='ocrx_word' id='word_1_292' title='bbox 3296 1208 3494 1281; x_wconf 73' lang='grc' dir='ltr'><strong>φιόξεὶὸί</strong></span> <span class='ocrx_word' id='word_1_293' title='bbox 3514 1210 3829 1263; x_wconf 81' lang='lat' dir='ltr'><strong>solitudines</strong></span> 
     </span>
    </p>
   </div>
   <div class='ocr_carea' id='block_1_42' title="bbox 2221 1302 3837 1375">
    <p class='ocr_par' dir='ltr' id='par_1_42' title="bbox 2221 1302 3837 1375">
     <span class='ocr_line' id='line_1_42' title="bbox 2221 1302 3837 1375; baseline -0.008 -10"><span class='ocrx_word' id='word_1_294' title='bbox 2221 1320 2549 1374; x_wconf 81' lang='lat' dir='ltr'><strong>construunt,</strong></span> <span class='ocrx_word' id='word_1_295' title='bbox 2592 1310 2749 1363; x_wconf 82' lang='lat' dir='ltr'><strong>etiam</strong></span> <span class='ocrx_word' id='word_1_296' title='bbox 2788 1306 3021 1361; x_wconf 86' lang='lat' dir='ltr'><strong>consules</strong></span> <span class='ocrx_word' id='word_1_297' title='bbox 3061 1315 3309 1360; x_wconf 77' lang='lat' dir='ltr'><strong>vocantur</strong></span> <span class='ocrx_word' id='word_1_298' title='bbox 3352 1321 3369 1357; x_wconf 89' lang='lat'><em>:</em></span> <span class='ocrx_word' id='word_1_299' title='bbox 3407 1305 3528 1375; x_wconf 87' lang='lat' dir='ltr'><strong>quia</strong></span> <span class='ocrx_word' id='word_1_300' title='bbox 3568 1302 3643 1355; x_wconf 90' lang='lat' dir='ltr'><strong>sic</strong></span> <span class='ocrx_word' id='word_1_301' title='bbox 3692 1304 3743 1354; x_wconf 86' lang='lat' dir='ltr'><strong>in</strong></span> <span class='ocrx_word' id='word_1_302' title='bbox 3776 1316 3837 1353; x_wconf 83' lang='lat' dir='ltr'><strong>se</strong></span> 
     </span>
    </p>
   </div>
   <div class='ocr_carea' id='block_1_43' title="bbox 2221 1395 3831 1469">
    <p class='ocr_par' dir='ltr' id='par_1_43' title="bbox 2221 1395 3831 1469">
     <span class='ocr_line' id='line_1_43' title="bbox 2221 1395 3831 1469; baseline -0.009 -12"><span class='ocrx_word' id='word_1_303' title='bbox 2221 1402 2547 1457; x_wconf 87' lang='lat' dir='ltr'><strong>solitudinem</strong></span> <span class='ocrx_word' id='word_1_304' title='bbox 2574 1400 2757 1454; x_wconf 87' lang='lat' dir='ltr'><strong>mentis</strong></span> <span class='ocrx_word' id='word_1_305' title='bbox 2782 1399 3047 1469; x_wconf 67' lang='lat' dir='ltr'><strong>ludiﬁcant</strong></span> <span class='ocrx_word' id='word_1_306' title='bbox 3074 1436 3088 1457; x_wconf 96' lang='lat'><strong>,</strong></span> <span class='ocrx_word' id='word_1_307' title='bbox 3125 1406 3181 1448; x_wconf 87' lang='lat' dir='ltr'><strong>ut</strong></span> <span class='ocrx_word' id='word_1_308' title='bbox 3210 1408 3379 1448; x_wconf 83' lang='lat' dir='ltr'><strong>tamen</strong></span> <span class='ocrx_word' id='word_1_309' title='bbox 3415 1395 3467 1447; x_wconf 88' lang='lat' dir='ltr'><strong>in</strong></span> <span class='ocrx_word' id='word_1_310' title='bbox 3496 1410 3593 1465; x_wconf 90' lang='lat' dir='ltr'><strong>quo</strong></span> <span class='ocrx_word' id='word_1_311' title='bbox 3624 1408 3831 1462; x_wconf 67' lang='lat' dir='ltr'><strong>prerna-</strong></span> 
     </span>
    </p>
   </div>
   <div class='ocr_carea' id='block_1_44' title="bbox 2222 1486 3829 1563">
    <p class='ocr_par' dir='ltr' id='par_1_44' title="bbox 2222 1486 3829 1563">
     <span class='ocr_line' id='line_1_44' title="bbox 2222 1486 3829 1563; baseline -0.008 -14"><span class='ocrx_word' id='word_1_312' title='bbox 2222 1497 2356 1561; x_wconf 89' lang='lat' dir='ltr'><strong>lent,</strong></span> <span class='ocrx_word' id='word_1_313' title='bbox 2390 1496 2507 1548; x_wconf 89' lang='lat' dir='ltr'><strong>aliis</strong></span> <span class='ocrx_word' id='word_1_314' title='bbox 2536 1512 2624 1563; x_wconf 87' lang='lat' dir='ltr'><strong>per</strong></span> <span class='ocrx_word' id='word_1_315' title='bbox 2652 1493 2959 1545; x_wconf 88' lang='lat' dir='ltr'><strong>charitatem</strong></span> <span class='ocrx_word' id='word_1_316' title='bbox 3004 1490 3271 1543; x_wconf 81' lang='lat' dir='ltr'><strong>consulere</strong></span> <span class='ocrx_word' id='word_1_317' title='bbox 3309 1488 3519 1540; x_wconf 85' lang='lat' dir='ltr'><strong>minime</strong></span> <span class='ocrx_word' id='word_1_318' title='bbox 3548 1486 3829 1539; x_wconf 82' lang='lat' dir='ltr'><strong>desistant.</strong></span> 
     </span>
    </p>
   </div>
   <div class='ocr_carea' id='block_1_45' title="bbox 2223 1570 3838 1650">
    <p class='ocr_par' dir='ltr' id='par_1_45' title="bbox 2223 1570 3838 1650">
     <span class='ocr_line' id='line_1_45' title="bbox 2223 1570 3838 1650; baseline -0.007 -10"><span class='ocrx_word' id='word_1_319' title='bbox 2223 1570 2456 1640; x_wconf 41' lang='lat' dir='ltr'><strong>Et.libro</strong></span> <span class='ocrx_word' id='word_1_320' title='bbox 2504 1601 2609 1638; x_wconf 80' lang='lat' dir='ltr'><strong>xxx</strong></span> <span class='ocrx_word' id='word_1_321' title='bbox 2631 1624 2646 1649; x_wconf 94' lang='lat'><strong>,</strong></span> <span class='ocrx_word' id='word_1_322' title='bbox 2676 1599 2801 1637; x_wconf 89' lang='lat' dir='ltr'><strong>num</strong></span> <span class='ocrx_word' id='word_1_323' title='bbox 2851 1581 2918 1634; x_wconf 72' lang='grc'><strong>52</strong></span> <span class='ocrx_word' id='word_1_324' title='bbox 2948 1600 2961 1633; x_wconf 93' lang='lat'>:</span> <span class='ocrx_word' id='word_1_325' title='bbox 2998 1582 3057 1635; x_wconf 90' lang='lat' dir='ltr'><strong>Si</strong></span> <span class='ocrx_word' id='word_1_326' title='bbox 3088 1587 3384 1650; x_wconf 84' lang='lat' dir='ltr'><strong>prematur,</strong></span> <span class='ocrx_word' id='word_1_327' title='bbox 3422 1576 3632 1646; x_wconf 89' lang='lat' dir='ltr'><strong>inquit,</strong></span> <span class='ocrx_word' id='word_1_328' title='bbox 3666 1574 3838 1645; x_wconf 56' lang='lat' dir='ltr'><strong>20E.</strong></span> 
     </span>
    </p>
   </div>
   <div class='ocr_carea' id='block_1_46' title="bbox 2223 1670 3841 1749">
    <p class='ocr_par' dir='ltr' id='par_1_46' title="bbox 2223 1670 3841 1749">
     <span class='ocr_line' id='line_1_46' title="bbox 2223 1670 3841 1749; baseline -0.007 -19"><span class='ocrx_word' id='word_1_329' title='bbox 2223 1678 2411 1749; x_wconf 80' lang='lat' dir='ltr'><strong>aliquis</strong></span> <span class='ocrx_word' id='word_1_330' title='bbox 2432 1676 2764 1747; x_wconf 74' lang='lat' dir='ltr'><strong>papillaribus</strong></span> <span class='ocrx_word' id='word_1_331' title='bbox 2793 1672 2973 1741; x_wconf 84' lang='lat' dir='ltr'><strong>turbis,</strong></span> <span class='ocrx_word' id='word_1_332' title='bbox 3005 1681 3052 1725; x_wconf 85' lang='lat' dir='ltr'><strong>et</strong></span> <span class='ocrx_word' id='word_1_333' title='bbox 3074 1682 3241 1725; x_wconf 80' lang='lat' dir='ltr'><strong>tamen</strong></span> <span class='ocrx_word' id='word_1_334' title='bbox 3270 1670 3439 1724; x_wconf 86' lang='lat' dir='ltr'><strong>nullos</strong></span> <span class='ocrx_word' id='word_1_335' title='bbox 3461 1686 3702 1722; x_wconf 75' lang='lat' dir='ltr'><strong>atrorum</strong></span> <span class='ocrx_word' id='word_1_336' title='bbox 3726 1683 3841 1721; x_wconf 73' lang='lat' dir='ltr'><strong>sa?-</strong></span> 
     </span>
    </p>
   </div>
   <div class='ocr_carea' id='block_1_47' title="bbox 2224 1758 3839 1833">
    <p class='ocr_par' dir='ltr' id='par_1_47' title="bbox 2224 1758 3839 1833">
     <span class='ocr_line' id='line_1_47' title="bbox 2224 1758 3839 1833; baseline -0.006 -10"><span class='ocrx_word' id='word_1_337' title='bbox 2224 1770 2477 1823; x_wconf 86' lang='lat' dir='ltr'><strong>cularium</strong></span> <span class='ocrx_word' id='word_1_338' title='bbox 2526 1768 2773 1821; x_wconf 85' lang='lat' dir='ltr'><strong>tumultus</strong></span> <span class='ocrx_word' id='word_1_339' title='bbox 2792 1768 2845 1821; x_wconf 87' lang='lat' dir='ltr'><strong>in</strong></span> <span class='ocrx_word' id='word_1_340' title='bbox 2870 1765 3022 1819; x_wconf 85' lang='lat' dir='ltr'><strong>corde</strong></span> <span class='ocrx_word' id='word_1_341' title='bbox 3041 1766 3268 1833; x_wconf 85' lang='lat' dir='ltr'><strong>patitur,</strong></span> <span class='ocrx_word' id='word_1_342' title='bbox 3319 1779 3423 1817; x_wconf 87' lang='lat' dir='ltr'><strong>non</strong></span> <span class='ocrx_word' id='word_1_343' title='bbox 3452 1770 3531 1815; x_wconf 87' lang='lat' dir='ltr'><strong>est</strong></span> <span class='ocrx_word' id='word_1_344' title='bbox 3560 1762 3616 1815; x_wconf 87' lang='lat' dir='ltr'><strong>in</strong></span> <span class='ocrx_word' id='word_1_345' title='bbox 3662 1758 3839 1825; x_wconf 82' lang='lat' dir='ltr'><strong>Urbe,</strong></span> 
     </span>
    </p>
   </div>
   <div class='ocr_carea' id='block_1_48' title="bbox 2223 1856 3107 1927">
    <p class='ocr_par' dir='ltr' id='par_1_48' title="bbox 2223 1856 3107 1927">
     <span class='ocr_line' id='line_1_48' title="bbox 2223 1856 3107 1927; baseline -0.01 -10"><span class='ocrx_word' id='word_1_346' title='bbox 2223 1862 2317 1917; x_wconf 88' lang='lat' dir='ltr'><strong>sed</strong></span> <span class='ocrx_word' id='word_1_347' title='bbox 2339 1860 2641 1915; x_wconf 87' lang='lat' dir='ltr'><strong>solitudinis</strong></span> <span class='ocrx_word' id='word_1_348' title='bbox 2668 1860 2848 1927; x_wconf 86' lang='lat' dir='ltr'><strong>quiete</strong></span> <span class='ocrx_word' id='word_1_349' title='bbox 2891 1856 3107 1911; x_wconf 83' lang='lat' dir='ltr'><strong>fruitur.</strong></span> 
     </span>
    </p>
   </div>
   <div class='ocr_carea' id='block_1_49' title="bbox 2297 1938 3839 2005">
    <p class='ocr_par' dir='ltr' id='par_1_49' title="bbox 2297 1938 3839 2005">
     <span class='ocr_line' id='line_1_49' title="bbox 2297 1938 3839 2005; baseline -0.009 0"><span class='ocrx_word' id='word_1_350' title='bbox 2297 1950 2351 2005; x_wconf 82' lang='lat'><strong>5.</strong></span> <span class='ocrx_word' id='word_1_351' title='bbox 2382 1950 2458 2004; x_wconf 91' lang='lat' dir='ltr'><strong>De</strong></span> <span class='ocrx_word' id='word_1_352' title='bbox 2485 1950 2577 2003; x_wconf 91' lang='lat' dir='ltr'><strong>illo</strong></span> <span class='ocrx_word' id='word_1_353' title='bbox 2599 1965 2730 2004; x_wconf 85' lang='lat' dir='ltr'><strong>sane</strong></span> <span class='ocrx_word' id='word_1_354' title='bbox 2761 1949 2831 2001; x_wconf 89' lang='lat' dir='ltr'><strong>ita</strong></span> <span class='ocrx_word' id='word_1_355' title='bbox 2862 1947 3046 2002; x_wconf 90' lang='lat' dir='ltr'><strong>scribit</strong></span> <span class='ocrx_word' id='word_1_356' title='bbox 3077 1944 3272 1998; x_wconf 81' lang='lat' dir='ltr'><strong>Paulus</strong></span> <span class='ocrx_word' id='word_1_357' title='bbox 3303 1943 3576 1997; x_wconf 79' lang='lat' dir='ltr'><strong>Diaconos</strong></span> <span class='ocrx_word' id='word_1_358' title='bbox 3605 1957 3618 1991; x_wconf 87' lang='lat'><strong>:</strong></span> <span class='ocrx_word' id='word_1_359' title='bbox 3654 1938 3839 1992; x_wconf 82' lang='lat' dir='ltr'><strong>Hicin</strong></span> 
     </span>
    </p>
   </div>
   <div class='ocr_carea' id='block_1_50' title="bbox 2227 2030 3843 2107">
    <p class='ocr_par' dir='ltr' id='par_1_50' title="bbox 2227 2030 3843 2107">
     <span class='ocr_line' id='line_1_50' title="bbox 2227 2030 3843 2107; baseline -0.009 -12"><span class='ocrx_word' id='word_1_360' title='bbox 2227 2043 2376 2095; x_wconf 87' lang='lat' dir='ltr'><strong>annis</strong></span> <span class='ocrx_word' id='word_1_361' title='bbox 2418 2040 2817 2106; x_wconf 62' lang='lat' dir='ltr'><strong>adolescentia,</strong></span> <span class='ocrx_word' id='word_1_362' title='bbox 2856 2040 2911 2091; x_wconf 87' lang='lat' dir='ltr'><strong>in</strong></span> <span class='ocrx_word' id='word_1_363' title='bbox 2960 2036 3141 2107; x_wconf 86' lang='lat' dir='ltr'><strong>quibus</strong></span> <span class='ocrx_word' id='word_1_364' title='bbox 3194 2034 3326 2089; x_wconf 86' lang='lat' dir='ltr'><strong>solet</strong></span> <span class='ocrx_word' id='word_1_365' title='bbox 3370 2030 3666 2102; x_wconf 86' lang='lat' dir='ltr'><strong>hujusmodi</strong></span> <span class='ocrx_word' id='word_1_366' title='bbox 3708 2038 3843 2083; x_wconf 75' lang='lat' dir='ltr'><strong>tetas</strong></span> 
     </span>
    </p>
   </div>
   <div class='ocr_carea' id='block_1_51' title="bbox 2229 2120 3844 2201">
    <p class='ocr_par' dir='ltr' id='par_1_51' title="bbox 2229 2120 3844 2201">
     <span class='ocr_line' id='line_1_51' title="bbox 2229 2120 3844 2201; baseline -0.009 -13"><span class='ocrx_word' id='word_1_367' title='bbox 2229 2134 2401 2189; x_wconf 62' lang='lat' dir='ltr'><strong>saeculi</strong></span> <span class='ocrx_word' id='word_1_368' title='bbox 2438 2135 2545 2186; x_wconf 79' lang='lat' dir='ltr'><strong>vias</strong></span> <span class='ocrx_word' id='word_1_369' title='bbox 2567 2132 2769 2201; x_wconf 84' lang='lat' dir='ltr'><strong>ingredi</strong></span> <span class='ocrx_word' id='word_1_370' title='bbox 2793 2173 2805 2195; x_wconf 93' lang='lat'><strong>,</strong></span> <span class='ocrx_word' id='word_1_371' title='bbox 2838 2130 2948 2184; x_wconf 88' lang='lat' dir='ltr'><strong>Deo</strong></span> <span class='ocrx_word' id='word_1_372' title='bbox 2971 2130 3119 2196; x_wconf 68' lang='lat' dir='ltr'><strong>coepit</strong></span> <span class='ocrx_word' id='word_1_373' title='bbox 3148 2128 3352 2181; x_wconf 81' lang='lat' dir='ltr'><strong>devotus</strong></span> <span class='ocrx_word' id='word_1_374' title='bbox 3376 2125 3622 2188; x_wconf 65' lang='lat' dir='ltr'><strong>existere,</strong></span> <span class='ocrx_word' id='word_1_375' title='bbox 3678 2130 3727 2175; x_wconf 86' lang='lat' dir='ltr'><strong>et</strong></span> <span class='ocrx_word' id='word_1_376' title='bbox 3768 2120 3844 2172; x_wconf 81' lang='lat' dir='ltr'><strong>ad</strong></span> 
     </span>
    </p>
   </div>
   <div class='ocr_carea' id='block_1_52' title="bbox 2228 2210 3843 2295">
    <p class='ocr_par' dir='ltr' id='par_1_52' title="bbox 2228 2210 3843 2295">
     <span class='ocr_line' id='line_1_52' title="bbox 2228 2210 3843 2295; baseline -0.011 -15"><span class='ocrx_word' id='word_1_377' title='bbox 2228 2241 2465 2295; x_wconf 76' lang='lat' dir='ltr'><strong>superna:</strong></span> <span class='ocrx_word' id='word_1_378' title='bbox 2517 2225 2633 2277; x_wconf 73' lang='lat' dir='ltr'><strong>vitae</strong></span> <span class='ocrx_word' id='word_1_379' title='bbox 2680 2222 2905 2291; x_wconf 88' lang='lat' dir='ltr'><strong>patriam</strong></span> <span class='ocrx_word' id='word_1_380' title='bbox 2958 2220 3075 2272; x_wconf 88' lang='lat' dir='ltr'><strong>totis</strong></span> <span class='ocrx_word' id='word_1_381' title='bbox 3114 2216 3386 2270; x_wconf 86' lang='lat' dir='ltr'><strong>desideriis</strong></span> <span class='ocrx_word' id='word_1_382' title='bbox 3426 2214 3691 2268; x_wconf 82' lang='lat' dir='ltr'><strong>anhelare.</strong></span> <span class='ocrx_word' id='word_1_383' title='bbox 3732 2210 3843 2264; x_wconf 70' lang='lat' dir='ltr'><strong>Vix</strong></span> 
     </span>
    </p>
   </div>
   <div class='ocr_carea' id='block_1_53' title="bbox 2230 2302 3843 2386">
    <p class='ocr_par' dir='ltr' id='par_1_53' title="bbox 2230 2302 3843 2386">
     <span class='ocr_line' id='line_1_53' title="bbox 2230 2302 3843 2386; baseline -0.011 -14"><span class='ocrx_word' id='word_1_384' title='bbox 2230 2316 2445 2386; x_wconf 85' lang='lat' dir='ltr'><strong>quidem</strong></span> <span class='ocrx_word' id='word_1_385' title='bbox 2478 2330 2680 2370; x_wconf 89' lang='lat' dir='ltr'><strong>annum</strong></span> <span class='ocrx_word' id='word_1_386' title='bbox 2724 2312 3039 2380; x_wconf 73' lang='lat' dir='ltr'><strong>vigesimum</strong></span> <span class='ocrx_word' id='word_1_387' title='bbox 3073 2309 3356 2376; x_wconf 88' lang='lat' dir='ltr'><strong>attigerat,</strong></span> <span class='ocrx_word' id='word_1_388' title='bbox 3390 2322 3513 2361; x_wconf 90' lang='lat' dir='ltr'><strong>cum</strong></span> <span class='ocrx_word' id='word_1_389' title='bbox 3541 2302 3843 2373; x_wconf 80' lang='lat' dir='ltr'><strong>frequenti-</strong></span> 
     </span>
    </p>
   </div>
   <div class='ocr_carea' id='block_1_54' title="bbox 2232 2392 3843 2465">
    <p class='ocr_par' dir='ltr' id='par_1_54' title="bbox 2232 2392 3843 2465">
     <span class='ocr_line' id='line_1_54' title="bbox 2232 2392 3843 2465; baseline -0.012 -1"><span class='ocrx_word' id='word_1_390' title='bbox 2232 2409 2331 2465; x_wconf 89' lang='lat' dir='ltr'><strong>bus</strong></span> <span class='ocrx_word' id='word_1_391' title='bbox 2362 2405 2812 2463; x_wconf 89' lang='lat' dir='ltr'><strong>colloeutionibus</strong></span> <span class='ocrx_word' id='word_1_392' title='bbox 2838 2419 2866 2457; x_wconf 89' lang='lat' dir='ltr'><strong>a</strong></span> <span class='ocrx_word' id='word_1_393' title='bbox 2894 2403 3053 2457; x_wconf 88' lang='lat' dir='ltr'><strong>beato</strong></span> <span class='ocrx_word' id='word_1_394' title='bbox 3092 2398 3480 2463; x_wconf 89' lang='lat' dir='ltr'><strong>Constantino,</strong></span> <span class='ocrx_word' id='word_1_395' title='bbox 3509 2394 3569 2450; x_wconf 92' lang='lat' dir='ltr'><strong>S.</strong></span> <span class='ocrx_word' id='word_1_396' title='bbox 3600 2392 3843 2448; x_wconf 83' lang='lat' dir='ltr'><strong>Benedi-</strong></span> 
     </span>
    </p>
   </div>
   <div class='ocr_carea' id='block_1_55' title="bbox 2232 2485 3839 2570">
    <p class='ocr_par' dir='ltr' id='par_1_55' title="bbox 2232 2485 3839 2570">
     <span class='ocr_line' id='line_1_55' title="bbox 2232 2485 3839 2570; baseline -0.014 -12"><span class='ocrx_word' id='word_1_397' title='bbox 2232 2502 2306 2558; x_wconf 90' lang='lat' dir='ltr'><strong>cti</strong></span> <span class='ocrx_word' id='word_1_398' title='bbox 2350 2500 2612 2570; x_wconf 87' lang='lat' dir='ltr'><strong>discipulo</strong></span> <span class='ocrx_word' id='word_1_399' title='bbox 2648 2498 2871 2567; x_wconf 84' lang='lat' dir='ltr'><strong>ejusque</strong></span> <span class='ocrx_word' id='word_1_400' title='bbox 2911 2496 2962 2549; x_wconf 91' lang='lat' dir='ltr'><strong>in</strong></span> <span class='ocrx_word' id='word_1_401' title='bbox 2994 2492 3307 2549; x_wconf 86' lang='lat' dir='ltr'><strong>monasterii</strong></span> <span class='ocrx_word' id='word_1_402' title='bbox 3349 2487 3658 2545; x_wconf 81' lang='lat' dir='ltr'><strong>Casinensis</strong></span> <span class='ocrx_word' id='word_1_403' title='bbox 3687 2485 3839 2552; x_wconf 87' lang='lat' dir='ltr'><strong>regi-</strong></span> 
     </span>
    </p>
   </div>
   <div class='ocr_carea' id='block_1_56' title="bbox 2234 2572 3841 2657">
    <p class='ocr_par' dir='ltr' id='par_1_56' title="bbox 2234 2572 3841 2657">
     <span class='ocr_line' id='line_1_56' title="bbox 2234 2572 3841 2657; baseline -0.012 -9"><span class='ocrx_word' id='word_1_404' title='bbox 2234 2593 2379 2648; x_wconf 88' lang='lat' dir='ltr'><strong>mine</strong></span> <span class='ocrx_word' id='word_1_405' title='bbox 2419 2604 2770 2657; x_wconf 89' lang='lat' dir='ltr'><strong>successore,</strong></span> <span class='ocrx_word' id='word_1_406' title='bbox 2817 2588 2907 2657; x_wconf 87' lang='lat' dir='ltr'><strong>qui</strong></span> <span class='ocrx_word' id='word_1_407' title='bbox 2940 2602 3080 2639; x_wconf 53' lang='lat' dir='ltr'><strong>arlno</strong></span> <span class='ocrx_word' id='word_1_408' title='bbox 3112 2584 3331 2639; x_wconf 90' lang='lat' dir='ltr'><strong>circiter</strong></span> <span class='ocrx_word' id='word_1_409' title='bbox 3356 2580 3425 2634; x_wconf 83' lang='lat'><strong>60</strong></span> <span class='ocrx_word' id='word_1_410' title='bbox 3447 2621 3461 2646; x_wconf 95' lang='lat'><strong>,</strong></span> <span class='ocrx_word' id='word_1_411' title='bbox 3503 2592 3667 2647; x_wconf 87' lang='lat' dir='ltr'><strong>supra</strong></span> <span class='ocrx_word' id='word_1_412' title='bbox 3711 2572 3841 2639; x_wconf 84' lang='lat'><strong>500,</strong></span> 
     </span>
    </p>
   </div>
   <div class='ocr_carea' id='block_1_57' title="bbox 2235 2665 3843 2751">
    <p class='ocr_par' dir='ltr' id='par_1_57' title="bbox 2235 2665 3843 2751">
     <span class='ocr_line' id='line_1_57' title="bbox 2235 2665 3843 2751; baseline -0.012 -11"><span class='ocrx_word' id='word_1_413' title='bbox 2235 2685 2435 2741; x_wconf 89' lang='lat' dir='ltr'><strong>obiisse</strong></span> <span class='ocrx_word' id='word_1_414' title='bbox 2484 2682 2705 2751; x_wconf 90' lang='lat' dir='ltr'><strong>legitur,</strong></span> <span class='ocrx_word' id='word_1_415' title='bbox 2751 2679 2864 2750; x_wconf 91' lang='lat' dir='ltr'><strong>jam</strong></span> <span class='ocrx_word' id='word_1_416' title='bbox 2912 2677 3091 2732; x_wconf 88' lang='lat' dir='ltr'><strong>omnia</strong></span> <span class='ocrx_word' id='word_1_417' title='bbox 3136 2690 3275 2745; x_wconf 85' lang='lat' dir='ltr'><strong>pene</strong></span> <span class='ocrx_word' id='word_1_418' title='bbox 3300 2689 3419 2745; x_wconf 76' lang='lat' dir='ltr'><strong>qua:</strong></span> <span class='ocrx_word' id='word_1_419' title='bbox 3449 2677 3516 2726; x_wconf 90' lang='lat' dir='ltr'><strong>de</strong></span> <span class='ocrx_word' id='word_1_420' title='bbox 3545 2669 3735 2726; x_wconf 89' lang='lat' dir='ltr'><strong>eodem</strong></span> <span class='ocrx_word' id='word_1_421' title='bbox 3777 2665 3843 2720; x_wconf 87' lang='lat' dir='ltr'><strong>S.</strong></span> 
     </span>
    </p>
   </div>
   <div class='ocr_carea' id='block_1_58' title="bbox 2235 2759 3846 2842">
    <p class='ocr_par' dir='ltr' id='par_1_58' title="bbox 2235 2759 3846 2842">
     <span class='ocr_line' id='line_1_58' title="bbox 2235 2759 3846 2842; baseline -0.011 -10"><span class='ocrx_word' id='word_1_422' title='bbox 2235 2776 2530 2832; x_wconf 89' lang='lat' dir='ltr'><strong>Benedicto</strong></span> <span class='ocrx_word' id='word_1_423' title='bbox 2576 2772 2791 2842; x_wconf 86' lang='lat' dir='ltr'><strong>scripsit</strong></span> <span class='ocrx_word' id='word_1_424' title='bbox 2833 2778 2950 2824; x_wconf 92' lang='lat' dir='ltr'><strong>toto</strong></span> <span class='ocrx_word' id='word_1_425' title='bbox 2993 2768 3087 2822; x_wconf 91' lang='lat' dir='ltr'><strong>lib.</strong></span> <span class='ocrx_word' id='word_1_426' title='bbox 3139 2784 3176 2822; x_wconf 84' lang='grc' dir='ltr'><strong>ιι</strong></span> <span class='ocrx_word' id='word_1_427' title='bbox 3212 2766 3556 2834; x_wconf 85' lang='lat' dir='ltr'><strong>Dialogorum</strong></span> <span class='ocrx_word' id='word_1_428' title='bbox 3595 2759 3846 2832; x_wconf 72' lang='lat' dir='ltr'><strong>perfecte</strong></span> 
     </span>
    </p>
   </div>
   <div class='ocr_carea' id='block_1_59' title="bbox 2237 2852 3844 2936">
    <p class='ocr_par' dir='ltr' id='par_1_59' title="bbox 2237 2852 3844 2936">
     <span class='ocr_line' id='line_1_59' title="bbox 2237 2852 3844 2936; baseline -0.012 -12"><span class='ocrx_word' id='word_1_429' title='bbox 2237 2869 2517 2936; x_wconf 75' lang='lat' dir='ltr'><strong>didicerat,</strong></span> <span class='ocrx_word' id='word_1_430' title='bbox 2548 2874 2605 2921; x_wconf 89' lang='lat' dir='ltr'><strong>ut</strong></span> <span class='ocrx_word' id='word_1_431' title='bbox 2634 2867 2748 2936; x_wconf 89' lang='lat' dir='ltr'><strong>ipse</strong></span> <span class='ocrx_word' id='word_1_432' title='bbox 2777 2861 3068 2930; x_wconf 83' lang='lat' dir='ltr'><strong>Gregorius</strong></span> <span class='ocrx_word' id='word_1_433' title='bbox 3111 2867 3364 2914; x_wconf 88' lang='lat' dir='ltr'><strong>testatum</strong></span> <span class='ocrx_word' id='word_1_434' title='bbox 3393 2855 3609 2926; x_wconf 90' lang='lat' dir='ltr'><strong>reliquit</strong></span> <span class='ocrx_word' id='word_1_435' title='bbox 3637 2854 3692 2908; x_wconf 93' lang='lat' dir='ltr'><strong>in</strong></span> <span class='ocrx_word' id='word_1_436' title='bbox 3720 2852 3844 2905; x_wconf 86' lang='lat' dir='ltr'><strong>lau-</strong></span> 
     </span>
    </p>
   </div>
   <div class='ocr_carea' id='block_1_60' title="bbox 2237 2946 3847 3023">
    <p class='ocr_par' dir='ltr' id='par_1_60' title="bbox 2237 2946 3847 3023">
     <span class='ocr_line' id='line_1_60' title="bbox 2237 2946 3847 3023; baseline -0.012 -8"><span class='ocrx_word' id='word_1_437' title='bbox 2237 2960 2349 3015; x_wconf 89' lang='lat' dir='ltr'><strong>dati</strong></span> <span class='ocrx_word' id='word_1_438' title='bbox 2400 2958 2520 3013; x_wconf 90' lang='lat' dir='ltr'><strong>libri</strong></span> <span class='ocrx_word' id='word_1_439' title='bbox 2568 2956 2775 3023; x_wconf 85' lang='lat' dir='ltr'><strong>Dialog.</strong></span> <span class='ocrx_word' id='word_1_440' title='bbox 2830 2952 3179 3023; x_wconf 79' lang='lat' dir='ltr'><strong>praefatione;</strong></span> <span class='ocrx_word' id='word_1_441' title='bbox 3237 2948 3378 3003; x_wconf 89' lang='lat' dir='ltr'><strong>unde</strong></span> <span class='ocrx_word' id='word_1_442' title='bbox 3426 2946 3692 3015; x_wconf 84' lang='lat' dir='ltr'><strong>intelligas</strong></span> <span class='ocrx_word' id='word_1_443' title='bbox 3721 2955 3847 3013; x_wconf 71' lang='lat' dir='ltr'><strong>quae</strong></span> 
     </span>
    </p>
   </div>
   <div class='ocr_carea' id='block_1_61' title="bbox 2237 3036 3847 3114">
    <p class='ocr_par' dir='ltr' id='par_1_61' title="bbox 2237 3036 3847 3114">
     <span class='ocr_line' id='line_1_61' title="bbox 2237 3036 3847 3114; baseline -0.011 -8"><span class='ocrx_word' id='word_1_444' title='bbox 2237 3051 2440 3106; x_wconf 83' lang='lat' dir='ltr'><strong>fuerint</strong></span> <span class='ocrx_word' id='word_1_445' title='bbox 2481 3048 2801 3104; x_wconf 84' lang='lat' dir='ltr'><strong>nobilissimi</strong></span> <span class='ocrx_word' id='word_1_446' title='bbox 2832 3044 2992 3114; x_wconf 86' lang='lat' dir='ltr'><strong>hujus</strong></span> <span class='ocrx_word' id='word_1_447' title='bbox 3032 3040 3491 3111; x_wconf 85' lang='lat' dir='ltr'><strong>juvenis&#39;studia.</strong></span> <span class='ocrx_word' id='word_1_448' title='bbox 3540 3038 3617 3091; x_wconf 90' lang='lat' dir='ltr'><strong>De</strong></span> <span class='ocrx_word' id='word_1_449' title='bbox 3648 3036 3847 3091; x_wconf 88' lang='lat' dir='ltr'><strong>eodem</strong></span> 
     </span>
    </p>
   </div>
   <div class='ocr_carea' id='block_1_62' title="bbox 2239 3130 3848 3212">
    <p class='ocr_par' dir='ltr' id='par_1_62' title="bbox 2239 3130 3848 3212">
     <span class='ocr_line' id='line_1_62' title="bbox 2239 3130 3848 3212; baseline -0.009 -15"><span class='ocrx_word' id='word_1_450' title='bbox 2239 3150 2555 3212; x_wconf 87' lang='lat' dir='ltr'><strong>argumento</strong></span> <span class='ocrx_word' id='word_1_451' title='bbox 2575 3183 2590 3206; x_wconf 94' lang='lat'><strong>,</strong></span> <span class='ocrx_word' id='word_1_452' title='bbox 2625 3139 2834 3195; x_wconf 88' lang='lat' dir='ltr'><strong>scilicet</strong></span> <span class='ocrx_word' id='word_1_453' title='bbox 2859 3137 2925 3191; x_wconf 90' lang='lat' dir='ltr'><strong>de</strong></span> <span class='ocrx_word' id='word_1_454' title='bbox 2954 3134 3314 3190; x_wconf 79' lang='lat' dir='ltr'><strong>S.Benedicti</strong></span> <span class='ocrx_word' id='word_1_455' title='bbox 3345 3133 3452 3187; x_wconf 85' lang='lat' dir='ltr'><strong>vita</strong></span> <span class='ocrx_word' id='word_1_456' title='bbox 3471 3174 3485 3200; x_wconf 87' lang='lat'><strong>,</strong></span> <span class='ocrx_word' id='word_1_457' title='bbox 3529 3130 3848 3200; x_wconf 81' lang='lat' dir='ltr'><strong>frequenter</strong></span> 
     </span>
    </p>
   </div>
   <div class='ocr_carea' id='block_1_63' title="bbox 541 3223 3846 3339">
    <p class='ocr_par' dir='ltr' id='par_1_63' title="bbox 541 3223 3846 3339">
     <span class='ocr_line' id='line_1_63' title="bbox 541 3223 3846 3339; baseline -0.011 -27"><span class='ocrx_word' id='word_1_458' title='bbox 541 3261 629 3309; x_wconf 78' lang='lat' dir='ltr'><strong>tus</strong></span> <span class='ocrx_word' id='word_1_459' title='bbox 655 3260 758 3307; x_wconf 80' lang='lat' dir='ltr'><strong>est.</strong></span> <span class='ocrx_word' id='word_1_460' title='bbox 789 3253 958 3307; x_wconf 84' lang='lat' dir='ltr'><strong>Penes</strong></span> <span class='ocrx_word' id='word_1_461' title='bbox 979 3266 1103 3305; x_wconf 87' lang='lat' dir='ltr'><strong>eum</strong></span> <span class='ocrx_word' id='word_1_462' title='bbox 1124 3259 1242 3303; x_wconf 87' lang='lat' dir='ltr'><strong>erat</strong></span> <span class='ocrx_word' id='word_1_463' title='bbox 1270 3223 1444 3304; x_wconf 84' lang='lat' dir='ltr'><strong>omnis</strong></span> <span class='ocrx_word' id='word_1_464' title='bbox 1466 3247 1661 3318; x_wconf 88' lang='lat' dir='ltr'><strong>publici</strong></span> <span class='ocrx_word' id='word_1_465' title='bbox 1684 3246 1981 3317; x_wconf 88' lang='lat' dir='ltr'><strong>privatique</strong></span> <span class='ocrx_word' id='word_1_466' title='bbox 2001 3245 2137 3312; x_wconf 87' lang='lat' dir='ltr'><strong>juris</strong></span> <span class='ocrx_word' id='word_1_467' title='bbox 2163 3276 2210 3339; x_wconf 65' lang='grc' dir='ltr'><strong>ϐ</strong></span> <span class='ocrx_word' id='word_1_468' title='bbox 2241 3237 2401 3290; x_wconf 88' lang='lat' dir='ltr'><strong>etiam</strong></span> <span class='ocrx_word' id='word_1_469' title='bbox 2430 3233 2664 3301; x_wconf 90' lang='lat' dir='ltr'><strong>colloqui</strong></span> <span class='ocrx_word' id='word_1_470' title='bbox 2711 3230 2921 3285; x_wconf 87' lang='lat' dir='ltr'><strong>solebat</strong></span> <span class='ocrx_word' id='word_1_471' title='bbox 2966 3245 3086 3283; x_wconf 91' lang='lat' dir='ltr'><strong>cum</strong></span> <span class='ocrx_word' id='word_1_472' title='bbox 3122 3226 3498 3281; x_wconf 84' lang='lat' dir='ltr'><strong>Valentiniano</strong></span> <span class='ocrx_word' id='word_1_473' title='bbox 3519 3265 3531 3289; x_wconf 95' lang='lat'><strong>,</strong></span> <span class='ocrx_word' id='word_1_474' title='bbox 3567 3224 3657 3292; x_wconf 91' lang='lat' dir='ltr'><strong>qui</strong></span> <span class='ocrx_word' id='word_1_475' title='bbox 3688 3223 3846 3277; x_wconf 88' lang='lat' dir='ltr'><strong>annis</strong></span> 
     </span>
     <span class='ocr_line' id='line_1_64' title="bbox 1555 3314 3813 3339; baseline 0 0"><span class='ocrx_word' id='word_1_476' title='bbox 1555 3338 1563 3339; x_wconf 31' lang='grc' dir='ltr'><em>κ</em></span> <span class='ocrx_word' id='word_1_477' title='bbox 2014 3335 2023 3339; x_wconf 90' lang='grc'><strong>-</strong></span> <span class='ocrx_word' id='word_1_478' title='bbox 2337 3326 2392 3339; x_wconf 74' lang='grc' dir='ltr'><strong>.-ο</strong></span> <span class='ocrx_word' id='word_1_479' title='bbox 2649 3330 2687 3339; x_wconf 31' lang='grc' dir='ltr'><strong>,γ</strong></span> <span class='ocrx_word' id='word_1_480' title='bbox 2733 3322 2771 3339; x_wconf 68' lang='lat'><strong>-_</strong></span> <span class='ocrx_word' id='word_1_481' title='bbox 2812 3320 2829 3339; x_wconf 79' lang='grc' dir='ltr'><strong>Ι</strong></span> <span class='ocrx_word' id='word_1_482' title='bbox 2862 3328 2897 3339; x_wconf 70' lang='grc' dir='ltr'><strong>,ι</strong></span> <span class='ocrx_word' id='word_1_483' title='bbox 2919 3319 3159 3339; x_wconf 45' lang='grc' dir='ltr'><strong>,ηΑμ-μ-ε</strong></span> <span class='ocrx_word' id='word_1_484' title='bbox 3191 3316 3394 3339; x_wconf 67' lang='lat' dir='ltr'><strong>___....A‘.-:a</strong></span> <span class='ocrx_word' id='word_1_485' title='bbox 3419 3334 3431 3339; x_wconf 83' lang='grc'><strong>-</strong></span> <span class='ocrx_word' id='word_1_486' title='bbox 3468 3330 3581 3339; x_wconf 59' lang='grc' dir='ltr'><strong>-.-ης</strong></span> <span class='ocrx_word' id='word_1_487' title='bbox 3624 3314 3813 3339; x_wconf 58' lang='lat' dir='ltr'><strong>Ili-“nl:</strong></span> 
     </span>
    </p>
   </div>
   <div class='ocr_carea' id='block_1_64' title="bbox 541 3335 2136 3413">
    <p class='ocr_par' dir='ltr' id='par_1_64' title="bbox 541 3335 2136 3413">
     <span class='ocr_line' id='line_1_65' title="bbox 541 3335 2136 3413; baseline -0.006 -15"><span class='ocrx_word' id='word_1_488' title='bbox 541 3351 815 3413; x_wconf 86' lang='lat' dir='ltr'><strong>potestas;</strong></span> <span class='ocrx_word' id='word_1_489' title='bbox 846 3341 983 3396; x_wconf 88' lang='lat' dir='ltr'><strong>adeo</strong></span> <span class='ocrx_word' id='word_1_490' title='bbox 1009 3351 1066 3395; x_wconf 88' lang='lat' dir='ltr'><strong>ut</strong></span> <span class='ocrx_word' id='word_1_491' title='bbox 1094 3356 1290 3395; x_wconf 90' lang='lat' dir='ltr'><strong>novum</strong></span> <span class='ocrx_word' id='word_1_492' title='bbox 1316 3338 1400 3408; x_wconf 82' lang='lat' dir='ltr'><strong>jus</strong></span> <span class='ocrx_word' id='word_1_493' title='bbox 1432 3338 1683 3404; x_wconf 79' lang='lat' dir='ltr'><strong>condere,</strong></span> <span class='ocrx_word' id='word_1_494' title='bbox 1716 3345 1769 3390; x_wconf 87' lang='lat' dir='ltr'><strong>et</strong></span> <span class='ocrx_word' id='word_1_495' title='bbox 1796 3345 1950 3391; x_wconf 88' lang='lat' dir='ltr'><strong>vetus</strong></span> <span class='ocrx_word' id='word_1_496' title='bbox 1978 3335 2136 3389; x_wconf 88' lang='lat' dir='ltr'><strong>abro-</strong></span> 
     </span>
    </p>
   </div>
   <div class='ocr_carea' id='block_1_65' title="bbox 543 3431 2138 3506">
    <p class='ocr_par' dir='ltr' id='par_1_65' title="bbox 543 3431 2138 3506">
     <span class='ocr_line' id='line_1_66' title="bbox 543 3431 2138 3506; baseline -0.003 -16"><span class='ocrx_word' id='word_1_497' title='bbox 543 3450 671 3506; x_wconf 89' lang='lat' dir='ltr'><strong>gare</strong></span> <span class='ocrx_word' id='word_1_498' title='bbox 699 3444 898 3506; x_wconf 84' lang='lat' dir='ltr'><strong>posset.</strong></span> <span class='ocrx_word' id='word_1_499' title='bbox 949 3433 1021 3491; x_wconf 90' lang='lat' dir='ltr'><strong>Ut</strong></span> <span class='ocrx_word' id='word_1_500' title='bbox 1054 3434 1402 3502; x_wconf 86' lang='lat' dir='ltr'><strong>auotoritate,</strong></span> <span class='ocrx_word' id='word_1_501' title='bbox 1458 3434 1535 3487; x_wconf 90' lang='lat' dir='ltr'><strong>sic</strong></span> <span class='ocrx_word' id='word_1_502' title='bbox 1572 3431 1844 3499; x_wconf 87' lang='lat' dir='ltr'><strong>dignitatis</strong></span> <span class='ocrx_word' id='word_1_503' title='bbox 1878 3437 2138 3499; x_wconf 87' lang='lat' dir='ltr'><strong>apparatu</strong></span> 
     </span>
    </p>
   </div>
   <div class='ocr_carea' id='block_1_66' title="bbox 545 3519 2139 3598">
    <p class='ocr_par' dir='ltr' id='par_1_66' title="bbox 545 3519 2139 3598">
     <span class='ocr_line' id='line_1_67' title="bbox 545 3519 2139 3598; baseline -0.007 -12"><span class='ocrx_word' id='word_1_504' title='bbox 545 3538 600 3586; x_wconf 84' lang='lat' dir='ltr'><strong>et</strong></span> <span class='ocrx_word' id='word_1_505' title='bbox 647 3528 887 3598; x_wconf 89' lang='lat' dir='ltr'><strong>insigniis</strong></span> <span class='ocrx_word' id='word_1_506' title='bbox 906 3567 922 3595; x_wconf 96' lang='lat'><strong>,</strong></span> <span class='ocrx_word' id='word_1_507' title='bbox 952 3528 1263 3583; x_wconf 89' lang='lat' dir='ltr'><strong>consulibus</strong></span> <span class='ocrx_word' id='word_1_508' title='bbox 1292 3541 1432 3597; x_wconf 89' lang='lat' dir='ltr'><strong>pene</strong></span> <span class='ocrx_word' id='word_1_509' title='bbox 1462 3540 1559 3595; x_wconf 86' lang='lat' dir='ltr'><strong>par</strong></span> <span class='ocrx_word' id='word_1_510' title='bbox 1588 3522 1884 3579; x_wconf 82' lang='lat' dir='ltr'><strong>videbatur.</strong></span> <span class='ocrx_word' id='word_1_511' title='bbox 1929 3519 2139 3575; x_wconf 90' lang='lat' dir='ltr'><strong>Primus</strong></span> 
     </span>
    </p>
   </div>
   <div class='ocr_carea' id='block_1_67' title="bbox 545 3610 2142 3690">
    <p class='ocr_par' dir='ltr' id='par_1_67' title="bbox 545 3610 2142 3690">
     <span class='ocr_line' id='line_1_68' title="bbox 545 3610 2142 3690; baseline -0.006 -16"><span class='ocrx_word' id='word_1_512' title='bbox 545 3621 636 3689; x_wconf 82' lang='lat' dir='ltr'><strong>qui</strong></span> <span class='ocrx_word' id='word_1_513' title='bbox 694 3628 983 3690; x_wconf 67' lang='lat' dir='ltr'><strong>praaturam</strong></span> <span class='ocrx_word' id='word_1_514' title='bbox 1025 3619 1320 3675; x_wconf 88' lang='lat' dir='ltr'><strong>obtinuisse</strong></span> <span class='ocrx_word' id='word_1_515' title='bbox 1370 3618 1425 3672; x_wconf 90' lang='lat' dir='ltr'><strong>in</strong></span> <span class='ocrx_word' id='word_1_516' title='bbox 1468 3615 1611 3671; x_wconf 89' lang='lat' dir='ltr'><strong>Urbe</strong></span> <span class='ocrx_word' id='word_1_517' title='bbox 1650 3622 2010 3678; x_wconf 86' lang='lat' dir='ltr'><strong>memoratur,</strong></span> <span class='ocrx_word' id='word_1_518' title='bbox 2042 3610 2142 3665; x_wconf 80' lang='lat' dir='ltr'><strong>fuit</strong></span> 
     </span>
    </p>
   </div>
   <div class='ocr_carea' id='block_1_68' title="bbox 545 3706 2139 3780">
    <p class='ocr_par' dir='ltr' id='par_1_68' title="bbox 545 3706 2139 3780">
     <span class='ocr_line' id='line_1_69' title="bbox 545 3706 2139 3780; baseline -0.004 -12"><span class='ocrx_word' id='word_1_519' title='bbox 545 3710 736 3768; x_wconf 85' lang='lat' dir='ltr'><strong>Furius</strong></span> <span class='ocrx_word' id='word_1_520' title='bbox 763 3714 1043 3780; x_wconf 86' lang='lat' dir='ltr'><strong>Camillus,</strong></span> <span class='ocrx_word' id='word_1_521' title='bbox 1067 3713 1430 3767; x_wconf 78' lang='lat' dir='ltr'><strong>Romanorum</strong></span> <span class='ocrx_word' id='word_1_522' title='bbox 1451 3726 1560 3765; x_wconf 72' lang='lat' dir='ltr'><strong>suae</strong></span> <span class='ocrx_word' id='word_1_523' title='bbox 1584 3710 1759 3767; x_wconf 65' lang='lat' dir='ltr'><strong>aetatis</strong></span> <span class='ocrx_word' id='word_1_524' title='bbox 1789 3706 2139 3774; x_wconf 83' lang='lat' dir='ltr'><strong>clarissimus,</strong></span> 
     </span>
    </p>
   </div>
   <div class='ocr_carea' id='block_1_69' title="bbox 546 3798 2136 3875">
    <p class='ocr_par' dir='ltr' id='par_1_69' title="bbox 546 3798 2136 3875">
     <span class='ocr_line' id='line_1_70' title="bbox 546 3798 2136 3875; baseline -0.005 -16"><span class='ocrx_word' id='word_1_525' title='bbox 546 3806 639 3874; x_wconf 87' lang='lat' dir='ltr'><strong>qui</strong></span> <span class='ocrx_word' id='word_1_526' title='bbox 667 3805 941 3861; x_wconf 91' lang='lat' dir='ltr'><strong>multoties</strong></span> <span class='ocrx_word' id='word_1_527' title='bbox 968 3806 1193 3875; x_wconf 85' lang='lat' dir='ltr'><strong>patriam</strong></span> <span class='ocrx_word' id='word_1_528' title='bbox 1224 3820 1373 3859; x_wconf 88' lang='lat' dir='ltr'><strong>suam</strong></span> <span class='ocrx_word' id='word_1_529' title='bbox 1405 3804 1460 3858; x_wconf 90' lang='lat' dir='ltr'><strong>in</strong></span> <span class='ocrx_word' id='word_1_530' title='bbox 1491 3803 1798 3858; x_wconf 91' lang='lat' dir='ltr'><strong>libertatem</strong></span> <span class='ocrx_word' id='word_1_531' title='bbox 1828 3798 2136 3855; x_wconf 87' lang='lat' dir='ltr'><strong>vindicavit.</strong></span> 
     </span>
    </p>
   </div>
   <div class='ocr_carea' id='block_1_70' title="bbox 546 3890 2139 3966">
    <p class='ocr_par' dir='ltr' id='par_1_70' title="bbox 546 3890 2139 3966">
     <span class='ocr_line' id='line_1_71' title="bbox 546 3890 2139 3966; baseline -0.005 -13"><span class='ocrx_word' id='word_1_532' title='bbox 546 3894 689 3962; x_wconf 84' lang='lat' dir='ltr'><strong>Quid</strong></span> <span class='ocrx_word' id='word_1_533' title='bbox 719 3897 771 3951; x_wconf 93' lang='lat' dir='ltr'><strong>in</strong></span> <span class='ocrx_word' id='word_1_534' title='bbox 796 3897 897 3952; x_wconf 83' lang='lat' dir='ltr'><strong>bac</strong></span> <span class='ocrx_word' id='word_1_535' title='bbox 926 3897 1252 3966; x_wconf 88' lang='lat' dir='ltr'><strong>amplissima</strong></span> <span class='ocrx_word' id='word_1_536' title='bbox 1281 3896 1539 3965; x_wconf 83' lang='lat' dir='ltr'><strong>dignitate</strong></span> <span class='ocrx_word' id='word_1_537' title='bbox 1574 3893 1800 3963; x_wconf 89' lang='lat' dir='ltr'><strong>gesserit</strong></span> <span class='ocrx_word' id='word_1_538' title='bbox 1828 3890 2139 3960; x_wconf 81' lang='lat' dir='ltr'><strong>Gregorius,</strong></span> 
     </span>
    </p>
   </div>
   <div class='ocr_carea' id='block_1_71' title="bbox 547 3986 2143 4055">
    <p class='ocr_par' dir='ltr' id='par_1_71' title="bbox 547 3986 2143 4055">
     <span class='ocr_line' id='line_1_72' title="bbox 547 3986 2143 4055; baseline -0.003 -15"><span class='ocrx_word' id='word_1_539' title='bbox 547 3986 783 4055; x_wconf 88' lang='lat' dir='ltr'><strong>ignorari</strong></span> <span class='ocrx_word' id='word_1_540' title='bbox 806 4003 836 4041; x_wconf 87' lang='lat' dir='ltr'><strong>a</strong></span> <span class='ocrx_word' id='word_1_541' title='bbox 864 3988 1020 4042; x_wconf 85' lang='lat' dir='ltr'><strong>nobis</strong></span> <span class='ocrx_word' id='word_1_542' title='bbox 1051 3988 1249 4053; x_wconf 89' lang='lat' dir='ltr'><strong>voluit;</strong></span> <span class='ocrx_word' id='word_1_543' title='bbox 1281 3986 1566 4055; x_wconf 89' lang='lat' dir='ltr'><strong>conjicitur</strong></span> <span class='ocrx_word' id='word_1_544' title='bbox 1605 3993 1789 4039; x_wconf 88' lang='lat' dir='ltr'><strong>tamen</strong></span> <span class='ocrx_word' id='word_1_545' title='bbox 1817 3998 1885 4037; x_wconf 93' lang='lat' dir='ltr'><strong>ex</strong></span> <span class='ocrx_word' id='word_1_546' title='bbox 1931 3996 2143 4036; x_wconf 89' lang='lat' dir='ltr'><strong>morum</strong></span> 
     </span>
    </p>
   </div>
   <div class='ocr_carea' id='block_1_72' title="bbox 547 4077 2140 4151">
    <p class='ocr_par' dir='ltr' id='par_1_72' title="bbox 547 4077 2140 4151">
     <span class='ocr_line' id='line_1_73' title="bbox 547 4077 2140 4151; baseline -0.002 -17"><span class='ocrx_word' id='word_1_547' title='bbox 547 4082 816 4150; x_wconf 86' lang='lat' dir='ltr'><strong>probitate</strong></span> <span class='ocrx_word' id='word_1_548' title='bbox 833 4120 849 4146; x_wconf 94' lang='lat'><strong>,</strong></span> <span class='ocrx_word' id='word_1_549' title='bbox 869 4080 1003 4149; x_wconf 82' lang='lat' dir='ltr'><strong>juris</strong></span> <span class='ocrx_word' id='word_1_550' title='bbox 1024 4081 1236 4151; x_wconf 86' lang='lat' dir='ltr'><strong>peritia,</strong></span> <span class='ocrx_word' id='word_1_551' title='bbox 1254 4080 1441 4150; x_wconf 85' lang='lat' dir='ltr'><strong>judicii</strong></span> <span class='ocrx_word' id='word_1_552' title='bbox 1458 4080 1787 4144; x_wconf 86' lang='lat' dir='ltr'><strong>maturitate,</strong></span> <span class='ocrx_word' id='word_1_553' title='bbox 1806 4077 2140 4142; x_wconf 88' lang='lat' dir='ltr'><strong>strenuitate,</strong></span> 
     </span>
    </p>
   </div>
   <div class='ocr_carea' id='block_1_73' title="bbox 550 4170 2146 4239">
    <p class='ocr_par' dir='ltr' id='par_1_73' title="bbox 550 4170 2146 4239">
     <span class='ocr_line' id='line_1_74' title="bbox 550 4170 2146 4239; baseline -0.001 -16"><span class='ocrx_word' id='word_1_554' title='bbox 550 4172 604 4224; x_wconf 87' lang='lat' dir='ltr'><strong>vi</strong></span> <span class='ocrx_word' id='word_1_555' title='bbox 635 4170 901 4225; x_wconf 81' lang='lat' dir='ltr'><strong>indefessa</strong></span> <span class='ocrx_word' id='word_1_556' title='bbox 932 4172 986 4227; x_wconf 88' lang='lat' dir='ltr'><strong>in</strong></span> <span class='ocrx_word' id='word_1_557' title='bbox 1041 4171 1315 4226; x_wconf 88' lang='lat' dir='ltr'><strong>laboribus</strong></span> <span class='ocrx_word' id='word_1_558' title='bbox 1344 4179 1399 4226; x_wconf 88' lang='lat' dir='ltr'><strong>et</strong></span> <span class='ocrx_word' id='word_1_559' title='bbox 1421 4170 1683 4239; x_wconf 87' lang='lat' dir='ltr'><strong>negotiis,</strong></span> <span class='ocrx_word' id='word_1_560' title='bbox 1713 4170 1945 4239; x_wconf 88' lang='lat' dir='ltr'><strong>denique</strong></span> <span class='ocrx_word' id='word_1_561' title='bbox 1969 4184 2035 4224; x_wconf 89' lang='lat' dir='ltr'><strong>ex</strong></span> <span class='ocrx_word' id='word_1_562' title='bbox 2065 4175 2146 4222; x_wconf 93' lang='lat' dir='ltr'><strong>tot</strong></span> 
     </span>
    </p>
   </div>
   <div class='ocr_carea' id='block_1_74' title="bbox 552 4260 2145 4330">
    <p class='ocr_par' dir='ltr' id='par_1_74' title="bbox 552 4260 2145 4330">
     <span class='ocr_line' id='line_1_75' title="bbox 552 4260 2145 4330; baseline -0.001 -16"><span class='ocrx_word' id='word_1_563' title='bbox 552 4261 822 4329; x_wconf 84' lang='lat' dir='ltr'><strong>tantisque</strong></span> <span class='ocrx_word' id='word_1_564' title='bbox 863 4260 1026 4317; x_wconf 86' lang='lat' dir='ltr'><strong>animi</strong></span> <span class='ocrx_word' id='word_1_565' title='bbox 1057 4261 1272 4316; x_wconf 89' lang='lat' dir='ltr'><strong>dotibus</strong></span> <span class='ocrx_word' id='word_1_566' title='bbox 1300 4262 1494 4330; x_wconf 89' lang='lat' dir='ltr'><strong>quibus</strong></span> <span class='ocrx_word' id='word_1_567' title='bbox 1516 4261 1685 4329; x_wconf 82' lang='lat' dir='ltr'><strong>magis</strong></span> <span class='ocrx_word' id='word_1_568' title='bbox 1708 4275 1867 4329; x_wconf 92' lang='lat' dir='ltr'><strong>quam</strong></span> <span class='ocrx_word' id='word_1_569' title='bbox 1897 4272 2145 4328; x_wconf 74' lang='lat' dir='ltr'><strong>purpura:</strong></span> 
     </span>
    </p>
   </div>
   <div class='ocr_carea' id='block_1_75' title="bbox 552 4351 2146 4424">
    <p class='ocr_par' dir='ltr' id='par_1_75' title="bbox 552 4351 2146 4424">
     <span class='ocr_line' id='line_1_76' title="bbox 552 4351 2146 4424; baseline -0.001 -14"><span class='ocrx_word' id='word_1_570' title='bbox 552 4354 836 4423; x_wconf 80' lang='lat' dir='ltr'><strong>splendore</strong></span> <span class='ocrx_word' id='word_1_571' title='bbox 879 4354 1259 4424; x_wconf 71' lang='lat' dir='ltr'><strong>praefulgebat‘,</strong></span> <span class='ocrx_word' id='word_1_572' title='bbox 1317 4370 1439 4408; x_wconf 90' lang='lat' dir='ltr'><strong>eum</strong></span> <span class='ocrx_word' id='word_1_573' title='bbox 1481 4352 1668 4423; x_wconf 91' lang='lat' dir='ltr'><strong>optimi</strong></span> <span class='ocrx_word' id='word_1_574' title='bbox 1692 4351 1939 4421; x_wconf 68' lang='lat' dir='ltr'><strong>praetoris</strong></span> <span class='ocrx_word' id='word_1_575' title='bbox 1967 4360 2146 4421; x_wconf 82' lang='lat' dir='ltr'><strong>partes</strong></span> 
     </span>
    </p>
   </div>
   <div class='ocr_carea' id='block_1_76' title="bbox 552 4441 2145 4512">
    <p class='ocr_par' dir='ltr' id='par_1_76' title="bbox 552 4441 2145 4512">
     <span class='ocr_line' id='line_1_77' title="bbox 552 4441 2145 4512; baseline -0.002 -13"><span class='ocrx_word' id='word_1_576' title='bbox 552 4460 741 4501; x_wconf 88' lang='lat' dir='ltr'><strong>oumes</strong></span> <span class='ocrx_word' id='word_1_577' title='bbox 765 4445 960 4500; x_wconf 89' lang='lat' dir='ltr'><strong>obiisse</strong></span> <span class='ocrx_word' id='word_1_578' title='bbox 999 4462 1011 4496; x_wconf 91' lang='lat'><strong>:</strong></span> <span class='ocrx_word' id='word_1_579' title='bbox 1044 4445 1183 4499; x_wconf 92' lang='lat' dir='ltr'><strong>unde</strong></span> <span class='ocrx_word' id='word_1_580' title='bbox 1237 4444 1519 4512; x_wconf 89' lang='lat' dir='ltr'><strong>singularis</strong></span> <span class='ocrx_word' id='word_1_581' title='bbox 1563 4443 1652 4497; x_wconf 90' lang='lat' dir='ltr'><strong>ille</strong></span> <span class='ocrx_word' id='word_1_582' title='bbox 1703 4458 1856 4497; x_wconf 87' lang='lat' dir='ltr'><strong>amor</strong></span> <span class='ocrx_word' id='word_1_583' title='bbox 1900 4458 2007 4511; x_wconf 92' lang='lat' dir='ltr'><strong>quo</strong></span> <span class='ocrx_word' id='word_1_584' title='bbox 2037 4441 2145 4496; x_wconf 84' lang='lat' dir='ltr'><strong>Ro-</strong></span> 
     </span>
    </p>
   </div>
   <div class='ocr_carea' id='block_1_77' title="bbox 552 4535 2142 4609">
    <p class='ocr_par' dir='ltr' id='par_1_77' title="bbox 552 4535 2142 4609">
     <span class='ocr_line' id='line_1_78' title="bbox 552 4535 2142 4609; baseline -0.002 -17"><span class='ocrx_word' id='word_1_585' title='bbox 552 4539 698 4592; x_wconf 88' lang='lat' dir='ltr'><strong>mani</strong></span> <span class='ocrx_word' id='word_1_586' title='bbox 726 4539 870 4593; x_wconf 85' lang='lat' dir='ltr'><strong>cives</strong></span> <span class='ocrx_word' id='word_1_587' title='bbox 891 4538 1064 4609; x_wconf 90' lang='lat' dir='ltr'><strong>ipsum</strong></span> <span class='ocrx_word' id='word_1_588' title='bbox 1095 4537 1365 4607; x_wconf 83' lang='lat' dir='ltr'><strong>prosecuti</strong></span> <span class='ocrx_word' id='word_1_589' title='bbox 1402 4543 1558 4602; x_wconf 86' lang='lat' dir='ltr'><strong>sunt,</strong></span> <span class='ocrx_word' id='word_1_590' title='bbox 1598 4535 1796 4604; x_wconf 87' lang='lat' dir='ltr'><strong>quique</strong></span> <span class='ocrx_word' id='word_1_591' title='bbox 1824 4537 2060 4591; x_wconf 83' lang='lat' dir='ltr'><strong>maxime</strong></span> <span class='ocrx_word' id='word_1_592' title='bbox 2090 4536 2142 4590; x_wconf 89' lang='lat' dir='ltr'><strong>in</strong></span> 
     </span>
    </p>
   </div>
   <div class='ocr_carea' id='block_1_78' title="bbox 553 4627 2143 4701">
    <p class='ocr_par' dir='ltr' id='par_1_78' title="bbox 553 4627 2143 4701">
     <span class='ocr_line' id='line_1_79' title="bbox 553 4627 2143 4701; baseline -0.002 -15"><span class='ocrx_word' id='word_1_593' title='bbox 553 4631 671 4701; x_wconf 90' lang='lat' dir='ltr'><strong>ejus</strong></span> <span class='ocrx_word' id='word_1_594' title='bbox 695 4632 761 4686; x_wconf 83' lang='lat' dir='ltr'><strong>ad</strong></span> <span class='ocrx_word' id='word_1_595' title='bbox 790 4631 1157 4701; x_wconf 81' lang='lat' dir='ltr'><strong>pontiﬁcatum</strong></span> <span class='ocrx_word' id='word_1_596' title='bbox 1200 4630 1466 4685; x_wconf 89' lang='lat' dir='ltr'><strong>electione</strong></span> <span class='ocrx_word' id='word_1_597' title='bbox 1517 4629 1727 4684; x_wconf 89' lang='lat' dir='ltr'><strong>enituit.</strong></span> <span class='ocrx_word' id='word_1_598' title='bbox 1756 4629 1943 4699; x_wconf 87' lang='lat' dir='ltr'><strong>Itaque</strong></span> <span class='ocrx_word' id='word_1_599' title='bbox 2000 4627 2143 4684; x_wconf 87' lang='lat' dir='ltr'><strong>haud</strong></span> 
     </span>
    </p>
   </div>
   <div class='ocr_carea' id='block_1_79' title="bbox 553 4721 2142 4793">
    <p class='ocr_par' dir='ltr' id='par_1_79' title="bbox 553 4721 2142 4793">
     <span class='ocr_line' id='line_1_80' title="bbox 553 4721 2142 4793; baseline -0.002 -15"><span class='ocrx_word' id='word_1_600' title='bbox 553 4724 713 4778; x_wconf 90' lang='lat' dir='ltr'><strong>dubie</strong></span> <span class='ocrx_word' id='word_1_601' title='bbox 741 4740 837 4780; x_wconf 90' lang='lat' dir='ltr'><strong>suo</strong></span> <span class='ocrx_word' id='word_1_602' title='bbox 866 4732 976 4779; x_wconf 90' lang='lat' dir='ltr'><strong>tum</strong></span> <span class='ocrx_word' id='word_1_603' title='bbox 1006 4722 1253 4793; x_wconf 87' lang='lat' dir='ltr'><strong>exemplo</strong></span> <span class='ocrx_word' id='word_1_604' title='bbox 1293 4722 1475 4778; x_wconf 90' lang='lat' dir='ltr'><strong>docuit</strong></span> <span class='ocrx_word' id='word_1_605' title='bbox 1501 4722 1644 4792; x_wconf 90' lang='lat' dir='ltr'><strong>quod</strong></span> <span class='ocrx_word' id='word_1_606' title='bbox 1690 4730 1876 4791; x_wconf 88' lang='lat' dir='ltr'><strong>postea</strong></span> <span class='ocrx_word' id='word_1_607' title='bbox 1928 4721 2142 4791; x_wconf 89' lang='lat' dir='ltr'><strong>scripsit</strong></span> 
     </span>
    </p>
   </div>
   <div class='ocr_carea' id='block_1_80' title="bbox 555 4812 2141 4886">
    <p class='ocr_par' dir='ltr' id='par_1_80' title="bbox 555 4812 2141 4886">
     <span class='ocr_line' id='line_1_81' title="bbox 555 4812 2141 4886; baseline -0.001 -17"><span class='ocrx_word' id='word_1_608' title='bbox 555 4815 623 4869; x_wconf 79' lang='lat' dir='ltr'><strong>ad</strong></span> <span class='ocrx_word' id='word_1_609' title='bbox 645 4814 908 4869; x_wconf 85' lang='lat' dir='ltr'><strong>Justinum</strong></span> <span class='ocrx_word' id='word_1_610' title='bbox 934 4816 1128 4871; x_wconf 66' lang='lat' dir='ltr'><strong>Siciliae</strong></span> <span class='ocrx_word' id='word_1_611' title='bbox 1155 4823 1442 4886; x_wconf 65' lang='lat' dir='ltr'><strong>praetorem</strong></span> <span class='ocrx_word' id='word_1_612' title='bbox 1464 4831 1481 4869; x_wconf 93' lang='lat'><strong><em>:</em></strong></span> <span class='ocrx_word' id='word_1_613' title='bbox 1502 4812 1667 4869; x_wconf 87' lang='lat' dir='ltr'><strong>Nulla</strong></span> <span class='ocrx_word' id='word_1_614' title='bbox 1685 4832 1771 4870; x_wconf 87' lang='lat' dir='ltr'><strong>vos</strong></span> <span class='ocrx_word' id='word_1_615' title='bbox 1800 4815 1945 4869; x_wconf 85' lang='lat' dir='ltr'><strong>lucra</strong></span> <span class='ocrx_word' id='word_1_616' title='bbox 1971 4820 2038 4867; x_wconf 89' lang='lat' dir='ltr'><strong>ad</strong></span> <span class='ocrx_word' id='word_1_617' title='bbox 2059 4815 2141 4867; x_wconf 89' lang='lat' dir='ltr'><strong>in-</strong></span> 
     </span>
    </p>
   </div>
   <div class='ocr_carea' id='block_1_81' title="bbox 556 4904 2138 4981">
    <p class='ocr_par' dir='ltr' id='par_1_81' title="bbox 556 4904 2138 4981">
     <span class='ocr_line' id='line_1_82' title="bbox 556 4904 2138 4981; baseline 0.001 -24"><span class='ocrx_word' id='word_1_618' title='bbox 556 4908 809 4981; x_wconf 61' lang='lat' dir='ltr'><strong>iustitiam</strong></span> <span class='ocrx_word' id='word_1_619' title='bbox 834 4909 1153 4976; x_wconf 77' lang='lat' dir='ltr'><strong>pertrahunt,</strong></span> <span class='ocrx_word' id='word_1_620' title='bbox 1184 4908 1378 4962; x_wconf 88' lang='lat' dir='ltr'><strong>nullius</strong></span> <span class='ocrx_word' id='word_1_621' title='bbox 1396 4908 1475 4963; x_wconf 88' lang='lat' dir='ltr'><strong>vel</strong></span> <span class='ocrx_word' id='word_1_622' title='bbox 1504 4908 1678 4969; x_wconf 65' lang='lat' dir='ltr'><strong>minae.</strong></span> <span class='ocrx_word' id='word_1_623' title='bbox 1710 4907 1786 4963; x_wconf 87' lang='lat' dir='ltr'><strong>vel</strong></span> <span class='ocrx_word' id='word_1_624' title='bbox 1804 4907 2046 4961; x_wconf 71' lang='lat' dir='ltr'><strong>amicitiw</strong></span> <span class='ocrx_word' id='word_1_625' title='bbox 2074 4904 2138 4959; x_wconf 89' lang='lat' dir='ltr'><strong>ab</strong></span> 
     </span>
    </p>
   </div>
   <div class='ocr_carea' id='block_1_82' title="bbox 556 4990 2139 5069">
    <p class='ocr_par' dir='ltr' id='par_1_82' title="bbox 556 4990 2139 5069">
     <span class='ocr_line' id='line_1_83' title="bbox 556 4990 2139 5069; baseline -0.001 -18"><span class='ocrx_word' id='word_1_626' title='bbox 556 5000 739 5052; x_wconf 84' lang='lat' dir='ltr'><strong>itinere</strong></span> <span class='ocrx_word' id='word_1_627' title='bbox 757 4990 1075 5053; x_wconf 84' lang='lat' dir='ltr'><strong>rectitudinis</strong></span> <span class='ocrx_word' id='word_1_628' title='bbox 1098 5001 1389 5069; x_wconf 73' lang='lat' dir='ltr'><strong>deﬂectunt.</strong></span> <span class='ocrx_word' id='word_1_629' title='bbox 1420 4998 1585 5063; x_wconf 88' lang='lat' dir='ltr'><strong>Quam</strong></span> <span class='ocrx_word' id='word_1_630' title='bbox 1608 5000 1673 5053; x_wconf 89' lang='lat' dir='ltr'><strong>sit</strong></span> <span class='ocrx_word' id='word_1_631' title='bbox 1694 5000 1799 5054; x_wconf 79' lang='lat' dir='ltr'><strong>vita</strong></span> <span class='ocrx_word' id='word_1_632' title='bbox 1818 4997 1977 5052; x_wconf 85' lang='lat' dir='ltr'><strong>brevis</strong></span> <span class='ocrx_word' id='word_1_633' title='bbox 1999 4997 2139 5066; x_wconf 83' lang='lat' dir='ltr'><strong>aspi-</strong></span> 
     </span>
    </p>
   </div>
   <div class='ocr_carea' id='block_1_83' title="bbox 557 5088 2137 5161">
    <p class='ocr_par' dir='ltr' id='par_1_83' title="bbox 557 5088 2137 5161">
     <span class='ocr_line' id='line_1_84' title="bbox 557 5088 2137 5161; baseline -0.001 -18"><span class='ocrx_word' id='word_1_634' title='bbox 557 5089 674 5152; x_wconf 86' lang='lat' dir='ltr'><strong>cite,</strong></span> <span class='ocrx_word' id='word_1_635' title='bbox 705 5090 772 5141; x_wconf 88' lang='lat' dir='ltr'><strong>ad</strong></span> <span class='ocrx_word' id='word_1_636' title='bbox 797 5105 941 5161; x_wconf 83' lang='lat' dir='ltr'><strong>quem</strong></span> <span class='ocrx_word' id='word_1_637' title='bbox 970 5090 1271 5160; x_wconf 84' lang='lat' dir='ltr'><strong>quandoque</strong></span> <span class='ocrx_word' id='word_1_638' title='bbox 1290 5092 1415 5145; x_wconf 83' lang='lat' dir='ltr'><strong>ituri</strong></span> <span class='ocrx_word' id='word_1_639' title='bbox 1438 5093 1559 5145; x_wconf 86' lang='lat' dir='ltr'><strong>estis</strong></span> <span class='ocrx_word' id='word_1_640' title='bbox 1583 5089 1849 5155; x_wconf 75' lang='lat' dir='ltr'><strong>Iudicem,</strong></span> <span class='ocrx_word' id='word_1_641' title='bbox 1890 5090 1977 5159; x_wconf 87' lang='lat' dir='ltr'><strong>qui</strong></span> <span class='ocrx_word' id='word_1_642' title='bbox 1994 5088 2137 5158; x_wconf 86' lang='lat' dir='ltr'><strong>judi-</strong></span> 
     </span>
    </p>
   </div>
   <div class='ocr_carea' id='block_1_84' title="bbox 557 5184 2149 5256">
    <p class='ocr_par' dir='ltr' id='par_1_84' title="bbox 557 5184 2149 5256">
     <span class='ocr_line' id='line_1_85' title="bbox 557 5184 2149 5256; baseline 0 -19"><span class='ocrx_word' id='word_1_643' title='bbox 557 5184 773 5237; x_wconf 83' lang='lat' dir='ltr'><strong>ciariam</strong></span> <span class='ocrx_word' id='word_1_644' title='bbox 802 5191 1101 5253; x_wconf 85' lang='lat' dir='ltr'><strong>potestatem</strong></span> <span class='ocrx_word' id='word_1_645' title='bbox 1132 5185 1324 5253; x_wconf 82' lang='lat' dir='ltr'><strong>geritis,</strong></span> <span class='ocrx_word' id='word_1_646' title='bbox 1349 5187 1587 5256; x_wconf 81' lang='lat' dir='ltr'><strong>cogitate.</strong></span> <span class='ocrx_word' id='word_1_647' title='bbox 1638 5184 1868 5239; x_wconf 88' lang='lat' dir='ltr'><strong>Solerter</strong></span> <span class='ocrx_word' id='word_1_648' title='bbox 1894 5200 2014 5254; x_wconf 88' lang='lat' dir='ltr'><strong>ergo</strong></span> <span class='ocrx_word' id='word_1_649' title='bbox 2064 5184 2149 5237; x_wconf 88' lang='lat' dir='ltr'><strong>in-</strong></span> 
     </span>
    </p>
   </div>
   <div class='ocr_carea' id='block_1_85' title="bbox 560 5275 2147 5349">
    <p class='ocr_par' dir='ltr' id='par_1_85' title="bbox 560 5275 2147 5349">
     <span class='ocr_line' id='line_1_86' title="bbox 560 5275 2147 5349; baseline 0.002 -20"><span class='ocrx_word' id='word_1_650' title='bbox 560 5275 803 5331; x_wconf 86' lang='lat' dir='ltr'><strong>tuendum</strong></span> <span class='ocrx_word' id='word_1_651' title='bbox 841 5285 944 5341; x_wconf 87' lang='lat' dir='ltr'><strong>est,</strong></span> <span class='ocrx_word' id='word_1_652' title='bbox 990 5279 1128 5347; x_wconf 85' lang='lat' dir='ltr'><strong>quod</strong></span> <span class='ocrx_word' id='word_1_653' title='bbox 1175 5288 1359 5332; x_wconf 81' lang='lat' dir='ltr'><strong>cuncta</strong></span> <span class='ocrx_word' id='word_1_654' title='bbox 1386 5279 1531 5332; x_wconf 89' lang='lat' dir='ltr'><strong>lucra</strong></span> <span class='ocrx_word' id='word_1_655' title='bbox 1558 5278 1640 5331; x_wconf 86' lang='lat' dir='ltr'><strong>hic</strong></span> <span class='ocrx_word' id='word_1_656' title='bbox 1687 5278 2051 5349; x_wconf 86' lang='lat' dir='ltr'><strong>relinquimus,</strong></span> <span class='ocrx_word' id='word_1_657' title='bbox 2097 5285 2147 5332; x_wconf 85' lang='lat' dir='ltr'><strong>et</strong></span> 
     </span>
    </p>
   </div>
   <div class='ocr_carea' id='block_1_86' title="bbox 558 5368 2148 5439">
    <p class='ocr_par' dir='ltr' id='par_1_86' title="bbox 558 5368 2148 5439">
     <span class='ocr_line' id='line_1_87' title="bbox 558 5368 2148 5439; baseline 0.001 -15"><span class='ocrx_word' id='word_1_658' title='bbox 558 5369 698 5424; x_wconf 87' lang='lat' dir='ltr'><strong>solas</strong></span> <span class='ocrx_word' id='word_1_659' title='bbox 756 5368 1199 5439; x_wconf 87' lang='lat' dir='ltr'><strong>dispendiosorum</strong></span> <span class='ocrx_word' id='word_1_660' title='bbox 1249 5371 1510 5425; x_wconf 85' lang='lat' dir='ltr'><strong>lacrorum</strong></span> <span class='ocrx_word' id='word_1_661' title='bbox 1558 5385 1741 5424; x_wconf 87' lang='lat' dir='ltr'><strong>causas</strong></span> <span class='ocrx_word' id='word_1_662' title='bbox 1788 5370 2051 5425; x_wconf 83' lang='lat' dir='ltr'><strong>nobiscum</strong></span> <span class='ocrx_word' id='word_1_663' title='bbox 2080 5368 2148 5425; x_wconf 80' lang='lat' dir='ltr'><strong>ad</strong></span> 
     </span>
    </p>
   </div>
   <div class='ocr_carea' id='block_1_87' title="bbox 558 5460 1790 5535">
    <p class='ocr_par' dir='ltr' id='par_1_87' title="bbox 558 5460 1790 5535">
     <span class='ocr_line' id='line_1_88' title="bbox 558 5460 1790 5535; baseline 0.001 -21"><span class='ocrx_word' id='word_1_664' title='bbox 558 5462 805 5535; x_wconf 80' lang='lat' dir='ltr'><strong>judicium</strong></span> <span class='ocrx_word' id='word_1_665' title='bbox 826 5460 1170 5533; x_wconf 85' lang='lat' dir='ltr'><strong>deportamus.</strong></span> <span class='ocrx_word' id='word_1_666' title='bbox 1206 5461 1423 5535; x_wconf 83' lang='lat' dir='ltr'><strong>(Regist.</strong></span> <span class='ocrx_word' id='word_1_667' title='bbox 1468 5462 1504 5517; x_wconf 87' lang='grc' dir='ltr'><strong>ι.</strong></span> <span class='ocrx_word' id='word_1_668' title='bbox 1529 5478 1568 5529; x_wconf 83' lang='grc' dir='ltr'><strong>ι,</strong></span> <span class='ocrx_word' id='word_1_669' title='bbox 1597 5477 1678 5531; x_wconf 88' lang='lat' dir='ltr'><strong>ep.</strong></span> <span class='ocrx_word' id='word_1_670' title='bbox 1711 5461 1790 5531; x_wconf 74' lang='grc'><strong>2.)</strong></span> 
     </span>
    </p>
   </div>
   <div class='ocr_carea' id='block_1_88' title="bbox 631 5551 2141 5624">
    <p class='ocr_par' dir='ltr' id='par_1_88' title="bbox 631 5551 2141 5624">
     <span class='ocr_line' id='line_1_89' title="bbox 631 5551 2141 5624; baseline -0.001 -16"><span class='ocrx_word' id='word_1_671' title='bbox 631 5551 702 5608; x_wconf 92' lang='lat' dir='ltr'><strong>Ut</strong></span> <span class='ocrx_word' id='word_1_672' title='bbox 731 5555 1107 5610; x_wconf 89' lang='lat' dir='ltr'><strong>consuetudini</strong></span> <span class='ocrx_word' id='word_1_673' title='bbox 1130 5564 1185 5609; x_wconf 90' lang='lat' dir='ltr'><strong>et</strong></span> <span class='ocrx_word' id='word_1_674' title='bbox 1213 5554 1457 5624; x_wconf 82' lang='lat' dir='ltr'><strong>dignitati</strong></span> <span class='ocrx_word' id='word_1_675' title='bbox 1483 5568 1689 5607; x_wconf 88' lang='lat' dir='ltr'><strong>morem</strong></span> <span class='ocrx_word' id='word_1_676' title='bbox 1714 5551 2141 5622; x_wconf 57' lang='lat' dir='ltr'><strong>gereretGrego’</strong></span> 
     </span>
    </p>
   </div>
   <div class='ocr_carea' id='block_1_89' title="bbox 560 5643 2129 5715">
    <p class='ocr_par' dir='ltr' id='par_1_89' title="bbox 560 5643 2129 5715">
     <span class='ocr_line' id='line_1_90' title="bbox 560 5643 2129 5715; baseline 0 -18"><span class='ocrx_word' id='word_1_677' title='bbox 560 5643 691 5709; x_wconf 81' lang='lat' dir='ltr'><strong>rius,</strong></span> <span class='ocrx_word' id='word_1_678' title='bbox 716 5646 881 5700; x_wconf 84' lang='lat' dir='ltr'><strong>serico</strong></span> <span class='ocrx_word' id='word_1_679' title='bbox 905 5655 1166 5700; x_wconf 87' lang='lat' dir='ltr'><strong>contectus</strong></span> <span class='ocrx_word' id='word_1_680' title='bbox 1190 5660 1251 5701; x_wconf 87' lang='lat' dir='ltr'><strong>ac</strong></span> <span class='ocrx_word' id='word_1_681' title='bbox 1282 5643 1495 5715; x_wconf 82' lang='lat' dir='ltr'><strong>gemmis</strong></span> <span class='ocrx_word' id='word_1_682' title='bbox 1516 5643 1818 5698; x_wconf 86' lang='lat' dir='ltr'><strong>micantibus</strong></span> <span class='ocrx_word' id='word_1_683' title='bbox 1840 5645 2021 5698; x_wconf 85' lang='lat' dir='ltr'><strong>solitus</strong></span> <span class='ocrx_word' id='word_1_684' title='bbox 2042 5662 2129 5697; x_wconf 86' lang='lat' dir='ltr'><strong>era</strong></span> 
     </span>
    </p>
   </div>
   <div class='ocr_carea' id='block_1_90' title="bbox 562 5732 2153 5804">
    <p class='ocr_par' dir='ltr' id='par_1_90' title="bbox 562 5732 2153 5804">
     <span class='ocr_line' id='line_1_91' title="bbox 562 5732 2153 5804; baseline 0.002 -17"><span class='ocrx_word' id='word_1_685' title='bbox 562 5750 655 5804; x_wconf 83' lang='lat' dir='ltr'><strong>per</strong></span> <span class='ocrx_word' id='word_1_686' title='bbox 686 5732 872 5790; x_wconf 83' lang='lat' dir='ltr'><strong>Urbem</strong></span> <span class='ocrx_word' id='word_1_687' title='bbox 900 5734 1175 5804; x_wconf 76' lang='lat' dir='ltr'><strong>procedere</strong></span> <span class='ocrx_word' id='word_1_688' title='bbox 1196 5733 1478 5799; x_wconf 83' lang='lat' dir='ltr'><strong>trabeatus,</strong></span> <span class='ocrx_word' id='word_1_689' title='bbox 1504 5734 1675 5802; x_wconf 91' lang='lat' dir='ltr'><strong>inquit</strong></span> <span class='ocrx_word' id='word_1_690' title='bbox 1703 5736 1839 5789; x_wconf 89' lang='lat' dir='ltr'><strong>alter</strong></span> <span class='ocrx_word' id='word_1_691' title='bbox 1861 5733 2153 5801; x_wconf 82' lang='lat' dir='ltr'><strong>Gregorius</strong></span> 
     </span>
    </p>
   </div>
   <div class='ocr_carea' id='block_1_91' title="bbox 566 5822 2153 5895">
    <p class='ocr_par' dir='ltr' id='par_1_91' title="bbox 566 5822 2153 5895">
     <span class='ocr_line' id='line_1_92' title="bbox 566 5822 2153 5895; baseline 0.001 -18"><span class='ocrx_word' id='word_1_692' title='bbox 566 5822 796 5894; x_wconf 88' lang='lat' dir='ltr'><strong>Turon.,</strong></span> <span class='ocrx_word' id='word_1_693' title='bbox 826 5842 857 5882; x_wconf 87' lang='lat' dir='ltr'><strong>a</strong></span> <span class='ocrx_word' id='word_1_694' title='bbox 886 5842 993 5895; x_wconf 88' lang='lat' dir='ltr'><strong>quo</strong></span> <span class='ocrx_word' id='word_1_695' title='bbox 1022 5825 1141 5880; x_wconf 66' lang='lat' dir='ltr'><strong>haec</strong></span> <span class='ocrx_word' id='word_1_696' title='bbox 1166 5822 1284 5894; x_wconf 89' lang='lat' dir='ltr'><strong>ipsa</strong></span> <span class='ocrx_word' id='word_1_697' title='bbox 1324 5823 1489 5879; x_wconf 89' lang='lat' dir='ltr'><strong>verba</strong></span> <span class='ocrx_word' id='word_1_698' title='bbox 1537 5832 1810 5880; x_wconf 84' lang='lat' dir='ltr'><strong>mutuatus</strong></span> <span class='ocrx_word' id='word_1_699' title='bbox 1839 5834 1920 5879; x_wconf 88' lang='lat' dir='ltr'><strong>est</strong></span> <span class='ocrx_word' id='word_1_700' title='bbox 1956 5822 2153 5879; x_wconf 84' lang='lat' dir='ltr'><strong>Paulus</strong></span> 
     </span>
    </p>
   </div>
   <div class='ocr_carea' id='block_1_92' title="bbox 566 5908 2151 5989">
    <p class='ocr_par' dir='ltr' id='par_1_92' title="bbox 566 5908 2151 5989">
     <span class='ocr_line' id='line_1_93' title="bbox 566 5908 2151 5989; baseline 0.001 -18"><span class='ocrx_word' id='word_1_701' title='bbox 566 5913 836 5974; x_wconf 84' lang='lat' dir='ltr'><strong>Diacouus</strong></span> <span class='ocrx_word' id='word_1_702' title='bbox 863 5915 1048 5989; x_wconf 85' lang='lat' dir='ltr'><strong>(Num.</strong></span> <span class='ocrx_word' id='word_1_703' title='bbox 1076 5911 1160 5981; x_wconf 71' lang='lat'><strong>2).</strong></span> <span class='ocrx_word' id='word_1_704' title='bbox 1185 5908 1389 5971; x_wconf 79' lang='lat' dir='ltr'><strong>Verum</strong></span> <span class='ocrx_word' id='word_1_705' title='bbox 1422 5913 1521 5972; x_wconf 82' lang='lat' dir='ltr'><strong>sub</strong></span> <span class='ocrx_word' id='word_1_706' title='bbox 1549 5916 1893 5973; x_wconf 83' lang='lat' dir='ltr'><strong>saecularibus</strong></span> <span class='ocrx_word' id='word_1_707' title='bbox 1920 5915 2151 5987; x_wconf 83' lang='lat' dir='ltr'><strong>pompis,</strong></span> 
     </span>
    </p>
   </div>
   <div class='ocr_carea' id='block_1_93' title="bbox 154 6188 637 6459">
    <p class='ocr_par' dir='ltr' id='par_1_93' title="bbox 154 6188 637 6459">
     <span class='ocr_line' id='line_1_94' title="bbox 154 6188 637 6459; baseline -0.006 -1"><span class='ocrx_word' id='word_1_708' title='bbox 154 6188 637 6459; x_wconf 66' lang='grc' dir='ltr'><strong>Α</strong></span> 
     </span>
    </p>
   </div>
   <div class='ocr_carea' id='block_1_94' title="bbox 2240 3314 3846 3388">
    <p class='ocr_par' dir='ltr' id='par_1_94' title="bbox 2240 3314 3846 3388">
     <span class='ocr_line' id='line_1_95' title="bbox 2240 3314 3846 3388; baseline -0.009 -7"><span class='ocrx_word' id='word_1_709' title='bbox 2240 3326 2423 3381; x_wconf 89' lang='lat' dir='ltr'><strong>multis</strong></span> <span class='ocrx_word' id='word_1_710' title='bbox 2451 3322 2783 3378; x_wconf 87' lang='lat' dir='ltr'><strong>monasterio</strong></span> <span class='ocrx_word' id='word_1_711' title='bbox 2809 3319 3162 3375; x_wconf 86' lang='lat' dir='ltr'><strong>Lateranensi</strong></span> <span class='ocrx_word' id='word_1_712' title='bbox 3190 3316 3433 3388; x_wconf 70' lang='lat' dir='ltr'><strong>przel‘uit;</strong></span> <span class='ocrx_word' id='word_1_713' title='bbox 3463 3330 3584 3370; x_wconf 90' lang='lat' dir='ltr'><strong>cum</strong></span> <span class='ocrx_word' id='word_1_714' title='bbox 3624 3314 3846 3384; x_wconf 83' lang='lat' dir='ltr'><strong>Simpli-</strong></span> 
     </span>
    </p>
   </div>
   <div class='ocr_carea' id='block_1_95' title="bbox 2241 3413 3844 3488">
    <p class='ocr_par' dir='ltr' id='par_1_95' title="bbox 2241 3413 3844 3488">
     <span class='ocr_line' id='line_1_96' title="bbox 2241 3413 3844 3488; baseline -0.009 -14"><span class='ocrx_word' id='word_1_715' title='bbox 2241 3421 2344 3485; x_wconf 90' lang='lat' dir='ltr'><strong>cio,</strong></span> <span class='ocrx_word' id='word_1_716' title='bbox 2375 3418 2468 3488; x_wconf 90' lang='lat' dir='ltr'><strong>qui</strong></span> <span class='ocrx_word' id='word_1_717' title='bbox 2504 3416 2563 3472; x_wconf 91' lang='lat' dir='ltr'><strong>S.</strong></span> <span class='ocrx_word' id='word_1_718' title='bbox 2599 3414 2872 3470; x_wconf 85' lang='lat' dir='ltr'><strong>Benedicti</strong></span> <span class='ocrx_word' id='word_1_719' title='bbox 2905 3413 3377 3481; x_wconf 84' lang='lat' dir='ltr'><strong>congregationem</strong></span> <span class='ocrx_word' id='word_1_720' title='bbox 3408 3416 3531 3479; x_wconf 89' lang='lat' dir='ltr'><strong>post</strong></span> <span class='ocrx_word' id='word_1_721' title='bbox 3559 3423 3682 3462; x_wconf 83' lang='lat' dir='ltr'><strong>eum</strong></span> <span class='ocrx_word' id='word_1_722' title='bbox 3727 3416 3844 3461; x_wconf 85' lang='lat' dir='ltr'><strong>ter—</strong></span> 
     </span>
    </p>
   </div>
   <div class='ocr_carea' id='block_1_96' title="bbox 2245 3502 3846 3577">
    <p class='ocr_par' dir='ltr' id='par_1_96' title="bbox 2245 3502 3846 3577">
     <span class='ocr_line' id='line_1_97' title="bbox 2245 3502 3846 3577; baseline -0.009 -10"><span class='ocrx_word' id='word_1_723' title='bbox 2245 3514 2353 3567; x_wconf 89' lang='lat' dir='ltr'><strong>tius</strong></span> <span class='ocrx_word' id='word_1_724' title='bbox 2384 3512 2524 3566; x_wconf 85' lang='lat' dir='ltr'><strong>rexit</strong></span> <span class='ocrx_word' id='word_1_725' title='bbox 2546 3527 2560 3576; x_wconf 92' lang='lat'><strong>;</strong></span> <span class='ocrx_word' id='word_1_726' title='bbox 2582 3518 2772 3565; x_wconf 87' lang='lat' dir='ltr'><strong>etcum</strong></span> <span class='ocrx_word' id='word_1_727' title='bbox 2800 3508 3097 3568; x_wconf 85' lang='lat' dir='ltr'><strong>Honorato,</strong></span> <span class='ocrx_word' id='word_1_728' title='bbox 3123 3507 3213 3577; x_wconf 83' lang='lat' dir='ltr'><strong>qui</strong></span> <span class='ocrx_word' id='word_1_729' title='bbox 3236 3502 3546 3559; x_wconf 84' lang='lat' dir='ltr'><strong>Sublaccnsi</strong></span> <span class='ocrx_word' id='word_1_730' title='bbox 3568 3509 3846 3556; x_wconf 88' lang='lat' dir='ltr'><strong>monaste-</strong></span> 
     </span>
    </p>
   </div>
   <div class='ocr_carea' id='block_1_97' title="bbox 2242 3593 3846 3673">
    <p class='ocr_par' dir='ltr' id='par_1_97' title="bbox 2242 3593 3846 3673">
     <span class='ocr_line' id='line_1_98' title="bbox 2242 3593 3846 3673; baseline -0.007 -14"><span class='ocrx_word' id='word_1_731' title='bbox 2242 3606 2323 3659; x_wconf 87' lang='lat' dir='ltr'><strong>rio</strong></span> <span class='ocrx_word' id='word_1_732' title='bbox 2354 3611 2608 3673; x_wconf 70' lang='lat' dir='ltr'><strong>praerat;</strong></span> <span class='ocrx_word' id='word_1_733' title='bbox 2637 3602 2855 3671; x_wconf 89' lang='lat' dir='ltr'><strong>jamque</strong></span> <span class='ocrx_word' id='word_1_734' title='bbox 2882 3610 3008 3654; x_wconf 90' lang='lat' dir='ltr'><strong>tunc</strong></span> <span class='ocrx_word' id='word_1_735' title='bbox 3050 3599 3117 3653; x_wconf 90' lang='lat' dir='ltr'><strong>ad</strong></span> <span class='ocrx_word' id='word_1_736' title='bbox 3142 3599 3389 3652; x_wconf 88' lang='lat' dir='ltr'><strong>arctioris</strong></span> <span class='ocrx_word' id='word_1_737' title='bbox 3420 3604 3477 3653; x_wconf 90' lang='lat' dir='ltr'><strong>et</strong></span> <span class='ocrx_word' id='word_1_738' title='bbox 3505 3593 3846 3666; x_wconf 80' lang='lat' dir='ltr'><strong>perfectioris</strong></span> 
     </span>
    </p>
   </div>
   <div class='ocr_carea' id='block_1_98' title="bbox 2243 3692 3337 3767">
    <p class='ocr_par' dir='ltr' id='par_1_98' title="bbox 2243 3692 3337 3767">
     <span class='ocr_line' id='line_1_99' title="bbox 2243 3692 3337 3767; baseline -0.006 -14"><span class='ocrx_word' id='word_1_739' title='bbox 2243 3698 2366 3753; x_wconf 69' lang='lat' dir='ltr'><strong>vita:</strong></span> <span class='ocrx_word' id='word_1_740' title='bbox 2397 3696 2733 3767; x_wconf 90' lang='lat' dir='ltr'><strong>propositum</strong></span> <span class='ocrx_word' id='word_1_741' title='bbox 2786 3692 3006 3748; x_wconf 79' lang='lat' dir='ltr'><strong>accendi</strong></span> <span class='ocrx_word' id='word_1_742' title='bbox 3037 3692 3337 3746; x_wconf 87' lang='lat' dir='ltr'><strong>videbatur.</strong></span> 
     </span>
    </p>
   </div>
   <div class='ocr_carea' id='block_1_99' title="bbox 2324 3778 3846 3856">
    <p class='ocr_par' dir='ltr' id='par_1_99' title="bbox 2324 3778 3846 3856">
     <span class='ocr_line' id='line_1_100' title="bbox 2324 3778 3846 3856; baseline -0.005 -16"><span class='ocrx_word' id='word_1_743' title='bbox 2324 3789 2388 3841; x_wconf 86' lang='lat' dir='ltr'><strong>At</strong></span> <span class='ocrx_word' id='word_1_744' title='bbox 2414 3794 2733 3856; x_wconf 89' lang='lat' dir='ltr'><strong>conceptum</strong></span> <span class='ocrx_word' id='word_1_745' title='bbox 2773 3784 2898 3839; x_wconf 68' lang='lat' dir='ltr'><strong>vita:</strong></span> <span class='ocrx_word' id='word_1_746' title='bbox 2922 3782 3233 3838; x_wconf 59' lang='lat' dir='ltr'><strong>monasticae</strong></span> <span class='ocrx_word' id='word_1_747' title='bbox 3262 3780 3585 3835; x_wconf 90' lang='lat' dir='ltr'><strong>desiderium</strong></span> <span class='ocrx_word' id='word_1_748' title='bbox 3622 3778 3846 3849; x_wconf 86' lang='lat' dir='ltr'><strong>implere</strong></span> 
     </span>
    </p>
   </div>
   <div class='ocr_carea' id='block_1_100' title="bbox 2244 3873 3843 3948">
    <p class='ocr_par' dir='ltr' id='par_1_100' title="bbox 2244 3873 3843 3948">
     <span class='ocr_line' id='line_1_101' title="bbox 2244 3873 3843 3948; baseline -0.008 -12"><span class='ocrx_word' id='word_1_749' title='bbox 2244 3880 2334 3936; x_wconf 89' lang='lat' dir='ltr'><strong>diu</strong></span> <span class='ocrx_word' id='word_1_750' title='bbox 2360 3880 2588 3948; x_wconf 90' lang='lat' dir='ltr'><strong>distulit,</strong></span> <span class='ocrx_word' id='word_1_751' title='bbox 2613 3878 2796 3935; x_wconf 90' lang='lat' dir='ltr'><strong>utilem</strong></span> <span class='ocrx_word' id='word_1_752' title='bbox 2818 3892 2874 3931; x_wconf 87' lang='lat' dir='ltr'><strong>se</strong></span> <span class='ocrx_word' id='word_1_753' title='bbox 2904 3877 3013 3931; x_wconf 89' lang='lat' dir='ltr'><strong>suis</strong></span> <span class='ocrx_word' id='word_1_754' title='bbox 3029 3875 3338 3931; x_wconf 91' lang='lat' dir='ltr'><strong>concivibus</strong></span> <span class='ocrx_word' id='word_1_755' title='bbox 3362 3873 3693 3937; x_wconf 86' lang='lat' dir='ltr'><strong>existimans,</strong></span> <span class='ocrx_word' id='word_1_756' title='bbox 3724 3884 3843 3924; x_wconf 85' lang='lat' dir='ltr'><strong>me-</strong></span> 
     </span>
    </p>
   </div>
   <div class='ocr_carea' id='block_1_101' title="bbox 2243 3968 3844 4045">
    <p class='ocr_par' dir='ltr' id='par_1_101' title="bbox 2243 3968 3844 4045">
     <span class='ocr_line' id='line_1_102' title="bbox 2243 3968 3844 4045; baseline -0.004 -17"><span class='ocrx_word' id='word_1_757' title='bbox 2243 3973 2453 4045; x_wconf 89' lang='lat' dir='ltr'><strong>liusque</strong></span> <span class='ocrx_word' id='word_1_758' title='bbox 2482 3982 2674 4044; x_wconf 87' lang='lat' dir='ltr'><strong>putans</strong></span> <span class='ocrx_word' id='word_1_759' title='bbox 2702 3970 2943 4026; x_wconf 67' lang='lat' dir='ltr'><strong>sazculari</strong></span> <span class='ocrx_word' id='word_1_760' title='bbox 2984 3969 3171 4024; x_wconf 87' lang='lat' dir='ltr'><strong>habitu</strong></span> <span class='ocrx_word' id='word_1_761' title='bbox 3201 3968 3445 4036; x_wconf 81' lang='lat' dir='ltr'><strong>contegi,</strong></span> <span class='ocrx_word' id='word_1_762' title='bbox 3473 3969 3569 4023; x_wconf 88' lang='lat' dir='ltr'><strong>sub</strong></span> <span class='ocrx_word' id='word_1_763' title='bbox 3597 3982 3704 4036; x_wconf 90' lang='lat' dir='ltr'><strong>quo</strong></span> <span class='ocrx_word' id='word_1_764' title='bbox 3724 3980 3844 4035; x_wconf 80' lang='lat' dir='ltr'><strong>spe-</strong></span> 
     </span>
    </p>
   </div>
   <div class='ocr_carea' id='block_1_102' title="bbox 2244 4056 3843 4129">
    <p class='ocr_par' dir='ltr' id='par_1_102' title="bbox 2244 4056 3843 4129">
     <span class='ocr_line' id='line_1_103' title="bbox 2244 4056 3843 4129; baseline -0.006 -11"><span class='ocrx_word' id='word_1_765' title='bbox 2244 4063 2487 4120; x_wconf 84' lang='lat' dir='ltr'><strong>cietenus</strong></span> <span class='ocrx_word' id='word_1_766' title='bbox 2543 4070 2749 4117; x_wconf 90' lang='lat' dir='ltr'><strong>tantum</strong></span> <span class='ocrx_word' id='word_1_767' title='bbox 2799 4059 2997 4115; x_wconf 59' lang='lat' dir='ltr'><strong>sarculo</strong></span> <span class='ocrx_word' id='word_1_768' title='bbox 3045 4059 3277 4113; x_wconf 90' lang='lat' dir='ltr'><strong>militare</strong></span> <span class='ocrx_word' id='word_1_769' title='bbox 3318 4057 3419 4112; x_wconf 90' lang='lat' dir='ltr'><strong>sibi</strong></span> <span class='ocrx_word' id='word_1_770' title='bbox 3462 4056 3843 4129; x_wconf 86' lang='lat' dir='ltr'><strong>persuadebat,</strong></span> 
     </span>
    </p>
   </div>
   <div class='ocr_carea' id='block_1_103' title="bbox 2243 4146 3843 4222">
    <p class='ocr_par' dir='ltr' id='par_1_103' title="bbox 2243 4146 3843 4222">
     <span class='ocr_line' id='line_1_104' title="bbox 2243 4146 3843 4222; baseline -0.001 -15"><span class='ocrx_word' id='word_1_771' title='bbox 2243 4168 2404 4222; x_wconf 87' lang='lat' dir='ltr'><strong>quam</strong></span> <span class='ocrx_word' id='word_1_772' title='bbox 2427 4152 2750 4208; x_wconf 77' lang='lat' dir='ltr'><strong>exteriorem</strong></span> <span class='ocrx_word' id='word_1_773' title='bbox 2780 4152 2980 4207; x_wconf 85' lang='lat' dir='ltr'><strong>cultum</strong></span> <span class='ocrx_word' id='word_1_774' title='bbox 3009 4158 3239 4205; x_wconf 88' lang='lat' dir='ltr'><strong>mutare.</strong></span> <span class='ocrx_word' id='word_1_775' title='bbox 3290 4146 3487 4205; x_wconf 87' lang='lat' dir='ltr'><strong>Postea</strong></span> <span class='ocrx_word' id='word_1_776' title='bbox 3518 4158 3699 4204; x_wconf 89' lang='lat' dir='ltr'><strong>tamen</strong></span> <span class='ocrx_word' id='word_1_777' title='bbox 3722 4148 3843 4218; x_wconf 84' lang='lat' dir='ltr'><strong>pius</strong></span> 
     </span>
    </p>
   </div>
   <div class='ocr_carea' id='block_1_104' title="bbox 2244 4243 3844 4316">
    <p class='ocr_par' dir='ltr' id='par_1_104' title="bbox 2244 4243 3844 4316">
     <span class='ocr_line' id='line_1_105' title="bbox 2244 4243 3844 4316; baseline -0.001 -17"><span class='ocrx_word' id='word_1_778' title='bbox 2244 4252 2463 4316; x_wconf 69' lang='lat' dir='ltr'><strong>pnetor,</strong></span> <span class='ocrx_word' id='word_1_779' title='bbox 2486 4261 2607 4300; x_wconf 92' lang='lat' dir='ltr'><strong>cum</strong></span> <span class='ocrx_word' id='word_1_780' title='bbox 2637 4246 2853 4299; x_wconf 89' lang='lat' dir='ltr'><strong>intimos</strong></span> <span class='ocrx_word' id='word_1_781' title='bbox 2875 4243 3039 4298; x_wconf 92' lang='lat' dir='ltr'><strong>animi</strong></span> <span class='ocrx_word' id='word_1_782' title='bbox 3066 4258 3255 4298; x_wconf 90' lang='lat' dir='ltr'><strong>sensus</strong></span> <span class='ocrx_word' id='word_1_783' title='bbox 3281 4244 3565 4312; x_wconf 88' lang='lat' dir='ltr'><strong>explorare</strong></span> <span class='ocrx_word' id='word_1_784' title='bbox 3588 4243 3844 4299; x_wconf 86' lang='lat' dir='ltr'><strong>scrutari-</strong></span> 
     </span>
    </p>
   </div>
   <div class='ocr_carea' id='block_1_105' title="bbox 2246 4330 3843 4404">
    <p class='ocr_par' dir='ltr' id='par_1_105' title="bbox 2246 4330 3843 4404">
     <span class='ocr_line' id='line_1_106' title="bbox 2246 4330 3843 4404; baseline -0.001 -15"><span class='ocrx_word' id='word_1_785' title='bbox 2246 4350 2352 4403; x_wconf 92' lang='lat' dir='ltr'><strong>que</strong></span> <span class='ocrx_word' id='word_1_786' title='bbox 2387 4349 2529 4404; x_wconf 81' lang='lat' dir='ltr'><strong>saepe</strong></span> <span class='ocrx_word' id='word_1_787' title='bbox 2553 4334 2941 4399; x_wconf 88' lang='lat' dir='ltr'><strong>consuevisset,</strong></span> <span class='ocrx_word' id='word_1_788' title='bbox 2976 4332 3355 4387; x_wconf 89' lang='lat' dir='ltr'><strong>animadvertit</strong></span> <span class='ocrx_word' id='word_1_789' title='bbox 3383 4330 3615 4398; x_wconf 87' lang='lat' dir='ltr'><strong>tandem,</strong></span> <span class='ocrx_word' id='word_1_790' title='bbox 3639 4331 3843 4387; x_wconf 69' lang='lat' dir='ltr'><strong>ccclein</strong></span> 
     </span>
    </p>
   </div>
   <div class='ocr_carea' id='block_1_106' title="bbox 2244 4423 3845 4491">
    <p class='ocr_par' dir='ltr' id='par_1_106' title="bbox 2244 4423 3845 4491">
     <span class='ocr_line' id='line_1_107' title="bbox 2244 4423 3845 4491; baseline 0 -12"><span class='ocrx_word' id='word_1_791' title='bbox 2244 4426 2445 4481; x_wconf 85' lang='lat' dir='ltr'><strong>lumine</strong></span> <span class='ocrx_word' id='word_1_792' title='bbox 2468 4425 2787 4491; x_wconf 89' lang='lat' dir='ltr'><strong>illustratus,</strong></span> <span class='ocrx_word' id='word_1_793' title='bbox 2813 4423 2998 4479; x_wconf 91' lang='lat' dir='ltr'><strong>inolita</strong></span> <span class='ocrx_word' id='word_1_794' title='bbox 3025 4440 3084 4480; x_wconf 91' lang='lat' dir='ltr'><strong>se</strong></span> <span class='ocrx_word' id='word_1_795' title='bbox 3104 4426 3228 4478; x_wconf 67' lang='lat' dir='ltr'><strong>vita:</strong></span> <span class='ocrx_word' id='word_1_796' title='bbox 3254 4424 3525 4487; x_wconf 74' lang='lat' dir='ltr'><strong>saecularis</strong></span> <span class='ocrx_word' id='word_1_797' title='bbox 3553 4431 3845 4480; x_wconf 86' lang='lat' dir='ltr'><strong>consuetu-</strong></span> 
     </span>
    </p>
   </div>
   <div class='ocr_carea' id='block_1_107' title="bbox 2250 4519 3845 4591">
    <p class='ocr_par' dir='ltr' id='par_1_107' title="bbox 2250 4519 3845 4591">
     <span class='ocr_line' id='line_1_108' title="bbox 2250 4519 3845 4591; baseline 0.001 -18"><span class='ocrx_word' id='word_1_798' title='bbox 2250 4519 2375 4575; x_wconf 89' lang='lat' dir='ltr'><strong>dine</strong></span> <span class='ocrx_word' id='word_1_799' title='bbox 2405 4521 2712 4577; x_wconf 85' lang='lat' dir='ltr'><strong>dcvinctum</strong></span> <span class='ocrx_word' id='word_1_800' title='bbox 2745 4521 3035 4591; x_wconf 83' lang='lat' dir='ltr'><strong>mundique</strong></span> <span class='ocrx_word' id='word_1_801' title='bbox 3056 4521 3627 4585; x_wconf 84' lang='lat' dir='ltr'><strong>blanditiisirretitum,</strong></span> <span class='ocrx_word' id='word_1_802' title='bbox 3648 4522 3700 4576; x_wconf 87' lang='lat' dir='ltr'><strong>in</strong></span> <span class='ocrx_word' id='word_1_803' title='bbox 3718 4522 3845 4590; x_wconf 79' lang='lat' dir='ltr'><strong>ipsis</strong></span> 
     </span>
    </p>
   </div>
   <div class='ocr_carea' id='block_1_108' title="bbox 2250 4614 3932 4686">
    <p class='ocr_par' dir='ltr' id='par_1_108' title="bbox 2250 4614 3932 4686">
     <span class='ocr_line' id='line_1_109' title="bbox 2250 4614 3932 4686; baseline 0.002 -18"><span class='ocrx_word' id='word_1_804' title='bbox 2250 4614 2613 4685; x_wconf 88' lang='lat' dir='ltr'><strong>relinquendis</strong></span> <span class='ocrx_word' id='word_1_805' title='bbox 2642 4630 2822 4670; x_wconf 86' lang='lat' dir='ltr'><strong>moras</strong></span> <span class='ocrx_word' id='word_1_806' title='bbox 2853 4624 3098 4678; x_wconf 75' lang='lat' dir='ltr'><strong>nectere,</strong></span> <span class='ocrx_word' id='word_1_807' title='bbox 3148 4628 3325 4682; x_wconf 87' lang='lat' dir='ltr'><strong>neque</strong></span> <span class='ocrx_word' id='word_1_808' title='bbox 3355 4628 3585 4686; x_wconf 86' lang='lat' dir='ltr'><strong>corpore</strong></span> <span class='ocrx_word' id='word_1_809' title='bbox 3616 4621 3846 4681; x_wconf 84' lang='lat' dir='ltr'><strong>tantum,</strong></span> 
     </span>
    </p>
   </div>
   <div class='ocr_carea' id='block_1_109' title="bbox 2249 4692 3928 4779">
    <p class='ocr_par' dir='ltr' id='par_1_109' title="bbox 2249 4692 3928 4779">
     <span class='ocr_line' id='line_1_110' title="bbox 2249 4692 3928 4779; baseline -0.002 -16"><span class='ocrx_word' id='word_1_810' title='bbox 2249 4718 2310 4763; x_wconf 93' lang='lat' dir='ltr'><strong>ut</strong></span> <span class='ocrx_word' id='word_1_811' title='bbox 2332 4708 2467 4764; x_wconf 83' lang='lat' dir='ltr'><strong>falso</strong></span> <span class='ocrx_word' id='word_1_812' title='bbox 2508 4716 2823 4779; x_wconf 84' lang='lat' dir='ltr'><strong>putaverat,</strong></span> <span class='ocrx_word' id='word_1_813' title='bbox 2845 4708 2939 4764; x_wconf 91' lang='lat' dir='ltr'><strong>sed</strong></span> <span class='ocrx_word' id='word_1_814' title='bbox 2961 4708 3081 4778; x_wconf 91' lang='lat' dir='ltr'><strong>ipso</strong></span> <span class='ocrx_word' id='word_1_815' title='bbox 3127 4707 3323 4761; x_wconf 90' lang='lat' dir='ltr'><strong>mentis</strong></span> <span class='ocrx_word' id='word_1_816' title='bbox 3352 4706 3546 4761; x_wconf 81' lang='lat' dir='ltr'><strong>allectu</strong></span> <span class='ocrx_word' id='word_1_817' title='bbox 3577 4706 3630 4760; x_wconf 91' lang='lat' dir='ltr'><strong>in</strong></span> <span class='ocrx_word' id='word_1_818' title='bbox 3652 4704 3846 4760; x_wconf 61' lang='lat' dir='ltr'><strong>smculo</strong></span> 
     </span>
    </p>
   </div>
   <div class='ocr_carea' id='block_1_110' title="bbox 2243 4772 3931 4867">
    <p class='ocr_par' dir='ltr' id='par_1_110' title="bbox 2243 4772 3931 4867">
     <span class='ocr_line' id='line_1_111' title="bbox 2243 4772 3931 4867; baseline -0.004 -12"><span class='ocrx_word' id='word_1_819' title='bbox 2243 4802 2481 4857; x_wconf 79' lang='lat' dir='ltr'><strong>retineri.</strong></span> <span class='ocrx_word' id='word_1_820' title='bbox 2509 4800 2714 4855; x_wconf 89' lang='lat' dir='ltr'><strong>Cuncta</strong></span> <span class='ocrx_word' id='word_1_821' title='bbox 2762 4772 2941 4867; x_wconf 81' lang='lat' dir='ltr'><strong>itaque</strong></span> <span class='ocrx_word' id='word_1_822' title='bbox 2970 4772 3199 4854; x_wconf 79' lang='lat' dir='ltr'><strong>sollicite</strong></span> <span class='ocrx_word' id='word_1_823' title='bbox 3228 4796 3435 4866; x_wconf 83' lang='lat' dir='ltr'><strong>fugiens</strong></span> <span class='ocrx_word' id='word_1_824' title='bbox 3476 4804 3690 4866; x_wconf 87' lang='lat' dir='ltr'><strong>portum</strong></span> <span class='ocrx_word' id='word_1_825' title='bbox 3727 4810 3847 4849; x_wconf 84' lang='lat' dir='ltr'><strong>mo—</strong></span> <span class='ocrx_word' id='word_1_826' title='bbox 3906 4772 3931 4836; x_wconf 64' lang='grc' dir='ltr'>ξ</span> 
     </span>
    </p>
   </div>
   <div class='ocr_carea' id='block_1_111' title="bbox 2248 4886 3849 4962">
    <p class='ocr_par' dir='ltr' id='par_1_111' title="bbox 2248 4886 3849 4962">
     <span class='ocr_line' id='line_1_112' title="bbox 2248 4886 3849 4962; baseline -0.004 -13"><span class='ocrx_word' id='word_1_827' title='bbox 2248 4893 2465 4950; x_wconf 87' lang='lat' dir='ltr'><strong>nasterii</strong></span> <span class='ocrx_word' id='word_1_828' title='bbox 2498 4893 2679 4962; x_wconf 89' lang='lat' dir='ltr'><strong>petiit,</strong></span> <span class='ocrx_word' id='word_1_829' title='bbox 2704 4900 2759 4947; x_wconf 87' lang='lat' dir='ltr'><strong>et</strong></span> <span class='ocrx_word' id='word_1_830' title='bbox 2802 4891 3003 4947; x_wconf 88' lang='lat' dir='ltr'><strong>relictis</strong></span> <span class='ocrx_word' id='word_1_831' title='bbox 3047 4906 3166 4962; x_wconf 62' lang='lat' dir='ltr'><strong>quae</strong></span> <span class='ocrx_word' id='word_1_832' title='bbox 3195 4890 3377 4945; x_wconf 90' lang='lat' dir='ltr'><strong>mundi</strong></span> <span class='ocrx_word' id='word_1_833' title='bbox 3406 4897 3558 4955; x_wconf 89' lang='lat' dir='ltr'><strong>sunt,</strong></span> <span class='ocrx_word' id='word_1_834' title='bbox 3591 4904 3653 4944; x_wconf 82' lang='lat' dir='ltr'><strong>ex</strong></span> <span class='ocrx_word' id='word_1_835' title='bbox 3688 4886 3849 4956; x_wconf 84' lang='lat' dir='ltr'><strong>bujus</strong></span> 
     </span>
    </p>
   </div>
   <div class='ocr_carea' id='block_1_112' title="bbox 2247 4979 3848 5052">
    <p class='ocr_par' dir='ltr' id='par_1_112' title="bbox 2247 4979 3848 5052">
     <span class='ocr_line' id='line_1_113' title="bbox 2247 4979 3848 5052; baseline -0.006 -10"><span class='ocrx_word' id='word_1_836' title='bbox 2247 4987 2371 5041; x_wconf 76' lang='lat' dir='ltr'><strong>vita:</strong></span> <span class='ocrx_word' id='word_1_837' title='bbox 2400 4984 2675 5052; x_wconf 84' lang='lat' dir='ltr'><strong>naulragio</strong></span> <span class='ocrx_word' id='word_1_838' title='bbox 2706 4983 2878 5038; x_wconf 87' lang='lat' dir='ltr'><strong>nudus</strong></span> <span class='ocrx_word' id='word_1_839' title='bbox 2899 4983 3100 5049; x_wconf 87' lang='lat' dir='ltr'><strong>evasit,</strong></span> <span class='ocrx_word' id='word_1_840' title='bbox 3135 4991 3191 5036; x_wconf 90' lang='lat' dir='ltr'><strong>ut</strong></span> <span class='ocrx_word' id='word_1_841' title='bbox 3234 4982 3344 5051; x_wconf 91' lang='lat' dir='ltr'><strong>ipse</strong></span> <span class='ocrx_word' id='word_1_842' title='bbox 3372 4980 3558 5036; x_wconf 90' lang='lat' dir='ltr'><strong>scribit</strong></span> <span class='ocrx_word' id='word_1_843' title='bbox 3586 4980 3651 5033; x_wconf 90' lang='lat' dir='ltr'><strong>ad</strong></span> <span class='ocrx_word' id='word_1_844' title='bbox 3674 4979 3848 5033; x_wconf 88' lang='lat' dir='ltr'><strong>Lean-</strong></span> 
     </span>
    </p>
   </div>
   <div class='ocr_carea' id='block_1_113' title="bbox 2247 5068 3847 5146">
    <p class='ocr_par' dir='ltr' id='par_1_113' title="bbox 2247 5068 3847 5146">
     <span class='ocr_line' id='line_1_114' title="bbox 2247 5068 3847 5146; baseline -0.005 -14"><span class='ocrx_word' id='word_1_845' title='bbox 2247 5079 2400 5132; x_wconf 91' lang='lat' dir='ltr'><strong>drum</strong></span> <span class='ocrx_word' id='word_1_846' title='bbox 2444 5077 2499 5131; x_wconf 89' lang='lat' dir='ltr'><strong>in</strong></span> <span class='ocrx_word' id='word_1_847' title='bbox 2530 5075 2762 5146; x_wconf 89' lang='lat' dir='ltr'><strong>epistola</strong></span> <span class='ocrx_word' id='word_1_848' title='bbox 2791 5089 2950 5145; x_wconf 91' lang='lat' dir='ltr'><strong>quam</strong></span> <span class='ocrx_word' id='word_1_849' title='bbox 2990 5072 3139 5128; x_wconf 87' lang='lat' dir='ltr'><strong>libris</strong></span> <span class='ocrx_word' id='word_1_850' title='bbox 3177 5070 3459 5133; x_wconf 80' lang='lat' dir='ltr'><strong>Moralium</strong></span> <span class='ocrx_word' id='word_1_851' title='bbox 3498 5068 3847 5140; x_wconf 63' lang='lat' dir='ltr'><strong>praemisimus</strong></span> 
     </span>
    </p>
   </div>
   <div class='ocr_carea' id='block_1_114' title="bbox 2251 5167 2769 5226">
    <p class='ocr_par' dir='ltr' id='par_1_114' title="bbox 2251 5167 2769 5226">
     <span class='ocr_line' id='line_1_115' title="bbox 2251 5167 2769 5226; baseline -0.008 -2"><span class='ocrx_word' id='word_1_852' title='bbox 2251 5170 2429 5224; x_wconf 88' lang='lat' dir='ltr'><strong>statim</strong></span> <span class='ocrx_word' id='word_1_853' title='bbox 2448 5170 2514 5226; x_wconf 88' lang='lat' dir='ltr'><strong>ab</strong></span> <span class='ocrx_word' id='word_1_854' title='bbox 2527 5167 2769 5223; x_wconf 82' lang='lat' dir='ltr'><strong>exordio.</strong></span> 
     </span>
    </p>
   </div>
   <div class='ocr_carea' id='block_1_115' title="bbox 2322 5250 3845 5329">
    <p class='ocr_par' dir='ltr' id='par_1_115' title="bbox 2322 5250 3845 5329">
     <span class='ocr_line' id='line_1_116' title="bbox 2322 5250 3845 5329; baseline -0.009 -14"><span class='ocrx_word' id='word_1_855' title='bbox 2322 5260 2375 5316; x_wconf 86' lang='grc'><strong>6.</strong></span> <span class='ocrx_word' id='word_1_856' title='bbox 2425 5261 2729 5329; x_wconf 88' lang='lat' dir='ltr'><strong>Antequam</strong></span> <span class='ocrx_word' id='word_1_857' title='bbox 2775 5264 2955 5312; x_wconf 87' lang='lat' dir='ltr'><strong>autem</strong></span> <span class='ocrx_word' id='word_1_858' title='bbox 2990 5254 3188 5310; x_wconf 60' lang='lat' dir='ltr'><strong>saeculo</strong></span> <span class='ocrx_word' id='word_1_859' title='bbox 3235 5252 3478 5308; x_wconf 91' lang='lat' dir='ltr'><strong>nuntium</strong></span> <span class='ocrx_word' id='word_1_860' title='bbox 3523 5250 3845 5327; x_wconf 77' lang='lat' dir='ltr'><strong>remitteret,</strong></span> 
     </span>
    </p>
   </div>
   <div class='ocr_carea' id='block_1_116' title="bbox 2253 5344 3845 5423">
    <p class='ocr_par' dir='ltr' id='par_1_116' title="bbox 2253 5344 3845 5423">
     <span class='ocr_line' id='line_1_117' title="bbox 2253 5344 3845 5423; baseline -0.01 -12"><span class='ocrx_word' id='word_1_861' title='bbox 2253 5354 2319 5411; x_wconf 87' lang='lat' dir='ltr'><strong>In</strong></span> <span class='ocrx_word' id='word_1_862' title='bbox 2340 5355 2487 5410; x_wconf 84' lang='lat' dir='ltr'><strong>rebus</strong></span> <span class='ocrx_word' id='word_1_863' title='bbox 2516 5352 2741 5423; x_wconf 87' lang='lat' dir='ltr'><strong>propriis</strong></span> <span class='ocrx_word' id='word_1_864' title='bbox 2764 5365 2856 5403; x_wconf 75' lang='lat' dir='ltr'><strong>sea:</strong></span> <span class='ocrx_word' id='word_1_865' title='bbox 2877 5349 2930 5402; x_wconf 88' lang='lat' dir='ltr'><strong>iu</strong></span> <span class='ocrx_word' id='word_1_866' title='bbox 2956 5345 3141 5402; x_wconf 87' lang='lat' dir='ltr'><strong>Sicilia</strong></span> <span class='ocrx_word' id='word_1_867' title='bbox 3170 5347 3480 5401; x_wconf 85' lang='lat' dir='ltr'><strong>monasteria</strong></span> <span class='ocrx_word' id='word_1_868' title='bbox 3502 5344 3845 5416; x_wconf 79' lang='lat' dir='ltr'><strong>congregavit,</strong></span> 
     </span>
    </p>
   </div>
   <div class='ocr_carea' id='block_1_117' title="bbox 2252 5436 3847 5516">
    <p class='ocr_par' dir='ltr' id='par_1_117' title="bbox 2252 5436 3847 5516">
     <span class='ocr_line' id='line_1_118' title="bbox 2252 5436 3847 5516; baseline -0.011 -12"><span class='ocrx_word' id='word_1_869' title='bbox 2252 5457 2312 5504; x_wconf 89' lang='lat' dir='ltr'><strong>ut</strong></span> <span class='ocrx_word' id='word_1_870' title='bbox 2360 5446 2599 5516; x_wconf 80' lang='lat' dir='ltr'><strong>loquitur</strong></span> <span class='ocrx_word' id='word_1_871' title='bbox 2650 5444 2862 5498; x_wconf 86' lang='lat' dir='ltr'><strong>illorum</strong></span> <span class='ocrx_word' id='word_1_872' title='bbox 2912 5449 3213 5509; x_wconf 88' lang='lat' dir='ltr'><strong>temporum</strong></span> <span class='ocrx_word' id='word_1_873' title='bbox 3260 5439 3493 5507; x_wconf 83' lang='lat' dir='ltr'><strong>scriptor</strong></span> <span class='ocrx_word' id='word_1_874' title='bbox 3557 5436 3847 5504; x_wconf 75' lang='lat' dir='ltr'><strong>Gregorius</strong></span> 
     </span>
    </p>
   </div>
   <div class='ocr_carea' id='block_1_118' title="bbox 2252 5528 3849 5608">
    <p class='ocr_par' dir='ltr' id='par_1_118' title="bbox 2252 5528 3849 5608">
     <span class='ocr_line' id='line_1_119' title="bbox 2252 5528 3849 5608; baseline -0.008 -13"><span class='ocrx_word' id='word_1_875' title='bbox 2252 5543 2451 5597; x_wconf 86' lang='lat' dir='ltr'><strong>Turon.</strong></span> <span class='ocrx_word' id='word_1_876' title='bbox 2511 5537 2650 5608; x_wconf 85' lang='lat' dir='ltr'><strong>(Lib.</strong></span> <span class='ocrx_word' id='word_1_877' title='bbox 2703 5553 2736 5591; x_wconf 87' lang='lat' dir='ltr'><strong>x</strong></span> <span class='ocrx_word' id='word_1_878' title='bbox 2760 5576 2775 5603; x_wconf 88' lang='lat'><strong>,</strong></span> <span class='ocrx_word' id='word_1_879' title='bbox 2808 5552 2853 5588; x_wconf 89' lang='lat' dir='ltr'><strong>c.</strong></span> <span class='ocrx_word' id='word_1_880' title='bbox 2892 5534 2972 5605; x_wconf 84' lang='grc'><strong>1),</strong></span> <span class='ocrx_word' id='word_1_881' title='bbox 3018 5534 3287 5604; x_wconf 85' lang='lat' dir='ltr'><strong>septimum</strong></span> <span class='ocrx_word' id='word_1_882' title='bbox 3316 5533 3455 5602; x_wconf 79' lang='lat' dir='ltr'><strong>infra</strong></span> <span class='ocrx_word' id='word_1_883' title='bbox 3494 5530 3635 5584; x_wconf 86' lang='lat' dir='ltr'><strong>urbis</strong></span> <span class='ocrx_word' id='word_1_884' title='bbox 3668 5528 3849 5583; x_wconf 69' lang='lat' dir='ltr'><strong>Roma:</strong></span> 
     </span>
    </p>
   </div>
   <div class='ocr_carea' id='block_1_119' title="bbox 2254 5624 3847 5700">
    <p class='ocr_par' dir='ltr' id='par_1_119' title="bbox 2254 5624 3847 5700">
     <span class='ocr_line' id='line_1_120' title="bbox 2254 5624 3847 5700; baseline -0.009 -11"><span class='ocrx_word' id='word_1_885' title='bbox 2254 5652 2425 5690; x_wconf 87' lang='lat' dir='ltr'><strong>muros</strong></span> <span class='ocrx_word' id='word_1_886' title='bbox 2470 5632 2723 5695; x_wconf 83' lang='lat' dir='ltr'><strong>instituit,</strong></span> <span class='ocrx_word' id='word_1_887' title='bbox 2774 5627 2953 5700; x_wconf 85' lang='lat' dir='ltr'><strong>quibus</strong></span> <span class='ocrx_word' id='word_1_888' title='bbox 2978 5636 3173 5679; x_wconf 86' lang='lat' dir='ltr'><strong>tantam</strong></span> <span class='ocrx_word' id='word_1_889' title='bbox 3215 5624 3456 5694; x_wconf 75' lang='lat' dir='ltr'><strong>delegans</strong></span> <span class='ocrx_word' id='word_1_890' title='bbox 3479 5632 3731 5676; x_wconf 83' lang='lat' dir='ltr'><strong>terrarum</strong></span> <span class='ocrx_word' id='word_1_891' title='bbox 3760 5638 3847 5675; x_wconf 89' lang='lat' dir='ltr'><strong>co-</strong></span> 
     </span>
    </p>
   </div>
   <div class='ocr_carea' id='block_1_120' title="bbox 2252 5715 3847 5801">
    <p class='ocr_par' dir='ltr' id='par_1_120' title="bbox 2252 5715 3847 5801">
     <span class='ocr_line' id='line_1_121' title="bbox 2252 5715 3847 5801; baseline -0.011 -17"><span class='ocrx_word' id='word_1_892' title='bbox 2252 5732 2421 5800; x_wconf 84' lang='lat' dir='ltr'><strong>piam,</strong></span> <span class='ocrx_word' id='word_1_893' title='bbox 2445 5736 2638 5801; x_wconf 88' lang='lat' dir='ltr'><strong>quanta</strong></span> <span class='ocrx_word' id='word_1_894' title='bbox 2677 5725 2745 5779; x_wconf 84' lang='lat' dir='ltr'><strong>ad</strong></span> <span class='ocrx_word' id='word_1_895' title='bbox 2774 5725 2957 5778; x_wconf 81' lang='lat' dir='ltr'><strong>victum</strong></span> <span class='ocrx_word' id='word_1_896' title='bbox 2996 5721 3351 5792; x_wconf 86' lang='lat' dir='ltr'><strong>quotidianum</strong></span> <span class='ocrx_word' id='word_1_897' title='bbox 3382 5718 3709 5790; x_wconf 58' lang='lat' dir='ltr'><strong>praebendum</strong></span> <span class='ocrx_word' id='word_1_898' title='bbox 3738 5715 3847 5785; x_wconf 66' lang='grc' dir='ltr'><strong>δαίς</strong></span> 
     </span>
    </p>
   </div>
   <div class='ocr_carea' id='block_1_121' title="bbox 2255 5811 3843 5894">
    <p class='ocr_par' dir='ltr' id='par_1_121' title="bbox 2255 5811 3843 5894">
     <span class='ocr_line' id='line_1_122' title="bbox 2255 5811 3843 5894; baseline -0.011 -16"><span class='ocrx_word' id='word_1_899' title='bbox 2255 5825 2447 5894; x_wconf 83' lang='lat' dir='ltr'><strong>ﬁceret,</strong></span> <span class='ocrx_word' id='word_1_900' title='bbox 2479 5820 2677 5891; x_wconf 83' lang='lat' dir='ltr'><strong>reliqua</strong></span> <span class='ocrx_word' id='word_1_901' title='bbox 2697 5816 2942 5882; x_wconf 81' lang='lat' dir='ltr'><strong>vendidit,</strong></span> <span class='ocrx_word' id='word_1_902' title='bbox 2970 5830 3086 5871; x_wconf 87' lang='lat' dir='ltr'><strong>cum</strong></span> <span class='ocrx_word' id='word_1_903' title='bbox 3111 5814 3251 5869; x_wconf 85' lang='lat' dir='ltr'><strong>omni</strong></span> <span class='ocrx_word' id='word_1_904' title='bbox 3295 5811 3540 5884; x_wconf 66' lang='lat' dir='ltr'><strong>praesidio</strong></span> <span class='ocrx_word' id='word_1_905' title='bbox 3569 5824 3631 5863; x_wconf 85' lang='lat' dir='ltr'><strong>ac</strong></span> <span class='ocrx_word' id='word_1_906' title='bbox 3651 5822 3843 5879; x_wconf 74' lang='lat' dir='ltr'><strong>paupe~</strong></span> 
     </span>
    </p>
   </div>
   <div class='ocr_carea' id='block_1_122' title="bbox 2254 5915 2667 5987">
    <p class='ocr_par' dir='ltr' id='par_1_122' title="bbox 2254 5915 2667 5987">
     <span class='ocr_line' id='line_1_123' title="bbox 2254 5915 2667 5987; baseline -0.01 -16"><span class='ocrx_word' id='word_1_907' title='bbox 2254 5915 2396 5971; x_wconf 85' lang='lat' dir='ltr'><strong>ribus</strong></span> <span class='ocrx_word' id='word_1_908' title='bbox 2421 5915 2667 5987; x_wconf 81' lang='lat' dir='ltr'><strong>erogavit.</strong></span> 
     </span>
    </p>
   </div>
  </div>
