4138 6458
482 383 589 443 255

978 386 1035 442 S.
1076 378 1403 438 GREGOR-H
1444 375 1658 434 MAGNI
1702 375 1883 445 VITA,
1930 374 2021 430 EX
2059 370 2224 429 EJUS
2261 371 2567 428 SCRIPTIS
2610 369 3003 427 ADORNATA.
3049 367 3173 424 LIB.
3220 370 3258 427 l.

3663 368 3774 425 256

483 502 812 563 monasterio
837 500 1058 570 degere,
1110 504 1300 551 contra
1334 491 1677 549 manifestum
1706 492 1928 547 Joannis
1950 490 2071 543 Dia—
2100 488 2147 549 Α
2180 484 2435 554 Projectis
2480 500 2608 555 quas
2654 493 2833 553 sponte
2864 491 3215 553 assumpserat
3252 482 3506 551 religiosis
3546 482 3777 537 vestibus

483 599 609 655 coni
638 594 775 668 (Lib.
800 611 837 660 ι,
867 610 920 646 n.
963 591 1018 659 6)
1050 588 1415 644 testimonium
1446 587 1533 641 cui
1580 586 1717 640 infra
1758 583 2069 653 suﬂragabi-

482 707 622 747 mur.
673 687 784 744 Nec
833 683 1277 741 dissimulandum
1330 680 1697 737 doctissimum
1752 678 2069 746 scriptorem

481 783 655 839 adhuc
699 780 988 847 falli,eum
1035 775 1335 832 Pretiosum
1372 774 1619 829 abbatem
1662 772 1825 827 fuisse
1866 771 1924 826 S.
1960 772 2069 825 An-

480 874 625 931 dreae
663 871 853 928 asserit
904 885 975 926 ex
1012 869 1101 924 lib.
1137 884 1189 923 ιν
1228 868 1435 935 Dialog.
1470 882 1520 921 c.
1550 864 1650 933 55,
1684 866 1773 921 ubi
1800 864 2071 920 Prctiosus

462 980 591 1021 non
616 965 782 1020 abbas
819 961 916 1017 sed
961 962 1279 1032 praepositus
1308 960 1524 1015 dicitur.
1565 944 1755 1027 Neque
1788 959 1952 1012 etiam
1992 958 2071 1013 le-

482 1056 657 1127 gimus
683 1070 803 1126 cap.
831 1053 896 1106 21
922 1053 1163 1122 ejusdem
1189 1052 1331 1120 libri,
1354 1050 1655 1106 Valentiam
1684 1050 1849 1105 fuisse
1870 1049 2073 1118 Grego-

480 1149 549 1205 rii
578 1149 634 1204 in
661 1148 772 1203 vlta
803 1145 1099 1202 monastica
1127 1144 1488 1199 institutorem
1506 1184 1520 1209 ,
1546 1157 1666 1197 cum
1688 1141 1763 1195 -de
1788 1156 1853 1195 eo
1877 1142 1934 1195 8.
1968 1140 2074 1196 Do-

482 1247 603 1297 ctor
625 1245 835 1293 tantum
858 1238 1002 1293 dicat
1034 1254 1047 1291 :
1088 1236 1354 1290 Valentius
1374 1236 1458 1307 qui
1480 1245 1593 1306 post
1622 1238 1673 1288 in
1700 1236 1797 1287 hac
1837 1234 2074 1289 Romana

481 1331 625 1397 urbe,
655 1330 803 1397 mihi,
824 1330 957 1384 sicut
979 1329 1137 1395 nosti,
1158 1344 1268 1382 meo
1289 1344 1483 1396 quoque
1510 1328 1720 1397 praefuit
1739 1327 2071 1382 monasterio.

386 1430 389 1431 '
484 1420 642 1490 Qudd
662 1428 874 1492 spectat
895 1420 962 1475 ad
983 1418 1216 1474 Probum
1232 1419 1372 1473 inter
1392 1419 1512 1473 illos
1532 1417 1589 1473 S.
1614 1418 1841 1473 Andreae
1854 1418 2075 1473 abbates

483 1530 515 1569 a
542 1513 775 1570 Baronio
804 1518 1307 1580 commemoratum,
1336 1510 1623 1567 verisimile
1653 1518 1737 1566 est
1765 1512 1855 1565 alii
1885 1510 1941 1565 8.
1973 1511 2078 1564 An-

483 1606 627 1661 dreae
665 1603 931 1660 asceterio
961 1603 1136 1673 ipsum
1180 1600 1485 1672 praefuisse,
1514 1609 1573 1657 ut
1614 1601 1726 1671 jam
1770 1603 2075 1659 monuimus

483 1711 644 1767 supra
677 1696 731 1751 in
759 1702 887 1750 nota
917 1694 983 1749 ad
1014 1710 1166 1750 num.
1199 1693 1253 1747 6.

537 1789 742 1871 itaque
784 1789 861 1844 sic
888 1788 1100 1844 restitui
1144 1788 1306 1843 debet
1333 1790 1584 1843 abbatum
1613 1787 1670 1843 S.
1724 1790 1948 1845 Andreae
1991 1804 2077 1845 se-

2172 578 2483 632 indumentis
2505 595 2558 631 se
2587 578 2732 630 laicis
2756 577 3056 645 deturpavit.
3089 574 3204 628 Lib.
3233 591 3305 639 ix,
3332 589 3419 643 ep.
3454 574 3587 640 114,
3618 575 3781 630 habi-

2172 678 2287 723 tum
2315 669 2685 724 monachicum
2714 682 2927 721 sacram
2956 674 3161 721 vestem
3191 665 3445 734 appellat.
3468 664 3613 719 Idem
3644 682 3781 720 con-

2174 758 2350 815 ﬁcitur
2374 776 2442 815 ex
2472 761 2615 815 hom.
2644 757 2711 813 10
2740 759 2793 813 in
2824 756 3159 811 Ezechielem
3192 772 3337 809 num.
3363 755 3418 810 8.
3452 754 3611 811 Missa
3635 754 3782 813 facio

2173 854 2565 923 quamplurima
2596 851 2701 907 alia
2733 850 3062 915 testimonia,
3096 848 3149 902 in
3178 848 3370 915 quibus
3392 848 3786 904 eoacervandis

2173 927 2372 999 frustra
2399 951 2611 1013 tempus
2656 951 2908 998 tererem.

2253 1035 2319 1089 Ut
2346 1034 2604 1103 singulari
2631 1042 2802 1099 veste,
2834 1032 2909 1086 ita
2930 1040 3093 1087 etiam
3117 1039 3338 1086 tonsura
3360 1030 3595 1099 insignes
3626 1038 3787 1085 erant

2176 1128 2459 1195 monachi;
2510 1128 2653 1197 quod
2692 1126 2751 1182 S.
2801 1126 3124 1181 Benedictus
3163 1125 3309 1179 clare
3353 1125 3516 1179 docet
3566 1124 3787 1191 Regula:

2177 1238 2225 1278 c.
2260 1222 2321 1288 1,
2351 1220 2419 1275 de
2466 1218 2983 1289 pseudomonachis,
3030 1217 3213 1272 dicens
3246 1235 3257 1269 :
3294 1215 3507 1269 Mentiri
3548 1215 3658 1270 Deo
3694 1232 3787 1285 per

2180 1324 2445 1369 tonsuram
2485 1322 2785 1367 noscuntur.
2839 1311 2894 1365 ιιι
2935 1311 3100 1366 etiam
3155 1309 3356 1380 liquido
3390 1317 3603 1363 constat
3629 1323 3697 1361 ex
3721 1307 3783 1362 S.

2177 1403 2438 1472 Gregorio
2473 1405 2683 1471 libsxr,
2716 1419 2803 1472 cp.
2833 1401 2900 1456 50
2921 1445 2936 1470 ,
2984 1402 3073 1457 ubi
3104 1402 3278 1457 virum
3305 1398 3611 1469 Agathosze,
3669 1416 3787 1454 mo-

2179 1496 2411 1549 nachum
2442 1496 2554 1565 ipsa
2586 1494 2855 1549 renitente
2880 1493 3107 1558 factum,
3138 1493 3289 1548 reddi
3314 1492 3496 1562 jubet,
3552 1491 3786 1551 Etiamsi

2114 1580 2125 1589 ’
2169 1590 2285 1659 jam
2315 1598 2609 1643 tonsuratus
2632 1598 2741 1653 est;
2765 1589 2869 1643 hoc
2900 1596 3004 1657 est,
3027 1588 3239 1642 etiamsi
3267 1595 3389 1657 post
3409 1586 3789 1655 probationem

2176 1679 2286 1748 jam
2315 1688 2521 1734 vestem
2546 1680 2871 1744 mutaverit,
2907 1688 2962 1734 et
2990 1688 3267 1736 tonsuram
3310 1679 3667 1733 monasticam
3694 1692 3789 1733 ac-

2179 1771 2401 1841 ceperit.
2429 1770 2571 1839 Lege
2600 1786 2816 1840 quoque
2846 1771 2966 1825 libri
2997 1788 3033 1825 x
3080 1786 3166 1841 ep.
3198 1769 3289 1837 24,
3321 1778 3596 1824 tonsuram
3624 1769 3789 1823 etiam

484 1860 589 1937 ries
619 1899 632 1934 :
665 1881 927 1947 Hilarion,
952 1880 1249 1949 Valentius,
1268 1880 1621 1936 Maximianus
1654 1883 1671 1953 (
1702 1884 1793 1951 qui
1816 1892 1926 1936 tum
1957 1898 2078 1937 cum
2111 1886 2157 1946 Β
2184 1875 2303 1953 esse
2360 1862 2744 1953 mona‘ih‘jmm
2785 1862 3209 1953 εαῖηοδίιπωην
3256 1876 3364 1953 ³19³
3412 1860 3788 1953 βτθ¹¹¹ίξ³τψ¹¹ν

484 1972 774 2043 Gregorius
812 1973 1020 2041 legatus
1062 1981 1273 2028 creatus
1309 1983 1392 2027 est
1432 1972 1704 2028 Andriano
1746 1974 2076 2029 monasterio

485 2062 778 2139 praeerat),
823 2064 1053 2133 ipsemet
1092 2062 1384 2135 Gregorius
1416 2064 1547 2133 (qui
1573 2078 1641 2119 ex
1685 2080 1781 2119 sua
1810 2065 2079 2135 legatione

484 2170 730 2211 reversus
777 2155 1169 2210 monasterium
1211 2171 1368 2212 suum
1415 2156 1588 2221 rexit,
1640 2165 1697 2211 ut
1742 2156 1879 2211 infra
1928 2156 2078 2212 vide-

485 2246 731 2318 bimus),
762 2247 999 2333 denique
1030 2245 1224 2303 Petrus
1246 2290 1261 2314 ,
1292 2262 1399 2316 quo
1447 2247 1669 2302 sedente
1707 2257 1924 2303 sanctus
1970 2248 2069 2304 Do-

486 2351 607 2401 ctor
645 2358 771 2398 suos
824 2342 1039 2411 scripsit
1082 2342 1351 2411 Dialogos.
1409 2342 1611 2397 Verum
1662 2342 1727 2396 ad
1779 2343 2081 2411 graviorem

489 2434 646 2489 nobis
688 2448 720 2487 a
760 2432 993 2488 Baronio
1017 2442 1249 2499 motam,
1294 2432 1362 2488 de
1388 2435 1683 2489 monastico
1712 2434 1852 2503 quod
1876 2433 2083 2504 Grego-

491 2526 604 2580 rius
632 2532 870 2581 sectatus
894 2532 977 2581 est
1006 2524 1273 2590 instituto,
1303 2524 1454 2580 litem
1486 2524 1838 2581 dirimendam
1855 2524 1970 2595 jam
1991 2540 2083 2581 ve-

494 2627 721 2672 mamus.
1658 2625 1671 2641 ⁸

1105 2707 1337 2764 CAPUT
1375 2708 1462 2764 lll.

500 2798 847 2863 Anon-enm.
871 2824 932 2837 -—
956 2799 1003 2849 1.
1024 2798 1076 2848 8.
1099 2800 1327 2863 Gregorii
1352 2802 1666 2852 monachatus
1702 2804 2087 2854 indubitatus.—

566 2865 613 2912 2.
647 2862 865 2911 Monachi
910 2862 1025 2925 olim
1061 2870 1115 2911 ut
1135 2862 1264 2925 nunc
1305 2870 1445 2912 veste
1484 2865 1715 2924 peculiari
1761 2868 1997 2925 insignes.
2028 2867 2089 2917 lit

565 2932 778 2974 tonsura.
804 2949 865 2959 —
886 2926 934 2986 5.
960 2923 1153 2986 Baronii
1173 2924 1236 2974 de
1255 2923 1523 2975 monastico
1542 2926 1593 2974 S.
1625 2923 2086 2986 Gregoriiinstituto

564 2987 811 3035 sententia
832 2984 1089 3035 refellitur.
1108 3012 1169 3021 —
1191 2986 1236 3034 4.
1264 2987 1326 3036 Ει
1349 2994 1508 3036 nostra
1535 2984 1817 3038 adstruitur.
1844 2988 2033 3039 Laudes
2060 3003 2085 3037 a

562 3046 617 3111 S.
643 3048 882 3109 Gregorio
904 3048 1027 3095 datze
1048 3049 1157 3111 vitae
1182 3049 1232 3095 S.
1275 3049 1533 3097 Benedicti
1559 3058 1610 3099 et
1634 3050 1854 3111 llegulm.
1877 3078 1937 3087 —
1957 3054 2001 3100 5.
2034 3051 2090 3100 ln

566 3109 674 3169 ejus
692 3109 1403 3173 monasteriisobservabatur.
1434 3138 1494 3146 —
1517 3112 1564 3160 6.
1608 3109 1743 3160 illius
1768 3114 1918 3162 verba
1956 3125 2090 3173 saepe

568 3178 787 3233 usurpat.
811 3197 872 3205 —
895 3170 946 3220 7.
986 3170 1099 3219 Fuit
1137 3174 1290 3233 etiam
1328 3180 1589 3233 propagata
1637 3174 1687 3220 in
1720 3173 1932 3225 Valeria.
1964 3170 2087 3222 —'8.

566 3232 967 3283 Adversariorum
1007 3232 1341 3283 cavillationes
1387 3232 1676 3283 refutantur.
1710 3261 1769 3269 —-
1798 3236 1843 3283 9.
1890 3236 2090 3287 Concilii

568 3264 873 3283 μυνυιοιιιιυι
888 3264 967 3281 usu
1007 3264 1341 3283 bavuuaunuuxa
1388 3264 1676 3283 Ιυιυιειυιιιι.
1710 3264 1769 3269 ‘_
1800 3264 1843 3283 ιι.
1890 3264 2090 3287 ιιυιιυιιιι

568 3295 886 3344 Duziacensis
907 3295 971 3342 de
988 3292 1179 3352 Regula
1201 3295 1253 3343 S.
1281 3296 1535 3344 Benedicti
1563 3301 1987 3347 testimonium.——
2013 3301 2088 3348 10.
2119 3264 2167 3329 C

568 3356 712 3405 Aliud
736 3356 1102 3404 invictissimum
1124 3361 1485 3429 argumentum,
1516 3370 1542 3404 a
1563 3361 1910 3468 propagatione
1952 3360 2094 3468 huius

568 3416 775 3468 Regulae
820 3428 909 3468 per
950 3417 1001 3465 S.
1048 3417 1272 3468 Gregorii
1314 3418 1680 3468 dlSClltU|05.'—'
1755 3421 1795 3468 l.
1844 3421 2094 3468 bonnulis

567 3416 775 3477 Regulae
820 3428 909 3476 per
950 3417 1001 3465 S.
1048 3417 1272 3478 Gregorii
1314 3416 1680 3475 diseipulos.-—é-
1715 3416 1795 3469 ll.
1844 3416 2097 3473 Nonnullis

567 3479 930 3540 objectionibus
946 3480 1235 3529 occurritur.
1274 3479 1391 3541 (An.
1411 3479 1547 3543 575.)

581 3580 636 3636 1.
666 3578 983 3649 Gregorium
1011 3581 1335 3636 monachum
1365 3582 1530 3639 fuisse
1560 3599 1723 3641 nemo
1757 3586 2006 3642 cordatus
2036 3603 2102 3645 ac

508 3688 673 3731 sanus
700 3685 900 3742 negare
925 3680 1135 3743 potest,
1167 3674 1311 3744 qood
1338 3673 1407 3730 de
1432 3690 1488 3731 se
1517 3677 1679 3732 toties
1706 3678 1821 3748 ipse
1849 3679 2045 3735 clamat
2072 3688 2101 3718 ει

510 3772 625 3820 tum
654 3764 708 3819 in
747 3763 1007 3834 Dialogis,
1046 3764 1207 3821 tum-b
1252 3767 1397 3823 hom.
1427 3767 1496 3821 12
1532 3766 1587 3823 in
1615 3769 1936 3840 Evangelia,
1991 3782 2102 3827 tum

508 3855 564 3911 in
598 3865 620 3893 ο
652 3855 862 3926 praelat.
888 3855 956 3911 ad
984 3856 1152 3912 libros
1180 3856 1367 3914 Mora].
1401 3875 1497 3915 seu
1512 3862 1738 3933 epistola
1760 3864 1827 3917 ad
1856 3862 1913 3918 S.
1938 3862 2103 3919 Lean-

507 3948 697 4014 drum,
740 3949 831 4003 ubi
878 3949 1012 4003 texit
1054 3949 1335 4005 historiam
1378 3954 1746 4009 conversionis
1774 3944 1883 4011 sum
1908 3955 1997 4009 diu
2023 3956 2105 4010 di-

508 4038 631 4094 latae
649 4082 666 4109 ,
693 4039 837 4109 quod
860 4040 1185 4096 exteriorem
1220 4043 1423 4097 cultum
1452 4053 1662 4099 mutare
1690 4045 1976 4099 molestum
2003 4045 2106 4115 ipsi

506 4130 668 4200 foret,
702 4132 934 4186 maxime
956 4148 1077 4187 cum
1100 4134 1199 4188 sub
1227 4135 1470 4189 smculari
1502 4136 1688 4190 habitu
1720 4135 1831 4191 Deo
1859 4152 1917 4193 se
1946 4153 2107 4208 posse

510 4224 742 4277 militare
779 4238 887 4277 non
937 4223 1223 4279 dubitaret.
1264 4226 1370 4280 Sed
1400 4226 1603 4281 caelesti
1655 4227 1855 4283 lumine
1898 4228 2110 4286 afﬂatus

508 4330 689 4371 moras
720 4315 895 4384 rupit,
918 4315 1325 4383 monasterium
1355 4318 1538 4387 petiit,
1571 4326 1626 4372 et
1656 4334 1725 4373 ex
1764 4321 1946 4375 mundi
1975 4337 2111 4376 nau-

507 4406 681 4475 fragio
733 4406 907 4463 nudus
956 4408 1146 4463 evasit.
1178 4407 1325 4463 Idem
1374 4410 1441 4466 de
1492 4410 1583 4466 illo
1629 4411 1789 4467 docet
1818 4414 2111 4485 Gregorius

508 4496 867 4567 Turonensis,
898 4508 1212 4569 mutataque
1238 4502 1475 4572 pretiosa
1520 4514 1575 4559 et
1603 4506 1855 4561 micantia
1886 4510 2109 4578 geminis

506 4591 822 4648 indumenta
849 4594 902 4648 in
932 4593 1093 4649 vilem
1124 4595 1373 4650 vestitum
1404 4598 1648 4653 miratur.

576 4687 630 4740 2.
660 4686 735 4742 Ex
763 4688 848 4743 bis
870 4689 1001 4743 satis
1022 4689 1263 4744 innuitur
1283 4691 1606 4747 monasticas
1620 4702 1820 4761 vestes,
1850 4697 1925 4749 uti
1942 4712 2102 4765 nunc,

510 4775 637 4831 olim
669 4778 835 4832 etiam
862 4778 1024 4835 fuisse
1068 4781 1349 4837 monachis
1380 4783 1710 4851 peculiares;
1751 4802 1861 4855 quo
1904 4788 1955 4842 in
1985 4804 2106 4859 pro-

506 4866 685 4923 bando
711 4884 820 4924 non
862 4870 1211 4938 immorarer,
1244 4873 1346 4929 nisi
1394 4890 1424 4928 a
1454 4878 1721 4932 nonnullis
1751 4880 1950 4934 criticis
1980 4880 2109 4949 inje-

506 4966 625 5014 ctos
654 4976 717 5015 ea
740 4962 807 5017 de
832 4978 892 5017 re
925 4965 1204 5034 scrupulos
1232 4966 1488 5023 viderem.
1522 4968 1663 5024 Sane
1692 4970 1742 5025 id
1765 4973 1883 5027 luce
1909 4974 2108 5031 clarius

509 5064 577 5104 ex
627 5051 888 5122 Gregorio
936 5054 1290 5111 demonstrari
1322 5068 1519 5127 potest.
1570 5060 1688 5116 Lib.
1734 5080 1859 5131 Vill,
1916 5081 2000 5133 ep.
2052 5066 2103 5135 5,

505 5143 695 5197 scribit
715 5144 782 5199 de
811 5146 1069 5201 militibus
1098 5151 1407 5205 monastica:
1436 5153 1559 5208 vitae
1580 5156 1876 5213 candidatis
1902 5178 1912 5211 :
1938 5159 2103 5215 Juxta

504 5247 739 5289 normam
770 5238 1056 5307 regularem
1086 5238 1267 5293 debent
1294 5244 1347 5295 in
1380 5260 1470 5299 suo
1498 5246 1671 5301 habitu
1702 5266 1794 5319 per
1808 5253 2101 5306 Oiennium

502 5325 745 5393 probari,
784 5336 833 5380 et
875 5337 995 5381 tunc
1045 5332 1402 5388 monac/ticum
1454 5336 1681 5392 habitum
1734 5339 1844 5394 Deo
1893 5354 2101 5399 auctore

502 5418 777 5487 suscipere.
806 5417 1059 5489 Ejusdem
1082 5422 1203 5477 libri
1234 5439 1318 5494 cp.
1351 5424 1383 5479 8
1410 5445 1421 5479 :
1456 5428 1567 5482 Nec
1583 5431 1824 5499 projectis
1848 5433 2101 5505 religiosis

499 5512 737 5579 uestibus,
769 5514 839 5566 ad
867 5516 1165 5570 swcularem
1214 5522 1397 5574 reverti
1425 5522 1675 5578 habitum.
1708 5522 1840 5579 Ibid.
1886 5542 1974 5597 ep.
2017 5528 2049 5582 9
2077 5549 2090 5585 :

573 5655 597 5683 ⁸
619 5647 737 5735 Lib.
781 5652 1237 5735 rvaliialogorum
1264 5674 1284 5735 _:
1319 5661 1626 5735 quem_ipse
1657 5662 1790 5735 janr
1813 5667 2096 5721 manachus

500 5722 807 5803 monac/ium
828 5724 951 5789 vidi,
976 5732 1031 5778 et
1060 5722 1447 5803 inJimfat'._ad
1478 5722 1683 5803 Difalog'.
1704 5775 1716 5799 ,
1742 5734 1831 5788 ubi
1862 5750 2012 5791 suam
2044 5740 2097 5792 in

498 5797 827 5847 monasterio
858 5797 1321 5852 conversationem
1352 5799 1626 5857 describit.

496 5858 602 5987 vi;
628 5860 784 5916 Num-
837 5864 902 5931 7a
950 5882 1098 5934 ηαεηι
1154 5867 1262 5937 ipse
1296 5868 1413 5940 jam
1448 5876 1729 5933 monac/tus
1782 5879 2087 5933 monachum

208 6252 599 6458 Δ
857 6365 869 6375 -
2000 6452 2025 6453 ε

2183 1952 2392 2020 insigne
2418 1951 2561 2022 apud
2588 1950 2826 2021 Graecos,
2846 1952 3099 2009 discimus
3120 1969 3187 2009 ex
3210 1953 3235 1990 ά
3256 1952 3549 2009 Theodoro
3572 1951 3787 2006 Studita

2181 2032 2277 2099 lib.
2316 2060 2370 2097 x1
2401 2058 2488 2114 ep.
2521 2044 2643 2097 157.

2252 2138 2414 2209 206
2426 2137 2480 2193 5.
2497 2136 2589 2193 His
2602 2138 2837 2193 breviter
2847 2146 2901 2193 et
2916 2138 3040 2193 data
3059 2146 3263 2193 tantum
3281 2138 3569 2194 occasione
3586 2137 3778 2192 obser-

2183 2228 2342 2292 vatis,
2376 2226 2747 2297 expendamus
2778 2227 2994 2283 Baronii
3023 2228 3091 2283 de
3117 2229 3414 2284 monastico
3444 2228 3500 2283 8.
3534 2226 3785 2295 Gregorii

2184 2318 2792 2386 instituto-sententiam,
2818 2318 2970 2389 cujus
2988 2327 3265 2375 auctorem
3288 2320 3454 2375 fuisse
3478 2335 3584 2374 non
3604 2319 3661 2374 S.
3687 2318 3789 2374 Be‘

2186 2413 2459 2469 nedictum
2492 2413 2803 2479 contendit,
2844 2414 2939 2468 sed
2966 2413 3023 2469 S.
3053 2414 3356 2484 Equitium;
3388 2413 3532 2469 haud
3556 2413 3672 2481 alia
3699 2428 3791 2467 ra-

2186 2505 2335 2561 tione
2356 2522 2517 2576 quam
2538 2507 2711 2575 prima
2740 2508 2965 2576 primum
2988 2506 3046 2561 S.
3077 2507 3305 2561 Andrete
3324 2507 3561 2561 abbatem
3592 2505 3791 2561 Valen-

2188 2597 2315 2649 tiam
2330 2613 2395 2649 ea:
2413 2596 2695 2666 provincia:
2722 2595 2946 2653 Valeria:
2967 2598 3297 2660 monasterio,
3323 2598 3375 2649 in
3392 2613 3491 2667 qua
3510 2594 3570 2651 S.
3592 2593 3792 2676 Equitii

2186 2686 2389 2761 vigebat
2416 2688 2670 2741 institutio
2698 2687 2913 2756 petitum
2954 2696 3206 2759 apparet,
3253 2688 3443 2757 inquit,
3482 2704 3547 2741 ea:
3597 2682 3792 2757 duplic‘

2192 2774 2432 2846 Gregorii
2477 2778 2787 2831 testimonio.
2834 2777 3129 2832 Audiamus
3158 2793 3287 2848 ergo
3315 2778 3372 2832 S.
3408 2778 3693 2833 Doctorem
3727 2779 3794 2832 de

2189 2880 2250 2923 se
2279 2867 2588 2935 loquentem
2626 2884 2638 2919 :
2675 2866 2820 2921 Vita:
2845 2868 3151 2921 venerabilis
3192 2868 3456 2922 Valentius
3487 2866 3654 2940 [Lege
3680 2866 3792 2921 Va-

2192 2957 2426 3029 lentio],
2473 2960 2558 3030 qui
2597 2969 2711 3029 post
2748 2961 2804 3014 in
2844 2960 2939 3012 hac
2981 2959 3221 3014 Romana
3249 2962 3402 3027 urbe,
3447 2962 3612 3027 mihi,
3661 2962 3793 3015 sicut

2193 3052 2366 3114 nosti,
2401 3048 2593 3121 [Deest
2624 3048 2889 3121 meoque]
2920 3054 3237 3105 monasterio
3266 3054 3513 3123 praefuit,
3554 3053 3699 3122 prius
3732 3053 3786 3105 in

2203 3135 2429 3191 Valeria:
2451 3139 2719 3208 provincia
2742 3141 3112 3193 monasterium
3134 3157 3283 3195 suum
3315 3144 3464 3196 rexit.
3490 3140 3604 3207 Qua
3633 3142 3682 3197 vi
3700 3148 3794 3196 aut

2197 3238 2314 3283 arte
2340 3244 2407 3283 ex
2434 3229 2519 3283 liis
2548 3229 2727 3284 verbis
2768 3231 2989 3285 extundi
3017 3240 3198 3301 potest
3230 3232 3602 3289 Valentionem
3628 3233 3794 3289 luisse

2204 3321 2438 3392 primum
2462 3323 2777 3378 monasterii
2799 3322 2857 3378 S.
2888 3324 3114 3379 Andreae
3142 3324 3410 3391 abbatem,
3440 3334 3497 3380 et
3518 3326 3795 3381 instituto-
3834 3396 3835 3399 η

2199 3429 2314 3469 rem
2339 3416 2362 3469 ?
2394 3414 2532 3481 Quid
2561 3416 2649 3470 hic
2674 3416 2740 3470 de
2763 3414 2999 3485 Equitio,
3033 3415 3385 3487 Equitianove
3414 3418 3675 3483 instituto,
3708 3422 3798 3478 cui

2201 3507 2447 3562 addictus
2476 3506 2727 3563 Valentio
2768 3508 2963 3562 luerit?
2994 3509 3089 3574 At,
3124 3509 3299 3579 inquit
3328 3488 3587 3564 Baronius
3606 3552 3620 3575 ,
3650 3524 3798 3579 quaa—

2201 3600 2323 3655 dam
2354 3600 2421 3655 de
2455 3599 2510 3655 S.
2536 3598 2764 3670 iEquitio
2792 3598 3085 3671 Gregorius
3107 3610 3325 3668 narrat,
3356 3617 3473 3671 quae
3497 3616 3528 3655 a
3552 3601 3801 3658 Valentia

2202 3708 2300 3748 suo
2330 3692 2525 3747 abbate
2561 3692 2817 3748 didicisse
2871 3690 3181 3763 profitetur.
3228 3692 3397 3749 Porro
3428 3693 3704 3749 Valentius
3733 3708 3799 3748 ea

2205 3771 2448 3849 noverat,
2476 3782 2602 3837 dum
2626 3782 2680 3836 in
2707 3778 3038 3838 monasterio
3064 3782 3120 3837 S.
3149 3782 3350 3854 Equitii
3376 3783 3627 3852 degebat,
3655 3782 3799 3853 quod

2206 3874 2383 3929 solum
2412 3873 2629 3929 celebre
2667 3882 2796 3929 tunc
2825 3873 2989 3929 fuisse
3017 3875 3285 3945 reperitur
3312 3876 3366 3929 in
3408 3875 3632 3929 Valeria:
3670 3891 3801 3945 pro-

2207 3967 2401 4021 vincia.
2436 3966 2601 4033 Quasi
2634 3982 2765 4023 vero
2804 3969 2859 4025 in
2900 3968 3079 4039 aliquo
3108 3968 3283 4023 vicino
3308 3983 3403 4023 seu
3431 3968 3659 4023 Valeriae
3686 3968 3802 4023 sive

2212 4060 2451 4115 ﬁnitima:
2494 4061 2793 4132 cujuspiam
2844 4062 3081 4131 regionis
3121 4060 3371 4117 emnobio
3413 4058 3643 4130 degens,
3694 4076 3800 4116 non

2211 4154 2477 4225 potuisset
2532 4169 2694 4212 nosse
2747 4155 3071 4212 miraculum
3116 4154 3329 4223 publica
3376 4152 3518 4209 fama
3556 4152 3799 4209 dissemi-

2213 4255 2417 4301 natum.

2292 4336 2479 4405 itaque
2519 4338 2745 4408 prolatis
2774 4352 2805 4392 a
2844 4337 3079 4393 Baronio
3119 4337 3441 4393 testimoniis
3468 4328 3801 4406 nequaquam

2215 4428 2475 4497 probatur
2503 4428 2880 4485 Valentionem
2923 4429 3088 4484 fuisse
3134 4428 3192 4482 S.
3242 4427 3436 4497 Equitii
3466 4428 3799 4497 discipulum,

2214 4518 2678 4587 ejusqueinstituti
2692 4526 3037 4587 sectatorem,
3054 4519 3161 4573 imo
3174 4518 3580 4587 contrariumjex
3597 4517 3804 4571 collatis

2130 4639 2185 4700 Β
2218 4611 2359 4665 inter
2382 4626 2442 4666 se
2468 4611 2682 4667 duobus
2712 4612 2843 4667 locis
2873 4611 3109 4666 elicitur.
3141 4609 3272 4664 Nam
3304 4609 3340 4664 l.
3370 4626 3387 4664 1
3417 4609 3647 4675 Dialog.,
3675 4607 3803 4700 0.4,

2212 4699 2505 4771 Gregorius
2532 4703 2726 4758 asserit
2759 4701 3035 4771 Equitium
3081 4711 3205 4771 post
3245 4709 3477 4755 mortem
3519 4696 3807 4767 discipulos

2209 4808 2337 4847 suos
2360 4800 2592 4849 tutatum
2614 4808 2735 4849 esse
2754 4803 2944 4848 contra
2967 4792 3373 4862 Langobardos,
3400 4799 3563 4861 atque
3584 4805 3613 4843 a
3633 4797 3808 4843 morte

2208 4882 2487 4940 liberasse.
2519 4885 2589 4938 At
2616 4884 2705 4939 lib.
2748 4901 2827 4952 iV,
2865 4900 2986 4954 cap.
3014 4884 3113 4952 21,
3155 4885 3318 4941 refert
3358 4882 3736 4953 Langobardos
3778 4895 3808 4934 c

2211 4976 2540 5031 monasterio
2564 4975 2895 5031 Valentionis
2916 4974 3128 5031 abbatis
3153 4976 3289 5033 duos
3309 4974 3605 5030 monachos
3632 4974 3684 5027 in
3715 4989 3805 5027 ra-

2212 5066 2314 5121 mis
2335 5067 2545 5122 arboris
2564 5067 2925 5139 suspendisse,
2956 5067 3052 5137 qui
3074 5067 3267 5122 eodem
3289 5066 3376 5122 die
3399 5065 3635 5121 defuncti
3664 5073 3805 5118 sunt.

2216 5157 2446 5213 Aliunde
2466 5160 2598 5215 satis
2619 5161 2802 5229 liquet,
2828 5160 2953 5215 dum
2975 5158 3108 5214 dicit
3125 5158 3499 5213 Valentionem
3520 5158 3573 5211 in
3596 5156 3809 5211 Valeria

2207 5253 2355 5321 prius
2374 5254 2569 5308 rexisse
2588 5272 2736 5309 suum
2758 5254 3157 5321 monasterium,
3183 5268 3278 5323 per
3292 5269 3459 5317 suum,
3484 5251 3809 5305 intellexisse

2213 5347 2605 5402 monasterium
2632 5364 2739 5403 non
2771 5349 2838 5403 ab
2868 5346 3086 5418 Equitio
3113 5354 3204 5401 aut
3232 5347 3298 5401 ab
3325 5347 3454 5413 alio,
3485 5345 3580 5401 sed
3604 5346 3670 5399 ab
3695 5345 3810 5414 ipso

2218 5431 2541 5493 Valentione
2573 5440 2885 5507 conditum;
2918 5456 3025 5511 quo
3066 5454 3231 5495 sensu
3274 5455 3419 5493 suum
3446 5452 3659 5509 semper
3689 5435 3811 5491 dicit

2209 5526 2268 5586 S.
2294 5529 2523 5588 Andreae
2547 5530 2850 5587 Romanum
2872 5531 3218 5589 asceterium.
3248 5530 3495 5585 iudicent
3518 5544 3646 5599 ergo
3673 5528 3810 5597 :equi

2282 5669 2877 5739 él’ortttmtnoitastenii
2924 5671 3078 5737 petii,
3132 5680 3240 5739 etc.

2282 5738 2308 5820 (ξ
2334 5740 2399 5793 Et
2420 5741 2555 5820 quot!
2578 5740 2878 5820 stupendum
2905 5734 3068 5820 magis
3086 5782 3100 5805 ,
3131 5734 3307 5805 inquit
3325 5779 3338 5803 ,
3372 5736 3485 5819 qui,
3525 5734 3661 5808 quod
3688 5736 3808 5789 soli<

2210 5813 2358 5871 tariw
2386 5810 2503 5865 vita:
2522 5810 2740 5882 insigne,
2767 5812 3007 5882 detonsus
3031 5810 3811 5882 fueras..Lpromissantrursus

2208 5899 2407 6011 comggt
2436 5884 2551 5939 alas
2571 5877 2836 5937 in'morem
2861 5877 3237 5939 Eremitatzum.
3261 5877 3404 5940 Vide
3424 5880 3586 5938 etiam
3608 5877 3701 5947 lib.
3729 5891 3805 5947 ιι,

2208 5968 2292 6011 en.
2399 5992 2411 6008 .

2205 5968 2292 6014 ΘΠ.
2326 5968 2411 6011 δυ.
