4138 6466
1042 332 1100 388 8.
1143 324 1479 386 GREGORII
1518 321 1735 381 MAGNI
1775 318 1960 385 VITA,
2004 314 2097 371 EX
2135 310 2298 369 BJUS
2341 306 2642 365 SCRIPTlS
2682 301 3086 363 ADORNATA.
3127 298 3259 356 LIB.
3301 296 3346 355 1-

3725 294 3844 357 960

543 458 655 513 itur
695 454 765 511 ad
789 451 957 508 Deum
984 456 1039 503 ut
1064 449 1197 503 sciat
1236 444 1306 498 ad
1343 441 1479 514 quod
1517 442 1712 506 intrat;
1758 452 1882 509 quae
1918 449 2036 505 cap.
2073 430 2141 486 58
2172 434 2226 497 Α
2249 429 2291 484 Β
2321 434 2529 483 tantum
2569 424 2905 479 observetur.
2954 416 3271 486 Quanquam
3319 411 3427 468 hoc
3465 423 3665 489 nomen
3707 410 3846 468 Ber-

548 548 681 618 Reg.
708 543 932 601 totidem
959 541 1071 595 fere
1095 536 1273 592 verbis
1301 540 1536 589 exstant.
1568 531 1834 587 Caeterum
1862 541 2139 584 commen-

549 640 743 697 torium
770 636 917 691 illum
946 629 1210 700 Gregorio
1230 626 1506 683 vindicare
1534 631 1591 679 et
1618 636 1861 679 asserere
1886 620 1993 676 hoc
2016 618 2139 675 loco

546 725 879 800 superﬂuum
916 722 1074 788 foret,
1106 734 1229 774 cum
1258 717 1312 773 id
1339 718 1393 772 in
1422 714 1734 787 praefatione
1764 712 1960 784 praevia
2000 724 2141 781 prse-

546 821 858 881 stiterimus.
883 815 1067 884 Neque
1098 821 1279 867 tamen
1307 809 1513 865 inﬁcias
1550 807 1724 876 imus,
1749 805 1929 873 aliqua
1959 816 2079 856 esse
2107 816 2140 857 a

545 912 771 971 Claudio
800 911 996 966 abbate
1034 906 1251 971 addita;
1293 902 1389 959 sed
1430 902 1476 957 si
1515 901 1651 956 velis
1679 912 1801 969 quae.
1829 912 1899 952 ex
1930 893 2138 963 Regula

545 1005 603 1060 S.
652 1000 930 1058 Benedicti
977 998 1296 1069 deprompta
1344 999 1500 1058 sunt,
1544 988 1773 1045 Claudio
1813 985 2137 1052 tribuenda,

546 1095 687 1151 idem
709 1099 955 1164 superest
981 1095 1355 1159 argumentum
1379 1085 1447 1140 de
1474 1083 1823 1138 Benedictina
1854 1078 2057 1148 Regula
2083 1078 2140 1133 in

549 1185 883 1242 monasterio
924 1182 981 1238 S.
1034 1180 1263 1235 Andrem
1310 1184 1528 1246 recepta
1579 1172 1775 1229 nostris
1822 1168 2142 1224 adversariis

548 1275 973 1332 dissolvendum.
1017 1272 1277 1328 Nimirum
1308 1269 1465 1339 hujus
1494 1266 1741 1323 asceterii
1768 1265 2013 1318 alumnus
2042 1259 2142 1315 fuit

551 1368 837 1432 Claudius,
888 1373 945 1421 et
981 1364 1081 1420 sub
1107 1362 1315 1417 abbatis
1340 1360 1583 1429 Gregorii
1629 1356 1906 1425 disciplina
1934 1353 2141 1424 positus

550 1466 839 1528 exceperat
864 1472 985 1527 qua:
1026 1463 1243 1509 sanctus
1269 1460 1421 1523 pater
1451 1451 1517 1505 de
1547 1449 1697 1503 libris
1733 1446 1938 1514 Regum
1969 1444 2141 1498 disse-

549 1558 737 1606 ruerat
754 1558 811 1605 et
830 1555 1180 1619 exposuerat,
1212 1552 1273 1600 ut
1300 1545 1415 1614 ipse
1445 1550 1671 1597 testatur
1697 1540 1789 1593 lib.
1815 1554 1907 1601 xu,
1936 1552 2022 1606 ep.
2048 1533 2140 1589 Ἃ.

552 1644 610 1698 Si
656 1644 836 1711 itaque
884 1640 1139 1696 Claudius
1186 1636 1244 1693 8.
1286 1634 1533 1705 Gregorii
1575 1634 1749 1704 ﬁlius,
1793 1630 1892 1684 sub
1938 1626 2142 1695 Regula

553 1732 611 1789 8.
644 1731 918 1787 Benedicti
945 1731 998 1785 in
1026 1728 1319 1783 Andreano
1346 1724 1678 1782 monasterio
1706 1719 1971 1787 militarit,
2010 1714 2143 1786 quid

554 1824 620 1879 de
644 1831 794 1893 patre
824 1820 1201 1877 sentiendum?

626 1915 679 1968 7.
706 1911 763 1965 2°
789 1911 908 1967 Jam
936 1927 1066 1967 vero
1099 1918 1158 1965 ut
1199 1910 1373 1981 ipsum
1402 1905 1667 1977 opinionis
1704 1901 1923 1958 Baronii
1953 1899 2147 1955 funda-

555 2011 796 2059 mentum
849 2002 1252 2067 convellamus,
1305 1997 1640 2070 prohandum
1696 2002 1779 2049 est
1834 1994 1887 2047 in
1932 1991 2147 2047 Valeria

554 2100 905 2164 propagatam
934 2092 1101 2145 luisse
1129 2090 1187 2145 8.
1212 2088 1490 2145 Benedicti
1520 2086 1809 2155 Regulam;
1844 2086 1952 2138 imo
1976 2084 2147 2138 solam

555 2184 641 2240 hic
669 2185 904 2255 viguisse
932 2184 1149 2254 quando
1185 2198 1249 2237 ea
1288 2182 1341 2236 in
1372 2181 1648 2252 provincia
1677 2178 1925 2233 Valentio
1954 2192 2147 2233 mona-

554 2278 776 2333 sterium
798 2276 1039 2346 regebat.
1072 2273 1128 2329 Id
1150 2283 1329 2329 autem
1350 2273 1499 2328 clare
1518 2272 1919 2328 demonstratur
1942 2286 2008 2325 ex
2031 2270 2146 2337 epi-

556 2367 694 2423 stola
715 2365 962 2420 Fundani
986 2364 1196 2419 abbatis
1218 2364 1283 2417 ad
1306 2361 1658 2431 Simplicium,
1684 2360 1901 2415 tertium
1923 2357 2020 2414 aS.
2044 2358 2149 2413 Be-

557 2458 773 2539 nedicto
797 2456 1103 2539 Casinensis
1125 2454 1439 2510 monasterii
1457 2454 1706 2507 abbatem
1734 2452 1964 2521 scripta;
1989 2465 2152 2519 quam

558 2530 900 2603 Mabillonius
929 2530 1146 2602 exhibet
1190 2548 1451 2616 integram
1494 2545 1549 2599 in
1597 2544 1803 2614 puniat.
1846 2544 1911 2596 ad
1943 2541 2153 2597 Tom.I

560 2640 682 2694 Act.
712 2638 1057 2704 Sanctorum,
1088 2654 1151 2694 ac
1170 2638 1365 2693 iterum
1394 2643 1697 2708 propugnat
1721 2634 1915 2689 Annal.
1949 2634 2149 2690 Bened.

562 2731 656 2787 lib.
697 2748 782 2797 vr,
823 2747 970 2786 num.
1003 2730 1058 2786 2.
1104 2730 1325 2786 Summa
1365 2730 1607 2801 epistola”:
1644 2738 1755 2791 est,
1804 2742 1870 2789 eo
1908 2736 2155 2797 tempore

562 2825 735 2878 omnia
756 2820 1076 2894 Campaniae,
1108 2823 1363 2889 Samnite,
1395 2822 1631 2885 Valeriae,
1659 2820 1879 2888 Tusciae,
1906 2818 2151 2891 Ligurice,

561 2927 609 2967 et
635 2913 862 2967 aliarum
900 2912 1078 2968 Italia:
1122 2916 1500 2984 provinciarum
1533 2915 1876 2979 monasteria,
1923 2912 2157 2967 dimissis

564 3005 924 3075 peculiaribus
971 3004 1228 3075 Regulis,
1273 3006 1673 3061 Benedictinam
1711 3020 1928 3061 servare
1965 3005 2155 3060 decre-

565 3096 722 3152 visse.
756 3094 907 3152 Hanc
932 3097 1215 3167 epistolam
1246 3098 1299 3151 in
1325 3097 1512 3153 codice
1537 3112 1699 3151 manu
1719 3106 1944 3151 exarata
1967 3095 2157 3165 explo-

2244 530 2392 587 nart,
2434 534 2466 574 a
2494 518 2673 587 lingua
2701 514 3001 571 Gothorum
3036 525 3143 565 non
3178 508 3404 562 multum
3433 505 3731 561 abhorrere
3760 505 3845 561 vi-

2242 617 2455 681 deatur,
2487 613 2542 667 in
2570 626 2676 680 qua
2704 609 2871 662 multa
2900 603 3244 675 reperiuntur
3272 598 3568 654 desinentia
3604 597 3657 651 in
3688 597 3835 662 hart,

2240 720 2470 775 quorum
2497 713 2523 740 ⁸
2552 701 2702 755 varia
2750 695 2997 766 exempla
3046 693 3264 748 exhibet
3305 688 3636 757 Smaragdus
3673 687 3848 743 abbas

2243 794 2626 853 Commentarii
2647 794 2701 847 in
2720 789 2989 846 Donatum
3018 786 3110 840 lib.
3144 800 3201 849 ιι,
3229 797 3347 851 cap.
3378 781 3463 833 10.
3490 779 3602 834 Nec
3624 780 3843 844 mirum,

2242 897 2527 961 postquam
2548 869 2713 941 Gothi
2740 884 2830 938 diu
2850 879 3057 937 Italiam
3079 881 3505 946 occupaverunt,
3538 872 3749 940 aliquos
3770 885 3845 925 ex

2243 979 2331 1033 illa
2361 986 2523 1048 gente
2546 988 2840 1032 conversos
2866 973 2921 1027 in
2950 968 3118 1025 Italiae
3145 964 3508 1028 monasteriis,
3541 969 3849 1033 posteaque

2243 1071 2464 1127 abbates
2491 1068 2679 1124 factos.
2711 1065 2779 1119 Et
2806 1064 3022 1134 quidem
3045 1077 3119 1117 vn
3148 1059 3345 1115 smculo
3377 1058 3517 1112 inter
3554 1054 3849 1125 episcopos

2244 1164 2641 1220 Cremonenses
2693 1173 2829 1213 unus
2881 1162 3193 1211 recensetur
3240 1148 3546 1205 Bernardus
3601 1144 3848 1209 nomine,

2242 1256 2409 1311 Italia:
2436 1268 2604 1309 sacra:
2634 1260 2781 1305 tomo
2816 1247 2905 1303 IV.
2940 1245 3095 1313 Quod
3121 1249 3329 1313 spectat
3356 1240 3423 1294 ad
3460 1238 3603 1292 aliud
3643 1250 3849 1292 nomen

2247 1355 2305 1401 ut
2340 1347 2431 1401 illo
2462 1343 2661 1398 saeculo
2692 1340 2929 1395 insolens
2953 1353 2982 1390 a
3004 1334 3255 1389 Gallonio
3285 1338 3530 1385 notatum
3572 1324 3729 1397 Hugo
3759 1324 3850 1379 vel

2251 1440 2396 1513 Ugo,
2428 1438 2641 1493 videtur
2671 1436 2831 1489 etiam
2858 1430 3147 1487 Gothicam
3178 1424 3443 1494 originem
3488 1429 3580 1476 aut
3608 1418 3850 1473 Theodi-

2246 1511 2392 1590 scam
2420 1546 2518 1583 seu
2543 1526 2922 1584 Germanicam
2946 1520 3187 1577 redolere
3212 1536 3224 1571 :
3257 1515 3389 1570 nihil
3418 1514 3562 1569 enim
3594 1511 3851 1580 frequen-

2248 1626 2352 1681 tius
2394 1625 2535 1678 inter
2562 1622 2681 1676 illas
2720 1612 3173 1688 septentrionales
3200 1618 3419 1678 gentes,
3467 1622 3695 1677 quarum
3739 1618 3852 1657 una

2248 1720 2400 1787 origo
2426 1724 2539 1781 est,
2576 1711 2840 1775 occurrit,
2882 1722 3047 1777 quam
3072 1702 3335 1760 vocabula
3365 1702 3419 1755 in
3451 1697 3565 1752 God
3597 1696 3683 1751 vel
3713 1694 3853 1749 Cotl-

2177 1827 2224 1887 Β
2251 1810 2521 1867 cadentia.
2548 1806 2734 1875 Neque
2754 1802 2971 1856 aliunde
2996 1800 3065 1853 ob
3096 1811 3257 1853 unam
3281 1792 3525 1849 voculam
3548 1790 3733 1845 debuit
3760 1789 3853 1842 in-

2255 1912 2462 1971 tegram
2504 1896 2818 1968 epistolam,
2868 1893 2922 1947 in
2951 1888 3314 1959 suspicionem
3351 1882 3551 1937 fraudis
3580 1880 3855 1934 adducere

2251 1968 2560 2055 Gallonius,
2601 2001 2723 2041 cum
2753 1982 2989 2051 alioquin
3018 1981 3131 2050 ipse
3156 1978 3361 2047 primus
3389 1972 3616 2029 ediderit
3644 1986 3712 2025 ex
3738 1968 3853 2024 Va-

2251 2087 2429 2143 ticano
2469 2082 2655 2138 codice
2692 2078 2953 2149 quosdam
2984 2088 3171 2129 versus
3201 2071 3271 2125 de
3313 2077 3501 2124 nostro
3541 2064 3855 2135 Simplicio,

2250 2180 2342 2250 qui
2370 2174 2652 2231 manifeste
2677 2174 2875 2227 docent
2903 2182 3026 2223 eum
3048 2164 3107 2220 8.
3134 2161 3413 2219 Benedicti
3438 2158 3699 2229 Regulam
3725 2172 3855 2228 pro-

2252 2248 2473 2342 pagasse
2500 2270 2556 2322 in
2586 2280 2783 2321 omnes.
2832 2262 2906 2315 De
2947 2259 3029 2314 his
3058 2255 3335 2321 versibus,
3376 2259 3439 2306 ut
3478 2250 3545 2305 de
3587 2256 3701 2303 toto
3744 2248 3857 2301 hoc

2254 2341 2600 2434 argumento,
2652 2360 2772 2428 lege
2814 2354 3016 2410 Mabill.
3074 2359 3210 2408 tum.
3258 2348 3303 2404 ll
3345 2346 3693 2414 Analect.,p.
3742 2341 3857 2396 200

2253 2465 2309 2511 et
2336 2468 2450 2522 seq.

2325 2545 2378 2601 9.
2409 2546 2470 2600 5°
2502 2541 2743 2598 Tametsi
2762 2539 3037 2609 disputare
3064 2550 3171 2591 non
3200 2541 3284 2590 est
3312 2531 3526 2586 animus
3545 2529 3611 2583 de
3630 2526 3859 2595 vulgato

2256 2636 2574 2694 Sublacensi
2594 2632 2907 2705 privilegio,
2935 2645 3044 2701 quo
3073 2628 3225 2682 aiunt
3250 2625 3310 2681 S.
3340 2622 3657 2694 Gregorium
3680 2620 3733 2674 in
3759 2634 3859 2689 sy-

2257 2729 2400 2785 nodo
2430 2726 2691 2795 Regulam
2722 2722 2781 2778 S.
2813 2720 3089 2777 Benedicti
3131 2716 3511 2782 conﬁrmasse,
3559 2712 3861 2767 observan-

2258 2823 2488 2891 damque
2508 2816 2790 2873 monachis
2821 2813 3070 2868 omnibus
3098 2812 3150 2865 in
3173 2808 3414 2865 Ecclesia
3437 2806 3622 2860 Latina
3649 2816 3863 2875 propo—

2260 2915 2432 2970 suisse
2461 2930 2475 2965 :
2509 2911 2561 2965 id
2582 2916 2731 2965 certe
2753 2923 2784 2960 a
2804 2905 3146 2961 sanctissimo
3176 2915 3315 2971 papa
3345 2900 3547 2953 factum
3568 2892 3867 2963 aliquando

2262 3009 2512 3063 dubitare
2530 3006 2617 3058 vix
2644 3015 2952 3073 possumus,
2982 3004 3105 3067 post
3134 2994 3465 3050 luculentum
3486 2989 3616 3045 illud
3640 2984 3865 3041 concilii

2263 3096 2608 3155 Duziacensis
2636 3111 2673 3149 ιι
2705 3092 2829 3165 (An.
2853 3090 2983 3158 874)
3018 3086 3389 3143 testimonium
3418 3098 3538 3152 cap.
3558 3080 3622 3132 7:
3654 3078 3867 3131 Eadem

567 3189 704 3242 ravit
724 3188 899 3244 Lucas
919 3187 1225 3245 Holstenius
1246 3190 1506 3255 eruditus,
1530 3190 1870 3245 bibliotheca!
1884 3188 2159 3246 Vaticana:
2185 3200 2229 3262 ρ
2265 3190 2465 3263 Regula
2494 3187 2582 3258 (8.
2620 3180 2931 3253 Benedicti)
2963 3190 3143 3235 sancto
3174 3178 3373 3248 Spiritu
3404 3174 3731 3247 promulgata
3750 3212 3765 3234 ,
3805 3178 3871 3223 et

570 3280 884 3353 praefectus,
933 3295 1141 3350 suoque
1196 3283 1406 3338 calculo
1454 3283 1848 3352 comprobavit.
1900 3281 2159 3337 Eumdem

571 3368 816 3425 codicem
866 3372 1135 3427 recensuit
1182 3387 1395 3443 quoque
1443 3373 1816 3440 Mabillonius,
1868 3388 1969 3429 nec
2026 3374 2160 3429 ullas

572 3459 774 3518 lraudis
817 3470 975 3519 notas
1003 3464 1325 3520 observavit.
1368 3464 1508 3535 Ergo
1537 3466 1703 3536 paulo
1734 3476 1857 3536 post
1898 3465 1956 3521 8.
1985 3465 2161 3521 Bene-

574 3555 702 3611 dicti
731 3555 937 3612 obitum
966 3560 1293 3613 monasteria
1323 3559 1483 3613 etiam
1514 3558 1769 3624 Valeriae,
1800 3558 1901 3614 etsi
1934 3558 2163 3613 fortasse

575 3649 723 3720 prius
761 3651 829 3706 ab
860 3649 1076 3720 Equitio
1123 3651 1394 3718 instituta,
1444 3650 1769 3706 sanctissimi
1816 3649 2162 3719 Legislatoris

576 3739 834 3812 Regulam
863 3743 1226 3798 sectabantur.
1260 3742 1371 3799 Nec
1407 3744 1603 3798 mirum
1632 3758 1696 3798 ea
1726 3743 1970 3799 cmnobia
1991 3783 2006 3808 ,
2038 3742 2160 3810 qui-

576 3834 671 3888 bus
696 3834 753 3888 S.
773 3833 1018 3903 Equitius
1037 3834 1239 3889 nullam
1262 3842 1463 3890 certam
1493 3835 1750 3904 Regulam
1774 3834 2163 3903 assignaverat,

573 3935 761 3997 postea
790 3926 934 3981 illam
959 3926 1338 3982 Monac/torum
1372 3927 1623 3999 Regulam
1644 3927 1951 3981 discretione
1980 3926 2166 3995 praeci-

577 4035 733 4088 puam
779 4019 1139 4089 assumpsisse.
1190 4019 1303 4074 Imo
1346 4021 1525 4089 potius
1564 4019 1821 4073 miraculo
1862 4018 2167 4088 proximum

578 4107 882 4176 videretur,
914 4107 973 4162 S.
1005 4108 1283 4164 Benedicti
1312 4108 1607 4177 Regulam,
1639 4123 1756 4178 quae
1782 4109 1965 4162 statim
1995 4123 2058 4163 ac
2085 4115 2169 4163 est

580 4197 828 4261 condita,
876 4199 931 4252 in
969 4199 1251 4254 duodecim
1282 4200 1621 4255 monasteriis
1651 4199 1880 4255 Sublaco
1908 4200 2168 4270 proximis

581 4290 867 4344 observata
892 4298 994 4355 est,
1020 4301 1207 4361 postea
1226 4292 1378 4347 brevi
1404 4292 1661 4361 temporis
1682 4291 1962 4347 intervallo
1989 4291 2042 4345 in
2064 4290 2170 4345 Ca-

582 4378 783 4435 sinensi
813 4388 868 4435 et
895 4380 1269 4439 Terracinensi
1299 4383 1557 4438 cmnobiis
1580 4382 1848 4447 instituta,
1888 4383 2061 4436 adhuc
2088 4381 2170 4436 vi-

583 4480 742 4529 vente
770 4472 827 4529 S.
858 4472 1170 4538 Benedicto,
1184 4476 1236 4529 in
1267 4475 1448 4530 Sicilia
1474 4482 1530 4529 et
1556 4475 1717 4545 paulo
1748 4484 1869 4546 post
1899 4476 1951 4529 in
1983 4474 2171 4530 Galliis

2262 3260 2435 3337 laudis
2475 3276 2784 3331 auctoritate
2813 3272 2951 3326 beati
2977 3285 3126 3342 papa:
3153 3266 3391 3339 Gregorii
3420 3266 3550 3319 inter
3578 3260 3871 3314 canonica:

2263 3373 2548 3442 scripturas
2603 3375 2653 3422 et
2704 3365 3077 3420 catholicorum
3126 3360 3393 3416 doctorum
3449 3356 3640 3424 scripta
3696 3353 3872 3407 teneri

2267 3441 2475 3519 decreta
2500 3467 2597 3515 est.
2632 3458 2788 3525 Quod
2811 3471 2933 3512 eum
2962 3453 3155 3509 relerri
3197 3467 3304 3507 non
3334 3450 3503 3520 possit
3541 3446 3608 3500 ad
3636 3459 3757 3513 cap.
3792 3441 3874 3495 56

2266 3559 2361 3614 lib.
2390 3574 2427 3612 ιι
2454 3555 2803 3623 Dialogorum
2826 3549 2951 3620 (etsi
2974 3548 3117 3601 enim
3140 3544 3344 3614 Regula
3365 3542 3424 3597 S.
3453 3537 3725 3596 Benedicti
3754 3535 3875 3590 hoc

2268 3645 2521 3701 laudetur
2550 3643 2671 3697 loco
2689 3683 2707 3710 ,
2750 3639 2955 3694 nullum
2985 3644 3167 3692 tamen
3194 3634 3269 3689 ibi
3290 3633 3357 3688 de
3385 3647 3449 3687 ea
3474 3631 3747 3684 decretura
3783 3625 3873 3680 le-

2268 3738 2459 3810 gitur),
2487 3750 2551 3791 ea
2568 3735 2634 3790 de
2659 3748 2717 3788 re
2743 3730 3141 3802 S.lGregorium
3164 3728 3219 3782 in
3239 3725 3442 3797 synodo
3466 3722 3698 3779 edixisse
3718 3732 3874 3789 pene

2271 3837 2507 3888 constat.
2528 3827 2756 3884 Accedit
2775 3821 3036 3880 Bonifacii
3058 3820 3125 3876 IV
3147 3830 3203 3875 et
3224 3817 3436 3875 concilii
3457 3815 3617 3871 Rom.
3638 3828 3727 3867 an.
3760 3810 3875 3865 610

2271 3922 2584 3979 auctoritas.
2632 3919 2765 3973 Cum
2791 3916 2937 3971 enim
2968 3911 3195 3968 clericos
3222 3910 3363 3965 inter
3388 3916 3443 3962 et
3471 3903 3770 3961 monachos
3801 3902 3877 3957 de

2272 4015 2469 4071 muniis
2496 4008 2880 4069 ecclesiasticis
2910 4014 3031 4061 orta
3055 3997 3612 4065 esset'controversia,
3640 3991 3872 4047 Bonifa—

2272 4110 2389 4167 cius
2413 4115 2469 4162 et
2498 4104 2689 4177 synodi
2718 4103 2906 4157 Patres
2926 4114 2994 4153 ex
3021 4095 3228 4165 Regula
3252 4092 3311 4148 S.
3337 4088 3643 4151 Benedicti,
3673 4091 3877 4154 utpote

2271 4202 2382 4271 jam
2412 4200 2553 4254 inter
2592 4195 2848 4251 canonica
2888 4191 3089 4259 scripta
3124 4184 3380 4242 Ecclesia:
3419 4188 3623 4239 statuto
3670 4177 3876 4244 relata,

2274 4295 2423 4349 litem
2451 4287 2745 4343 ﬁniendam
2794 4284 2957 4355 208
2999 4285 3355 4343 censuerunt,
3400 4274 3879 4336 decreveruntque

2276 4383 2571 4441 monachos
2599 4395 2631 4433 a
2668 4377 2840 4432 sacris
2873 4371 3185 4427 ministeriis
3217 4383 3324 4423 non
3352 4363 3649 4421 arcendos:
3684 4358 3880 4429 Neque

2278 4478 2435 4541 enim,
2468 4470 2641 4542 inquit
2666 4466 2934 4539 pontifex,
2965 4460 3297 4524 Benedictus,
3322 4455 3690 4511 monachorum
3717 4465 3876 4520 pra:-

583 4564 951 4633 disseminata,
982 4566 1050 4620 ab
1076 4565 1323 4637 Hispanis
1350 4566 1586 4635 expetita
1616 4575 1672 4620 et
1697 4566 1868 4631 culta;
1902 4581 2071 4635 usque
2098 4563 2170 4619 ad
2196 4586 2251 4645 D
2276 4574 2470 4638 ceptor,
2502 4562 2654 4633 hujus
2684 4561 2758 4614 rei
2786 4558 2956 4628 aliqua
2986 4552 3138 4608 modo
3169 4552 3266 4623 {uit
3290 4548 3614 4603 interdictor.

583 4665 827 4726 tempora
856 4656 913 4712 S.
940 4656 1185 4726 Gregorii
1215 4657 1268 4711 in
1310 4658 1585 4727 provincia
1613 4656 1838 4711 Valeriae
1867 4672 1974 4711 non
2009 4657 2169 4725 longe

585 4762 615 4800 a
641 4747 876 4804 Sublaco
915 4748 1130 4813 dissita,
1176 4748 1504 4817 incognitam
1535 4756 1589 4803 et
1622 4749 1919 4817 neglectam
1948 4762 2171 4818 prorsus

589 4836 781 4902 fuisse;
830 4840 906 4894 ita
945 4848 1003 4894 ut
1044 4840 1121 4895 sic
1159 4855 1385 4910 arguere
1417 4854 1537 4896 cum
1568 4839 1799 4895 Baronio
1838 4841 2031 4895 liceat:
2062 4839 2170 4895 Va-

588 4930 755 4985 lentia
800 4932 852 4986 in
896 4932 1110 4987 Valeria
1150 4934 1447 4989 monachus
1492 4941 1547 4987 et
1583 4934 1748 4988 abbas
1791 4933 1919 4999 fuit;
1970 4947 2098 5003 ergo
2138 4947 2171 4988 a

590 5019 650 5078 S.
682 5020 957 5078 Benedicti
986 5022 1190 5093 legibus
1219 5040 1437 5094 prorsus
1463 5024 1632 5094 liber,
1681 5025 1836 5079 alteri
1876 5040 2036 5095 quam
2070 5024 2171 5079 Be-

592 5114 872 5170 nedictinze
900 5113 1116 5181 Regulae
1145 5116 1384 5185 parebat.

663 5207 717 5262 8.
761 5204 887 5261 Scio
934 5204 1240 5261 Gallonium
1269 5208 1535 5278 opinionis
1565 5207 1783 5263 Baronii
1830 5214 2174 5277 assertorem,

593 5298 661 5354 de
697 5297 941 5369 epistola:
981 5296 1222 5353 Fundani
1266 5298 1477 5353 abbatis
1523 5298 1833 5354 sinceritate
1881 5298 2176 5370 dubitasse,

593 5391 718 5460 quia
740 5389 997 5445 Bernardi
1017 5397 1071 5444 et
1089 5389 1138 5443 Il
1150 5391 1330 5462 ugonis
1354 5389 1589 5455 nomina,
1618 5390 1740 5455 hoc,
1770 5390 1958 5459 inquit,
1982 5390 2177 5445 smculo

594 5485 777 5556 ignota
799 5484 854 5539 in
880 5499 942 5539 ea
966 5484 1455 5555 deprehenduntur.
1490 5483 1560 5537 At
1581 5483 1837 5539 Bernardi
1859 5502 2050 5541 nomen
2076 5486 2179 5541 hac

595 5576 650 5631 in
671 5576 898 5648 epistola
926 5591 1033 5631 non
1064 5579 1230 5647 magis
1255 5577 1572 5646 exprimitur
1600 5591 1760 5646 quam
1787 5577 1871 5632 vel
1898 5577 2182 5634 Bartholo—

597 5670 743 5736 uisci,
774 5670 862 5726 vel
889 5670 1175 5739 Barnabas,
1208 5679 1311 5726 etc.
1350 5670 1483 5726 Cum
1515 5671 1657 5726 vocis
1683 5670 1978 5727 decurtata:
2005 5672 2182 5728 littera

675 5844 700 5871 α
729 5833 807 5891 Ea
830 5835 948 5906 lege
969 5843 1102 5892 tom.
1126 5836 1171 5891 ll
1188 5836 1429 5893 Analect.
1448 5834 1676 5907 Mabill.,
1694 5852 1749 5909 p.
1774 5834 1917 5893 422..

2354 4656 2441 4712 10.
2473 4655 2528 4708 4ο
2562 4653 2719 4708 Aliud
2741 4656 2990 4721 superest
3018 4651 3417 4715 argumentum,
3448 4640 3609 4707 idque
3634 4634 3883 4690 invictis-

2280 4752 2496 4817 simum,
2518 4746 2658 4817 quod
2686 4745 2888 4816 petitur
2915 4757 2983 4797 ex
3003 4735 3437 4810 promulgatione
3458 4729 3676 4800 Regulae
3696 4726 3884 4782 Bene-

2280 4845 2493 4901 dictinze
2535 4842 2587 4895 in
2627 4838 2817 4907 Anglia
2845 4852 2943 4907 per
2969 4831 3265 4888 monachos
3295 4826 3526 4883 Romani
3552 4823 3609 4878 S.
3642 4821 3885 4875 Andreae

2280 4933 2595 4992 monasterii
2622 4947 2652 4986 a
2676 4928 2938 4998 Gregorio
2964 4926 3156 4995 Magno
3196 4921 3386 4977 missos
3410 4936 3425 4987 ;
3473 4927 3529 4971 at
3558 4914 3683 4970 illud
3713 4913 3886 4968 alteri

2279 5029 2405 5084 loco
2453 5038 2830 5086 reservamus,
2879 5016 3344 5091 opportuniusque
3390 5007 3885 5083 pertractahinuis,

2280 5119 2497 5193 quando
2535 5118 2604 5174 de
2632 5116 2927 5186 Anglorum
2954 5112 3021 5167 ad
3063 5109 3225 5171 ﬁdem
3252 5105 3885 5163 Christianamcouver-

2280 5214 2470 5280 sione,
2514 5210 2728 5265 illorum
2779 5204 3169 5261 monachorum
3198 5215 3396 5270 opera,
3444 5196 3548 5253 erit
3586 5194 3880 5265 agendum.

2278 5304 2500 5361 Interim
2518 5318 2648 5359 vero
2667 5297 3090 5370 respondeamus
3105 5292 3448 5364 quibusdam,
3466 5303 3589 5359 qua:
3613 5285 3881 5340 solvenda

2282 5404 2602 5468 supersunt,
2632 5401 2820 5449 contra
2849 5397 3089 5446 nostram
3126 5385 3449 5441 sententiam
3481 5381 3571 5437 hic
3612 5386 3885 5434 assertam

2286 5489 2371 5544 vel
2390 5489 2500 5557 jam
2531 5484 2779 5555 objectis,
2806 5481 2893 5536 vel
2930 5476 3269 5548 objiciendis.

2358 5580 2445 5635 ll.
2486 5577 2798 5648 Gregorius,
2828 5573 3055 5643 inquies,
3086 5569 3328 5640 quaedam
3366 5566 3432 5623 ab
3457 5560 3659 5633 Regula
3688 5559 3744 5614 8.
3780 5558 3885 5615 Be-

2288 5672 2485 5731 nedicti
2513 5670 2805 5745 plurimum
2831 5668 3045 5725 dissona
3072 5660 3349 5721 constitui’
3415 5657 3551 5713 Nam
3578 5669 3701 5711 cum
3725 5651 3888 5710 nori-
