4138 6490
293 347 396 406 261

779 348 838 407 S.
878 348 1210 408 GREGORII
1249 347 1464 406 MAGNI
1504 348 1685 416 VlTA,
1729 347 1821 404 EX
1863 347 2027 404 EJUS
2061 347 2369 407 SCRIPTIS
2406 349 2805 406 ADORNATA.
2844 351 2977 407 LIB.
3017 352 3062 410 1.

3474 359 3581 417 369

293 465 491 521 tiorum
521 464 768 534 probatio
787 462 879 517 vix
902 461 966 517 ad
997 478 1195 518 annum
1226 463 1493 533 integrum
1538 463 1880 531 extendatur,
1909 465 1962 526 Α
1985 470 2096 517 tum
2139 462 2190 516 in
2221 463 2535 533 praefatione
2571 466 2636 520 ad
2697 472 2827 522 tom.
2860 465 2881 521 Ι
2926 468 3046 522 Act.
3092 467 3437 539 Sanctorum,
3469 480 3580 529 tum

287 558 443 628 juxta
490 555 689 612 Bened.
744 555 961 625 Regulae
989 571 1110 626 cap.
1168 555 1269 622 58,
1318 553 1547 612 Sanctus
1593 556 1883 627 Gregorius

289 650 386 708 lib.
418 667 473 717 x,
508 667 595 721 ep.
629 649 715 712 24,
747 649 932 706 scribit
981 649 1302 714 Fortunato,
1339 651 1594 720 episcopo
1633 650 1886 720 Neapoli-

291 755 420 800 tano
446 763 456 798 :
493 743 826 798 Manasteriis
855 743 1090 798 omnibus
1137 743 1442 813 fraternitas
1472 751 1644 796 vestra
1675 743 1884 798 distric-

289 834 391 890 tius
410 835 706 899 interdicat,
725 846 780 887 ut
798 852 884 889 eos
908 853 1034 907 quos
1050 836 1118 889 ad
1135 835 1525 889 conrertendum
1543 838 1880 908 susceperint,

285 929 588 998 priusquam
620 925 881 980 biennium
909 929 960 980 in
986 928 1372 981 conversatione
1400 927 1709 998 compleant,
1738 927 1882 982 nullo

285 1018 441 1071 modo
471 1018 697 1070 audeant
724 1025 1013 1071 tonsuram.
1050 1015 1184 1085 Ergo
1215 1015 1505 1086 Gregorius
1536 1017 1793 1086 Regulam
1822 1015 1878 1074 S.

286 1106 561 1162 Benedicti
601 1122 710 1160 non
756 1115 873 1162 erat
925 1108 1226 1177 amplexus,
1271 1124 1432 1180 quam
1482 1109 1584 1165 hac
1630 1111 1680 1164 in
1729 1120 1884 1181 parte

283 1197 630 1266 improbavit.
662 1197 983 1268 Respondeo
1020 1197 1079 1253 S.
1114 1199 1460 1254 Benedictum
1485 1241 1500 1266 ,
1551 1202 1651 1255 etsi
1681 1201 1880 1271 proba-

285 1289 450 1343 tionis
470 1289 794 1343 novitiorum
820 1298 1027 1359 tempus
1057 1290 1194 1345 ultra
1227 1305 1427 1345 annum
1453 1307 1558 1346 non
1579 1294 1879 1362 protrahat,

284 1379 510 1433 minime
541 1387 719 1434 tamen
748 1389 932 1436 vetare
966 1382 1190 1436 ulterius
1238 1383 1516 1452 protendi;
1549 1394 1883 1454 quapropter

281 1471 339 1524 in
371 1462 642 1540 plerisque
683 1473 1188 1541 congregationibus
1234 1474 1598 1532 Benedictinis
1635 1477 1882 1534 arctioris

284 1563 660 1630 observantiae,
705 1563 930 1619 fratrum
980 1576 1365 1622 conversorum
1399 1569 1703 1637 probationi
1730 1569 1881 1625 bien-

281 1653 432 1705 nium
466 1653 777 1722 impeditur,
805 1663 859 1708 et
884 1656 1136 1710 monachi
1166 1657 1334 1712 choro
1365 1658 1561 1714 addicti
1590 1646 1878 1728 aliquando

282 1745 436 1814 justis
467 1745 532 1801 de
559 1746 734 1802 causis
759 1747 898 1801 ultra
930 1764 1130 1803 annum
1166 1751 1484 1819 probantur,
1510 1752 1678 1808 illaesa
1699 1751 1754 1806 S.
1773 1753 1876 1808 Be-

1993 553 2044 607 in
2072 552 2330 622 singulari
2358 553 2736 610 dissertatione
2777 554 2852 610 De
2890 557 3179 610 monastica
3210 558 3312 611 vita
3341 557 3584 632 Gregorii

1986 644 2172 717 Magni
2201 644 2431 700 analect.
2466 654 2597 701 tom.
2632 645 2703 715 l-I,
2737 655 2850 702 tum
2892 648 2946 702 in
2975 645 3269 703 Annalibus
3313 645 3581 706 Benedic-

1985 738 2110 793 tinis
2136 737 2227 792 lib.
2261 753 2312 792 Vl
2341 743 2395 792 et
2426 737 2479 791 in
2510 736 2821 808 Appenilice
2846 755 2882 802 ι,
2919 739 3008 793 ubi
3036 737 3274 795 secunda
3307 750 3460 810 parte
3491 742 3518 815 §
3551 741 3584 796 6

1985 835 2341 883 recensentur
2363 827 2660 897 gravissimi
2690 827 2979 898 scriptores
3005 830 3072 885 ab
3100 829 3248 885 obitu
3277 828 3333 885 S.
3369 829 3580 899 Grego-

1985 919 2048 975 rii
2071 961 2084 984 ,
2119 921 2210 990 qui
2242 931 2436 975 nostrae
2467 934 2643 974 causa:
2689 918 3082 988 suﬂragantur;
3129 937 3159 975 a
3186 922 3381 991 quibus
3426 938 3579 978 com-

1986 1012 2349 1067 memorandis
2371 1012 2726 1078 abstinemus,
2752 1019 2860 1065 tum
2889 1011 3032 1079 quod
3062 1021 3184 1082 post
3208 1020 3287 1068 tot
3307 1015 3580 1070 rationum

1986 1107 2224 1179 pondera
2252 1108 2342 1162 vix
2390 1107 2724 1175 indigeamus
2768 1100 3022 1170 testibus,
3054 1111 3163 1158 tum
3207 1105 3352 1174 quod
3396 1122 3580 1164 rerum

1985 1198 2334 1257 dicendarum
2379 1197 2668 1252 multitudo
2699 1211 2761 1250 ac
2789 1193 3102 1264 magnitudo
3147 1193 3200 1247 in
3227 1193 3330 1248 hac
3359 1204 3579 1252 contro-

1985 1291 2158 1345 versia
2190 1307 2288 1346 nos
2316 1306 2424 1345 non
2456 1291 2598 1344 sinat
2622 1289 2821 1342 diutius
2851 1285 3148 1341 immorari.
3189 1284 3339 1341 Nunc
3368 1283 3495 1356 quid
3522 1285 3578 1343 in

1983 1382 2313 1436 monasterio
2340 1381 2568 1450 gesserit
2594 1378 2910 1448 Gregorius,
2940 1385 3307 1447 quantumque
3335 1377 3388 1432 in
3407 1377 3578 1434 virtu-

1985 1480 2097 1526 tum
2129 1472 2306 1526 studio
2331 1470 2646 1542 profecerit,
2679 1471 3050 1539 inspiciamus.

2599 1560 2829 1617 CAPUT
2868 1560 2962 1616 IV.

1982 1652 2334 1704 ARGUMENTUM.
2361 1677 2420 1690 --
2448 1654 2490 1704 1.
2517 1653 2740 1712 Gregorii
2777 1650 3027 1713 profectus
3071 1650 3124 1699 in
3167 1650 3576 1713 monasterlo._-_-.

2049 1721 2093 1765 2.
2140 1715 2398 1776 Longioris
2438 1718 2487 1764 in
2548 1711 2813 1763 eo’morie
2859 1720 3222 1776 argumentum.
3263 1713 3411 1776 -—-_5.
3462 1711 3579 1776 Ejus

2049 1773 2343 1828 abstinentia
2390 1784 2442 1826 et
2480 1779 2683 1838 jejunis.
2717 1776 2856 1838 Unde
2880 1773 3210 1838 m'olestissimi
3236 1773 3414 1838 morbi,
3440 1799 3500 1810 -υ
3523 1775 3573 1824 4.

282 1837 483 1892 nedicti
509 1837 730 1908 ejusque
752 1837 969 1907 Regnlm
995 1839 1219 1896 honore.
1244 1841 1354 1896 Cur
1383 1854 1566 1897 autem
1595 1843 1651 1898 S.
1679 1842 1877 1914 Grego-

2047 1841 2206 1914 lpsiits
2242 1835 2495 1914 exemplo'
2519 1835 2750 1914 quantum
2783 1837 2861 1910 alii
2907 1835 3486 1914 monachinprqieceriut.
3513 1860 3574 1871 --

280 1931 394 1985 rius
446 1931 718 1984 biennium
778 1933 1092 1988 exercendis
1150 1934 1604 2004 explorandisque
1662 1936 1877 1992 novitiis

282 2021 635 2090 assignaverit
682 2022 736 2075 in
784 2021 1032 2078 dioccesis
1086 2021 1452 2092 Neapolitana:
1500 2028 1872 2093 monasteriis,

282 2112 400 2182 ipse
441 2114 600 2166 docet
649 2112 733 2166 his
761 2113 938 2167 verbis
965 2129 978 2167 :
1007 2112 1251 2167 Pervenit
1298 2115 1367 2168 ad
1415 2131 1510 2168 nos
1565 2114 1878 2170 Mauricium

280 2203 570 2274 quemdam,
603 2205 686 2274 qui
711 2218 874 2273 nuper
902 2205 955 2257 in
978 2207 1292 2259 monasterio
1325 2203 1640 2260 Barbaciani
1667 2225 1880 2262 concer-

281 2309 368 2348 ειη
395 2303 492 2361 est,
525 2293 712 2347 ablatis
741 2311 912 2348 secum
953 2296 1070 2349 aliis
1117 2297 1387 2350 monac/iis
1406 2337 1420 2363 ,
1459 2299 1582 2368 fuga
1611 2299 1673 2351 de
1699 2300 1873 2354 eodem

280 2388 592 2441 monasterio
644 2387 957 2442 discessisse.
1013 2387 1126 2451 Qua
1168 2389 1223 2442 in
1271 2407 1326 2442 re
1373 2390 1679 2459 praedictum
1729 2390 1875 2446 nobis

285 2476 661 2530 Barbaciannm
687 2477 796 2530 lucc
817 2479 1157 2548 prazcipitatio
1187 2477 1508 2532 vehementer
1534 2490 1762 2544 accusat,
1788 2481 1877 2552 qui

280 2574 467 2620 temere
518 2567 818 2622 swcnlarem
864 2569 1154 2635 hominem,
1197 2577 1244 2621 et
1287 2560 1391 2623 non
1435 2577 1566 2630 ante
1605 2568 1874 2639 probatum

281 2659 590 2713 tonsuravit.
639 2657 782 2713 Sane
815 2666 896 2712 tot
923 2659 1312 2714 monachorum
1363 2670 1490 2716 ante
1518 2657 1874 2715 sulﬁcientem

278 2751 654 2820 probationem
709 2759 914 2806 temere
969 2751 1326 2806 admissorum
1384 2753 1684 2822 apostasia,
1735 2755 1874 2808 ratio

280 2850 397 2897 erat
445 2843 585 2896 haud
630 2843 931 2912 spernenda
977 2844 1344 2913 decernendi,
1391 2853 1451 2898 ut
1493 2844 1746 2914 deinceps
1777 2859 1874 2915 per

278 2932 552 2988 biennium
603 2943 986 2989 exercerentur
1039 2945 1094 2989 et
1141 2936 1529 3006 probarentur,
1582 2945 1872 3008 antequam

277 3028 671 3098 professionem
713 3031 1039 3086 emitterent.

350 3116 644 3190 Opponunt
672 3122 831 3176 etiam
870 3122 1115 3177 nonnuln
1161 3137 1281 3178 cum
1328 3122 1588 3178 cardinali
1639 3123 1870 3180 Baronio

2045 1897 2094 1953 5'.
2140 1903 2244 1950 iam
2287 1897 2405 1949 tunc
2445 1897 2665 1960 Angliam
2707 1900 2906 1959 cogitat.
2950 1899 3080 1949 -—6.
3118 1897 3196 1947 Fit.
3233 1898 3481 1960 diaconus.
3508 1920 3571 1934 —-

2044 1965 2090 2011 7.
2136 1965 2179 2014 A
2222 1976 2322 2025 quo
2366 1959 2775 2025 pontitice.-_-_8.
2829 1962 2903 2025 An
2945 1959 3577 2025 diaconuscardiualis.—-

2043 2029 2085 2074 9.
2137 2026 2212 2073 An
2242 2021 2645 2073 archidiaconus.
2673 2021 2786 2084 (An.
2811 2022 2922 2082 575,
2943 2022 3055 2082 576,
3083 2023 3203 2081 etc.)

2052 2125 2101 2182 l.
2145 2107 2326 2194 Qualis
2355 2129 2411 2182 in
2433 2125 2719 2196 tranquilla
2745 2125 3060 2180 monasterii
3090 2123 3327 2179 statione
3355 2119 3575 2191 'Grego-

1977 2219 2092 2275 rius
2119 2219 2372 2285 evaserit,
2404 2219 2518 2288 ipse
2543 2217 2676 2271 mire
2702 2216 2959 2286 depingit,
2984 2216 3109 2270 dum
3138 2215 3388 2270 amissam
3417 2213 3574 2283 quie-

1980 2319 2090 2365 tem
2122 2312 2174 2365 iu
2207 2309 2463 2380 pastorali
2494 2323 2642 2372 cura,
2675 2322 2782 2361 non
2815 2305 3052 2360 mentitis
3081 2305 3362 2360 oculorum
3401 2305 3574 2375 lacry-

1981 2401 2111 2466 mis,
2162 2400 2256 2455 sed
2306 2400 2498 2454 intimo
2546 2397 2725 2453 cordis
2765 2397 2966 2466 gemitu
3014 2398 3089 2450 ita
3133 2395 3295 2451 deﬂet
3329 2414 3341 2449 :
3378 2394 3577 2467 Infelix

1977 2491 2180 2544 animus
2211 2506 2351 2543 meus
2389 2489 2738 2562 occupationis
2769 2504 2878 2542 sure
2919 2487 3154 2554 pulsatus
3201 2487 3429 2552 vulnere,
3471 2504 3576 2541 me-

1977 2583 2124 2636 minit
2152 2581 2319 2652 qualis
2348 2579 2630 2650 aliquando
2681 2596 2736 2632 tn
2783 2588 3100 2633 monasterio
3147 2582 3276 2650 fuit;
3323 2578 3576 2646 quomodo

1977 2675 2020 2727 ei
2045 2671 2274 2726 labentia
2301 2679 2485 2725 cuncta
2506 2670 2679 2726 subter
2700 2680 2884 2738 erant;
2911 2680 3157 2742 quantum
3176 2672 3322 2725 rebus
3345 2671 3577 2726 omnibus

1976 2780 2090 2834 qua:
2119 2763 2388 2816 vulruntur
2416 2761 2706 2826 eminebat;
2738 2762 2874 2833 quod
2904 2762 3050 2815 nulla
3089 2761 3189 2815 nisi
3236 2763 3464 2816 cmlestia
3491 2778 3576 2816 co-

1975 2859 2142 2929 gitare
2171 2864 2532 2919 consueverat;
2561 2854 2697 2926 quod
2726 2856 2883 2908 etiam
2935 2861 3159 2906 retentus
3189 2867 3424 2922 corpore,
3458 2853 3578 2922 ipsa

1965 2947 2084 3018 jam
2129 2948 2302 3000 carnis
2345 2946 2578 2998 claustra
2628 2943 3062 3014 contemplatione
3109 2940 3398 3006 transibat;
3442 2941 3577 3014 quod

1975 3047 2189 3093 mortem
2217 3054 2433 3109 quoque,
2461 3052 2574 3108 quae
2612 3053 2740 3108 pene
2768 3036 2964 3089 cunctis
3008 3050 3158 3104 poena
3196 3043 3292 3098 est,
3342 3033 3578 3086 videlicet

1973 3140 2031 3184 ut
2065 3132 2355 3200 ingressum
2382 3130 2500 3182 vitae
2531 3136 2580 3181 et
2615 3126 2808 3181 laboris
2845 3128 2923 3180 sui
2951 3125 3222 3196 praemium
3251 3122 3481 3179 amabat.
3508 3122 3578 3176 At

278 3207 336 3263 S.
363 3207 678 3279 Gregorium
709 3211 1047 3281 prohibuisse
1067 3213 1265 3284 suscipi
1287 3215 1339 3268 in
1363 3215 1704 3270 monasteriis
1731 3216 1869 3272 ado—
1896 3229 1944 3291 ο
1975 3238 2113 3276 nunc
2151 3237 2216 3275 ea;
2245 3222 2516 3274 occasione
2547 3234 2687 3273 curae
2728 3216 3008 3289 pastoralis
3049 3215 3377 3270 swcularium
3409 3214 3574 3281 homi-

277 3303 543 3359 lescentes
570 3311 695 3360 ante
733 3305 998 3360 decimum
1048 3316 1296 3362 octavum
1346 3309 1522 3362 aetatis
1566 3323 1787 3378 annum,
1816 3319 1875 3365 ut

279 3401 496 3449 constat
535 3409 602 3450 ex
632 3411 718 3466 ep.
751 3394 816 3449 50
841 3395 933 3452 lib.
976 3413 1015 3452 ι.
1065 3397 1120 3452 ld
1150 3407 1329 3454 autem
1362 3399 1645 3454 manifeste
1673 3409 1876 3470 pugnat

279 3492 469 3538 contra
498 3485 554 3539 S.
587 3484 858 3540 Benedicti
901 3485 1182 3556 Regulam,
1209 3505 1326 3559 quae
1366 3503 1485 3559 cap.
1519 3488 1586 3544 59
1615 3494 1874 3561 permittit

277 3577 440 3632 etiam
482 3578 710 3633 infantes
737 3579 998 3634 libertatis
1029 3589 1082 3634 et
1112 3582 1338 3637 rationis
1367 3590 1621 3652 expertes
1674 3583 1724 3637 in
1755 3599 1874 3638 mo-

276 3669 528 3724 nasteriis
556 3685 584 3723 a
615 3671 930 3739 parentibus
964 3673 1176 3727 oblatos
1205 3674 1466 3743 recipere.

353 3758 762 3828 Respondemus
793 3759 923 3814 illud
955 3759 1198 3830 Gregorii
1230 3761 1406 3830 Magni
1436 3763 1731 3829 decretum,
1764 3778 1873 3818 non

274 3861 378 3918 pro
393 3851 642 3902 omnibus
655 3851 1022 3916 monasteriis,
1046 3853 1138 3905 sed
1162 3868 1258 3921 pro
1283 3855 1364 3906 his
1391 3862 1596 3906 tantum
1624 3868 1742 3921 qua:
1763 3854 1878 3921 qui-

273 3940 504 3998 busdam
523 3941 576 3993 in
595 3941 785 3994 insulis
805 3940 1068 4012 Tyrrheni
1093 3944 1258 3998 maris
1291 3953 1443 3998 erant
1472 3945 1687 3998 condita
1710 3944 1875 4000 fuisse

273 4032 708 4106 promulgatum;
763 4032 923 4101 idque
969 4035 1100 4087 satis
1145 4035 1322 4087 innuit
1359 4043 1579 4089 sanctus
1634 4035 1876 4104 pontifex

277 4127 404 4182 dum
434 4125 505 4178 ita
537 4124 759 4179 scribit:
794 4121 930 4188 Quid
961 4133 1131 4178 autem
1163 4124 1296 4177 dura
1342 4135 1419 4180 est
1450 4127 1505 4180 in
1533 4127 1723 4180 insulis
1752 4144 1875 4181 con-

277 4217 512 4288 gregatio
537 4216 928 4276 monac/torum,
963 4217 1118 4270 etiam
1141 4233 1324 4286 pueros
1355 4218 1408 4272 in
1439 4217 1634 4273 eisdem
1661 4235 1873 4274 monas-

281 4307 425 4362 teriis
473 4307 691 4377 (insula:
729 4306 1168 4376 Eun'rorphianat)
1198 4317 1319 4363 ante
1358 4309 1530 4364 decem
1561 4319 1609 4364 et
1641 4317 1752 4363 octo
1773 4327 1874 4364 an-

285 4415 475 4453 norum
521 4406 750 4468 tempore
806 4399 994 4469 suscipi
1049 4399 1541 4470 prohibemus.....
1596 4401 1689 4455 hoc
1733 4409 1782 4454 et
1819 4402 1875 4455 in

281 4493 576 4557 Palmaria,
605 4494 820 4564 aliisque
840 4494 1024 4548 insulis
1053 4504 1098 4548 te
1125 4511 1215 4564 per
1242 4498 1416 4549 omnia
1445 4493 1673 4550 volumus
1704 4504 1875 4549 custo-

1977 3330 2100 3369 num
2129 3313 2334 3383 negotia
2361 3312 2579 3382 patitur,
2604 3320 2652 3363 et
2684 3317 2796 3380 post
2823 3317 2927 3361 tam
2959 3305 3229 3377 pulchram
3258 3306 3443 3376 quietis
3465 3319 3575 3358 suat

1976 3409 2216 3480 speciem,
2243 3404 2430 3459 terreni
2458 3412 2603 3456 actus
2631 3403 2835 3472 pulvere
2859 3399 3106 3471 (ludatur.
3135 3396 3360 3470 Cumque
3395 3415 3451 3452 se
3480 3414 3576 3468 pro

1978 3499 2411 3556 condescensione
2438 3496 2715 3549 multorum
2745 3494 2813 3547 ad
2834 3492 3096 3547 exteriora
3125 3491 3394 3562 sparserit,
3418 3492 3576 3545 etiam

1977 3607 2091 3644 cum
2118 3589 2367 3642 interiora
2390 3587 2606 3657 appetit,
2631 3585 2700 3638 ad
2723 3585 2832 3639 lucc
2854 3583 3190 3654 proculdubio
3219 3583 3392 3637 minor
3413 3583 3572 3638 redit.

1977 3678 2252 3749 Perpendo
2298 3681 2467 3748 itaque
2514 3675 2634 3746 quid
2683 3675 2864 3739 tolero,
2908 3672 3170 3744 perpendo
3217 3672 3354 3743 quod
3396 3673 3572 3726 amisi.

1980 3767 2232 3840 (Prwfat.
2279 3765 2451 3833 Dial.)
2483 3765 2794 3817 Familiares
2838 3773 2964 3817 sunt
3009 3763 3294 3830 Gregorio,
3326 3776 3574 3831 peneque

1978 3857 2265 3919 continuae,
2290 3853 2492 3908 similes
2519 3851 2753 3922 querela:
2782 3850 2850 3904 de
2879 3850 3088 3904 ainissis
3111 3849 3423 3907 monasticae
3451 3848 3574 3902 vitae

1976 3947 2157 4015 bonis,
2187 3945 2312 4000 dum
2340 3952 2531 4015 pectus
2558 3957 2712 3997 suum
2745 3941 2932 3996 amicis
2959 3940 3218 4010 explicat,
3242 3947 3302 3994 ut
3330 3941 3384 3993 in
3429 3938 3574 4010 epis-

1979 4039 2126 4105 tolis,
2148 4048 2200 4104 4,
2234 4033 2287 4106 5,
2319 4037 2371 4105 6,
2397 4036 2450 4101 7,
2483 4032 2572 4102 25,
2594 4033 2685 4101 26,
2720 4033 2843 4089 libri
2883 4033 3061 4104 primi,
3091 4039 3146 4087 et
3191 4032 3244 4087 in
3273 4033 3474 4104 praevia
3503 4029 3573 4088 ad

1981 4127 2142 4203 209
2169 4131 2334 4187 libros
2363 4127 2646 4185 Moralium
2674 4125 2933 4196 singulari
2962 4123 3208 4196 epistola.
3256 4123 3314 4179 In
3342 4123 3574 4195 publicis

1979 4223 2141 4277 etiam
2181 4220 2246 4274 ad
2296 4219 2554 4290 populum
2593 4217 2946 4274 concionibus
2973 4215 3217 4271 dolorem
3263 4213 3330 4270 de
3373 4215 3572 4285 prioris

1980 4314 2101 4366 vitae
2133 4313 2186 4366 in
2214 4311 2544 4367 monasterio
2566 4309 2905 4367 sanctissime
2935 4307 3193 4363 institutae
3215 4305 3426 4376 jactura
3454 4322 3573 4378 pre-

1978 4422 2126 4462 mere
2149 4414 2206 4461 et
2225 4405 2480 4460 cohibere
2504 4403 2594 4458 vix
2621 4410 2830 4474 potest:
2852 4399 2923 4454 Et
2953 4401 3159 4471 quidem
3180 4399 3235 4452 in
3257 4401 3571 4453 monasterio

1978 4499 2202 4569 positus,
2243 4495 2414 4564 inquit
2444 4493 2632 4549 homil.
2659 4491 2940 4547 undecima
2976 4489 3030 4544 in
3051 4487 3411 4550 Ezechielem,
3434 4485 3571 4540 vale-

282 4587 414 4640 dire.
432 4586 657 4641 Causam
682 4587 839 4656 igitur
853 4586 1114 4641 habemus
1128 4603 1223 4643 cur
1241 4589 1611 4643 adolescentes
1636 4588 1873 4643 nondum
1903 4604 1956 4663 Ῑ)
1981 4591 2099 4645 bam
2123 4601 2173 4644 et
2201 4587 2264 4643 ab
2293 4589 2473 4644 otiosis
2502 4587 2733 4657 linguam
2772 4586 3105 4655 restringere,
3133 4589 3183 4636 et
3211 4580 3266 4634 in
3287 4578 3572 4633 intentione

281 4687 506 4733 matura:
531 4679 704 4733 aetatis
733 4685 878 4733 vetet
906 4678 1101 4748 suscipi
1125 4721 1140 4745 ,
1184 4686 1240 4734 et
1269 4681 1564 4735 monachos
1594 4681 1646 4732 in
1677 4681 1757 4733 his
1785 4681 1869 4733 in-
1900 4701 1902 4706 ·

281 4774 413 4828 sulis
445 4771 576 4826 fieri.
627 4771 831 4842 Nempe
880 4771 1068 4824 durum
1115 4779 1318 4825 eratet
1358 4785 1610 4841 asperum
1656 4771 1871 4825 vivendi

282 4873 454 4933 genus
479 4863 531 4915 in
563 4863 666 4918 illis
694 4862 847 4928 locis,
878 4861 990 4916 sive
1015 4870 1236 4931 propter
1275 4863 1601 4917 insalubrem
1649 4877 1827 4918 acrem
1854 4904 1870 4930 ,

280 4955 399 5013 sive
428 4964 647 5027 propter
676 4955 776 5010 soli
803 4953 1178 5019 sterilitatem;
1224 4969 1324 5009 nec
1353 4954 1418 5009 ad
1448 4955 1500 5010 id
1531 4955 1870 5012 tolerandum

281 5049 429 5104 vires
458 5048 514 5103 in
539 5057 724 5104 tenera
744 5054 902 5102 aetate
927 5046 1307 5116 suppetebant.

355 5139 484 5197 Haec
503 5150 630 5198 sunt
651 5149 1087 5211 argumentorum
1115 5146 1384 5193 momenta
1416 5140 1607 5208 quibus
1636 5139 1878 5193 eminen-

284 5233 526 5289 tissimus
546 5231 829 5287 Annalium
851 5229 1351 5285 Ecclesiasticorum
1373 5227 1624 5297 scriptor,
1653 5235 1743 5281 aut
1765 5228 1879 5296 ejus

284 5325 559 5396 Opinionis
586 5333 907 5391 assertores,
933 5322 1111 5378 conati
1140 5327 1265 5375 sunt
1305 5321 1567 5375 ﬁrmatam
1595 5321 1878 5376 doctorum

284 5420 530 5476 virorum
557 5419 670 5474 fere
701 5419 938 5474 omnium
968 5427 1231 5473 consensu
1254 5459 1268 5484 ,
1321 5422 1399 5470 tot
1445 5425 1474 5470 a
1515 5415 1730 5470 sarculis
1758 5429 1882 5470 sen-

288 5511 517 5566 tentiam
539 5508 604 5565 de
627 5507 684 5564 S.
717 5508 960 5578 Gregorii
987 5509 1096 5563 vita
1119 5505 1417 5561 monastica
1435 5503 1590 5575 juxta
1619 5505 1674 5561 S.
1704 5505 1874 5561 Bene‘

191 5611 198 5616 '
288 5601 420 5657 dicti
464 5601 641 5669 leges,
690 5609 949 5656 evertere.
1007 5595 1196 5654 Utrum
1241 5606 1631 5653 tormentorum
1662 5599 1878 5654 illorum

287 5692 434 5747 mole
470 5698 614 5752 ruat,
644 5700 738 5745 aut
763 5691 1079 5745 inconcussa
1125 5697 1228 5745 stet
1259 5702 1628 5761 prmconccpta
1662 5691 1874 5762 opinio,

285 5783 506 5853 sapiens
535 5783 704 5838 lector
746 5781 968 5850 judicet.
1023 5781 1098 5836 De
1127 5782 1294 5836 haccc
1345 5784 1711 5838 controversia
1765 5783 1880 5838 luse

286 5869 560 5942 doctoque
580 5885 682 5944 pro
709 5885 804 5926 suo
844 5885 996 5926 more
1038 5871 1252 5942 scripsit
1297 5881 1479 5930 noster
1507 5872 1876 5940 Mabillonius,

1979 4684 2230 4740 orationis
2262 4699 2392 4753 pene
2411 4681 2657 4735 continue
2681 4686 2902 4733 mentem
2924 4685 3112 4730 tenere.

2047 4774 2102 4827 2.
2143 4773 2275 4839 Quis
2304 4771 2460 4827 tacile
2489 4767 2589 4824 sibi
2618 4768 2940 4840 persuadeat
2963 4764 3302 4831 Gregorium,
3327 4761 3414 4816 cui
3445 4777 3571 4817 cum

1979 4865 2166 4921 inolita
2238 4861 2626 4918 consuetudine
2670 4860 2793 4914 vitae
2849 4855 3156 4922 saecularis,
3204 4853 3466 4910 mollioris
3520 4865 3574 4911 et

1978 4955 2252 5017 fastuosat,
2287 4954 2403 5025 ipso
2435 4959 2572 5005 teste
2620 4947 2746 5019 (Ep.
2778 4947 2846 5000 ad
2875 4943 3171 5000 Leandrum
3200 4962 3289 4999 seu
3320 4944 3486 5017 Praef.
3516 4947 3573 5000 in

1978 5047 2069 5102 lib.
2103 5043 2299 5099 Morel.
2321 5044 2338 5111 )
2359 5082 2374 5108 ,
2413 5039 2725 5096 certandum
2758 5035 2880 5106 fuit,
2911 5037 3096 5093 statim
3125 5035 3194 5092 ad
3221 5035 3328 5092 hoc
3354 5036 3570 5107 perfec-

1979 5135 2144 5192 tionis
2173 5134 2415 5198 culmen,
2467 5131 2534 5186 ad
2561 5128 2824 5186 orationis
2852 5144 2989 5200 pene
3025 5128 3296 5185 continua:
3324 5136 3573 5186 contem-

1983 5229 2345 5300 plationisque
2375 5225 2678 5294 fastigium,’
2698 5221 2876 5280 adhuc
2921 5223 3183 5279 novitium
3206 5264 3223 5290 ,
3263 5223 3310 5278 si
3336 5223 3572 5278 Baronio

1984 5320 2134 5387 ﬁdes,
2165 5319 2507 5390 pervenisse;
2548 5324 2603 5372 et
2641 5332 2748 5373 non
2780 5317 2960 5386 potius
3007 5316 3061 5372 id
3109 5315 3297 5372 labore
3323 5313 3573 5386 improbo

1985 5411 2304 5479 assiduaque
2353 5407 2776 5474 exercitatione,
2808 5407 3116 5478 adspirante
3162 5414 3345 5460 tamen
3392 5405 3570 5460 divina

1986 5506 2177 5575 gratia,
2210 5510 2558 5558 consecutum
2592 5499 2749 5556 esse?
2775 5497 3026 5554 Attamen
3052 5495 3436 5553 concedamus.
3466 5494 3571 5552 Sed

1986 5611 2093 5666 quo
2122 5601 2278 5664 pacto
2307 5600 2412 5647 tam
2447 5593 2598 5647 brevi
2627 5606 2778 5646 mora
2808 5598 3013 5645 tantam
3043 5585 3328 5643 moralium
3355 5601 3419 5641 ac
3459 5586 3570 5656 spi-

1986 5685 2255 5741 ritualium
2288 5699 2465 5752 rerum
2496 5684 2743 5754 peritiam
2782 5680 3134 5751 comparavit,
3165 5683 3367 5748 quanta
3397 5677 3570 5734 elucet

1986 5777 2039 5830 in
2067 5775 2407 5846 expositione
2430 5775 2550 5831 libri
2577 5773 2698 5842 Job,
2724 5775 2810 5830 cui
2839 5769 3211 5829 elucubranda:
3239 5767 3400 5837 paulo
3420 5775 3563 5838 post-

1986 5885 2147 5942 quam
2176 5870 2389 5927 avulsus
2433 5885 2464 5924 a
2510 5868 2838 5926 monasterio
2883 5867 3090 5937 legatus
3119 5857 3565 5934 amsanmbpo-
