4138 6450
74 6154 553 6440 Α

74 6154 553 6440 Α

571 374 681 432 265

1035 368 1097 427 S.
1138 366 1463 425 GREGORH
1504 362 1718 421 MAGNI
1759 361 1944 429 VITA,
1989 361 2080 415 EX
2120 359 2282 417 EJUS
2321 358 2629 418 SCRIPTIS
2669 360 3071 419 ADORNATA.
3113 362 3242 419 LIB.
3282 361 3325 418 l.

3750 366 3859 426 264

571 488 662 545 lim
686 490 879 544 missus
900 493 1002 554 est,
1025 500 1245 555 operam
1268 484 1449 539 dedit?
1470 483 1722 537 Fortasse
1742 489 1987 553 praeturte
2009 494 2150 534 Clll‘lS
2182 479 2231 540 Α
2256 495 2388 536 sano
2418 480 2705 552 episcopo,
2736 482 2935 551 passim
2988 482 3043 536 in
3083 480 3320 551 Dialogis
3367 488 3424 537 et
3470 484 3523 536 in
3576 479 3857 553 Epistolis.

572 594 711 652 pene
738 581 1040 644 immersus,
1071 579 1125 632 in
1156 577 1485 632 sublimioris
1526 576 1808 645 theologia:
1856 573 2163 643 cognitione

573 678 774 725 tantum
804 669 1125 739 profecerat,
1151 668 1619 735 abstrusioresque
1669 682 1835 721 sacrae
1865 664 2161 733 Scriptura:

572 777 758 820 sensus
780 768 924 815 tanta
952 760 1229 827 facilitate,
1257 758 1512 815 felicitate
1533 765 1683 811 tanta
1708 757 1930 811 rimatus
1958 752 2164 810 fuerat?

575 855 702 925 Ejus
730 868 859 924 ergo
888 854 1121 925 plurium
1170 864 1434 909 annorum
1480 852 1533 906 in
1562 846 1891 905 monasterio
1919 863 2162 904 commo-

572 948 768 1006 rationi
797 955 852 1003 et
880 948 1048 1003 ascesi
1075 945 1445 1002 adscribamus
1475 942 1622 997 illam
1654 941 1955 996 divinarum
1986 953 2167 994 sacra-

573 1055 802 1110 rumque
831 1054 1012 1095 rerum
1044 1037 1350 1100 scientiam,
1376 1050 1537 1105 quam
1564 1034 1685 1103 jure
1728 1031 2049 1102 suspiciunt,
2076 1030 2169 1099 qui

574 1132 640 1189 iis
667 1132 857 1187 studiis
886 1140 1002 1186 tota
1043 1131 1159 1186 fere
1189 1131 1299 1185 vita
1348 1128 1596 1184 innutriti
1640 1133 1785 1191 sunt,
1815 1124 2170 1195 sapientiores

575 1233 631 1279 et
656 1223 942 1293 peritiores
972 1221 1267 1291 spiritualis
1287 1221 1413 1275 vita:
1442 1218 1704 1287 magistri.
1737 1216 1937 1271 Verum
1966 1216 2169 1270 diutur—

576 1330 701 1370 nam
748 1315 804 1369 in
850 1314 1184 1369 monasterio
1239 1312 1484 1383 Gregorii
1537 1307 2015 1366 commorationem
2058 1305 2168 1375 jam

576 1404 965 1461 sufﬁcientibus
993 1404 1320 1474 argumentis
1351 1401 1740 1457 adstruximus.

649 1498 703 1552 5.
744 1496 861 1552 Non
894 1497 1067 1553 solum
1115 1495 1350 1551 orationi
1376 1504 1431 1549 ct
1461 1488 1906 1561 contemplationi
1946 1487 2012 1541 ab
2055 1485 2173 1556 ipso

578 1592 897 1649 monasticae
927 1592 1190 1663 palazstrae
1220 1590 1463 1658 ingressu
1504 1592 1681 1642 totum
1711 1598 1769 1639 se
1796 1581 1943 1637 dedit
1969 1578 2175 1647 Grego-

578 1685 712 1752 rius,
743 1684 839 1740 sed
870 1684 1031 1738 etiam
1072 1680 1425 1745 abstinentiae,
1455 1676 1700 1747 jejuniis,
1741 1673 1967 1742 aliisque
1996 1669 2173 1741 poeni-

580 1776 762 1833 tentia:
788 1774 1063 1844 operibus,
1095 1788 1216 1842 qute
1245 1785 1521 1827 sacrorum
1566 1768 1825 1822 librorum
1854 1765 2085 1819 lectione
2113 1775 2177 1815 ac

2266 568 2436 626 Porro
2468 572 2629 627 certis
2674 571 2827 625 annis
2883 572 3161 640 assignare
3211 586 3331 640 quae
3378 571 3437 626 S.
3470 570 3765 644 Gregorius
3792 574 3865 631 de

2266 662 2469 717 sanctis
2513 662 2617 717 illis
2655 671 2858 728 narrat,
2893 648 3289 717 diﬂicillimum.
3339 662 3418 717 De
3445 661 3651 717 Merulo
3682 672 3865 721 tamen

2267 759 2483 809 constat
2532 766 2655 806 eum
2699 766 2841 807 anno
2888 752 3080 807 saltem
3127 750 3229 806 579
3278 750 3349 804 ad
3386 752 3669 807 meliorem
3695 754 3865 809 vitam

2269 844 2566 907 transiisse,
2598 859 2721 899 cum
2750 844 2817 898 ab
2848 843 2968 914 ejus
2996 850 3173 898 morte
3199 857 3371 913 usque
3408 843 3477 897 ad
3518 852 3731 914 tempus
3754 861 3867 916 quo

2268 942 2395 990 sunt
2416 934 2601 1003 scripti
2627 934 2852 1003 Dialogi,
2876 933 3085 991 scilicet
3122 932 3193 987 ad
3224 948 3311 988 an.
3346 932 3448 988 595
3478 933 3563 989 vel
3601 934 3726 1003 594,
3758 936 3870 999 sal-

2270 1035 2377 1082 tem
2409 1026 2536 1081 anni
2558 1026 2584 1066 ὶ)
2615 1027 3022 1097 quatuordecim
3053 1024 3407 1083 efﬂuxissent.
3448 1027 3657 1084 Caetera
3684 1045 3751 1085 ea
3779 1045 3871 1086 ra-

2272 1119 2420 1174 tione
2449 1119 2840 1189 distinguemus
2888 1134 3009 1189 quaa
3036 1118 3274 1176 Joannes
3319 1121 3590 1179 Diaconus
3637 1124 3869 1181 fortasse

2271 1211 2573 1280 confundit,
2602 1211 2649 1267 si
2678 1220 2806 1267 ante
2835 1210 2893 1266 S.
2928 1211 3176 1281 Gregorii
3222 1212 3548 1283 legationem
3576 1216 3873 1287 contigisse

2273 1305 2517 1359 dicamus
2546 1318 2611 1358 ea
2640 1318 2707 1358 ex
2734 1318 2964 1372 quorum
3001 1304 3313 1360 narratione
3364 1320 3473 1359 non
3526 1306 3695 1375 liquet
3746 1323 3870 1363 eum

2274 1399 2405 1449 tunc
2433 1392 2762 1448 monasterio
2791 1408 2889 1447 suo
2937 1394 3237 1464 praefuisse,
3265 1404 3321 1449 et
3348 1404 3471 1465 post
3515 1396 3757 1465 ejusdem
3784 1414 3872 1455 re-

2275 1484 2447 1540 ditum
2496 1485 2712 1555 expleta
2757 1484 3063 1554 legatione,
3110 1486 3213 1539 alia
3264 1501 3331 1542 ex
3363 1488 3560 1557 quibus
3603 1505 3872 1545 summam

2277 1590 2401 1631 eum
2422 1582 2746 1647 potestatem
2770 1576 2883 1646 jam
2914 1576 3211 1633 obtinuisse
3233 1578 3288 1632 in
3317 1578 3507 1634 eodem
3536 1582 3871 1639 monasterio

2278 1677 2509 1725 constat.

2351 1760 2405 1814 5.
2449 1762 2595 1815 Intra
2633 1760 2951 1816 monasterii
2990 1762 3228 1818 claustra
3256 1763 3521 1819 contineri
3561 1781 3672 1821 non
3699 1769 3875 1837 potuit

581 1866 933 1923 meditatione
954 1863 1265 1931 condiebat,
1298 1862 1371 1916 ita
1395 1858 1609 1915 deditus
1634 1865 1771 1923 erat,
1794 1862 1871 1918 ut,
1898 1852 2175 1907 debilitato
2205 1866 2254 1927 Β
2280 1852 2603 1909 sanctissimi
2630 1853 2731 1907 viri
2761 1851 3203 1923 flagrantissimus
3231 1856 3399 1926 zelus,
3427 1858 3521 1913 sed
3560 1862 3875 1918 transmisso

580 1956 861 2014 stomacho
887 1962 943 2009 et
968 1952 1165 2008 amicta
1209 1950 1538 2012 valetudine,
1572 1948 1722 2003 brevi
1774 1944 2067 1999 moriturus
2093 1940 2175 1994 vi-

579 2046 818 2117 deretur.
849 2045 1034 2115 Neque
1064 2055 1248 2100 tamen
1276 2042 1589 2113 frequentes
1620 2038 1793 2094 morbi
1822 2035 2049 2092 suadere
2077 2048 2176 2105 po—

580 2141 797 2191 tuerunt
852 2142 910 2189 ut
955 2135 1023 2190 de
1072 2142 1221 2189 tanta
1267 2133 1389 2189 vitae
1438 2131 1729 2201 asperitate
1785 2125 2174 2213 aliquantulum

579 2231 899 2287 remitteret.
932 2229 1098 2285 Cibus
1150 2228 1269 2297 ejus
1322 2227 1591 2297 legumina
1642 2231 1796 2280 erant
1842 2236 1960 2290 quae
2010 2218 2177 2274 Silvia

581 2329 760 2377 mater
809 2321 1003 2375 eodem
1055 2318 1193 2374 forte
1243 2319 1364 2373 cibo
1406 2317 1660 2372 victitans
1688 2310 2078 2384 (suppeditabat
2124 2318 2179 2365 et

581 2411 829 2483 parabat.
859 2408 989 2465 Inde
1014 2417 1360 2478 contractus,
1400 2410 1520 2479 ipso
1564 2415 1722 2473 teste,
1768 2404 2178 2461 molestissimus

582 2502 803 2558 morbus
830 2516 992 2571 quem
1021 2500 1217 2557 medici
1246 2515 1539 2572 syncopen,
1571 2514 1667 2553 seu
1695 2497 1934 2552 vitalium
1962 2494 2179 2550 incisio-

582 2608 705 2649 nem
735 2600 963 2660 vocant;
992 2607 1104 2662 qua
1125 2592 1377 2647 laborans
1400 2590 1593 2645 crebris
1623 2590 1877 2662 angustiis
1901 2606 1993 2659 per
2024 2588 2179 2642 liora-

582 2698 698 2736 rum
743 2691 1037 2750 momenta,
1069 2683 1141 2735 ad
1184 2684 1381 2736 exitum
1424 2698 1708 2752 properare
1752 2680 2181 2750 ptttabatur;-et

581 2774 684 2830 nisi
712 2774 1024 2845 frequenter
1049 2774 1171 2831 cibo
1192 2772 1528 2840 reﬁceretur,
1553 2773 1771 2828 vitalem
1798 2772 1900 2826 sibi
1931 2770 2179 2840 spiritum

580 2867 833 2938 intercipi
853 2867 1152 2934 sentiebat;
1182 2875 1238 2922 et
1258 2874 1439 2922 tamen
1460 2866 1528 2921 de
1549 2864 1951 2920 intermissione
1967 2861 2178 2933 jejunii,

580 2960 750 3028 magis
787 2974 949 3029 quam
996 2958 1064 3015 de
1102 2958 1253 3027 gravi
1294 2957 1512 3013 dolebat
1568 2956 1901 3010 inﬁrmitate.
1948 2953 2181 3007 Maxime

580 3064 712 3107 vero
744 3051 974 3106 moleste
1004 3050 1127 3105 tulit
1174 3050 1321 3120 quod
1370 3049 1489 3119 ipso
1538 3048 1904 3103 sacratissimo
1942 3045 2180 3099 Sahbato

583 3138 807 3196 Paschae
833 3140 1139 3211 pervigilio,
1164 3140 1219 3193 in
1248 3154 1357 3208 quo
1387 3152 1576 3193 omnes
1603 3138 1766 3193 etiam
1804 3134 2012 3206 parvuli
2040 3133 2179 3204 jeju-

2281 1944 2497 2001 Oceano
2519 1946 2585 2001 ad
2607 1948 3002 2017 procurandam
3023 1947 3339 2016 Anglorum,
3359 1950 3593 2005 nondum
3617 1950 3875 2009 Christia-

2280 2051 2495 2101 norum,
2525 2039 2935 2093 conversionem
2966 2039 3340 2097 vehementius
3377 2044 3598 2098 exarsit.
3630 2045 3748 2112 Qua
3776 2061 3872 2102 oc-

2279 2130 2497 2184 casione
2521 2130 2669 2200 pium
2691 2130 2821 2185 illud
2843 2131 3126 2187 consilium
3149 2133 3354 2198 inierit,
3381 2144 3603 2190 narrant
3630 2146 3756 2207 post
3777 2137 3877 2194 Βο-

2279 2216 2405 2273 dam
2434 2217 2632 2273 Paulus
2660 2227 2715 2274 et
2740 2218 2978 2275 Joannes
3002 2220 3247 2277 Diaconi.
3279 2221 3398 2289 Quo
3423 2239 3557 2279 vero
3606 2234 3873 2296 tempore,

2281 2308 2386 2363 etsi
2412 2324 2602 2364 omnes
2627 2309 2682 2365 id
2709 2309 3049 2381 factumjante
3075 2309 3322 2382 Gregorii
3344 2312 3715 2383 pontiﬁcatum
3746 2331 3876 2371 con-

2281 2401 2537 2467 sentiant,
2568 2401 2718 2458 solus
2742 2411 2924 2458 tamen
2954 2401 3191 2459 Joannes
3218 2404 3321 2459 hoc
3348 2413 3473 2460 ante
3495 2403 3877 2464 Constantino-

2281 2490 2580 2560 politanam
2624 2493 2953 2562 legationem
2991 2494 3281 2564 contigisse
3309 2496 3522 2565 asserit,
3552 2497 3673 2553 aliis
3700 2515 3878 2570 neque

2282 2584 2675 2643 aﬁlrmantibus
2730 2595 2907 2653 neque
2977 2583 3359 2639 inﬁciantibus.
3420 2585 3556 2642 Rem
3612 2602 3681 2642 ex
3736 2589 3879 2646 Beda

2282 2676 2672 2741 describemus,
2704 2690 2735 2727 a
2764 2688 2872 2744 quo
2902 2674 3135 2744 primum
3166 2676 3448 2747 desumpta
3480 2686 3580 2743 est,
3608 2694 3879 2751 quamque

2283 2771 2401 2841 ipse
2430 2784 2499 2824 ex
2527 2766 2797 2835 majorum
2848 2765 3138 2821 traditione
3174 2767 3447 2836 accepisse
3488 2768 3777 2839 proﬁtetur
3800 2772 3879 2826 vir

2283 2879 2509 2921 summae
2532 2842 2674 2926 ﬁdei,
2692 2875 2792 2915 nec
2811 2859 3037 2914 minoris
3054 2858 3361 2927 diligentiae,
3382 2860 3474 2930 qui
3497 2876 3526 2915 a
3550 2860 3606 2916 S.
3633 2860 3881 2931 Gregorii

2285 2955 2625 3025 temporibus
2660 2952 2871 3021 integro
2917 2950 3113 3007 saeculo
3138 2966 3247 3007 non
3273 2952 3482 3007 aberat.
3515 2952 3649 3008 Cum
3680 2952 3880 3024 Grego-

2284 3050 2396 3105 rius
2442 3048 2496 3103 in
2543 3047 2662 3102 foro
2712 3045 2932 3102 venales
2958 3045 3333 3115 conspexisset
3362 3061 3562 3116 pueros
3599 3062 3775 3119 nuper
3816 3064 3880 3107 ex

2286 3140 2564 3195 Britannia
2595 3139 2852 3195 advectos
2890 3137 3105 3207 egregia
3142 3137 3332 3206 forma,
3371 3138 3599 3195 candido
3628 3155 3881 3211 corpore,

581 3216 938 3303 namnt,'ipse
964 3248 995 3287 a
1017 3233 1139 3288 cibo
1163 3231 1436 3286 abstinere
1465 3246 1574 3285 non
1604 3245 1763 3299 posse
1789 3228 2081 3282 videretur.
2123 3226 2181 3280 ld
2206 3211 2253 3276 C
2286 3230 2402 3301 ipso
2431 3230 2594 3286 etiam
2638 3228 3021 3299 capillamento
3070 3228 3306 3297 insignes
3328 3270 3343 3295 ,
3374 3228 3730 3299 interrogavit
3780 3246 3885 3301 qua

582 3333 763 3379 tamen
791 3324 983 3379 etsuis
1024 3331 1081 3378 et
1102 3333 1128 3361 η
1157 3322 1455 3380 Eleutherii
1479 3362 1493 3387 ,
1543 3320 1600 3374 S.
1634 3320 1861 3375 Andreae
1902 3320 2175 3384 monachi,

584 3413 666 3469 sui
694 3413 1019 3469 convictoris
1047 3420 1104 3470 et
1131 3413 1360 3479 sodalis,
1404 3411 1656 3482 precibus
1689 3418 1744 3464 et
1784 3411 2035 3481 lacrymis
2056 3419 2179 3465 tan-

586 3504 713 3559 dem
743 3504 1082 3573 impetravit;
1109 3505 1355 3574 quamvis
1392 3503 1494 3559 soli
1521 3500 1831 3557 Eleutherio
1856 3502 2181 3559 miraculum

586 3597 692 3654 hoc
712 3598 961 3653 tribuerit
980 3598 1063 3653 vir
1091 3612 1315 3652 summae
1341 3596 1659 3650 humilitatis
1686 3604 1741 3649 et
1762 3594 2038 3650 modestia:
2064 3614 2075 3648 :
2100 3596 2183 3649 Ad

587 3707 758 3746 uocem
805 3689 1171 3745 benedictionis
1214 3690 1356 3743 illius
1383 3728 1399 3756 ,
1446 3688 1654 3757 inquit,
1698 3689 1935 3740 virtutem
1983 3696 2182 3739 tantam

587 3798 728 3835 meus
759 3781 1053 3835 stomachus
1082 3780 1310 3848 accepit,
1341 3787 1397 3832 ut
1440 3778 1565 3831 mihi
1611 3777 1845 3848 funditus
1874 3795 1905 3829 a
1934 3777 2183 3829 memoria

586 3875 852 3929 tolleretur
885 3874 1024 3928 cibus
1052 3881 1103 3928 et
1137 3873 1410 3945 aegritudo.
1443 3871 1585 3942 Cazpi
1628 3871 1813 3924 mirari
1842 3872 1955 3942 quis
1986 3888 2178 3933 essem,

586 3967 671 4038 qui
701 3968 946 4037 fuerim"
970 4004 1012 4018 ..
1032 4006 1047 4019 .
1077 3981 1290 4035 cumque
1308 3965 1365 4017 in
1394 3963 1697 4017 monasterii
1726 3961 2063 4029 dispositione
2093 3979 2182 4016 oc-

586 4066 775 4127 cupata
816 4072 960 4110 mens
1005 4066 1166 4123 esset,
1214 4053 1549 4109 obliviscebar
1596 4054 1803 4122 penitus
1834 4053 2177 4123 wgritudinis.

586 4147 740 4214 Quod
771 4146 860 4201 hic
889 4146 964 4199 ait
992 4146 1050 4200 S.
1096 4146 1278 4211 Pater,
1310 4146 1378 4200 de
1404 4146 1765 4213 occupatione
1793 4159 1890 4199 sua
1918 4144 1974 4197 in
1998 4143 2183 4214 dispo-

587 4238 785 4292 sitione
811 4236 1145 4301 monasterii,
1176 4236 1315 4290 forte
1343 4235 1568 4306 intelligi
1597 4235 1762 4290 debet
1784 4235 1852 4290 de
1882 4235 2062 4303 aliqua
2089 4232 2186 4288 ad-

588 4328 985 4384 ministratione
1032 4327 1300 4382 bonorum
1348 4327 1724 4396 temporalium
1766 4326 1869 4398 ipsi
1900 4325 2180 4394 injuncta,‘

588 4438 699 4479 non
723 4422 790 4477 de
814 4422 1023 4476 abbatis
1073 4420 1272 4488 oﬂicio,
1296 4420 1441 4491 quod
1471 4436 1579 4475 non
1630 4421 1730 4475 nisi
1758 4429 1883 4490 post
1921 4433 2073 4474 suam
2102 4419 2182 4474 le-

588 4514 863 4584 gationem
912 4514 1141 4583 gessisse
1172 4511 1504 4583 Gregorium
1546 4512 1655 4582 jam
1700 4529 1823 4569 cum
1872 4512 2183 4569 Mabillonio

2286 3338 2353 3377 ex
2403 3329 2564 3392 gente
2617 3328 2819 3376 essent.
2872 3320 3073 3388 Anglos
3119 3335 3240 3375 esse
3286 3336 3603 3391 responsum
3653 3332 3772 3389 est;
3818 3323 3883 3381 ad

2293 3416 2460 3486 quod,
2496 3415 2653 3479 Bene,
2682 3413 2876 3482 inquit,
2910 3430 3031 3466 nam
3051 3422 3101 3467 et
3128 3414 3414 3485 angelicam
3438 3413 3624 3469 habent
3662 3414 3849 3487 faciem
3867 3458 3883 3484 ,

2286 3517 2335 3561 et
2367 3509 2494 3562 tales
2520 3508 2837 3578 Angelorum
2864 3506 2919 3559 in
2949 3507 3089 3560 ccelis
3128 3507 3271 3560 decet
3311 3524 3421 3561 esse
3460 3517 3743 3563 camertes.
3778 3508 3883 3565 Nec

2286 3615 2439 3655 mora
2468 3599 2676 3654 accedit
2704 3600 2770 3654 ad
2800 3614 3069 3654 summum
3116 3599 3468 3669 pontiﬁcem,
3517 3610 3781 3671 rogatque
3828 3612 3885 3659 ut

2287 3694 2433 3765 genti
2492 3694 2828 3764 Anglorum,
2880 3707 3039 3761 quam
3091 3693 3344 3748 audiebat
3396 3694 3570 3750 adhuc
3618 3695 3883 3751 idolorum

2287 3784 2453 3840 cultui
2476 3782 2767 3852 addictam,
2795 3783 3004 3851 aliquos
3034 3782 3172 3838 sacri
3202 3782 3352 3837 verbi
3381 3783 3655 3840 ministros
3683 3784 3882 3852 mittat,

2287 3877 2379 3947 qui
2421 3891 2607 3931 eorum
2636 3874 2981 3931 conversioni
3012 3889 3234 3944 operam
3271 3874 3419 3942 dent,
3451 3876 3687 3947 seipsum
3724 3892 3882 3947 para-

2287 3973 2399 4019 tum
2417 3980 2536 4021 esse
2558 3964 2611 4019 in
2634 3965 2739 4020 hoc
2760 3980 2916 4034 opus,
2936 3963 2981 4019 si
3004 3965 3077 4018 ita
3097 3980 3353 4035 supremo
3374 3966 3597 4021 antistiti
3615 3966 3881 4024 videatur.

2287 4057 2490 4111 Annuit
2517 4072 2678 4127 papa,
2709 4055 3125 4127 infatigabilihus
3150 4056 3265 4126 ejus
3302 4058 3553 4128 precibus
3579 4060 3773 4128 victus,
3805 4062 3883 4116 in-

2287 4148 2406 4216 quit
2434 4147 2629 4202 Paulus
2657 4147 2944 4203 Diaconus.
2975 4147 3267 4217 Gregorius
3294 4164 3426 4205 vero
3455 4159 3680 4223 accepta
3709 4152 3885 4209 disce-

2286 4238 2448 4294 dendi
2477 4239 2654 4309 copia,
2681 4240 3083 4310 assumptisque
3121 4255 3153 4295 e
3192 4256 3291 4297 suo
3316 4240 3607 4299 Andreano
3631 4244 3885 4302 sodalitio

2289 4328 2505 4384 selectis
2553 4328 2874 4398 quihusdam
2903 4329 3089 4394 sociis,
3119 4332 3444 4400 quamcitius
3488 4332 3627 4389 clam
3656 4350 3717 4391 se
3762 4336 3885 4391 sub-

2286 4418 2440 4474 duxit
2491 4428 2549 4475 et
2595 4419 2775 4475 itineri
2830 4420 3139 4488 commisit;
3196 4430 3443 4479 metuens
3496 4425 3640 4494 quod
3692 4436 3882 4497 postea

2286 4511 2528 4582 contigit,
2554 4526 2623 4567 ne
2645 4512 2711 4566 ab
2739 4512 2952 4579 itinere,
2985 4528 3206 4568 suorum
3236 4514 3431 4569 civium
3461 4530 3646 4571 amore
3677 4532 3740 4573 ac
3769 4528 3883 4573 stn-

588 4604 839 4659 diximus.
873 4603 891 4673 (
910 4603 992 4675 Cf.
1025 4602 1183 4658 Joan.
1218 4602 1372 4659 Diae.
1404 4604 1490 4657 lib.
1525 4621 1561 4669 ι,
1593 4620 1683 4657 ηη.
1719 4603 1769 4670 7,
1803 4601 1985 4670 9,10;
2018 4602 2174 4675 Greg.
2204 4612 2259 4674 Ῑ)
2283 4604 2371 4660 (1ἰο
2399 4612 2769 4660 revocaretur.
2801 4602 2985 4673 Itaque
3011 4604 3241 4660 Romani
3283 4607 3562 4664 audientes
3583 4609 3687 4664 viri
3715 4605 3887 4667 sancti

591 4695 786 4751 Turon.
813 4695 901 4750 lib.
927 4713 980 4762 x,
1010 4714 1055 4749 c.
1081 4696 1135 4762 l;
1170 4697 1260 4750 lib.
1294 4713 1350 4751 nt
1380 4696 1618 4767 Dialog.,
1647 4714 1692 4749 c.
1728 4695 1853 4767 58.)

664 4786 716 4839 4.
752 4785 1017 4841 Plurimos
1037 4787 1153 4857 ejus
1177 4788 1429 4857 exemplo
1460 4789 1514 4842 in
1537 4788 1867 4844 monasterio
1892 4788 2188 4860 profecisse

591 4886 646 4932 et
673 4877 739 4932 ad
766 4892 1029 4931 summam
1073 4880 1416 4934 sanctitatem
1461 4880 1769 4948 pervenisse
1798 4882 2031 4951 probant
2068 4895 2187 4950 quae

590 4967 658 5022 de
687 4967 866 5021 multis
895 4982 926 5021 e
954 4969 1066 5024 suis
1104 4970 1565 5026 commilitonibus
1593 4972 1709 5041 ipse
1735 4971 1927 5039 refert,
1959 4988 2186 5043 prmser-

592 5057 687 5111 tim
722 5056 776 5109 in
804 5056 1059 5127 Dialogis.
1094 5058 1171 5114 De
1198 5059 1513 5117 Eleutherio
1536 5061 1647 5131 jam
1678 5078 1851 5133 pauca
1890 5065 2180 5133 attigimus.
2210 5060 2211 5063 “

592 5148 669 5202 De
689 5148 890 5204 sanctis
906 5148 1165 5217 Antonio,
1190 5149 1397 5207 Merulo
1420 5162 1474 5207 et
1494 5152 1721 5219 Joanne,
1745 5156 1836 5224 qui
1858 5155 2184 5225 quotidianis

592 5239 872 5310 lacrymis,
904 5241 1131 5297 assiduis
1177 5244 1550 5313 orationibus,
1596 5248 1849 5302 continua
1901 5262 2180 5303 sacrarum

592 5329 891 5385 litterarum
930 5332 1303 5400 meditatione,
1335 5335 1403 5390 ad
1430 5344 1688 5392 aeternam
1716 5337 2046 5406 felicitatem,
2078 5354 2185 5409 quo

592 5422 701 5492 jam
731 5424 912 5478 animo
942 5427 1319 5495 prazgolarant,
1354 5430 1565 5485 cmlitus
1593 5430 1770 5484 vocati
1801 5441 2182 5500 pervenerunt,

593 5512 879 5585 legendum
912 5527 1074 5586 caput
1103 5518 1172 5572 47
1203 5520 1297 5574 lib.
1340 5536 1393 5575 tv
1421 5519 1789 5589 Dialogorum.
1822 5522 1896 5578 De
1926 5524 1982 5578 S.
2016 5524 2185 5578 Maxi-

596 5605 836 5663 miniano
862 5610 1181 5665 coenobiis.
1211 5610 1441 5666 Andreae
1485 5612 1699 5678 abbate,
1732 5622 1920 5683 postea
1958 5618 2189 5687 Syracu-

673 5780 701 5845 ξι
741 5773 818 5845 l_)e
846 5774 1132 5845 sanctitate
1158 5773 1447 5831 Eleutherii
1470 5776 1589 5832 vide
1620 5777 1710 5833 lib.
1743 5795 1817 5845 tu,
1851 5779 1984 5834 Dial.
2018 5796 2066 5835 c.
2101 5782 2189 5837 55.

672 5835 706 5880 δ
742 5840 879 5899 Dum
899 5842 1086 5899 Petrus
1102 5883 1118 5911 ,
1136 5885 1150 5899 .
1170 5886 1184 5900 .
1206 5884 1220 5901 .
1244 5846 1341 5901 sibi
1360 5848 1674 5917 sepulturam
1694 5835 1868 5920 facere
1888 5860 2003 5921 post
2027 5835 2190 5908 annos

2288 4696 2713 4768 profectionem,
2755 4711 3023 4751 summum
3057 4708 3079 4735 ο
3113 4698 3425 4768 pontiﬁcem
3461 4700 3660 4755 adeunt
3694 4708 3748 4756 et
3790 4712 3888 4756 ter-

2289 4788 2429 4842 ribili
2458 4805 2577 4842 voce
2622 4789 2989 4842 conclamant:
3016 4788 3138 4855 Eia,
3168 4790 3490 4860 Apostolicc,
3520 4793 3644 4862 quid
3685 4795 3889 4865 fecisti?

2291 4880 2356 4936 S.
2384 4879 2598 4934 Petrum
2637 4880 2921 4949 offendisti,
2956 4880 3179 4936 Romam
3218 4882 3540 4937 destruxisti.
3570 4883 3742 4940 Tanta
3772 4894 3890 4941 erat

2293 4972 2363 5027 de
2386 4980 2579 5027 sancto
2617 4971 2733 5026 viro
2770 4972 3100 5027 existimatio
3147 4980 3202 5028 et
3233 4974 3428 5029 ﬁducia
3450 4974 3561 5044 jam
3589 4985 3886 5047 concepta,

2295 5070 2355 5116 ut
2375 5078 2442 5117 ex
2473 5076 2578 5117 uno
2600 5060 2862 5131 Gregorio
2890 5062 3034 5117 salus
3064 5064 3305 5119 omnium
3333 5065 3569 5135 pendere
3590 5067 3885 5123 videretur.

2294 5153 2389 5210 His
2418 5154 2745 5210 clamoribus
2766 5164 2949 5210 motus
2973 5171 3136 5226 papa,
3164 5155 3595 5227 seditionemque
3623 5175 3764 5231 pene
3791 5162 3889 5216 im-

2294 5247 2587 5303 minentem
2614 5250 2779 5319 210
2796 5249 3149 5305 vehementer
3170 5259 3438 5320 metuens,
3470 5253 3755 5309 celerrime
3784 5255 3887 5309 mi-

2295 5340 2365 5396 sit
2411 5340 2629 5397 nuntios
2657 5340 2750 5409 qui
2775 5342 2861 5395 vel
2911 5342 3236 5398 renitentem
3265 5344 3529 5400 viatorem
3580 5346 3647 5399 ab
3697 5346 3889 5402 itinere

2297 5434 2615 5504 quantocius
2644 5444 2967 5491 revocarent
2995 5444 3050 5492 et
3078 5437 3132 5491 in
3176 5435 3375 5493 Urbem
3428 5438 3781 5506 reducerent,
3831 5448 3891 5495 ut

2297 5526 2413 5580 viso
2459 5542 2524 5581 eo
2564 5526 2709 5582 cives
2760 5542 2789 5581 a
2840 5528 3070 5584 tumultu
3111 5538 3606 5599 compescerentnr.
3663 5529 3889 5601 Jamque

2300 5619 2458 5672 trium
2488 5618 2694 5675 dierum
2725 5621 2975 5679 confecto
3005 5624 3217 5691 itinere,
3249 5623 3464 5681 sodales
3501 5632 3627 5695 post
3669 5626 3886 5681 brevem

2303 5798 2393 5837 XIV
2416 5784 2676 5837 voluisset.

2343 5799 2393 5837 IV
2416 5799 2676 5837 vetuisset.

2380 5865 2401 5892 c
2442 5854 2720 5923 Pelagium
2749 5869 2817 5913 ex
2850 5856 3038 5928 Paulo,
3069 5867 3124 5916 et
3149 5860 3493 5918 Benedictum
3524 5874 3593 5917 ex
3620 5860 3845 5918 Joanne.
