4138 6444
272 402 380 459 265

772 399 831 457 S.
873 396 1205 455 GREGORH
1243 399 1457 455 MAGNI
1500 398 1682 465 VITA,
1724 398 1815 453 EX
1857 398 2021 456 EJUS
2061 399 2363 456 SCRIPTIS
2401 401 2802 457 ADORNATA.
2843 400 2973 454 LIB.
3015 399 3053 454 Ι.

3436 396 3538 449 266

270 521 506 591 quietem
521 551 549 577 ,.
569 520 629 569 ut
656 512 906 568 alacriter
945 520 1177 584 emptam
1225 520 1673 583 persequerentur
1711 512 1851 566 viam
1879 516 1928 573 Α
1954 511 2037 565 rio
2077 526 2403 566 summorum
2445 513 2757 582 pontiﬁcum
2800 515 3107 570 asservatis.
3153 509 3279 566 Haec
3327 509 3543 582 quidem

270 608 612 673 hortabatur,
644 621 764 661 cum
795 620 925 661 ecce
968 604 1260 659 adveniunt
1306 604 1621 659 sudantibus
1646 604 1796 673 equis
1824 619 1856 657 a

271 719 484 762 summo
534 699 786 772 pontiﬁce
829 698 1006 762 missi,
1038 697 1376 767 oﬁeruntque
1423 695 1703 766 epistolam
1752 711 1858 765 qua

273 794 537 864 Gregorio
566 791 975 863 praecipiebatur
995 790 1218 858 vestigia
1240 789 1502 858 relegere.
1529 796 1585 844 et
1614 796 1857 844 actutum

274 885 475 942 Urbem
506 884 760 940 revisere.
811 881 1193 953 Obtemperare
1230 891 1449 936 coactus
1476 881 1559 934 vir
1582 881 1858 936 sanctissi-

273 997 413 1047 mus,
446 978 537 1049 qui
584 976 944 1032 obedientiam
994 974 1104 1029 Deo
1145 989 1251 1044 prae
1300 972 1576 1028 sacriﬁciis
1614 973 1860 1027 omnibus

274 1072 492 1143 placere
538 1075 801 1134 noverat,
850 1066 1035 1121 Romae
1085 1080 1292 1120 summa
1324 1064 1563 1120 omnium
1612 1065 1861 1119 ordinum

273 1160 636 1233 gratulatione
662 1166 921 1228 exceptus
972 1165 1087 1218 est;
1143 1164 1198 1211 et
1244 1156 1295 1209 in
1344 1156 1727 1211 monasterium
1777 1172 1863 1209 re-

274 1268 507 1325 gressus,
525 1268 665 1306 novo
680 1251 891 1306 fervore
906 1248 971 1303 ad
986 1247 1321 1302 intermissos
1335 1246 1619 1301 monastici
1636 1244 1864 1300 instituti

273 1348 491 1403 labores
520 1360 640 1401 sese
687 1341 939 1408 accinxit,
970 1341 1025 1395 in
1057 1340 1137 1393 his
1181 1337 1362 1392 damni
1392 1338 1534 1408 quod
1560 1337 1864 1407 patiebatur

274 1439 525 1495 solatium
556 1447 611 1490 et
635 1433 1131 1504 compensationem
1155 1444 1422 1499 quaerens.
1454 1428 1558 1483 Sed
1590 1444 1710 1483 eum
1741 1444 1864 1498 spes

274 1529 484 1586 fefellit.
532 1528 645 1600 (Cf.
695 1527 859 1592 Beda,
900 1526 937 1578 ι.
970 1541 1034 1588 ιι,
1082 1541 1128 1577 c.
1163 1522 1226 1589 l;
1286 1523 1435 1575 Paul.
1468 1520 1621 1575 Diae.
1660 1538 1715 1575 η.
1760 1520 1860 1584 Μς

273 1622 437 1680 Joan.
469 1622 623 1676 Diae.
658 1621 755 1686 1.1,
787 1636 843 1672 η.
866 1616 933 1671 20
954 1627 1001 1670 et
1025 1615 1173 1687 seq.)

297 1744 304 1752 -
348 1715 401 1776 6.
442 1713 544 1768 Vix
583 1712 723 1766 enim
754 1711 807 1764 in
837 1708 1223 1764 monasterium
1253 1720 1373 1761 sese
1403 1713 1703 1775 receperat,
1743 1720 1864 1759 eum

274 1813 344 1863 ab
378 1808 493 1878 ejus
521 1806 701 1877 quiete
729 1804 1031 1859 abstractus
1064 1817 1093 1855 a
1124 1815 1335 1855 summo
1366 1800 1604 1855 antistite
1624 1841 1638 1866 ,
1672 1808 1727 1854 et
1755 1799 1867 1853 dia-

274 1916 445 1955 conus
472 1898 730 1968 septimus
751 1903 964 1950 creatus
989 1904 1087 1958 est,
1108 1902 1219 1947 tum
1241 1902 1298 1946 ut
1315 1891 1381 1946 ad
1401 1892 1569 1946 altare
1591 1891 1865 1946 ministra-
1900 1909 1945 1967 Β

274 2001 379 2059 ret,
413 2001 523 2045 tum
547 1998 604 2043 ut
626 1988 678 2042 in
700 1996 910 2057 partem
932 1983 1253 2055 pontilicalis
1281 1981 1655 2037 sollicitudinis
1675 1996 1863 2036 succe-

274 2085 448 2138 deret.
480 2079 634 2147 Quod
663 2078 816 2134 audis
861 2078 949 2132 hic
996 2074 1315 2145 Gregorium
1364 2072 1561 2128 factum
1592 2073 1866 2128 diaconum

275 2177 363 2231 vel
396 2176 601 2229 (evitant
645 2174 952 2243 septimum,
1005 2169 1268 2237 signiﬁcat
1309 2176 1436 2221 tune
1465 2167 1639 2220 adhuc
1683 2166 1867 2221 Romae

275 2268 512 2337 viguisse
541 2266 818 2335 antiquum
846 2274 870 2301 ελ
894 2278 1098 2318 morem
1128 2262 1280 2330 cujus
1309 2261 1550 2316 meminit
1578 2260 1634 2315 S.
1665 2259 1868 2315 Corne-

276 2360 380 2414 lius
408 2374 544 2429 papa
590 2358 643 2411 in
674 2372 760 2426 cp.
792 2354 933 2425 apud
961 2353 1153 2409 Euseb.
1190 2353 1281 2407 lib.
1314 2369 1388 2420 νι,
1420 2367 1539 2421 cap.
1570 2351 1657 2416 45,
1692 2360 1750 2405 ιιι
1778 2368 1864 2407 se-

274 2462 423 2523 ptem
480 2452 742 2505 duntaxat
790 2455 973 2502 essent
1023 2445 1275 2511 diaeoni,
1337 2445 1586 2514 exemplo
1637 2445 1868 2500 fortasse

271 2543 469 2615 prioris
498 2551 553 2597 et
581 2540 890 2612 apostolica:
922 2536 1175 2593 Ecclesiae
1205 2537 1258 2591 in
1286 2552 1389 2605 qua
1421 2545 1627 2607 septem
1656 2545 1865 2590 tantum

273 2635 488 2692 diaconi
510 2635 739 2691 ordinati
762 2640 913 2688 sunt.
932 2630 1030 2686 Hie
1050 2632 1211 2685 etiam
1237 2645 1489 2685 numerus
1512 2631 1863 2699 septenarius,

273 2739 477 2800 septem
500 2727 785 2799 praecipuis
810 2724 968 2780 Urbis
988 2723 1298 2793 regionibus
1318 2732 1371 2777 et
1392 2723 1625 2777 basilicis
1645 2738 1870 2793 reSpon-

274 2821 465 2885 debat,
495 2819 691 2889 quibus
735 2817 929 2885 singuli
957 2815 1171 2870 diaeoni
1203 2814 1667 2884 praeﬁciebantur;
1713 2816 1867 2871 hinc-

272 2898 380 2980 r1ue
408 2909 535 2965 dicti
578 2916 702 2963 sunt
746 2904 1058 2974 regionarii.
1093 2902 1208 2974 (Cf;
1242 2901 1396 2971 Greg.
1430 2902 1626 2957 Turon.
1658 2905 1695 2957 ι.
1729 2920 1785 2970 x,
1815 2920 1865 2959 e.

273 3001 363 3073 ε.)

352 3094 469 3149 Vim
513 3094 613 3150 sibi
663 3102 789 3149 tunc
829 3094 1026 3149 factam
1055 3092 1291 3163 explicat
1317 3098 1538 3147 sanctus
1565 3091 1647 3145 vir
1673 3090 1726 3144 in
1757 3091 1870 3161 epi-

275 3188 413 3245 stola
459 3187 525 3241 ad
570 3186 873 3269 Leandrum
916 3185 1027 3255 jam
1076 3185 1236 3241 toties
1265 3183 1500 3249 laudata,
1534 3192 1869 3252 testaturque

276 3280 373 3334 sibi
399 3280 599 3334 nolenti
620 3288 675 3333 et
694 3278 949 3333 renitenti
972 3276 1289 3334 obedientim
1308 3276 1559 3330 virtutem
1582 3274 1867 3343 objectam,
1900 3296 1945 3358 ρ

276 3373 363 3426 cui
398 3371 587 3426 cedere
616 3378 836 3426 coactus
864 3377 964 3424 est.
999 3368 1051 3438 Α
1091 3384 1198 3439 quo
1239 3364 1495 3438 pontiﬁce
1523 3373 1871 3421 consecratus

218 3532 219 3535 η
276 3468 455 3537 fuerit,
480 3477 527 3523 et
554 3468 604 3522 in
631 3475 833 3533 partem
856 3480 1000 3520 curae
1022 3464 1403 3520 ecclesiasticae
1429 3470 1672 3525 vocatus,
1696 3476 1872 3529 neque

276 3564 567 3635 Gregorius
606 3554 797 3619 l‘uron.
846 3577 1022 3630 neque
1066 3559 1262 3615 Paulus
1290 3575 1389 3614 nos
1416 3558 1616 3613 docent
1640 3574 1653 3608 :
1679 3555 1768 3610 hic
1792 3563 1872 3608 ta-

276 3672 404 3712 men
433 3654 648 3723 Pelagio
678 3652 917 3709 secundo
963 3652 1015 3705 id
1060 3650 1366 3706 adscribere
1394 3648 1623 3703 videtur.
1657 3645 1870 3700 Etenim

277 3748 483 3802 diserte
510 3754 742 3801 testatur
767 3742 1083 3811 Gregorium
1129 3743 1197 3796 ab
1242 3741 1435 3796 eodem
1465 3737 1720 3809 pontiﬁce
1750 3738 1870 3791 dia-

277 3855 473 3895 conum
503 3835 749 3890 eﬂ‘ectum
774 3874 788 3897 ,
831 3841 885 3887 et
914 3830 1436 3899 Constantinopolim
1465 3829 1706 3883 missum.
1738 3826 1870 3881 Cum

274 3929 461 3998 itaque
492 3932 700 3980 constet
743 3924 916 3993 ipsum
965 3937 1071 3975 non
1120 3920 1398 3975 Benedicti
1445 3918 1540 3973 sed
1585 3918 1787 3987 Pelagii
1830 3916 1874 3969 l‘l

276 4021 516 4089 legatum
563 4032 659 4070 seu
705 4014 1109 4084 apocrisiarium
1158 4012 1299 4082 apud
1329 4011 1622 4079 Augustum
1674 4009 1873 4074 fuisse,

278 4114 403 4171 inde
434 4113 601 4181 liquet
645 4110 712 4164 ad
758 4116 990 4163 mentem
1022 4105 1192 4171 Pauli,
1236 4120 1342 4160 non
1372 4119 1403 4158 a
1432 4102 1749 4171 Benedicto,
1779 4101 1876 4158 sed

279 4222 311 4261 a
345 4204 562 4272 Pelagio
591 4201 634 4255 ll
661 4216 800 4271 papa
829 4196 1077 4253 eﬁ'ectum
1106 4212 1231 4252 eum
1260 4210 1377 4251 esse
1406 4195 1712 4249 diaconum.

356 4296 407 4349 7.
449 4293 577 4349 Haec
625 4290 765 4362 apud
807 4290 1030 4344 Paulum
1073 4289 1276 4357 legerat
1311 4287 1548 4343 Joannes
1579 4286 1872 4352 Diaeonus;

279 4404 513 4457 eumque
545 4387 597 4440 in
627 4385 712 4440 his
740 4383 973 4438 maxime
1002 4396 1121 4451 qua:
1147 4381 1215 4436 de
1242 4379 1506 4451 Gregorio
1545 4378 1712 4435 refert
1752 4388 1878 4434 ante

279 4483 533 4552 adeptum
582 4474 996 4549 pontificatum,
1046 4474 1112 4528 ab
1156 4473 1273 4543 ejus
1317 4472 1585 4528 sententia
1621 4471 1878 4527 recedere

279 4590 391 4630 non
421 4572 612 4639 soleat,
664 4569 757 4625 sed
788 4569 903 4638 ipsa
932 4566 1048 4635 ejus
1079 4566 1241 4621 verba
1270 4574 1327 4620 et
1353 4564 1607 4636 periodos
1636 4565 1875 4634 integras

1961 616 2154 671 magna
2175 618 2240 657 ex
2255 612 2406 673 parte
2434 604 2500 659 ad
2518 620 2615 660 nos
2645 607 2863 659 minime
2886 612 3273 675 pervenerunt;
3303 602 3400 659 sed
3424 618 3549 657 eum

1960 692 2238 749 videamus
2269 693 2409 748 illius
2452 696 2726 766 scriptoris
2753 696 3082 765 diligentiam
3109 704 3165 750 et
3195 695 3354 750 tidem
3387 696 3441 749 in
3470 695 3550 749 le-

1962 784 2148 854 gendis
2174 783 2231 839 S.
2260 784 2508 841 Doctoris
2548 786 2801 856 operibus
2826 802 2945 855 quze
2971 802 3079 858 prce
3109 786 3356 841 manibus
3383 785 3545 840 habe‘

1964 891 2102 939 mus,
2135 874 2440 931 nullatenus
2468 876 2761 932 desiderari
2810 877 2827 946 (
2847 893 2965 945 qua:
2995 879 3135 933 enim
3183 893 3251 933 ex
3296 878 3425 947 ipsis
3455 892 3551 931 ex-

1964 968 2186 1038 eerpsit,
2218 968 2406 1023 eadem
2434 969 2573 1039 apud
2595 968 2651 1023 S.
2676 967 2994 1037 Gregorium
3015 970 3265 1038 leguntur
3284 970 3373 1023 vix
3395 969 3552 1023 unica

1963 1075 2099 1115 voce
2130 1060 2369 1131 mutata)
2401 1060 2584 1131 quidni
2618 1060 2684 1116 de
2716 1061 2952 1130 ejusdem
2985 1062 3189 1131 optima
3222 1061 3324 1116 ﬁde
3354 1077 3416 1117 ac
3445 1062 3557 1116 sin-

1967 1150 2191 1204 ceritate
2213 1151 2344 1205 certi
2368 1158 2422 1205 et
2444 1150 2617 1206 securi
2642 1150 2808 1206 simus
2830 1152 2883 1205 in
2908 1151 3025 1205 aliis
3053 1151 3368 1205 laudandis?
3397 1150 3559 1207 Certe

1967 1238 2230 1296 Joannem
2291 1241 2584 1297 Diaeonum
2643 1243 2697 1296 in
2753 1242 3119 1313 suspicionem
3173 1242 3415 1298 vocando
3473 1242 3559 1297 vel

1967 1329 2167 1385 fraudis
2210 1330 2293 1385 vel
2334 1331 2576 1398 ineurim,
2628 1332 2846 1387 alterius
2885 1331 3127 1399 Joannis,
3176 1331 3381 1387 scilicet
3408 1346 3560 1402 papa)

1969 1419 2101 1486 Vill,
2145 1422 2385 1491 pulsatur
2425 1423 2759 1489 auctoritas;
2799 1423 2891 1493 qui
2928 1432 2984 1481 et
3018 1423 3167 1479 illum
3197 1422 3266 1477 ad
3291 1423 3460 1478 vitam
3501 1422 3561 1479 S.

1970 1515 2215 1585 Gregorii
2245 1516 2690 1571 conscribendam
2712 1518 2955 1572 hortatus
2981 1524 3081 1579 est,
3111 1525 3165 1571 et
3190 1515 3445 1585 scriptam
3470 1530 3563 1585 ap-

1970 1607 2235 1677 probavit,
2270 1608 2409 1661 haud
2425 1608 2584 1662 dubie
2613 1608 2888 1679 praemisso
2911 1616 3166 1663 accurato
3194 1600 3461 1673 examine,
3486 1606 3563 1663 uti

1970 1712 2100 1752 sane
2154 1698 2287 1751 tanti
2340 1699 2598 1752 momenti
2656 1714 2791 1770 epus
2843 1699 3170 1768 postulabat.
3226 1698 3391 1767 Igitur
3442 1712 3564 1753 cum

1973 1786 2177 1842 Joanne
2224 1787 2460 1843 Diacono
2490 1791 2838 1844 asserendum
2868 1797 3119 1859 putamus
3149 1805 3178 1843 a
3206 1787 3499 1844 Benedicto
3542 1788 3565 1845 I

1972 1879 2212 1933 avulsum
2244 1894 2275 1933 e
2303 1880 2633 1935 monasterio
2664 1880 2720 1934 S.
2757 1879 3093 1948 Gregorium,
3136 1889 3192 1934 et
3231 1890 3563 1950 assumptum

1970 1972 2135 2030 fuisse
2163 1974 2229 2027 ad
2256 1974 2509 2029 Ecclesiae
2540 1976 2916 2030 ministerium.
2942 1974 3267 2029 Benedictus
3286 1973 3325 2040 Ι,
3350 1983 3565 2029 mortuo

1972 2064 2179 2121 Joanne
2209 2065 2273 2119 lll
2296 2110 2309 2132 ,
2343 2068 2484 2122 rexit
2511 2066 2806 2123 Eeclesiam
2838 2084 2867 2121 a
2900 2083 3083 2121 mense
3113 2066 3252 2120 Maio
3292 2067 3415 2120 anni
3457 2066 3564 2120 575

1972 2159 2037 2214 ad
2064 2159 2223 2214 ﬁnem
2252 2159 2377 2214 Julii
2401 2176 2489 2214 an.
2523 2159 2658 2225 577;
2692 2161 2995 2231 elapsisque
3023 2160 3192 2213 tribus
3217 2159 3490 2217 mensibus
3511 2166 3565 2213 et

1971 2253 2158 2322 paucis
2187 2253 2394 2318 diebus,
2428 2252 2675 2321 Pelagius
2703 2253 2748 2307 ll
2774 2262 2986 2308 creatus
3013 2261 3097 2307 est
3124 2268 3361 2307 summus
3387 2256 3565 2322 ponti-

1970 2343 2091 2409 fex;
2124 2359 2231 2413 quo
2260 2345 2505 2412 sedente,
2533 2346 2712 2400 ollieio
2737 2345 2948 2400 diaconi
2976 2345 3265 2413 Gregorius
3292 2345 3343 2398 in
3374 2342 3562 2399 Eccle-

1970 2435 2049 2491 sia
2079 2435 2324 2491 Romana
2355 2437 2467 2491 fere
2495 2437 2641 2506 fungi
2672 2438 2853 2507 C(Bpit,
2896 2437 3039 2507 quod
3068 2452 3099 2491 a
3128 2436 3418 2492 Benedicto
3448 2436 3566 2504 ejus

1918 2556 1921 2561 -
1971 2535 2314 2581 antecessore
2345 2526 2506 2596 paulo
2535 2535 2661 2581 ante
2692 2536 2921 2581 mortem
2950 2526 3227 2581 ordinatus
3257 2536 3419 2582 esset.
3453 2525 3566 2580 Hae

1972 2619 2187 2687 quidem
2233 2619 2443 2673 ratione
2472 2619 2745 2673 conciliari
2792 2634 2949 2688 posse
2979 2618 3239 2673 Joannem
3271 2618 3567 2674 Diaeonum

1973 2722 2095 2762 cum
2143 2706 2311 2761 Paulo
2353 2724 2458 2761 non
2491 2707 2799 2763 diflldimus.
2841 2707 2978 2773 Quid
3023 2709 3166 2761 enim
3215 2716 3361 2762 vetat
3388 2708 3566 2762 dicere

1972 2800 2091 2857 cum
2119 2800 2346 2868 Joanne,
2378 2817 2407 2855 a
2439 2802 2729 2857 Benedicto
2758 2802 2930 2871 primo
2972 2800 3289 2869 Gregorium
3319 2816 3567 2869 assump-

1974 2904 2086 2948 tum
2118 2892 2279 2949 fuisse
2308 2894 2374 2947 ad
2405 2892 2660 2948 Eeclesim
2691 2893 2947 2948 Romana:
2975 2894 3337 2958 diaconatum,
3373 2901 3428 2947 et
3454 2892 3565 2947 for-

1974 2995 2116 3043 tasse
2162 2987 2229 3041 ad
2273 2988 2598 3056 legationem
2630 2987 2772 3056 apud
2816 2988 3197 3057 imperatorem
3230 2986 3565 3051 obeundam;

1974 3094 2094 3147 quae
2125 3093 2247 3133 eum
2278 3077 2493 3131 nonnisi
2522 3086 2739 3132 mortuo
2770 3077 3082 3143 Benedicto,
3118 3078 3446 3147 sedenteque
3476 3076 3567 3132 Pe~

1974 3169 2115 3239 lagio
2157 3167 2223 3233 Η,
2274 3168 2390 3237 ejus
2418 3184 2753 3235 successore,
2803 3170 3001 3224 fuerint
3050 3170 3290 3240 impleta,
3345 3169 3569 3224 Paulum

1976 3260 2274 3315 Diaeonum
2324 3276 2433 3316 non
2481 3260 2750 3316 immerito
2792 3260 3073 3331 scripsisse
3117 3260 3232 3315 haec
3279 3276 3310 3315 a
3356 3258 3567 3329 Pelagio

1978 3352 2154 3410 facta?

2048 3444 2099 3498 8.
2144 3444 2465 3513 Gregorium
2507 3444 2709 3500 factum
2740 3446 2902 3501 fuisse
2928 3446 3214 3501 diaconum
3242 3444 3571 3501 eardinalem

1978 3537 2053 3591 ait
2082 3537 2343 3593 Baronius
2367 3538 2471 3611 (Ad
2497 3555 2587 3591 an.
2621 3538 2743 3605 581,
2777 3556 2831 3592 η.
2865 3537 2942 3608 2),
2968 3538 3211 3609 quamvis
3231 3538 3371 3607 apud
3398 3538 3572 3593 nullos

1976 3640 2219 3685 veterum
2269 3630 2359 3699 qui
2406 3630 2471 3683 de
2519 3631 2636 3700 ipso
2685 3632 3016 3701 scripserunt
3062 3632 3166 3687 hoc
3212 3632 3437 3702 legerit:
3471 3632 3574 3687 nisi

1978 3720 2116 3775 forte
2147 3736 2243 3790 per
2272 3721 2476 3773 levitam
2499 3737 2592 3775 seu
2616 3722 2890 3776 diaconum
2910 3723 3218 3792 septimum,
3243 3723 3572 3778 cardinalem

1978 3810 2264 3879 signiﬁcari
2296 3828 2632 3868 censeamus.
2686 3814 2754 3867 Et
2802 3815 3017 3883 quidem
3057 3824 3214 3869 erant
3259 3824 3465 3887 septem
3496 3817 3572 3870 illi

1980 3901 2139 3955 Rom.
2174 3900 2423 3955 Ecclesia:
2463 3903 2676 3957 diaconi
2707 3904 2929 3972 singulis
2958 3906 3126 3959 titulis
3153 3906 3307 3974 quasi
3336 3906 3572 3961 cardini-

1977 3995 2079 4049 bus
2122 3993 2295 4061 allixi;
2339 3995 2480 4049 unde
2506 3995 2609 4050 dici
2640 4005 2890 4067 poterant
2918 3998 3251 4054 cardinales:
3277 4015 3386 4056 non
3417 4016 3577 4058 secus

1977 4102 2041 4141 ac
2086 4086 2159 4140 ita
2199 4085 2516 4139 dicebantur
2546 4086 2628 4140 vel
2659 4087 2955 4158 presbyteri
2987 4088 3302 4158 minoribus,
3342 4091 3428 4147 vel
3458 4092 3574 4162 epi-

1977 4180 2129 4248 scopi
2157 4176 2453 4246 majoribus
2480 4178 2721 4233 ecclesiis
2749 4188 2999 4248 tanquam
3032 4183 3237 4253 proprii
3267 4184 3573 4241 sacerdotes

1981 4268 2201 4329 addicti.
2251 4275 2305 4323 et
2351 4277 2409 4321 ut
2457 4269 2570 4339 ipse
2599 4266 2895 4338 Gregorius
2923 4271 3181 4343 loquitur,
3213 4275 3575 4343 incardinati;

1978 4359 2046 4414 de
2093 4360 2284 4429 quibus
2333 4359 2764 4431 frequentissime
2812 4364 2864 4418 in
2895 4364 3013 4434 ejus
3040 4366 3389 4437 epistolarum
3422 4368 3579 4438 Regis

1979 4460 2113 4517 stro,
2145 4452 2236 4507 ubi
2265 4454 2487 4508 consule
2518 4463 2694 4524 notas,
2726 4456 2920 4513 indicis
2948 4457 3189 4513 adhibita
3218 4458 3352 4515 face.

2052 4567 2104 4621 9.
2149 4568 2206 4623 S.
2259 4568 2514 4639 Eulogius
2566 4572 2959 4632 Alexandrinus
3005 4577 3313 4646 patriarcha
3364 4577 3577 4636 videtur

278 4662 639 4719 transcribere
666 4702 681 4724 ,
727 4658 943 4729 quando
973 4657 1058 4712 hic
1087 4671 1118 4710 a
1148 4653 1314 4710 Paulo
1344 4654 1629 4711 dissentire
1658 4656 1871 4726 eonspi—
1902 4674 1954 4732 ι)
1979 4662 2211 4717 sensisse
2255 4662 2311 4717 S.
2345 4662 2664 4735 Gregorium
2706 4668 3146 4724 arehidiaconum
3176 4668 3341 4726 fuisse
3361 4710 3379 4738 ,
3412 4686 3577 4742 penes

278 4757 443 4822 citur,
474 4756 640 4825 liquet
666 4752 718 4807 id
748 4768 857 4807 non
887 4760 1091 4806 temere
1119 4750 1215 4805 sed
1244 4749 1557 4819 gravissima
1602 4749 1669 4804 de
1711 4765 1873 4804 causa

278 4850 504 4905 factum.
527 4845 785 4900 Nimirum
813 4843 967 4897 aliter
994 4841 1137 4896 haud
1154 4841 1314 4896 dubie
1340 4841 1391 4895 in
1416 4840 1670 4896 Romanae
1690 4839 1877 4897 Eccle-

222 4946 225 4947 ⁷
278 4945 377 5000 size
405 4942 605 4998 scrinio
635 4940 839 5008 legerat
865 4935 1121 4999 Joannes,
1151 4950 1215 4989 ac
1242 4935 1297 4988 in
1329 4933 1477 4989 Pauli
1506 4935 1749 4990 historia.

356 5029 820 5086 Eminentissimus
857 5024 1144 5080 cardinalis
1182 5023 1442 5078 Baronius
1483 5023 1704 5080 Joannis
1752 5026 1872 5095 epi-

278 5126 499 5182 ni0nem
530 5123 829 5193 impugnat,
861 5133 967 5173 non
990 5115 1092 5170 alia
1116 5116 1325 5169 ratione
1350 5132 1510 5184 quam
1533 5117 1745 5171 tuenda:
1766 5132 1877 5172 sua:

280 5214 648 5283 chronologiae
696 5210 1049 5275 necessitate;
1096 5206 1189 5262 sed
1220 5222 1338 5261 eam
1368 5214 1512 5262 stare
1559 5223 1669 5263 non
1715 5224 1874 5279 posse

279 5308 394 5379 jam
426 5322 457 5361 a
488 5305 643 5360 nobis
670 5303 1118 5367 demonstratum,
1147 5297 1468 5368 aliundeque
1492 5314 1600 5353 non
1622 5298 1694 5353 ita
1720 5300 1877 5356 nobis

283 5394 683 5454 contemnenda
711 5391 923 5447 videtur
948 5389 1170 5444 Joannis
1200 5388 1514 5443 auctoritas.
1542 5389 1599 5443 S.
1632 5387 1876 5459 Gregorii

278 5491 449 5545 vitam
498 5485 711 5556 scripsit
754 5484 839 5539 hic
886 5482 1137 5537 Ecclesiae
1186 5480 1445 5535 Romana:
1474 5480 1731 5537 diaconus
1761 5492 1875 5537 tum

279 5597 351 5636 ex
380 5580 497 5649 ejus
526 5576 766 5648 epistolis
793 5575 1021 5644 aliisque
1050 5572 1302 5644 operibus
1331 5572 1634 5638 eollectam,
1667 5582 1776 5627 tum
1809 5590 1877 5629 ex

277 5671 518 5740 antiquis
544 5666 795 5722 Ecclesiae
823 5663 1203 5729 monumentis,
1236 5664 1287 5717 in
1316 5664 1514 5719 scrinio
1542 5680 1637 5719 seu
1668 5666 1876 5722 tabula-

358 5815 384 5842 ιι
425 5802 559 5859 Vide
585 5800 784 5872 Mabill.
819 5799 871 5852 in
902 5799 1205 5855 Comment.
1239 5802 1303 5855 de
1330 5799 1527 5856 Ordine
1557 5801 1715 5872 Rom.
1746 5801 1873 5872 Sep-

280 5876 525 5935 tenarius
554 5872 644 5926 ille
672 5870 1020 5924 diaconorum
1054 5888 1326 5938 numerus,
1369 5873 1529 5926 etiam
1558 5873 1612 5926 in
1656 5870 1875 5929 Oriente

284 5954 538 6017 receptus
564 5950 717 5999 erat:
742 5948 963 5996 cavetur
987 5943 1127 5996 enim
1152 5958 1271 5997 ean.
1306 5941 1390 5997 15.
1426 5943 1633 5998 concilii
1665 5942 1878 5999 Neocre~

694 6037 962 6096 ΡΑτιιοι.
1004 6036 1169 6095 LXX
1188 6039 1259 6096 ν.

1985 4766 2145 4821 quem
2163 4762 2281 4806 erat
2308 4769 2516 4808 summa
2536 4756 2813 4811 bonorum
2825 4757 3061 4811 omnium
3086 4758 3575 4818 ecclesiasticarum

1981 4845 2320 4915 prmfeetura.
2352 4847 2610 4915 Eulogius
2639 4849 2806 4913 enim,
2857 4848 3119 4915 Gregorio
3146 4860 3355 4919 nostro,
3386 4869 3577 4924 perne-

1981 4940 2247 4994 cessarius
2272 4981 2286 5003 ,
2338 4941 2532 4993 asserit
2561 4944 2612 4993 in
2655 4941 2791 4995 libro
2820 4940 2887 4995 de
2917 4942 3378 5003 administratione
3404 4950 3578 5006 eccle-

1981 5030 2195 5085 siastica
2224 5028 2420 5085 eontra
2462 5030 2749 5099 Novatum,
2789 5033 3225 5091 arebidiaeonum
3255 5038 3310 5093 in
3338 5038 3578 5098 Ecclesia

1982 5125 2225 5181 Romana
2256 5136 2471 5181 mortuo
2502 5127 2755 5195 episcopo
2785 5142 2998 5198 semper
3024 5130 3313 5188 succedere
3338 5149 3407 5187 ex
3435 5144 3579 5189 vete-

1982 5219 2027 5273 ri
2055 5234 2205 5273 more
2235 5228 2290 5273 et
2319 5220 2722 5274 constitutione.
2776 5219 2893 5287 Quo
2932 5231 3092 5291 pacto
3118 5242 3248 5280 vero
3278 5225 3329 5280 id
3360 5242 3578 5282 asseve-

1983 5317 2178 5375 rasset,
2206 5309 2249 5363 si
2278 5310 2633 5365 intellexisset
2664 5311 2716 5365 S.
2751 5312 3088 5381 Gregorium,
3120 5318 3218 5370 etsi
3268 5332 3376 5371 non
3402 5318 3578 5371 archi-

1985 5400 2315 5468 diaconum,
2384 5402 2451 5455 ad
2512 5418 2777 5458 summum
2836 5407 3194 5461 sacerdotium
3261 5416 3577 5478 provectum

1984 5492 2190 5548 fuisse?
2217 5493 2330 5549 Non
2360 5496 2535 5565 potuit
2566 5502 2745 5550 autem
2794 5496 3041 5565 ignorare
3070 5497 3135 5552 de
3166 5499 3341 5553 amico
3371 5500 3471 5553 sibi
3502 5500 3576 5555 fa-

1984 5585 2365 5651 miliarissimo,
2400 5596 2577 5641 utrum
2609 5603 2636 5641 a
2669 5587 2957 5643 diaeonatu
2983 5597 3189 5641 tantum
3216 5604 3283 5641 an
3313 5589 3382 5643 ab
3404 5590 3579 5645 archi-

1986 5673 2276 5731 diaconatu
2319 5677 2387 5732 ad
2436 5678 2805 5747 pontiﬁcatum
2836 5678 3183 5733 ascendisset.
3217 5679 3287 5732 At
3325 5679 3578 5737 credibile

1981 5821 2088 5861 sar.
2122 5808 2339 5887 ineunte
2366 5819 2561 5887 quarto
2608 5813 2806 5887 saecqu
2852 5812 3063 5887 habiti,
3094 5829 3162 5869 ne
3191 5814 3390 5887 plures,
3415 5833 3576 5887 quam

1981 5887 2191 6001 septem
2238 5880 2451 5937 diaconi
2493 5884 2832 5949 ministrent,
2886 5882 3097 5940 etiamsi
3128 5880 3319 5956 magna
3350 5880 3577 5945 sit-civi-

2008 5963 2084 6001 as.

2008 5963 2084 6005 as.
