4138 6448
300 495 404 558 26‘.)

803 497 860 554 S.
903 496 1232 560 GREGORII
1273 499 1483 558 MAGNI
1529 500 1708 568 VITA,
1753 502 1846 556 ISX
1889 502 2052 560 EJUS
2089 504 2398 565 SCRIPTIS
2437 511 2831 570 ADORNATA.
2867 493 3004 569 LIB.
3045 517 3086 572 I.

3473 519 3585 582 370

364 619 556 688 Magna
585 631 714 674 sane
743 632 866 686 spes
895 615 1169 678 aﬂ'ulserat
1198 617 1499 674 schismatis
1537 619 1883 689 exstinguen-
1915 627 1954 680 Α
1987 620 2345 678 decertaverit
2388 640 2487 694 pro
2526 629 2847 686 meumenici
2893 632 3050 688 titulo
3085 648 3246 702 quem
3273 648 3583 708 usurpat-at.

307 716 367 779 ii,
399 728 524 770 eum
553 709 799 770 Tiberius
822 711 943 781 pius
969 710 1286 779 imperator,
1311 711 1694 768 ecclesiasticae
1728 714 1890 784 212

296 807 444 882 pacis
474 803 899 872 amantissimus,
931 802 997 860 ad
1025 804 1338 874 reipublicae
1365 804 1575 861 clavum
1619 805 1766 860 solus
1793 803 1890 860 Ju-

295 900 439 958 stine
467 906 682 954 mortuo
727 895 921 954 sedere
958 903 1216 966 eruperat,
1255 897 1492 952 maxime
1519 912 1650 954 vero
1678 897 1890 968 Lango-

296 991 492 1049 bardos
534 990 602 1045 ab
631 989 751 1060 ipso
796 996 910 1046 tota
938 1004 1005 1046 ex
1033 988 1184 1045 Italia
1212 989 1495 1059 pellendos
1521 991 1624 1046 sibi
1659 990 1891 1047 Romani

296 1081 727 1155 pollicebantur,
776 1086 900 1149 post
946 1078 1202 1148 plurimas
1231 1089 1287 1134 et
1311 1079 1598 1148 praeclaras
1644 1095 1780 1149 quas
1825 1079 1894 1134 de

296 1171 477 1229 Persis
520 1176 828 1242 reportarat
854 1168 1130 1226 victorias.
1161 1167 1312 1226 Tunc
1340 1185 1571 1226 excusso
1599 1171 1762 1240 regite
1789 1185 1892 1241 por

257 1275 278 1285 ’
299 1263 512 1321 testatis
552 1261 686 1332 iugo
733 1260 1073 1330 Langobardi
1115 1261 1371 1331 tringiuta
1399 1277 1493 1317 sex
1524 1261 1752 1319 ducibus
1796 1263 1892 1318 ob-

299 1357 692 1427 temperabant,
717 1355 808 1423 qui
831 1355 932 1408 sibi
957 1354 1138 1423 partiti
1165 1362 1319 1410 erant
1339 1368 1474 1424 quas
1497 1362 1894 1424 occupaverant

297 1447 566 1504 civitates.
597 1445 678 1500 Ab
705 1443 810 1502 illis
838 1452 1019 1502 autem
1049 1444 1290 1513 tyrannis
1321 1451 1435 1500 toto
1462 1443 1731 1502 decennio
1760 1460 1890 1514 spo-

297 1539 458 1596 iiatas
486 1536 768 1601 ecclesias,
815 1534 1130 1595 sacerdotes
1159 1535 1504 1602 interfectos,
1539 1535 1700 1592 urbes
1739 1549 1893 1592 ever-

205 1683 226 1698 ,
297 1647 428 1697 sas,
477 1628 815 1701 populosque
865 1627 958 1695 qui
1007 1642 1161 1682 more
1209 1633 1455 1696 segetum
1501 1634 1892 1692 excreverant,

299 1725 512 1782 excisas
540 1729 725 1782 narrat
753 1720 952 1780 Paulus
980 1721 1248 1776 Diaconos
1297 1718 1445 1790 (Lib.
1481 1735 1536 1784 ιι,
1570 1718 1714 1774 Hist.
1743 1718 1891 1774 Lan-

297 1813 416 1886 gob.
446 1830 494 1868 ε.
527 1812 649 1881 1³7.)
680 1810 850 1880 Hujus
878 1810 1172 1878 interregni
1199 1819 1254 1866 et
1284 1810 1448 1865 veluti
1470 1810 1735 1868 anarchias
1759 1817 1889 1872 tem-

299 1921 453 1977 pore,
485 1919 628 1960 anno
655 1903 873 1963 circiter
902 1901 1008 1960 5.79
1031 1911 1124 1958 aut
1149 1901 1274 1968 5'80,
1299 1902 1593 1962 Casiuense
1621 1912 1895 1962 monaste-

1994 730 2093 768 nos
2143 716 2290 771 latet.
2319 717 2570 775 Testatur
2598 723 2813 790 quidem
2857 721 2944 795 ep.
2976 724 3046 780 68
3076 719 3197 782 libri
3222 744 3277 783 ιι
3296 727 3588 799 Joannem,

1993 805 2045 860 in
2076 809 2282 878 synodo
2328 812 2620 880 superbum
2660 815 2764 872 hoc
2807 819 3130 875 vocabulum
3179 837 3493 892 usurpasse,
3526 839 3591 878 ac

1992 895 2270 966 Pelagium
2309 917 2464 956 suum
2513 903 2855 962 decessorem
2889 907 3050 978 hujus
3096 913 3286 983 synodi
3331 921 3482 981 gesta
3514 915 3589 967 ir-

1992 989 2218 1058 ritasse,
2246 1001 2409 1064 atque
2463 995 2703 1052 adhibita
2756 1001 2908 1069 prius
2954 1001 3008 1055 in
3034 1016 3158 1056 eum
3205 1003 3592 1059 districtissimc

1993 1081 2376 1152 increpatione,
2426 1087 2753 1156 prohibuisse
2789 1106 2856 1144 ne
2905 1107 3028 1146 suus
3055 1093 3304 1148 diaconus
3330 1111 3428 1150 seu
3465 1110 3592 1166 apo-

1994 1174 2265 1232 crisiarius
2291 1194 2408 1233 cum
2430 1179 2637 1235 Joanne
2656 1183 2973 1251 procederet,
2990 1185 3094 1240 hoc
3123 1196 3206 1241 est
3233 1187 3286 1243 in
3309 1203 3590 1246 sacrorum

1993 1263 2361 1322 celebratione
2411 1271 2858 1326 communicaret.
2887 1273 2958 1326 At
3005 1274 3128 1342 quis
3161 1285 3308 1330 esset
3334 1277 3426 1333 ille
3473 1279 3593 1335 dia-

1991 1371 2180 1423 conus,
2212 1358 2527 1429 Gregorius,
2555 1378 2627 1417 an
2651 1364 2742 1433 qui
2766 1364 2814 1418 ei
2844 1365 3107 1421 successit
3132 1364 3474 1434 Laurentius,
3506 1371 3587 1426 si-

1993 1447 2163 1504 lentio
2176 1451 2436 1519 praeterit.
2467 1451 2525 1506 Si
2549 1455 2813 1510 tamende
2840 1471 2899 1511 se
2929 1457 3076 1528 loqui
3107 1459 3389 1526 voluisset,
3412 1475 3584 1530 quare

1995 1552 2104 1594 non
2159 1539 2412 1608 dixisset,
2445 1542 2545 1598 sibi
2577 1559 2607 1597 a
2638 1542 2858 1615 Pelagio
2916 1558 3248 1618 praeceptum
3304 1565 3413 1606 non
3464 1567 3594 1622 pro-

1995 1631 2194 1687 cedere
2237 1648 2357 1689 cum
2387 1632 2636 1708 Joanne?
2657 1637 2819 1692 alium
2853 1651 2983 1708 ergo
3033 1655 3064 1695 a
3093 1657 3152 1697 se
3202 1641 3486 1712 designare
3511 1645 3595 1700 vi-

1994 1722 2172 1780 detur.

2067 1833 2120 1888 8.
2152 1833 2286 1890 Cum
2339 1837 2579 1908 legamus
2635 1843 2778 1912 apud
2829 1841 3148 1912 Gregorium
3195 1847 3588 1902 concertationi

1996 1941 2117 1982 cum
2175 1928 2439 2002 Eutycbio
2493 1932 2766 1990 Tiberium
2816 1938 3199 2007 imperatorem
3256 1939 3589 2006 interfuisse,

259 1997 261 1999 ι
299 2000 438 2099 “mf
471 2005 582 2099 Ψιὲ
611 1996 760 2099 ml?“
786 1994 1196 2059 celeberrimum
1225 2036 1242 2061 ι
1289 2010 1324 2050 ³
1350 1994 1594 2059 barbaris
1621 1996 1892 2067 direpmm
1921 2003 1970 2062 Β
1997 1994 2417 2091 constanterque
2464 2035 2777 2081 asseverent
2823 1994 3063 2083 melioris
3090 2038 3232 2083 natm
3270 1994 3592 2099 chronogra:

300 2099 358 2145 et
382 2089 615 2143 dirutum
642 2095 745 2142 est.

371 2201 426 2256 ὅ.
459 2201 694 2256 Gurrrtot
723 2200 906 2256 clades
929 2215 963 2255 a
1006 2199 1370 2270 Langobardis
1398 2208 1680 2270 pateretur
1707 2201 1888 2268 Italia,

301 2295 690 2365 gravioresque
715 2293 905 2350 Romae
923 2294 1322 2364 impenderent,
1349 2292 1599 2363 Pelagius
1625 2309 1763 2365 papa
1788 2311 1889 2365 op-

299 2395 592 2457 portunum
622 2401 741 2442 esse
770 2395 982 2456 tempus
1010 2386 1303 2442 liberandas
1334 2389 1523 2456 patrita
1538 2388 1886 2454 existimavit,

299 2479 516 2547 quando
547 2485 628 2533 tot
671 2479 726 2533 in
770 2487 973 2549 partes,
1003 2486 1088 2534 tot
1132 2479 1188 2534 in
1229 2479 1394 2534 duces
1439 2478 1608 2534 divisa
1649 2479 1892 2535 barbara:

299 2571 476 2639 gentis
502 2577 744 2640 potestas
769 2571 1050 2624 imminuta
1074 2569 1374 2626 videbatur.
1388 2569 1467 2626 Ea
1496 2571 1566 2626 de
1593 2587 1755 2626 causa
1779 2587 1890 2625 non

299 2664 476 2720 solum
500 2663 566 2719 ad
587 2662 906 2733 Gregorium
935 2665 1150 2734 scripsit
1176 2664 1322 2718 illam
1347 2680 1508 2734 quam
1536 2664 1703 2720 refert
1727 2664 1892 2722 Joan-

301 2772 398 2814 nes
424 2753 693 2814 Diaconos
719 2757 1015 2828 Epistolam
1041 2755 1179 2829 (Lib.
1204 2775 1241 2821 t,
1271 2776 1325 2812 η.
1353 2757 1464 2830 52),
1492 2769 1551 2812 ut
1575 2759 1894 2827 quantocius

299 2850 500 2912 missis,
529 2850 756 2920 pecunia
773 2892 788 2918 ,
819 2849 956 2905 duce
983 2850 1343 2920 peritissimo,
1375 2857 1432 2905 et
1460 2851 1630 2922 copiis
1647 2891 1661 2916 ,
1687 2850 1896 2921 pericli-

302 2941 439 2995 tanti
469 2939 724 2996 Iiomana
766 2940 1075 3010 reipublicze
1118 2939 1532 3005 subveniretur;
1586 2940 1681 2995 sed
1727 2941 1893 2995 etiam

303 3033 704 3090 Aunacharium
739 3034 1052 3105 episcopum
1079 3033 1594 3102 Antisiodorensem,
1640 3037 1730 3104 qui
1777 3045 1896 3091 erat

304 3128 520 3197 regibus
538 3127 870 3184 Francorum
899 3143 930 3183 a
970 3129 1242 3195 consiliis,
1273 3129 1572 3195 admonuit,
1597 3138 1654 3184 ut
1683 3147 1747 3186 ea
1776 3146 1883 3199 qua

307 3219 543 3290 ponebat
589 3219 731 3290 apud
761 3235 858 3275 eos
886 3221 1226 3286 auctoritate,
1259 3219 1512 3276 Ecclesia:
1558 3222 1815 3277 Romanae
1840 3228 1896 3276 et

307 3311 492 3376 itaiim,
535 3310 676 3365 unde
716 3309 908 3366 Galliis
935 3309 1062 3368 ﬁdei
1090 3312 1272 3366 lumen
1296 3311 1588 3379 affulserat,
1621 3313 1896 3384 suppetias

1993 2113 2084 2181 phi
2137 2122 2194 2168 et
2249 2115 2491 2172 historici
2545 2119 2712 2189 ipsius
2769 2129 2998 2175 mortem
3058 2123 3347 2193 contigisse
3405 2139 3591 2178 mense

1991 2204 2231 2276 Augusto
2261 2207 2385 2260 anni
2415 2207 2547 2270 582,
2578 2209 2703 2264 inde
2724 2225 2923 2265 novum
2962 2211 3170 2265 eruitur
3212 2221 3588 2281 argumentum

1992 2305 2182 2351 contra
2211 2297 2428 2352 Baronii
2469 2301 2780 2369 opinionem
2829 2301 2897 2357 de
2919 2304 3218 2358 monastica
3246 2304 3353 2358 vita
3388 2304 3592 2360 tardius

1993 2404 2026 2443 a
2065 2389 2122 2444 S.
2147 2389 2410 2458 Gregorio
2438 2401 2708 2462 suscepta,
2741 2393 2845 2448 hoc
2872 2401 2956 2448 est
2988 2395 3072 2448 vel
3109 2410 3196 2448 an.
3227 2392 3330 2447 δ’ςὲ
3353 2397 3436 2450 vel
3465 2394 3590 2460 581,

1992 2495 2103 2548 quo
2129 2495 2250 2534 eum
2279 2481 2453 2535 adhuc
2474 2492 2759 2551 praeturam
2783 2485 3015 2552 gessisse
3031 2486 3326 2539 contendit.
3343 2485 3590 2540 Nostram

1993 2572 2404 2639 chronologiam
2432 2573 2719 2628 conilrmat
2756 2572 3052 2642 Gregorius
3082 2574 3306 2639 Tur0n.,
3343 2577 3432 2644 qui
3463 2577 3592 2630 scri-

1993 2664 2073 2718 bit
2120 2678 2263 2718 anno
2302 2673 2496 2719 octavo
2541 2663 2874 2720 Childeberti
2928 2668 3091 2734 regis,
3128 2667 3441 2722 Mauricium
3496 2673 3592 2722 im-

1995 2768 2189 2824 perare
2244 2755 2491 2824 coepisse,
2526 2757 2630 2809 hoc
2671 2768 2754 2809 est
2799 2771 2886 2812 an.
2947 2756 3072 2810 582.
3124 2757 3255 2810 Nam
3309 2758 3592 2825 Sigeberto

1994 2857 2150 2918 patre
2191 2848 2372 2903 occiso
2416 2849 2676 2902 successit
2717 2847 3096 2904 Childebertus
3142 2865 3231 2904 an.
3266 2848 3370 2904 575
3397 2860 3451 2905 et
3477 2852 3592 2919 ejus

1995 2938 2146 3006 regni
2173 2952 2349 2992 annus
2376 2938 2615 2993 decimus
2645 2941 2868 3009 quintus
2894 2941 3095 2996 scilicet
3127 2942 3430 3008 absolutus,
3449 2938 3593 2997 'teSte

1997 3029 2189 3084 eodem
2218 3031 2506 3100 scriptore,
2540 3031 2792 3085 convenit
2821 3047 2945 3084 cum
2977 3047 3064 3085 an.
3102 3029 3223 3086 590.
3261 3033 3479 3086 Accedit
3512 3049 3593 3086 ve-

1996 3121 2252 3177 nerabilis
2292 3122 2452 3177 Beda:
2483 3124 2798 3178 auctoritas.
2840 3121 2971 3177 Nam
3010 3123 3105 3177 lib.
3139 3139 3184 3189 ι,
3219 3138 3270 3178 c.
3302 3121 3373 3176 25
3394 3166 3409 3191 ,
3444 3122 3592 3176 Eccl.

1997 3211 2124 3268 bist.
2159 3230 2172 3264 :
2202 3213 2375 3277 Anno,
2403 3213 2595 3282 inquit,
2629 3211 2693 3266 ab
2721 3215 3083 3267 incarnatione
3107 3212 3320 3266 Domini
3348 3215 3594 3284 quinqua-

1998 3305 2190 3374 gesimo
2237 3306 2546 3376 octogesimo
2585 3305 2810 3394 secundo
2836 3347 2852 3374 ,
2901 3304 3190 3359 Mauricius
3246 3305 3310 3358 ab
3363 3305 3595 3374 Augusto

308 3401 433 3456 ferri
459 3410 778 3472 procuraret
805 3402 1213 3472 deterreretque
1244 3404 1360 3471 pios
1385 3405 1657 3476 principes
1689 3381 1894 3474 quibus
1921 3381 1968 3443 C
1997 3397 2454 3466 quinquagesimae:
2479 3381 2721 3467 quarm}.
2749 3397 3023 3466 imperium
3068 3396 3386 3466 ειιδσὶρίεηε,
3418 3412 3521 3450 uno
3548 3404 3598 3450 et

308 3508 412 3547 una
443 3507 564 3549 cum
610 3493 872 3548 Romanis
911 3503 1030 3548 erat
1076 3495 1212 3552 ﬁdes
1258 3496 1329 3550 ab
1351 3497 1498 3550 omni
1540 3496 1744 3552 madere
1767 3512 1890 3552 cum
1993 3487 2175 3557 uiginti
2205 3488 2356 3540 armis
2387 3487 2581 3550 tenuit;
2606 3488 2852 3540 nimirum
2879 3487 3063 3556 uiginti
3101 3486 3256 3539 annis
3286 3484 3503 3556 integris
3546 3495 3596 3538 et

309 3585 674 3655 Lartgobardis
722 3587 977 3643 ineundo.
1011 3587 1250 3658 Epistola
1296 3587 1497 3656 Pelagii
1546 3590 1742 3658 legitur
1767 3589 1891 3644 data
1992 3594 2098 3632 αηο
2146 3579 2414 3632 indum“.
2466 3576 2580 3632 H30
2635 3578 2844 3632 ηιίοηθ
2902 3585 3205 3647 temporum
3255 3587 3364 3630 iam
3416 3577 3598 3630 illco‘"

307 3692 452 3732 anno
477 3677 710 3746 septimo
757 3678 967 3747 imperii
998 3677 1218 3743 Tiberii,
1265 3679 1354 3733 ubi
1399 3694 1622 3734 necesse
1651 3679 1736 3734 est
1777 3679 1894 3747 ejus
1996 3671 2169 3726 cussis
2209 3670 2575 3724 fundamentis
2593 3669 2849 3733 stabilita,
2878 3669 3215 3737 interrogare
3245 3662 3414 3722 liceat
3435 3670 3597 3722 chr0-

307 3769 520 3838 intuerii
549 3778 760 3838 tempus
781 3770 1082 3831 computari
1105 3778 1390 3839 antequam
1414 3771 1562 3824 solus
1582 3770 1892 3839 imperaret.
1997 3763 2229 3830 nologia‘.
2275 3762 2588 3816 Barouiaute
2619 3770 3074 3830 propugnatores,
3107 3761 3202 3828 qui
3231 3761 3402 3830 possit
3438 3759 3598 3812 intel-

306 3858 426 3916 Non
457 3860 626 3914 multo
655 3869 774 3929 post
795 3857 1170 3913 Childebertus
1193 3874 1289 3912 rex
1318 3858 1516 3913 bellum
1548 3875 1669 3913 cum
1687 3859 1900 3926 Lango-
2000 3853 2091 3922 ligi
2140 3853 2458 3920 Gregorium
2507 3851 2686 3905 adhuc
2741 3851 2937 3904 laicum
2991 3861 3046 3904 et
3091 3842 3376 3919 prmtore‘m
3429 3848 3597 3902 fuisse

306 3951 491 4008 bardis
533 3951 624 4018 qui
650 3949 759 4018 jam
805 3965 948 4018 stupe
978 3950 1029 4002 in
1057 3948 1258 4002 Gallias
1305 3949 1632 4017 irruperant,
1675 3947 1901 4002 feliciter
2003 3959 2145 3998 anno
2173 3941 2299 4007 581,
2332 3950 2522 4010 postea
2560 3939 2887 3994 monachum
2937 3939 3201 4006 induisse,
3230 3938 3424 3992 deinde
3450 3937 3598 3990 avul-

291 4041 494 4110 gessit,
549 4022 738 4094 lit'teris
785 4037 986 4106 Pelagii
1037 4044 1236 4104 motus,
1266 4045 1324 4092 ut
1379 4052 1477 4105 par
1521 4045 1604 4091 est
1656 4037 1896 4092 credere.

309 4132 462 4199 Quod
493 4146 622 4186 vero
651 4136 862 4197 spectat
883 4128 949 4181 ad
977 4127 1249 4183 Tiberium
1281 4127 1600 4196 Augustum,
1632 4128 1754 4183 aliis
1782 4128 1900 4184 bel-

310 4224 377 4279 lis
403 4224 652 4291 curisque
679 4223 961 4286 distentus,
993 4236 1182 4290 parum
1222 4223 1291 4277 de
1320 4222 1692 4291 recuperanda
1729 4220 1903 4287 Italia,

310 4321 406 4370 aut
433 4313 596 4368 etiam
623 4312 792 4370 Roma
817 4311 1184 4368 conservanda
1209 4312 1496 4382 cogitavit;
1525 4311 1661 4368 adeo
1690 4320 1750 4366 ut
1775 4313 1906 4367 solis

291 4407 544 4476 piorum,
575 4404 810 4460 maxime
857 4419 988 4458 vero
1037 4403 1351 4460 ancillarum
1407 4403 1504 4458 Dei
1556 4404 1804 4473 precibus
1852 4411 1908 4457 et

312 4504 624 4552 sanctorum
655 4493 1029 4563 εροήοιοιιιιηι
1076 4494 1448 4558 protectione,
1477 4503 1607 4549 tunc
1629 4501 1685 4548 et
1711 4500 1904 4562 postea

313 4586 454 4647 Urbs
491 4588 704 4644 stetisse
729 4585 991 4643 videatur.

384 4703 438 4756 6.
473 4700 610 4756 Nihil
649 4708 828 4755 autem
865 4701 1044 4754 utilius
1073 4699 1380 4770 reipublicae
1405 4699 1723 4755 Christianae
1761 4714 1900 4769 pra:-

313 4796 453 4852 stitit
503 4794 796 4864 Gregorius
841 4792 1310 4864 Constantinopoli
1355 4807 1542 4863 agens,
1588 4808 1749 4864 quam
1779 4807 1901 4847 cum

314 4896 624 4944 nascentem
667 4885 936 4958 Eutychii,
969 4884 1381 4957 Constantinop.
1432 4885 1773 4954 patriarchae,
1806 4885 1904 4940 ha:-

291 4981 480 5038 'resim
510 4980 577 5035 de
619 4977 946 5049 impalpabili
973 4984 1282 5031 sanctorqu
1313 4991 1543 5046 corpore
1568 4984 1691 5046 post
1723 4991 1907 5031 resur-

314 5075 632 5135 rectionem,
686 5071 970 5142 oppressit.
1022 5069 1291 5138 Integram
1345 5067 1412 5121 de
1459 5067 1564 5121 hac
1609 5067 1906 5135 quaestione

317 5165 780 5222 concertationem
832 5162 997 5218 refert
1047 5161 1163 5232 ipse
1216 5160 1353 5213 libro
1400 5174 1488 5213 xlv
1541 5157 1822 5213 Moralium
1876 5175 1905 5212 a

317 5275 467 5314 num.
501 5258 569 5311 ’Β
597 5259 667 5312 ad
697 5257 784 5324 75,
814 5255 956 5311 unde
986 5252 1304 5323 transcripta
1328 5250 1468 5321 apud
1495 5248 1760 5304 Joannem
1788 5249 1908 5304 Dia—

320 5366 518 5407 conum
543 5350 738 5420 legitur
761 5348 852 5403 lib.
886 5364 922 5413 ι,
956 5361 1004 5402 c.
1036 5344 1128 5400 29.
1166 5343 1429 5412 Gregorio
1458 5341 1683 5396 victoria
1714 5341 1907 5405 cessit;

295 5452 379 5498 at
406 5441 642 5498 victoriae
669 5421 870 5497 fruetus
915 5437 1198 5510 Eutychio,
1224 5435 1315 5504 qui
1345 5448 1584 5488 errorem
1613 5439 1737 5486 ante
1767 5445 1911 5484 mor-

322 5543 434 5590 tem
460 5533 622 5607 paulo
641 5539 770 5603 post
793 5539 1036 5597 secuta_m
1061 5527 1313 5597 ejuravit.
1337 5523 1582 5594 Gregorii
1608 5520 1910 5577 doctrinam

323 5623 574 5680 Tiberius
597 5622 822 5691 August.
855 5619 1068 5674 calculo
1097 5631 1198 5672 suo
1226 5612 1620 5685 comprobavit,
1647 5609 1912 5666 delibera-

323 5724 510 5793 vitque
539 5722 607 5777 de
636 5720 772 5774 libro
807 5715 1047 5788 Eutycbii
1077 5714 1310 5770 ﬂammis
1338 5707 1623 5767 abolendo.
1656 5703 1917 5776 Eutycbio

327 5817 652 5884 subrogatus
702 5817 785 5868 est
833 5808 1026 5863 invitus
1075 5813 1129 5861 et
1173 5805 1445 5862 reluctans
1499 5801 1764 5864 Joannes,
1820 5810 1916 5852 co-

327 5913 628 5979 gnomento
644 5904 940 5974 jeiunator.

403 5999 458 6055 'I.
494 5997 682 6055 Utrum
731 6009 860 6052 vero
899 5992 1010 6064 jam
1060 5998 1176 6047 tum
1215 5989 1506 6061 Gregorius
1545 6003 1667 6046 cum
1712 5985 1921 6045 Joanne

2002 4043 2122 4088 sum
2176 4048 2208 4088 a
2261 4032 2590 4087 monasterio
2641 4032 2694 4085 in
2743 4046 2852 4101 quo
2907 4046 2966 4086 se
3011 4031 3103 4085 diu
3153 4030 3351 4085 vixisse
3397 4029 3597 4098 passim

2006 4125 2214 4188 asserit,
2275 4123 2561 4177 diaconum
2615 4120 2844 4188 factum,
2900 4136 3021 4174 mox
3073 4119 3599 4188 Constantinopolim

2006 4215 2258 4279 missum,
2291 4214 2471 4284 ibique
2496 4229 2620 4269 cum
2653 4212 2913 4283 Eutychio
2938 4214 3254 4282 patriarcha
3270 4212 3597 4282 disputasse,

2007 4307 2198 4364 saltem
2241 4322 2429 4361 mense
2455 4305 2625 4374 Aprili
2649 4321 2739 4359 an.
2769 4302 2875 4358 582
2901 4305 3336 4373 quandoquidem
3361 4314 3596 4372 constat,

2011 4408 2068 4451 ut
2093 4399 2291 4452 fatetur
2319 4398 2604 4460 Baronius,
2628 4395 2873 4467 Eutychii
2897 4395 3126 4462 obitum,
3147 4404 3278 4450 testu
3292 4393 3597 4462 Eustatbio,

2008 4489 2104 4559 qui
2149 4503 2380 4558 prazsens
2421 4487 2628 4553 aderat,
2662 4487 3016 4540 antecessisse
3045 4494 3276 4555 quatuor
3323 4486 3600 4540 mensibus

2013 4579 2211 4634 Tiberii
2256 4578 2600 4649 imperatoris
2628 4585 2860 4632 mortem
2875 4617 2896 4645 ,_
2918 4577 3010 4644 qui
3041 4585 3100 4630 ut
3138 4576 3400 4640 diximus,
3431 4590 3462 4628 e
3492 4575 3599 4629 vita

2014 4666 2259 4734 migravit
2288 4683 2474 4721 Iliense
2523 4667 2766 4735 Augusto
2805 4682 2894 4721 an.
2925 4663 3065 4718 582?
3092 4664 3187 4719 sed
3223 4664 3290 4720 de
3333 4663 3417 4719 bis
3443 4667 3598 4719 satis.

2009 4757 2114 4830 (Cf.
2161 4757 2316 4830 Greg.
2365 4758 2558 4813 Turon.
2605 4757 2642 4812 ι.
2675 4773 2727 4814 v1
2775 4755 2920 4810 Hist.
2970 4771 3026 4810 tt.
3069 4753 3138 4808 9.5
3190 4763 3238 4809 et
3286 4753 3508 4821 30;“.
3541 4774 3598 4822 ι,

2010 4849 2176 4919 11.1.)

2080 4963 2134 5017 9.
2184 4961 2384 5016 Eodem
2434 4968 2679 5029 tempore
2722 4972 2831 5027 quo
2881 4958 2935 5011 in
2988 4960 3124 5014 urbe
3169 4961 3314 5030 regia
3368 4976 3598 5015 commo-

2010 5056 2230 5110 rabatur
2268 5048 2811 5120 (ircgorius,rumor
2850 5049 3078 5106 invaluit
3115 5051 3182 5106 de
3221 5068 3355 5107 nova
3387 5052 3598 5116 lneresi,

2009 5147 2104 5201 sed
2153 5155 2213 5199 ut
2257 5144 2561 5210 sustiicatur
2609 5142 2725 5210 ipse
2773 5139 3092 5208 Gregorius,
3138 5143 3499 5213 imaginaria:
3532 5141 3603 5197 de

2013 5256 2115 5310 qua
2147 5238 2257 5305 egit
2285 5235 2510 5305 epistola
2562 5231 2633 5284 45
2672 5233 2793 5287 libri
2824 5249 2896 5288 χι.
2927 5233 3076 5288 Illius
3123 5243 3417 5289 sectatores
3460 5233 3604 5288 dice-

2015 5331 2210 5384 bantur
2248 5327 2338 5381 sub
2395 5325 2604 5381 obtentu
2670 5325 2935 5396 religionis
2985 5326 3227 5396 conju;,ia
3279 5327 3490 5388 soluere,
3549 5334 3602 5386 et

2015 5424 2210 5477 docere
2240 5421 2373 5486 quod
2423 5419 2676 5488 baptisma
2708 5429 2920 5488 peccata
2969 5421 3171 5489 penitus
3222 5434 3324 5470 non
3371 5418 3589 5486 auferat.

2019 5514 2086 5566 Iit
2115 5515 2158 5567 si
2187 5513 2252 5565 de
2284 5509 2636 5579 iniquitatibus
2676 5512 2782 5562 suis
2822 5511 2936 5578 quis
2959 5510 3016 5562 iu
3048 5509 3325 5561 triennium
3349 5507 3599 5575 perniten-

2019 5612 2144 5662 tinm
2175 5615 2368 5673 ageret,
2400 5589 2725 5674 postmodum
2748 5606 2794 5657 ei
2817 5618 3052 5673 peruerso
3085 5603 3247 5654 virere
3268 5601 3460 5651 liceret.
3497 5600 3603 5654 Sed

2022 5711 2147 5756 teste
2198 5701 2542 5763 conscientia,
2575 5698 2750 5765 inquit
2783 5695 2870 5749 ϐυτ
2891 5696 3070 5762 go:ius
3095 5735 3108 5758 ,
3141 5695 3306 5761 fateor
3344 5706 3606 5758 nunquam

2021 5797 2076 5848 in
2097 5795 2172 5849 eis
2201 5792 2399 5863 aliquid
2420 5792 2636 5858 erroris,
2663 5790 2860 5861 aliquid
2889 5787 3182 5857 prauitatis,
3214 5785 3407 5856 aliquid
3439 5785 3498 5839 de
3531 5786 3608 5840 Itis

2021 5902 2136 5955 quae
2164 5893 2343 5939 contra
2386 5899 2472 5937 eos
2517 5881 2819 5935 dicebantur
2865 5878 3052 5934 iuueni.
3087 5877 3236 5934 Unde
3264 5890 3310 5930 et
3357 5897 3465 5946 ('08,
3504 5880 3609 5947 opi-

2023 5981 2174 6036 nione
2216 5985 2525 6044 contempta,
2558 5973 2888 6045 familiariter
2940 5975 3214 6046 suscipere,
3249 5984 3296 6029 et
3336 5975 3500 6045 magis
3543 5973 3606 6028 ab
