4138 6452
591 426 688 479 ‘27!

1081 423 1136 474 S.
1178 418 1501 472 GREGORII
1543 416 1754 471 MACNl
1800 414 1979 475 VITA,
2025 411 2115 466 EX
2161 408 2323 464 EJUS
2360 404 2665 461 SCRIPTIS
2706 404 3101 460 ADORNATA.
3144 403 3272 459 LIB.
3316 402 3359 457 1.

3754 401 3863 453 272

591 538 967 607 insequentibus
1009 534 1279 604 defendere
1318 531 1596 594 curabant;
1628 546 1735 599 quo
1782 528 2029 598 exemplo
2075 526 2175 580 do-
2205 529 2253 586 Α
2281 522 2483 591 gorius,
2532 524 2657 593 quia
2704 521 3086 575 Maximianum
3126 519 3342 575 laudata
3385 517 3616 588 epistola
3645 530 3877 571 revoca-

592 646 777 688 eemnr
835 626 1107 698 quomodo
1159 640 1281 679 cum
1335 625 1416 678 his
1466 624 1554 691 qui
1609 623 1676 677 de
1728 620 1863 675 falso
1918 621 2171 688 dogmate

592 724 754 794 gratis
776 722 1119 784 infamantur,
1148 718 1219 771 sit
1244 717 1528 785 agendum.

668 812 751 866 10.
795 809 1065 881 Quidquid
1114 808 1370 877 temporis
1411 822 1440 859 a
1491 806 1719 875 negotiis
1770 806 2010 868 vacabat,
2044 800 2175 855 illud

592 921 755 962 sacra:
804 904 1095 974 Scriptnrze
1141 900 1398 969 legendae,
1432 900 1635 967 piisque
1665 897 1853 952 studiis
1898 893 2175 965 impende-

592 1003 766 1056 batur.
822 998 973 1051 Tunc
1005 1008 1028 1033 ει
1060 994 1322 1059 Leander,
1381 994 1664 1062 episcopus
1694 988 2049 1060 llispalensis,
2100 987 2178 1041 le-

592 1092 805 1159 gatione
847 1098 902 1143 et
951 1088 1065 1158 ipse
1113 1086 1334 1153 fungens
1363 1084 1505 1155 apud
1546 1085 1948 1152 imperatorem,
1990 1086 2181 1133 auctor

592 1184 691 1238 fuit
738 1180 1001 1252 Gregorio
1041 1177 1343 1248 exponendi
1393 1177 1513 1230 libri
1560 1175 1680 1229 Job.
1731 1172 1876 1228 Inter
1923 1179 2181 1242 prtestan-

594 1273 828 1327 tissintos
864 1270 982 1325 illos
1016 1270 1163 1323 viros
1192 1281 1438 1335 magnam
1472 1264 1917 1321 necessitudinem
1946 1261 2180 1315 adstrin-

596 1373 786 1421 xerunt
812 1364 932 1417 vitae
970 1360 1275 1416 monasticae
1306 1360 1605 1413 communis
1648 1356 1862 1425 utrique
1898 1352 2181 1424 professio,

596 1475 690 1529 par
731 1458 841 1511 fere
886 1471 1097 1510 morum
1143 1453 1421 1517 sanctitas,
1450 1450 1639 1505 eadem
1691 1449 1888 1503 studia.
1922 1446 1998 1501 De
2047 1446 2187 1515 lega-

600 1552 746 1604 tione
784 1548 841 1603 S.
875 1546 1106 1603 Leandri
1149 1544 1289 1614 apud
1335 1544 1714 1612 imperatorem
1762 1556 1859 1609 pro
1888 1536 2183 1593 Hermene-

596 1642 761 1710 gildo,
789 1640 1217 1709 Wisigothorum
1269 1651 1414 1705 rege,
1448 1636 1498 1689 in
1552 1632 1830 1706 Hispania,
1871 1627 2188 1685 consulendi

599 1734 867 1804 llispauici
896 1733 1219 1802 scriptores;
1261 1739 1313 1784 et
1344 1728 1627 1798 legendum
1659 1734 1820 1796 caput
1852 1724 1911 1779 51
1966 1724 2084 1778 libri
2132 1738 2189 1777 ιιι

598 1826 800 1894 Dialog.
862 1824 1191 1879 Amicissimi
1248 1822 1367 1886 viri,
1429 1835 1638 1875 necnon
1692 1820 1921 1873 fratrum
1971 1830 2187 1871 suorum

2274 628 2411 679 tum.
2447 628 2506 673 ut
2552 633 2715 688 supra
2766 618 3026 684 diximus,
3058 626 3113 672 et
3155 618 3260 673 hoc
3290 631 3431 671 anno
3459 614 3549 671 vel
3586 614 3753 669 etiam
3790 630 3878 670 se-

2275 711 2460 779 quenti
2488 708 2957 782 Constantinopoli
2989 709 3290 780 profectum
3311 750 3325 773 ,
3356 708 3590 763 reditum
3622 706 3877 776 Gregorii

2277 804 2630 859 antecessisse
2642 803 2982 859 manifestum
2994 813 3076 859 est
3096 819 3163 858 ex
3192 803 3330 858 libro
3353 818 3416 858 ιιι
3438 802 3670 871 Dialog.,
3691 816 3741 855 c.
3766 800 3862 855 56.
3926 840 3947 865 δ

2278 892 2403 948 Haec
2453 893 2725 962 quomodo
2776 903 2921 948 stare
2965 894 3175 965 possint
3228 909 3353 948 cum
3404 893 3674 947 sententia
3702 891 3878 946 Baro-

2237 983 2354 1037 -nii
2400 991 2455 1037 et
2483 982 2510 1020 ι’
2543 982 2683 1037 Binii
2737 984 2869 1039 satis
2912 998 3021 1038 non
3068 982 3248 1047 video,
3300 982 3494 1052 quibus
3548 982 3730 1052 placet
3776 991 3881 1036 sta-

2280 1074 2375 1128 tim
2416 1083 2699 1145 postquam
2747 1072 3034 1129 Mauricius
3060 1074 3399 1129 renuntiatus
3426 1082 3511 1129 est
3558 1072 3879 1143 imperator,

2280 1166 2427 1237 quod
2475 1167 2765 1235 contigisse
2818 1180 3005 1221 mense
3050 1165 3187 1235 Aug.
3219 1181 3361 1220 anno
3405 1162 3517 1219 582
3550 1163 3660 1233 jam
3692 1171 3881 1218 osten-

2281 1258 2486 1322 dimus,
2538 1258 2886 1312 Laurentium
2921 1256 3138 1312 fuissea
3172 1256 3388 1326 Pelagio
3437 1256 3658 1311 missum
3709 1263 3769 1309 ut
3821 1254 3874 1309 in

2285 1353 2618 1423 apocrisiarii
2644 1349 2821 1408 ofﬁcio
2850 1350 3179 1407 succederet

2357 1445 2714 1500 Diuturnioris
2739 1443 3033 1499 mansionis
3073 1442 3127 1497 in
3155 1442 3287 1496 urbe
3328 1441 3475 1510 regia
3502 1439 3879 1510 probationem

2288 1538 2465 1593 adhuc
2512 1535 2821 1607 suppeditat
2860 1536 3047 1604 ingens
3080 1534 3357 1588 Moralium
3386 1533 3638 1588 volumen
3686 1533 3789 1587 bac
3828 1533 3882 1587 in

2291 1629 2421 1683 urbe
2469 1644 2500 1681 a
2555 1626 2815 1698 Gregorio
2880 1626 3287 1691 elueubratum,
3340 1625 3428 1680 cui
3479 1624 3664 1695 plures
3716 1624 3882 1692 anni,

2289 1723 2525 1777 maxime
2576 1730 2656 1777 tot
2696 1722 2837 1776 inter
2876 1720 3092 1789 negotia
3133 1719 3224 1773 vix
3274 1726 3568 1789 potuerunt
3607 1716 3881 1772 sufﬁcere.

2290 1814 2476 1885 Neque
2504 1828 2632 1869 vero
2680 1812 2737 1867 8.
2772 1811 3040 1877 Leander,
3082 1825 3257 1881 neque
3303 1807 3547 1878 Gregorii
3591 1808 3788 1865 fratres
3829 1816 3885 1864 et

598 1920 849 1988 precibus
910 1920 1106 1971 cedere
1158 1925 1381 1970 coactus
1434 1913 1725 1982 Gregorius
1781 1911 1847 1965 ad
1903 1908 2189 1965 reseranda
2221 1901 2527 1973 Bsodales,
2580 1922 2702 1962 eum
2756 1907 2823 1960 ad
2851 1922 2989 1977 opus
3030 1905 3161 1960 illud
3216 1904 3631 1974 aggrediendum
3678 1902 3885 1957 hortati

599 2020 753 2063 tanta:
781 2009 1152 2079 profunditatis
1182 2006 1457 2075 mysteria,
1487 2020 1607 2073 qua:
1634 2004 1684 2057 in
1714 2004 1850 2056 libro
1884 1999 1985 2055 Job
2013 2001 2183 2054 latent

597 2118 715 2157 sese
748 2101 1002 2165 accinxit,
1031 2107 1222 2164 certus,
1245 2098 1437 2165 inquit,
1462 2098 1580 2167 quia
1604 2093 1919 2165 impossibile
1944 2108 2055 2146 esse
2082 2108 2185 2146 non

598 2205 816 2264 poterat,
840 2194 975 2262 quod
1002 2194 1065 2245 de
1089 2192 1332 2261 fraternis
1358 2189 1595 2244 cordibus
1620 2189 1845 2241 Charitas
1874 2185 2183 2255 imperabat.

600 2287 796 2341 Verum
828 2287 985 2358 213
1027 2285 1093 2338 de
1138 2285 1238 2337 hoc
1286 2298 1453 2351 opere
1502 2280 1644 2349 quod
1697 2279 1940 2332 Leandro
1984 2271 2188 2331 nuncu-

602 2380 747 2449 pavit
782 2357 997 2431 sanctus
1026 2376 1240 2440 Doctor,
1272 2374 1449 2441 legere
1491 2372 1643 2440 juvat
1669 2387 1789 2440 qua:
1817 2370 1883 2424 de
1908 2370 2023 2439 ipso
2053 2357 2189 2439 prte-

603 2469 761 2531 fatur,
796 2466 1290 2523 etatlmonitionetu
1322 2480 1482 2535 quam
1512 2464 1684 2518 eidem
1708 2463 2080 2533 praemisimus.

680 2562 761 2616 11.
797 2560 997 2615 Practer
1047 2560 1102 2613 S.
1150 2558 1449 2613 Leandrum
1480 2556 1771 2626 Gregorius
1812 2555 2010 2610 multos
2056 2554 2190 2609 alios

606 2653 808 2706 amicos
837 2652 886 2704 in
912 2652 1041 2704 urbe
1062 2651 1206 2719 regia
1227 2649 1327 2703 sibi
1356 2648 1705 2717 comparavit,
1740 2648 1791 2701 iu
1815 2647 1897 2703 his
1926 2647 2191 2716 pnecipue

608 2745 991 2809 Domitianum,
1025 2742 1265 2796 Mauricii
1296 2742 1518 2809 Augusti
1561 2740 2042 2809 consanguineum,
2070 2725 2190 2793 Me-

605 2838 769 2892 litinte
797 2838 1127 2907 episr0pum,
1153 2834 1217 2888 de
1246 2850 1353 2904 quo
1380 2832 1926 2899 infra;Th‘eoctistam
1953 2830 2191 2901 ejusdem

606 2929 946 3001 imperatoris
973 2943 1213 2983 sororem
1237 2944 1251 2993 ;
1279 2926 1497 2981 Narsem
1524 2925 1804 2995 patricium
1826 2924 1981 2980 bellis
2003 2933 2191 2979 contra

608 3022 801 3077 Persas
837 3020 1063 3075 feliciter
1109 3008 1740 3088 gestis'celeberrimutu,
1776 3033 1934 3088 quem
1978 3032 2036 3071 re
2083 3031 2192 3071 non

606 3116 735 3169 satis
766 3122 1065 3185 perspecta,
1100 3112 1358 3167 Baronius
1398 3112 1643 3166 eumdem
1674 3126 1793 3166 esse
1841 3111 2070 3181 putavit,
2100 3111 2193 3179 qui

609 3214 733 3275 post
774 3206 966 3260 multas
991 3204 1057 3258 de
1085 3202 1275 3257 Gothis
1322 3211 1625 3273 reportatas
1654 3204 1707 3256 in
1737 3202 1885 3257 Italia
1915 3203 2189 3269 victorias,

2286 2013 2497 2066 essent,
2530 2000 2576 2054 si
2619 1998 3086 2069 Constantinopoli
3126 2006 3237 2051 tam
3276 1998 3498 2053 brevem
3545 2011 3791 2063 moram,
3826 2005 3884 2051 ut

2288 2096 2465 2167 placet
2494 2095 2751 2161 Baronio,
2773 2094 2966 2150 fuisset
2994 2094 3251 2149 facturus.

2361 2188 2449 2242 15.
2479 2187 2598 2243 Jam
2642 2202 2773 2243 vero
2800 2186 2867 2241 de
2917 2185 3192 2241 reddendo
3223 2184 3407 2239 Romae
3432 2181 3696 2253 Gregorio
3734 2181 3883 2250 cogi-

2288 2290 2482 2345 temus,
2502 2288 2558 2334 et
2586 2295 2745 2349 quem
2766 2279 3051 2335 abeuntem
3079 2278 3320 2334 comitati
3338 2292 3542 2336 sumus,
3563 2275 3883 2330 redeuntem

2291 2387 2699 2444 prosequamur.
2735 2372 2913 2426 Rediit
2956 2378 3137 2426 autem
3179 2370 3384 2439 magnis
3424 2369 3765 2432 muneribus,
3795 2367 3883 2421 ni-

2292 2464 2487 2519 mirum
2510 2464 2863 2519 sanctissimis
2892 2462 3130 2533 reliquiis
3160 2462 3377 2528 ditatus,
3411 2461 3615 2527 scilicet
3655 2460 3882 2515 brachio

2292 2556 2351 2612 8.
2384 2558 2611 2613 Andreae
2656 2558 2907 2628 apostoli,
2937 2566 2993 2611 et
3040 2556 3217 2627 capite
3262 2555 3320 2610 S.
3358 2556 3531 2620 Lucze,
3562 2569 3680 2624 qua:
3729 2567 3880 2610 sacra

2293 2652 2518 2720 pignora
2562 2650 2629 2705 ab
2678 2650 3005 2719 imperatore
3055 2650 3339 2719 impetrata
3387 2648 3440 2701 in
3490 2664 3588 2703 suo
3636 2647 3881 2702 Romano

2294 2741 2624 2797 monasterio
2664 2742 2970 2806 collocavit,
3022 2749 3079 2795 ut
3127 2739 3293 2794 refert
3338 2739 3600 2793 Baronius
3639 2738 3747 2807 (Ad
3793 2755 3881 2793 an.

2297 2831 2422 2897 586,
2454 2850 2597 2886 num.
2628 2832 2721 2902 24)
2744 2847 2813 2887 ex
2841 2833 3008 2902 priori
3038 2832 3231 2903 pagina
3260 2830 3505 2886 Vaticani
3534 2831 3655 2885 cod.
3688 2830 3882 2900 signati

2295 2940 2523 2979 numero
2552 2924 2675 2979 155.
2704 2923 2889 2992 Neque
2933 2924 3057 2978 huic
3102 2924 3398 2978 narrationi
3434 2924 3765 2978 contrarium
3805 2931 3883 2979 est

2295 3017 2439 3088 quod
2467 3017 2597 3072 dicit
2624 3017 2737 3087 ipse
2759 3015 3049 3085 Gregorius
3068 3015 3160 3072 lib.
3191 3033 3263 3082 tv,
3291 3032 3377 3088 ep.
3411 3015 3499 3081 50,
3528 3017 3593 3071 ad
3613 3016 3882 3072 Constan-

2297 3110 2463 3163 tinam
2493 3110 2809 3179 Augustam,
2841 3110 3262 3171 consuetudinem
3292 3127 3394 3165 non
3435 3125 3563 3176 esse,
3595 3120 3651 3163 ut
3677 3111 3882 3182 quando

2298 3211 2593 3256 sanctorum
2621 3203 2854 3273 reliquias
2882 3203 3094 3266 dantur,
3126 3203 3405 3275 quidquam
3434 3203 3498 3258 de
3527 3220 3745 3274 corpore
3763 3213 3893 3267 tans

610 3304 717 3348 tam
765 3295 1021 3363 prmclare
1049 3302 1197 3361 gesta
1228 3294 1463 3348 invitatis
1508 3302 1696 3363 postea
1741 3291 2102 3361 Langobardis
2129 3292 2194 3347 ad
2221 3289 2266 3350 C
2298 3311 2418 3365 gere
2457 3303 2831 3364 praesumatur;
2860 3310 2985 3350 nam
3034 3295 3270 3365 loquitur
3309 3296 3377 3353 de
3418 3296 3789 3353 Romanorum
3835 3305 3885 3353 et

610 3387 771 3440 Italia:
799 3388 1174 3456 direptionem,
1202 3374 1521 3442 ulciscendas
1567 3387 1789 3456 privatae
1818 3387 2023 3455 injuria:
2072 3402 2196 3456 gra-

611 3482 704 3546 tia,
735 3479 953 3535 fmdavit
979 3490 1033 3534 et
1060 3480 1383 3548 deturpavit.
1416 3480 1563 3534 Alios
1591 3478 1887 3535 omittimus
1916 3480 1982 3534 de
2002 3480 2196 3550 quibus

612 3573 665 3627 in
704 3573 925 3627 historia
975 3571 1319 3641 pontificatus
1357 3572 1601 3641 Gregorii
1646 3572 1899 3642 frequens
1946 3583 2197 3629 occurret

617 3663 841 3719 mentio.
876 3662 939 3717 Et
967 3672 1024 3717 ut
1055 3664 1236 3732 paucis
1264 3663 1602 3718 absolvamus
1622 3704 1637 3728 ,
1662 3664 1951 3718 multorum
1982 3663 2196 3733 quidem

610 3754 1022 3808 familiaritatem
1072 3762 1126 3807 et
1156 3754 1444 3808 amicitiam
1464 3796 1479 3820 ,
1514 3756 1752 3809 omnium
1803 3770 1930 3811 vero
1959 3770 2196 3811 amorem

613 3852 668 3900 et
696 3846 1147 3900 existimationem
1178 3854 1261 3900 est
1290 3855 1630 3901 consecutus.
1665 3846 1734 3901 At
1762 3848 1978 3903 silentio
2002 3859 2196 3917 praete-

611 3936 718 3990 rire
747 3951 854 3991 non
882 3951 1165 4005 possumus
1186 3936 1329 4005 quod
1355 3935 1647 4006 Gregorius
1671 3937 2000 3993 Turonensis
2029 3937 2197 3994 refert

614 4025 753 4096 (Lib.
787 4043 839 4091 x,
872 4043 917 4079 c.
952 4027 1030 4096 1),
1068 4036 1311 4082 sanctum
1360 4028 1652 4084 Diaconum
1678 4070 1692 4095 ,
1740 4029 1905 4085 filiutn
1954 4030 2196 4087 Mauricii

611 4118 833 4185 Augusti
867 4119 1030 4186 (haud
1058 4119 1216 4172 dubie
1246 4130 1374 4173 natu
1423 4120 1728 4191 majorem),
1761 4136 1828 4175 ex
1865 4122 2079 4177 lavacro
2107 4138 2195 4178 sa-

612 4228 705 4266 cro
731 4212 1029 4281 suscepisse
1048 4253 1060 4276 ,
1087 4214 1213 4265 dum
1242 4212 1712 4283 Constantinopoli
1741 4214 1915 4270 adhuc
1956 4232 2201 4271 morare-

614 4312 702 4357 tur
734 4321 747 4356 :
778 4305 918 4373 quod
947 4312 1203 4373 quantum
1235 4308 1284 4359 ei
1327 4306 1485 4360 fuerit
1527 4308 1979 4377 perltonorilicum
2024 4309 2199 4365 nullus

613 4404 696 4450 est
724 4395 815 4465 qui
842 4411 948 4449 non
980 4396 1257 4465 intelligat.

686 4486 770 4541 12.
800 4486 879 4541 Ex
908 4488 1012 4543 hoc
1033 4486 1278 4555 Gregorii
1309 4488 1549 4545 historici
1580 4490 1888 4547 testimonio
1912 4507 2199 4561 possumus

612 4575 819 4637 facilius
866 4591 1106 4637 statuere
1135 4598 1242 4651 quo
1274 4598 1414 4637 anno
1444 4584 1523 4637 vir
1550 4585 1917 4639 sanctissimus
1967 4585 2194 4641 Romam

2300 3383 2632 3451 Latinorum,
2678 3402 2782 3441 non
2813 3402 2943 3442 vero
2971 3385 3283 3443 Grzecorum
3312 3404 3464 3444 more
3502 3396 3558 3444 et
3592 3398 3885 3444 consuetu-

2298 3483 2442 3538 dine.
2474 3482 2639 3537 Italia:
2683 3496 2897 3551 quoque
2924 3482 3221 3551 reportavit
3248 3481 3314 3535 ab
3360 3480 3619 3536 Mauricio
3644 3480 3886 3551 Augusto

2298 3590 2447 3645 spem
2496 3573 2725 3645 proximi
2751 3573 2955 3636 auxilii,
2979 3572 3123 3641 quod
3152 3572 3301 3628 brevi
3346 3570 3535 3638 adfuit,
3566 3572 3704 3627 duce
3727 3572 3884 3627 Sma-

2298 3665 2464 3734 ragdo
2513 3666 2749 3719 exarcho
2802 3664 3028 3732 Longini
3067 3678 3400 3720 successore.
3437 3663 3495 3719 Si
3545 3671 3725 3719 tamen
3768 3664 3886 3734 quis

2299 3755 2589 3812 contendat
2635 3755 2985 3824 Smaragdum
3014 3755 3256 3825 Gregorii
3288 3756 3517 3810 reditum
3541 3756 3881 3825 praevenisse,

2298 3848 2366 3903 de
2409 3863 2467 3903 re
2513 3856 2621 3902 tam
2673 3848 2873 3903 incerta
2920 3849 3139 3903 minime
3191 3849 3476 3919 pugnabo;
3510 3863 3685 3917 neque
3735 3849 3877 3903 enim

2298 3939 2607 4010 expeditum
2638 3953 2720 3995 est
2750 3951 2901 3996 certo
2949 3941 3221 4009 assignare
3250 3957 3357 4012 quo
3406 3950 3648 4011 tempore
3677 3939 3883 4010 Grego-

2299 4031 2408 4086 rius
2455 4032 2849 4101 repatriaverit.
2901 4032 2957 4087 ld
2998 4049 3127 4087 vero
3155 4040 3367 4087 constat
3408 4032 3529 4102 ejus
3557 4033 3811 4104 precibus
3832 4040 3883 4089 et

2299 4124 2770 4179 sollicitationibus
2821 4125 3165 4195 impetratum
3210 4125 3311 4179 hoc
3368 4124 3686 4180 subsidium.
3719 4124 3884 4180 Caete-

2298 4232 2416 4270 rum
2468 4232 2535 4272 ex
2582 4216 2811 4285 epistola
2858 4216 2885 4270 1
2918 4214 3121 4285 Pelagii
3172 4216 3239 4272 ad
3268 4215 3439 4270 Eliam
3487 4216 3881 4285 Aquileiensem

2301 4311 2634 4380 episcopum,
2674 4309 2926 4366 discimus
2980 4310 3108 4380 quid
3156 4309 3321 4366 Italia:
3371 4312 3681 4382 praestiterit
3726 4311 3880 4366 Sma-

2299 4402 2445 4471 ragdi
2486 4402 2745 4457 adventus
2777 4421 2791 4456 :
2824 4404 3119 4473 gratulatur
3163 4404 3306 4458 enim
3345 4420 3583 4459 summus
3620 4402 3882 4475 pontifex,

2298 4492 2477 4563 quod,
2526 4508 2621 4563 per
2668 4494 2877 4549 labores
2925 4509 3087 4563 atque
3139 4495 3557 4551 sollicitudinem
3613 4496 3881 4551 excellen-

2302 4584 2491 4639 tissimi
2520 4582 2609 4638 filii
2639 4583 2918 4655 Smaragdi
2948 4586 3164 4641 exarcbi
3205 4594 3259 4641 et
3282 4586 3594 4642 chartularii
3621 4590 3764 4645 sacri
3793 4604 3880 4660 pa-

612 4674 852 4729 redierit.
887 4674 1176 4729 Mauricius
1206 4691 1312 4729 non
1352 4676 1499 4744 prius
1539 4676 1949 4732 Constantinam
1999 4679 2195 4734 Tiberii
2226 4668 2277 4730 υ
2301 4675 2436 4744 latii,
2466 4690 2654 4746 pacem
2686 4684 2740 4731 et
2762 4678 2999 4747 quietem
3028 4678 3169 4733 Deus
3190 4678 3394 4735 donare
3415 4679 3667 4749 dignatus
3687 4682 3780 4737 sit.

614 4765 836 4835 Augusti
868 4764 1024 4820 filiam
1059 4766 1237 4829 duxit,
1264 4782 1422 4835 quam
1454 4767 1607 4822 fieret
1644 4768 1962 4838 imperator;
2005 4770 2096 4823 sed
2124 4771 2198 4825 si-

616 4855 725 4909 mul
756 4866 809 4909 et
838 4872 1081 4918 uxorem,
1111 4865 1167 4910 et
1206 4857 1347 4912 dotis
1394 4859 1610 4913 nomine
1640 4859 1924 4929 imperium
1956 4861 2194 4931 accepit,

616 4961 759 4999 anno
799 4947 1003 5001 scilicet
1044 4946 1173 5013 582,
1200 4963 1383 5003 mense
1408 4948 1666 5019 Augusto,
1691 4958 1750 5004 ut
1784 4952 1893 5019 jam
1923 4968 2082 5022 supra
2110 4954 2200 5007 de-

615 5035 1051 5091 monstravimus.
1085 5037 1269 5108 ltaque
1298 5041 1440 5095 nasci
1471 5042 1520 5095 ei
1563 5058 1667 5095 nun
1698 5043 1875 5111 potuit
1907 5042 2063 5110 filius,
2094 5044 2195 5098 nisi

615 5144 759 5182 anno
789 5131 1032 5197 sequenti
1060 5146 1243 5185 mense
1268 5130 1432 5201 Aprili
1463 5142 1556 5185 aut
1584 5133 1743 5187 Maio.
1779 5132 1859 5187 Ex
1892 5135 1953 5188 iis
1981 5136 2198 5190 eviden-

613 5230 697 5275 ter
743 5220 1000 5291 probatur
1050 5221 1366 5291 Gregorium
1418 5242 1482 5280 ex
1517 5227 1646 5281 urbe
1698 5228 1844 5295 regia
1892 5229 2039 5297 prius
2094 5246 2199 5284 non

611 5313 942 5369 discessisse.
976 5314 1045 5367 At
1094 5331 1161 5369 ex
1211 5317 1438 5387 epistola
1490 5315 1686 5385 Pelagii
1737 5319 1802 5371 ad
1854 5336 1974 5373 cuin
2006 5321 2201 5391 scripta

610 5420 772 5475 quam
821 5406 1026 5476 profert
1066 5404 1307 5477 Joannes
1330 5407 1619 5474 Diaconus,
1644 5409 1735 5463 lib.
1770 5426 1805 5474 ι,
1839 5428 1887 5463 c.
1914 5410 2001 5477 52,
2032 5415 2201 5469 multo

612 5498 822 5569 longior
849 5516 997 5557 mora
1048 5503 1347 5571 colligitur;
1377 5518 1499 5555 nam
1527 5502 1650 5557 data
1702 5504 1894 5573 legitur
1934 5508 2045 5564 haec
2074 5510 2193 5578 epi-

609 5592 748 5646 stola
779 5608 964 5649 mense
994 5596 1204 5650 octobri
1230 5596 1414 5650 indict.
1448 5595 1499 5661 '5,
1532 5596 1865 5668 proindeqne
1895 5617 2037 5655 anno
2064 5600 2185 5656 584.

608 5683 793 5755 Neque
816 5703 942 5742 vero
974 5689 1075 5743 hoc
1101 5705 1243 5745 anno
1269 5688 1737 5761 Constantinopoli
1763 5691 2004 5748 discessit
2054 5695 2192 5751 Gre-

687 5810 711 5836 ει
742 5802 818 5856 De
857 5802 913 5856 8.
958 5802 1203 5859 Leandro
1242 5806 1359 5873 lege
1396 5806 1631 5861 Annales
1668 5807 1941 5865 Benedict.
1985 5812 2185 5869 Mabill.

610 5869 705 5923 lib.
732 5886 805 5933 vt,
840 5888 985 5927 num.
1035 5873 1134 5935 61,
1165 5884 1219 5929 et
1249 5869 1524 5931 Nicolaum
1573 5877 1863 5934 Antonium
1906 5881 1959 5935 in
1998 5882 2194 5939 Biblio-

610 5939 767 5996 theca
797 5950 904 5996 vet.
931 5942 1152 6010 Hispan.

2913 4816 3142 4874 CAPUT
3180 4819 3271 4875 VI.

2300 4928 2656 4978 Anounnruu.
2681 4956 2742 4965 —
2764 4928 2809 4978 1.
2833 4930 2884 4978 S.
2913 4930 3179 4991 Gregorius
3195 4933 3471 4982 monasterii
3488 4935 3559 4983 sui
3587 4932 3639 4985 fit
3661 4934 3882 4985 abbas--

2364 4995 2408 5040 2.
2442 4992 2680 5059 Pelagius
2696 5006 2806 5059 eum
2831 4994 2924 5042 sibi
2950 4994 3219 5055 adjutorem
3249 4996 3453 5059 adhibet
3476 4998 3754 5059 scribendis
3778 4998 3882 5059 epi-

2362 5052 2515 5121 stulis.
2560 5081 2620 5089 —
2653 5055 2698 5103 3.
2749 5052 3103 5113 Argumentum
3128 5058 3333 5121 ‘prioris'
3371 5058 3590 5118 epistola;
3630 5062 3689 5107 ad
3735 5052 3884 5111 Eliam

2363 5118 2555 5175 scripta:
2578 5125 2744 5165 contra
2770 5120 2996 5167 scitisma.
3024 5144 3085 5155 —
3112 5118 3161 5166 4.
3190 5118 3265 5167 De
3298 5121 3509 5167 secunda
3557 5122 3615 5169 ad
3659 5123 3885 5172 eumdem

2366 5178 2517 5226 Eliam
2540 5180 2759 5244 epistola.
2780 5205 2842 5215 —
2860 5183 2904 5231 5.
2954 5179 3028 5229 De
3055 5186 3216 5244 tertia.
3238 5207 3296 5244 _—-
3319 5183 3367 5230 6.
3393 5181 3613 5231 Schisnta
3641 5184 3751 5233 ﬁcte
3780 5186 3885 5244 eju-

2362 5240 2681 5304 rautquidam
2708 5243 2941 5304 episcopi.
2969 5268 3029 5277 α-
3054 5242 3099 5291 7.
3128 5242 3181 5291 S.
3230 5242 3499 5300 Gregorius
3542 5244 3694 5295 libros
3726 5240 3885 5296 Mora-

2364 5302 2478 5350 lium
2506 5302 2752 5353 retractat.
2773 5302 2971 5365 (Ab'an.
3119 5318 3273 5366 usque
3294 5307 3354 5355 ad
3379 5305 3512 5368 589.)

2373 5422 2421 5477 1.
2465 5421 2691 5477 Romam
2726 5438 2974 5479 reversus
3008 5423 3328 5493 Gregorius,
3374 5426 3429 5481 in
3465 5429 3780 5484 monasterii
3806 5430 3885 5487 sui

2300 5519 2513 5582 portum
2534 5554 2549 5580 ,
2574 5513 2719 5569 urbis
2748 5515 2990 5583 aulteque
3037 5517 3322 5571 tumultum
3353 5534 3568 5585 exosus,
3603 5520 3799 5576 iterum
3828 5538 3886 5578 se

2302 5606 2532 5674 recepit,
2562 5604 2649 5660 ubi
2679 5604 2885 5659 abbatis
2913 5604 3147 5662 officium
3184 5609 3521 5677 rogantibus,
3547 5610 3655 5665 imo
3685 5626 3883 5681 cogen-

2303 5698 2445 5753 tibus
2474 5697 2725 5752 fratrihus
2772 5708 2792 5735 ο
2821 5700 3081 5753 exercuit.
3110 5699 3263 5767 Quod
3313 5701 3368 5755 in
3396 5704 3722 5760 monasterio
3766 5712 3885 5776 post

2371 5815 2397 5854 ιι
2429 5816 2485 5869 ln
2518 5814 2657 5869 notis
2688 5814 2753 5869 ad
2784 5831 2869 5884 ep.
2903 5817 3099 5886 Pelagii
3130 5819 3192 5882 ll,
3227 5819 3367 5875 inter
3394 5821 3653 5877 Concilia.

2380 5888 2720 5965 C__Ass_ttmpto
2746 5902 2944 5965 pupeu
2967 5890 3033 5941 ad
3074 5889 3472 5965 Sjracusanum
3513 5893 3881 5965 episcopatum

2309 5958 2366 6012 S.
2397 5956 2716 6011 Maximiano
2745 5956 2799 6010 S.
2832 5958 3056 6016 Andreae
3086 5961 3296 6016 abbate.
3544 5956 3564 5963 '
3700 5956 3715 5965 '
3762 5991 3771 6000 .
