4138 6446
346 443 412 497 7'5
803 434 861 493 S.
903 434 1233 493 GREGORH
1275 431 1487 490 M'AGNI
1528 429 1711 493 VITA,
1750 427 1842 483 EX
1885 425 2050 482 EJUS
2088 423 2391 480 SCRIPTIS
2428 418 2824 477 ADOBNATA.
2868 412 2978 469 LIB
3014 412 3056 466 Ι.

3471 402 3576 455 274
3606 412 3609 417 ’

308 563 541 620 reditum
570 572 627 616 et
671 566 797 614 ante
844 573 997 613 suam
1028 558 1092 611 ad
1141 555 1515 627 pontiticatum
1564 549 1887 618 assumptio-
1914 548 1963 604 Α
1991 558 2023 596 a
2050 540 2268 610 Pelagio
2298 552 2433 608 papa
2465 536 2591 589 Elire
2611 574 2625 599 ,
2660 528 2990 602 Aquileiensi
3021 524 3300 595 episcopo,
3326 516 3571 582 missam,

308 669 433 711 nem
474 651 797 709 habitaverit
842 658 895 704 et
938 647 1246 719 prmfuerit,
1292 644 1540 700 dubitare
1594 656 1701 696 non
1766 636 1892 693 sinit

307 746 426 818 ipse
455 744 745 812 Gregorius
772 757 994 796 narrans
1040 739 1133 795 lib.
1164 754 1216 793 ιν
1245 737 1475 805 Dialog.,
1508 749 1557 789 c.
1589 728 1688 797 55,
1718 727 1894 784 infeli-

307 855 429 896 cem
473 837 611 893 Justi
647 828 917 891 And’reani
969 832 1219 889 monachi
1265 837 1493 885 mortem
1551 840 1711 895 quam
1766 823 1895 877 dicit

306 931 599 1000 contigisse
650 938 770 983 ante
823 927 1118 993 triennium,
1150 925 1253 978 hoc
1281 930 1363 978 est
1405 919 1568 991 paulo
1607 924 1893 985 antequam

308 1022 662 1094 apostolicam
708 1021 1015 1075 cathedram
1046 1015 1377 1072 ascenderet.
1408 1012 1485 1066 Ex
1512 1012 1616 1067 hoc
1664 1010 1785 1064 loco
1831 1008 1897 1062 li-

308 1124 442 1184 quet
468 1114 600 1166 hunc
620 1110 925 1166 monachum
951 1107 1249 1163 medicinali
1273 1113 1381 1157 arte
1399 1101 1669 1163 imbutum,
1704 1098 1897 1168 Grego-

307 1206 390 1260 rio
417 1207 471 1259 in
500 1204 677 1259 eadem
703 1201 762 1257 S.
788 1201 1011 1255 Andreae
1046 1198 1359 1253 monasterio
1389 1195 1690 1258 constituto,
1718 1190 1896 1244 sedulo

308 1296 515 1367 obsequi
540 1304 689 1365 atque
704 1295 759 1347 in
781 1292 1013 1347 assiduis
1024 1292 1134 1362 ejus
1147 1285 1534 1360 azgritudinibus
1547 1282 1799 1338 excubare
1812 1298 1898 1335 δον

311 1393 483 1448 litum.
508 1388 641 1444 Cum
683 1387 867 1442 Justus
899 1389 1055 1441 morti
1087 1383 1362 1452 proximus
1387 1380 1752 1447 deprehensus
1778 1374 1899 1430 fuis-

311 1493 399 1541 set
423 1499 551 1539 reus
599 1481 879 1537 occultatae
930 1477 1190 1548 pecuniae,
1223 1490 1344 1528 mox
1375 1481 1429 1526 ut
1456 1481 1652 1525 tantum
1703 1470 1897 1522 malum

307 1576 573 1645 Gregorio
601 1576 890 1628 nuntiatum
916 1580 1021 1635 est,
1046 1569 1103 1623 id
1131 1567 1488 1639 aequanimiter
1514 1565 1649 1635 ferre
1678 1579 1781 1615 non
1809 1577 1900 1613 va-

308 1670 424 1724 luit.
477 1664 779 1734 Statimque
827 1662 1041 1715 violatae
1090 1658 1288 1727 regula:
1333 1653 1646 1710 monasterii
1676 1651 1894 1716 vindex,

307 1759 433 1829 quia
483 1756 666 1819 abbas,
700 1754 927 1825 cogitare
955 1751 1103 1821 coepit
1143 1750 1218 1803 vel
1260 1747 1382 1820 quid
1428 1746 1498 1799 ad
1538 1742 1897 1815 purgatibnem

307 1850 576 1907 morientis
619 1849 831 1919 faceret,
884 1846 959 1899 vel
1002 1843 1125 1916 quid
1169 1842 1237 1896 ad
1283 1841 1571 1911 exemplum
1619 1834 1896 1891 viventibus

1993 650 2177 707 quam,
2208 631 2407 701 inquit,
2448 628 2627 682 beatus
2670 624 2987 696 Gregorius,
3028 635 3142 673 cum
3192 614 3359 668 adhuc
3403 620 3572 673 esset,

1993 724 2255 778 Diaconus
2286 700 2518 789 scripsit.
2552 719 2682 771 'l’res
2728 714 2885 769 editae
2926 718 3051 767 sunt
3097 720 3211 763 tum
3260 721 3291 759 a
3340 700 3576 757 Baronio

1996 819 2098 890 (Ad
2128 834 2215 870 an.
2250 813 2372 881 586,
2398 829 2537 866 num.
2567 809 2693 875 9.6),
2728 816 2837 861 tum
2865 822 2894 860 a
2923 803 3289 859 Conciliorum
3319 795 3580 852 collecto-

1995 884 2141 965 ribus
2168 906 2366 975 Pelagii
2398 904 2440 958 ll
2461 902 2701 973 cpistola!
2738 899 2805 952 ad
2848 897 3021 951 Eliam
3046 904 3095 949 et
3123 893 3192 947 ad
3237 892 3368 946 alios
3398 884 3574 941 Istria:

1997 1002 2244 1056 Ecclesiae
2288 1000 2550 1069 episwpos
2597 1001 2645 1047 et
2686 992 2855 1061 ﬁlios,
2893 1004 2991 1058 pro
3022 987 3180 1040 trium
3217 979 3573 1052 capitulorum

1997 1109 2158 1149 causa
2182 1091 2588 1146 tumultuantes.
2624 1084 2797 1138 Unum
2827 1089 2909 1136 est
2938 1080 3097 1133 trium
3129 1077 3338 1130 illarum
3381 1071 3581 1141 episto—

1998 1187 2167 1241 larum
2215 1188 2608 1251 argumentum,
2655 1191 2791 1230 unus
2818 1186 3043 1242 scopus,
3087 1168 3254 1239 stylus
3284 1165 3442 1234 plane
3473 1176 3579 1216 non

2001 1281 2287 1345 absimilis;
2315 1275 2650 1349 proindeque
2671 1269 2814 1324 idem
2838 1265 3077 1321 omnium
3109 1262 3343 1332 scriptor
3370 1256 3580 1324 Grego-

2001 1374 2111 1428 rius
2138 1389 2168 1425 a
2195 1386 2302 1440 quo
2334 1383 2494 1423 unam
2525 1365 2713 1420 saltem
2745 1360 3001 1429 scriptam
3043 1369 3163 1411 esse
3196 1351 3349 1405 Pauli
3371 1353 3583 1403 constat

2000 1464 2333 1521 testimonio.
2366 1458 2514 1515 Adde
2558 1455 2700 1526 quod
2728 1454 2813 1508 his
2843 1453 2893 1505 in
2946 1446 3190 1518 epistolis
3227 1456 3361 1512 quas
3391 1441 3587 1506 Grego-

1999 1560 2112 1615 rius
2129 1557 2239 1626 jam
2260 1550 2506 1625 pontifex
2525 1549 2694 1603 factus
2714 1547 2779 1599 ad
2804 1543 3023 1599 eosdem
3049 1536 3426 1595 schismaticos
3455 1530 3588 1586 scri-

1999 1649 2134 1721 psit,
2158 1646 2243 1700 vel
2264 1619 2343 1698 -ad
2373 1642 2507 1696 alios
2533 1652 2669 1708 quos
2698 1638 2750 1690 in
2777 1629 3226 1688 condemnatione
3258 1627 3416 1679 trium
3438 1619 3587 1689 capi-

2002 1713 2236 1794 tulorum
2264 1735 2471 1789 haerere
2501 1738 2727 1786 noverat
2752 1744 2765 1792 ;
2819 1726 3008 1780 eadem
3038 1738 3136 1792 pro
3164 1718 3315 1790 pacis
3344 1713 3589 1770 hostibus

2004 1831 2239 1889 charitas
2286 1826 2524 1891 ferveat,
2578 1837 2676 1893 pro
2717 1819 2891 1874 anxiis
2921 1825 2992 1885 et,
3021 1810 3351 1883 scrupulosis
3402 1806 3589 1863 eadem

310 1944 557 2017 fratribus
594 1941 900 2012 provideret.
932 1938 1170 1993 Pretiosa
1198 1937 1358 2007 igitur
1386 1934 1614 2007 ejusdem
1640 1940 1902 1986 monaste-
1934 1932 1978 1992 Β
2008 1923 2342 1995 indulgentia
2362 1920 2653 1975 elucescat.
2680 1914 2748 1969 Et
2771 1912 2840 1966 de
2865 1911 2929 1965 iis
2948 1907 3163 1978 quidem
3186 1912 3372 1975 postea
3393 1900 3591 1962 fusius;
3618 1928 3625 1931 ν

2525 2010 2535 2017 .
2859 2002 2871 2017 ι
3010 2016 3029 2017 η
3058 1999 3122 2017 Α]
3158 1997 3323 2017 ._:L-__
3352 1991 3591 2017 ---εηοηιζη

309 2038 376 2093 rii
400 2035 677 2108 prmposito
707 2033 982 2099 accersito,
1012 2030 1165 2099 jubet
1192 2037 1250 2082 ut
1279 2035 1431 2083 curet
1453 2043 1479 2080 a
1516 2026 1593 2079 rei
1624 2022 1901 2080 consortio

310 2129 507 2184 fratres
536 2141 721 2183 omnes
744 2125 1019 2180 recedere.
1046 2122 1295 2190 Praecipit
1322 2134 1539 2191 quoque
1566 2116 1731 2188 2ιά
1759 2131 1903 2169 mor-

310 2230 403 2277 tuo
445 2220 547 2275 etsi
595 2220 648 2273 in
691 2217 949 2274 extremis
990 2214 1270 2285 pcenitenti
1301 2210 1683 2268 stercorariam
1724 2207 1901 2277 parari

309 2313 659 2385 sepulturam,
687 2318 741 2365 et
761 2302 924 2379 super
944 2308 1061 2377 ejus
1088 2305 1319 2362 cadaver
1349 2313 1457 2359 tres
1479 2303 1778 2358 occultatus
1807 2316 1902 2354 au-

310 2421 434 2461 reos
462 2402 677 2475 projici,
709 2400 961 2455 fratribus
1003 2397 1361 2453 clamantibus
1393 2414 1405 2448 :
1440 2394 1670 2448 Pecunia
1710 2402 1798 2446 tua
1830 2401 1901 2445 te-

313 2513 428 2549 cum
478 2496 544 2549 sit
592 2494 647 2546 in
686 2490 991 2563 perditione.
1024 2486 1261 2542 Tandem
1314 2486 1437 2556 quia
1466 2484 1653 2538 Justus
1708 2481 1902 2553 piaculi

313 2586 583 2658 paenitens
632 2583 773 2637 diem
831 2589 1130 2635 extremum
1185 2577 1488 2643 clauserat,
1535 2582 1790 2645 procurat
1846 2581 1904 2627 ut

315 2676 591 2732 Pretiosus
620 2673 945 2745 prmpositus
984 2687 1075 2741 per
1105 2670 1318 2740 triginta
1360 2669 1469 2722 dies
1498 2668 1768 2720 continuos
1810 2681 1902 2734 pro

314 2769 477 2841 ipsius
516 2767 837 2821 absolutione
868 2773 892 2801 ει
924 2762 1241 2831 sacriﬁcium
1270 2759 1476 2828 o/ferat.
1503 2755 1776 2823 Quantum
1814 2770 1897 2808 sa~

315 2861 636 2931 pientissimi
662 2858 872 2914 abbatis
901 2855 1161 2911 severitas
1185 2852 1341 2908 Justo
1371 2841 1688 2919 cacterisqne
1725 2848 1905 2902 fratri-

316 2953 415 3010 bus
446 2952 740 3024 profuerit,
770 2951 887 3019 lege
916 2956 1010 3003 aut
1037 2948 1091 3001 in
1123 2945 1342 3000 laudato
1366 2943 1713 3011 Dialogorum
1745 2941 1904 3007 libro,

317 3058 411 3105 aut
459 3046 599 3117 apud
646 3044 906 3100 Joannem
954 3041 1269 3095 Diaconum.
1302 3037 1430 3104 Quae
1459 3035 1601 3105 apud
1654 3032 1903 3089 eumdem

319 3140 567 3211 leguntur
593 3139 660 3194 de
690 3137 851 3206 largis
878 3133 1235 3205 eleemosynis
1257 3148 1287 3186 a
1305 3130 1567 3200 Gregorio
1598 3129 1751 3184 factis
1779 3127 1905 3182 dum

321 3233 371 3288 in
427 3230 755 3286 monasterio
803 3228 1041 3297 degeret,
1071 3226 1302 3295 probant
1355 3238 1571 3293 quoque
1617 3236 1737 3275 enm
1778 3228 1907 3275 tunc

2006 2031 2148 2073 nunc
2168 1991 2356 2069 autem
2383 2010 2569 2082 paucis
2589 2002 2968 2077 exponendum
2998 1999 3126 2069 quid
3158 1997 3326 2051 tribus
3348 1991 3592 2063 epistolis

2007 2107 2222 2163 nomine
2267 2102 2471 2172 Pelagii
2515 2099 2559 2153 ll
2590 2097 2806 2169 scriptis
2853 2092 3193 2166 potissimum
3226 2087 3591 2143 contineatur.

2077 2203 2129 2257 5.
2171 2201 2228 2255 1η
2272 2199 2445 2269 prima
2476 2193 2728 2265 praefatur
2756 2189 3027 2260 piissimus
3057 2184 3217 2238 Pater
3246 2182 3308 2235 de
3337 2180 3590 2234 viscerum

2004 2309 2216 2349 suorum
2245 2290 2525 2352 divisione,
2577 2283 2831 2338 nimirum
2861 2279 2929 2333 de
2973 2277 3265 2332 schismate
3296 2270 3592 2326 Ecclesiam

2005 2385 2310 2447 scindente,
2344 2397 2397 2435 se
2425 2396 2530 2435 non
2558 2378 2668 2432 sine
2697 2374 2841 2447 gravi
2872 2372 2993 2443 ﬂetu
3024 2368 3283 2430 doluisse;
3311 2364 3377 2419 ad
3406 2376 3593 2436 pacem

2005 2482 2324 2540 dissidentes
2352 2492 2473 2533 cum
2497 2473 2747 2545 lacrymis
2762 2470 3097 2525 adhortatur.
3128 2460 3519 2519 Vacillantibus
3542 2458 3593 2513 in

2008 2574 2131 2641 lide,
2147 2571 2291 2626 Petri
2315 2569 2472 2624 tidem
2495 2563 2889 2621 indelicientem
2912 2556 3168 2630 opponit;
3200 2553 3556 2610 titubantibus
3577 2593 3592 2615 ,

2005 2664 2148 2720 sedis
2200 2661 2345 2717 Petri
2390 2658 2726 2719 firmitatem,
2782 2660 2970 2708 contra
3012 2663 3175 2718 quam
3220 2656 3390 2715 portae
3438 2642 3594 2703 inferi

2006 2755 2300 2829 praevalere
2328 2768 2433 2807 non
2459 2749 2686 2821 possint.
2718 2746 2983 2800 Caeterum
3010 2749 3072 2795 ut
3097 2749 3311 2795 omnem
3344 2734 3593 2806 praesciu-

2006 2849 2098 2905 dat
2125 2861 2246 2902 sese
2272 2840 2638 2899 calumniandi
2675 2836 3039 2898 occasionem,
3084 2828 3369 2901 proﬁtetur
3394 2825 3597 2894 ample-

2007 2945 2080 3002 cti
2109 2958 2229 3014 quae
2257 2941 2325 2996 ab
2354 2937 2615 3010 apostolis
2644 2947 2942 3001 eormnque
2970 2924 3377 2984 successoribus
3399 2920 3596 2975 tradita

2005 3046 2161 3104 sunt,
2208 3043 2263 3091 et
2290 3036 2343 3089 in
2371 3039 2604 3101 quatuor
2648 3025 3001 3084 cecumenicis
3026 3020 3273 3079 conciliis
3300 3017 3595 3087 explanata

2007 3137 2063 3183 et
2106 3125 2455 3188 conﬁrmata,
2504 3120 2741 3176 maxime
2787 3118 2843 3172 in
2882 3113 3090 3187 synodo
3132 3106 3596 3173 Chalcedonensi,

2008 3222 2166 3291 cujus
2196 3217 2576 3274 auctoritatem
2607 3211 2807 3285 pulsari
2833 3218 2888 3265 et
2915 3205 3257 3270 labefactari,
3301 3202 3464 3257 trium
3511 3214 3598 3255 ca-

322 3324 650 3382 monasterio
728 3321 1031 3393 praefuisse;
1096 3317 1332 3386 alioquin
1410 3331 1517 3369 non
1582 3314 1907 3386 prwcepisset
1935 3311 1983 3374 C
2012 3314 2303 3385 pitulorum
2342 3308 2692 3364 damnatione
2720 3304 2771 3359 in
2801 3303 2991 3374 quinto
3040 3306 3165 3369 post
3209 3294 3441 3353 concilio
3469 3308 3598 3348 con~

323 3416 347 3457 ιι
366 3415 717 3481 vestiario,ut
753 3421 831 3466 tot
858 3411 1011 3466 daret
1029 3410 1359 3463 numismata.
1396 3406 1591 3463 Postea
1622 3404 1790 3458 multa
1820 3419 1907 3458 re-

323 3508 425 3564 fert
474 3506 711 3563 Joannes
762 3504 1028 3559 Diaconus
1063 3517 1180 3572 qua:
1225 3500 1487 3569 Gregorio
1531 3498 1738 3552 abbatis
1787 3497 1908 3550 loco

320 3601 547 3658 sedente
585 3599 876 3667 contigisse
906 3605 1134 3652 testatur
1161 3594 1377 3665 aqualia
1407 3602 1533 3649 sunt
1572 3592 1827 3647 miracula
1857 3599 1913 3647 et

322 3694 470 3763 signa
501 3692 695 3764 quibus
726 3690 866 3744 Deus
894 3688 1156 3758 quosdam
1187 3686 1483 3742 monachos
1516 3685 1908 3753 antfugientes,

322 3794 418 3840 aut
447 3784 513 3838 de
542 3783 664 3851 fuga
693 3781 994 3848 cogitantes
1034 3786 1125 3831 aut
1156 3778 1408 3843 alterius,
1444 3790 1597 3831 noxae
1627 3790 1752 3828 reos
1800 3782 1911 3827 ter-

320 3880 456 3944 ruit,
487 3886 541 3931 et
569 3875 637 3929 ad
666 3873 935 3929 saniorem
967 3880 1203 3925 mentem
1247 3869 1546 3924 revocavit.
1579 3867 1685 3921 Sed
1715 3864 1916 3919 fallitur

320 3968 411 4024 hic
450 3964 696 4034 scriptor,
729 3959 1160 4031 quandoquidem
1193 3960 1421 4029 ipsemet
1450 3956 1741 4026 Gregorius
1778 3957 1915 4010 scri-

323 4062 457 4116 bens
487 4056 555 4110 ad
585 4054 948 4109 Rusticianam
984 4066 1072 4121 cp.
1115 4050 1183 4103 44
1225 4050 1341 4104 libri
1373 4067 1427 4105 χι
1454 4049 1639 4104 eadem
1680 4063 1917 4103 comme-

324 4159 539 4216 morat,
571 4147 751 4217 aitque
789 4160 851 4199 ea
883 4145 984 4199 sibi
1028 4150 1242 4197 narrata
1272 4141 1437 4197 fuisse
1478 4142 1546 4195 ab
1577 4141 1770 4195 abbate
1806 4149 1858 4193 et
1887 4155 1917 4194 a

324 4241 616 4314 praeposito
644 4238 804 4307 hujus
834 4235 1163 4292 monasterii.
1194 4234 1393 4289 Verum
1444 4233 1571 4303 quid
1622 4233 1919 4301 indigemus

326 4332 543 4390 aliunde
591 4330 830 4401 quaesitis
881 4329 1236 4397 argumentis,
1292 4329 1413 4380 'cum
1470 4326 1581 4395 ipse
1629 4320 1920 4393 Gregorius

326 4441 513 4484 coram
559 4423 766 4495 synodo
815 4422 1013 4477 diserte
1042 4420 1314 4493 professus
1366 4418 1434 4474 sit
1473 4433 1531 4473 sc
1559 4419 1685 4472 olim
1718 4417 1922 4473 rexisse

327 4516 717 4574 monasterium
744 4556 757 4580 ,
816 4515 898 4569 his
947 4513 1125 4569 verbis
1177 4510 1393 4577 :Quam
1452 4512 1521 4566 sit
1575 4510 1922 4565 necessarium

329 4610 759 4666 monasteriorum
788 4608 944 4680 quieti
974 4608 1332 4677 conspicere...
1364 4613 1657 4659 anteactum
1684 4622 1775 4659 nos
1801 4606 1925 4675 ofﬁ-

2011 3383 2241 3463 clamata
2290 3400 2620 3458 schismatici
2646 3396 3031 3468 querebantur.
3075 3390 3134 3446 Si
3163 3398 3343 3443 tamen
3395 3388 3510 3440 [nec
3536 3383 3601 3440 ad

2012 3494 2462 3568 compescendam
2511 3489 2825 3547 scandalum
2868 3484 3117 3542 sufficere
3146 3496 3257 3536 non
3302 3477 3602 3537 videantur,

2014 3600 2169 3661 rogat
2197 3605 2292 3646 eos
2342 3596 2402 3641 ut
2430 3592 2713 3640 manentes
2756 3582 2809 3636 in
2840 3577 3060 3634 unitatis
3102 3574 3365 3631 cbaritate
3407 3569 3604 3639 eligant

2014 3684 2487 3748 transmittantque
2517 3677 2727 3747 aliquos
2756 3689 2787 3728 e
2816 3671 3105 3734 fratribus,
3132 3667 3197 3721 ad
3226 3662 3606 3735 proponendas

2016 3782 2073 3830 et
2095 3769 2498 3841 componendas
2519 3766 2743 3837 pacifice
2764 3763 3092 3832 quaestiones
3116 3770 3321 3812 omnes.
3342 3752 3413 3807 Et
3435 3752 3606 3822 parati

2017 3883 2217 3937 sumus,
2248 3862 2421 3930 inquit
2468 3860 2643 3914 bonus
2697 3856 2785 3910 ille
2831 3862 3019 3923 pastor
3064 3850 3254 3905 ovibus
3302 3842 3607 3899 errantibus

2018 3958 2372 4029 compatiens,
2407 3951 2687 4009 secundum
2716 3947 3111 4020 prwceptionem
3141 3938 3480 4013 apostolicam
3501 3973 3516 3999 ,
3561 3944 3608 3989 et

2020 4069 2133 4107 cum
2155 4050 2407 4103 charitute
2432 4063 2520 4101 eos
2550 4045 2827 4113 suscipere,
2853 4049 2903 4094 et
2925 4055 3038 4092 cum
3080 4034 3369 4097 humilitate
3390 4031 3459 4085 ad
3493 4030 3610 4095 pla-

2021 4151 2124 4203 cita
2162 4141 2536 4214 satisfactionis
2578 4136 2789 4191 reddere
2837 4136 3129 4196 rationem;
3179 4140 3229 4184 et
3274 4130 3388 4184 sine
3437 4128 3608 4197 aliqua

2020 4238 2411 4306 impedimento,
2444 4248 2559 4284 cum
2585 4230 2724 4284 omni
2754 4227 3047 4289 dilectione,
3077 4222 3284 4295 quando
3304 4222 3489 4275 reverti
3520 4235 3610 4272 υοο

2022 4330 2230 4394 iuerint,
2252 4327 2512 4380 voluntate
2538 4321 2889 4376 sincerissima
2911 4360 2925 4385 ,
2968 4318 3199 4387 relegare
3250 4313 3304 4385 (Ι
3332 4313 3476 4368 Petri
3507 4310 3608 4382 ιιι).

2095 4421 2147 4474 4.
2192 4418 2263 4473 Ut
2287 4418 2354 4471 ad
2376 4418 2518 4471 hanc
2541 4413 2825 4485 epistolam
2846 4409 3238 4480 responderent
3262 4403 3611 4464 schismatici,

2024 4513 2216 4583 scripta
2258 4509 2473 4563 diversis
2519 4507 2710 4576 infecta
2756 4502 3009 4573 contagiis
3037 4500 3369 4558 direxerant,
3419 4493 3611 4561 quibus

2027 4603 2244 4656 Patrum
2273 4597 2579 4654 testimonia
2605 4598 2894 4663 incongrua
2926 4601 2979 4645 et
3010 4590 3074 4644 ad
3098 4601 3312 4645 causam
3344 4598 3449 4638 non
3482 4598 3607 4651 per-

329 4702 486 4766 cium,
518 4699 653 4770 quod
692 4700 747 4752 in
790 4698 1038 4769 regimine
1071 4698 1369 4752 monasterii
1397 4697 1719 4751 exhibuimus
1751 4697 1921 4768 infor-
1947 4699 1998 4759 υ
2030 4695 2251 4750 tinentia
2281 4694 2645 4756 inseruerunt,
2675 4688 2863 4742 ordine
2895 4688 2966 4739 ita
2993 4684 3224 4747 turbato,
3246 4690 3302 4733 ut
3322 4678 3457 4751 quod
3477 4678 3611 4731 scri-

331 4793 477 4846 mat?
497 4790 715 4859 (Concil.
745 4806 799 4845 ιιι
821 4806 909 4843 seu
934 4789 1183 4843 Lateran.
1217 4789 1307 4843 sub
1335 4790 1398 4844 S.
1428 4787 1606 4859 Greg.)

406 4883 462 4937 2.
504 4882 705 4937 Sancto
738 4879 853 4935 viro
884 4881 937 4934 in
970 4881 1286 4935 monasterii
1316 4896 1534 4936 recessu
1564 4881 1734 4934 Otium
1764 4889 1819 4935 et
1842 4881 1919 4934 la-

336 4973 519 5028 tebras
564 4971 824 5041 qumrenti
846 5013 861 5036 ,
912 4969 1003 5023 diu
1026 4979 1204 5023 tamen
1236 4970 1302 5024 iis
1329 4985 1550 5038 prorsus
1580 4969 1682 5023 frui
1714 4984 1821 5023 non
1852 4970 1920 5023 li-

336 5067 479 5131 cuit,
524 5074 617 5120 aut
647 5065 713 5119 ab
739 5063 989 5118 omnibus
1017 5063 1232 5132 penitus
1267 5062 1643 5117 ecclesiasticis
1691 5063 1921 5132 negotiis

335 5157 538 5216 feriari.
569 5156 703 5211 Nam
749 5162 807 5210 ut
834 5155 960 5208 olim
995 5154 1349 5225 Hieronymus
1388 5151 1444 5208 S.
1480 5153 1707 5207 Damaso
1738 5168 1919 5223 papae,

339 5248 578 5321 Prosper
603 5247 662 5304 S.
695 5247 864 5303 Leoni
906 5246 1132 5314 Magno,
1162 5247 1241 5301 sic
1270 5245 1361 5299 ille
1391 5243 1607 5311 Pelagio
1636 5244 1842 5299 Juniori
1873 5246 1928 5300 in

340 5337 642 5395 scribendis
673 5338 916 5409 epistolis
937 5336 1151 5404 adjutor
1183 5336 1300 5390 luit.
1332 5334 1410 5389 lta
1439 5336 1607 5390 sensit
1630 5334 1924 5400 Baronius;

340 5440 399 5488 et
436 5447 569 5487 sane
623 5431 724 5503 ipsi
777 5431 963 5485 ttibuit
1011 5428 1207 5484 Paulus
1248 5427 1571 5483 Warnelridi
1624 5428 1717 5482 lib.
1750 5444 1807 5482 ιιι
1862 5427 1928 5483 de

342 5525 509 5595 gestis
603 5524 1121 5595 Langobardorum,
1196 5526 1324 5578 satis
1402 5524 1577 5577 utilem
1655 5524 1927 5593 epistolam

419 5646 447 5675 ιι
470 5636 547 5692 De
574 5637 839 5692 sacrificio
868 5654 965 5708 pro
993 5638 1255 5691 defunctis
1284 5635 1463 5691 oflerri
1503 5637 1664 5708 solito
1709 5635 1819 5705 jam
1852 5636 1935 5690 di-

343 5706 521 5765 ximus
551 5708 602 5761 in
636 5716 749 5762 not.
778 5708 844 5761 ad
871 5705 993 5762 libri
1024 5725 1075 5763 1v
1106 5707 1311 5775 Dialog.
1345 5716 1505 5777 caput
1535 5705 1621 5761 55.

421 5777 449 5818 ι’
473 5777 562 5832 Sic
581 5777 813 5832 Joannes
843 5786 1004 5832 vocat
1042 5779 1361 5833 monachum
1412 5778 1648 5833 vestiarii
1681 5778 1937 5833 custodiae

348 5850 720 5932 prtepositum.
753 5847 993 5932 Porpoin
1020 5846 1750 5932 ςιιιδοηίερβειξίηθιιείΙὶὺᾳ,
1773 5864 1821 5903 c.
1845 5848 1935 5913 25,

348 5919 667 5983 mtiarium
700 5919 1003 5991 appellatur
1030 5919 1181 5975 locus
1206 5920 1296 5976 ubi
1324 5920 1487 5975 etiam
1507 5920 1736 5989 pecunia
1757 5934 1941 5975 serva-

2027 4798 2168 4861 ptum
2210 4786 2417 4841 nomine
2452 4784 2664 4837 alterius
2714 4783 2902 4851 fuerat,
2956 4776 3169 4829 alterius
3209 4771 3433 4826 nominis
3465 4768 3613 4823 titulo

2025 4890 2364 4957 promeretur,
2398 4881 2474 4933 uti
2502 4878 2753 4932 observat
2798 4872 3044 4940 Pelagius
3075 4870 3127 4923 in
3157 4885 3243 4937 cp.
3276 4867 3311 4920 ‘2
3341 4866 3406 4920 ad
3441 4863 3614 4916 Etiam

2024 4974 2249 5043 ejusque
2268 4977 2615 5041 symmystas,
2638 4964 2780 5019 unde
2808 4963 2936 5032 ipsis
2958 4963 3071 5017 haec
3086 4961 3153 5015 ab
3179 4958 3441 5030 Apostolo
3468 4958 3613 5012 dicta

2027 5063 2210 5119 tribuit
2236 5080 2248 5114 :
2276 5058 2579 5113 Nescientes
2627 5071 2788 5126 neque
2816 5053 2881 5106 de
2922 5053 3102 5124 quibus
3131 5052 3327 5116 dicunt,
3363 5066 3524 5121 neque
3550 5048 3615 5102 de

2031 5154 2209 5226 quibus
2252 5152 2522 5221 afﬁrmant
2572 5146 2627 5220 (Ι
2662 5146 2795 5202 Tim.
2852 5161 2888 5199 ι.
2918 5146 2997 5215 7).
3045 5144 3230 5215 Itaque
3273 5152 3331 5198 ut
3380 5145 3521 5197 veris
3562 5150 3615 5196 et

2031 5244 2275 5316 genuinis
2322 5241 2455 5295 falsa
2499 5248 2555 5295 et
2594 5235 2934 5308 supposititia
2983 5236 3317 5303 destrueret,
3369 5234 3617 5300 Pelagius

2033 5339 2238 5395 curavit
2267 5336 2732 5393 schismaticorum
2756 5331 2946 5400 legatis
2966 5345 3034 5385 ex
3059 5331 3296 5400 antiquis
3327 5328 3615 5399 polyptycis

2030 5433 2209 5486 scrinii
2253 5440 2448 5485 sancta:
2493 5428 2629 5482 sedis
2688 5426 2986 5497 apostolica:
3032 5424 3240 5479 sincera
3289 5420 3618 5492 synodorum

2033 5534 2152 5579 acta
2183 5520 2455 5587 exhiberi;
2508 5522 2760 5591 ipsosque
2779 5518 3023 5577 secunda
3056 5531 3149 5571 sua
3182 5514 3407 5586 epistola
3448 5512 3615 5567 vehe-

2041 5635 2219 5690 batur.
2256 5634 2475 5703 Proprie
2502 5632 2813 5689 vestiarium
2843 5640 2925 5687 est
2955 5632 3106 5703 locus
3131 5629 3219 5682 ubi
3251 5633 3427 5703 vestes
3452 5638 3620 5679 sacra:

2044 5717 2100 5760 et
2133 5721 2262 5761 vasa
2301 5694 2376 5759 ad'
2409 5704 2592 5758 altaris
2633 5703 2986 5757 ministerium
3022 5701 3234 5769 aliaque
3263 5694 3504 5769 pretiosa
3528 5711 3619 5750 re-

2042 5777 2215 5847 posita
2259 5774 2728 5847 custodiebantur;
2766 5774 2855 5842 qui
2894 5787 3014 5827 cum
3056 5766 3203 5847 esset
3241 5766 3451 5847 tutior,_
3480 5766 3619 5823 forte

2044 5837 2331 5915 aliquando
2396 5846 2461 5900 ad
2496 5837 2798 5915 pecuniam
2836 5839 3214 5915 asservandam
3263 5837 3617 5907 deligebatur.

2044 5912 2176 5973 Vide
2204 5926 2386 5973 notam
2417 5913 2557 5968 1054
2583 5915 2649 5969 ad
2678 5914 2867 5966 librum
2896 5912 3133 5967 Sacram.
