4138 6458
610 421 716 480 275

1100 416 1160 477 S.
1200 414 1529 475 GREGURII
1572 417 1790 475 MAGNI
1831 417 2012 489 VITA,
2056 417 2151 474 EX
2191 416 2350 476 EJUS
2386 417 2689 475 SCRIPTIS
2726 418 3125 476 ADORNATA.
3165 417 3296 475 LIB.
3336 414 3379 474 1.

3770 419 3879 470 276

605 546 817 595 menter
852 546 935 593 est
960 535 1274 593 cohortatus
1303 536 1370 591 ad
1417 538 1734 594 charitatem
1784 546 1840 593 et
1887 538 2180 603 unitatem,
2210 542 2267 601 Α
2360 537 2527 607 Digna
2555 553 2685 593 sane
2704 547 2787 595 est
2813 540 2929 594 haec
2958 539 3215 607 epistola,
3247 553 3364 607 quae
3390 552 3456 593 ex
3484 543 3697 606 integro
3724 537 3872 605 lega-

604 633 758 703 cujus
781 631 968 687 scissio
997 631 1152 701 culpa
1180 638 1263 686 est
1291 632 1364 685 ita
1390 631 1762 702 inexpiabilis,
1793 641 1853 686 ut
1880 647 1949 687 ne
1978 639 2186 701 marty—

604 728 685 781 rio
714 726 928 797 quidem
955 732 1231 794 purgetur.
1262 725 1544 779 Postremo
1574 725 1764 779 invitat
1803 738 1899 779 eos
1925 723 1993 777 ad
2021 722 2187 778 colla-

604 817 806 872 tionem
834 816 1020 871 Roma':
1041 831 1137 886 per
1166 816 1371 885 legatos
1392 816 1691 870 habendam
1717 832 1731 882 ;
1762 824 1853 868 aut
1873 814 1918 869 si
1944 814 2184 869 locorum

604 915 821 973 obstent
842 914 1141 980 intervalla,
1170 922 1326 982 rogat
1355 921 1412 968 ut
1436 913 1576 983 apud
1602 912 1971 967 Ravennatem
1996 910 2183 965 urbem

606 1009 770 1065 [striae
790 1008 1069 1062 linitimam
1093 1008 1437 1073 conveniant,
1456 1021 1563 1075 quo
1590 1020 1649 1060 se
1673 1006 1879 1074 legatos
1900 1004 2185 1058 missurum

602 1102 907 1171 pollicetur,
937 1102 1029 1171 qui
1055 1101 1169 1157 vice
1194 1100 1275 1155 sui
1300 1099 1506 1171 synodo
1534 1098 1801 1152 intersint.

673 1192 719 1249 5.
764 1193 916 1248 Irrita
968 1192 1066 1249 fuit
1120 1190 1509 1263 vigilantissimi
1582 1189 1814 1259 pastoris
1879 1186 2185 1242 sollicitudo

599 1298 835 1352 curaque
861 1295 989 1353 erga
1042 1296 1171 1337 oves
1216 1289 1371 1335 extra
1396 1278 1656 1335 Ecclesiae
1699 1286 1851 1347 septa
1881 1285 1937 1332 et
1986 1292 2184 1347 pascua

599 1385 871 1443 vagantes.
901 1372 1081 1445 thue
1108 1388 1259 1430 suam
1283 1373 1337 1427 in
1365 1372 1655 1427 schismate
1680 1368 2035 1440 pertinaciam
2066 1377 2184 1423 tue-

601 1478 810 1531 rentur,
858 1481 956 1535 pro
1008 1463 1324 1521 delensione
1367 1464 1743 1518 damnatorum
1792 1461 1844 1515 in
1888 1476 1923 1515 v
1974 1459 2183 1531 synodo

600 1562 757 1613 trium
788 1559 1169 1629 capitulorum,
1212 1558 1516 1627 apologiam
1540 1556 1859 1626 evulgarunt
1884 1572 1897 1608 :
1923 1555 1987 1607 ad
2022 1569 2181 1622 quam

598 1647 948 1704 refellendam
981 1646 1248 1718 Pelagius,
1293 1646 1541 1718 Gregorii
1585 1660 1749 1715 opera
1776 1659 1986 1699 rursum
2016 1659 2178 1708 usus,

598 1742 809 1796 tertiam
840 1742 1053 1810 scripsit
1082 1740 1400 1810 epistolam,
1450 1754 1609 1809 quam
1636 1738 1753 1807 ipse
1797 1737 2088 1806 Gregorius
2110 1736 2185 1791 'li-

598 1830 751 1888 brum
774 1831 1011 1901 appellat
1042 1829 1183 1900 (Lib.
1215 1846 1271 1897 ιι,
1306 1845 1388 1900 ep.
1424 1827 1536 1900 51).
1593 1828 1672 1883 Ex
1701 1830 1801 1883 hac
1826 1828 2055 1899 epistola
2103 1829 2184 1883 in-

2290 640 2397 687 tnr.
2429 633 2595 688 Nemo
2623 642 2801 687 autem
2827 633 3039 703 legens,
3076 634 3173 687 nisi
3204 634 3256 687 in
3285 632 3342 686 S.
3374 632 3619 701 Gregorii
3649 632 3871 700 scriptis

2290 725 2631 794 peregrinus,
2696 726 2942 779 dubitare
2988 726 3219 793 poterit,
3271 742 3336 779 an
3378 725 3449 779 sit
3490 724 3657 793 ipsius
3700 723 3873 791 lctus;

2286 818 2485 888 quippe
2528 818 2666 887 sapit
2705 817 3097 886 Gregorianam
3147 819 3415 887 phrasim,
3447 827 3503 872 et
3543 818 3878 886 explicanda

2283 923 2452 965 sacrae
2478 908 2767 977 Scriptune
2794 908 3132 965 methodum.
3162 908 3307 965 Idem
3331 909 3401 965 sit
3427 908 3493 964 de
3514 909 3725 963 duabus
3755 910 3877 963 aliis

2284 999 2577 1053 criterium.
2614 998 2749 1055 Hinc
2778 1015 2870 1053 eas
2899 1000 3003 1054 hoc
3033 992 3153 1054 loco
3182 998 3515 1065 inserendas,
3548 999 3727 1067 aliqua
3763 999 3876 1053 sal-

2286 1099 2394 1145 tem
2414 1106 2481 1146 ex
2510 1100 2660 1161 parte
2684 1090 3063 1159 indicavimus.

2356 1183 2408 1238 6.
2452 1184 2545 1239 His
2570 1184 2734 1238 anuis
2764 1199 2891 1238 cum
2916 1184 3215 1255 expugnari
3242 1199 3349 1237 non
3400 1183 3704 1252 potuissent
3730 1181 3874 1237 schi-

2284 1274 2494 1328 smatici
2526 1275 2862 1343 pertinaces,
2889 1272 3219 1344 Smaragdus
3257 1274 3535 1341 patricius,
3571 1272 3779 1325 veniens
3812 1270 3874 1324 de

2287 1363 2535 1419 Ravenna
2574 1368 2629 1419 in
2656 1366 2910 1433 Gratiam,
2958 1382 3050 1434 per
3100 1365 3427 1432 semetipsum
3458 1382 3486 1417 e
3516 1364 3733 1417 basilica
3775 1380 3871 1416 ex-

2284 1456 2495 1510 tra/iens
2524 1456 2786 1521 Seuerum,
2822 1455 3219 1525 Aquileiensem
3250 1472 3345 1509 seu
3372 1455 3703 1509 Gradensem
3750 1456 3867 1524 epi-

2283 1566 2525 1619 scopum,
2552 1550 2849 1605 Ravennam
2874 1567 2987 1604 cum
3017 1552 3213 1621 injuria
3236 1550 3406 1617 duxit,
3431 1566 3545 1602 cum
3566 1550 3686 1602 aliis
3709 1548 3870 1601 tribus

2283 1643 2534 1711 episcopis
2584 1640 2790 1711 (Verba
2820 1650 2942 1697 sunt
2990 1640 3140 1695 Pauli
3188 1639 3510 1695 Warncl’ridi
3549 1641 3601 1694 in
3641 1640 3869 1693 historia

2283 1730 2822 1801 Langobardorum);
2852 1731 3033 1803 quibus
3081 1734 3401 1786 comminans
3449 1732 3655 1789 exsilia,
3713 1740 3869 1801 atque

2282 1827 2577 1882 uiolentiam
2625 1829 2885 1898 inferens,
2945 1830 3323 1882 communicare
3374 1830 3621 1898 compitit
3668 1828 3865 1883 Joanui

600 1925 891 1995 telligimus
914 1924 1230 1994 conjuratos
1258 1924 1425 1979 lstriaa
1464 1924 1869 1994 vicinarumque
1899 1924 2174 1992 regionum
2212 1921 2249 1978 ll
2283 1920 2637 1976 Ravennati...
2671 1921 2876 1976 Exacta
2918 1938 3038 1977 vero
3078 1938 3217 1977 anno
3247 1940 3311 1976 ea:
3340 1922 3587 1977 Ravenna
3634 1922 3863 1976 Crudum

596 2019 899 2087 episcopos,
929 2032 995 2072 eo
1023 2016 1241 2071 insaniae
1271 2024 1576 2086 provectos,
1605 2021 1665 2069 ut
1693 2029 1904 2069 summo
1933 2013 2174 2085 pontiﬁci

595 2116 703 2161 tam
734 2108 989 2177 praeclara
1022 2106 1339 2162 humilitatis
1381 2114 1438 2161 et
1474 2105 1748 2161 charitatis
1777 2105 2022 2174 exempla
2045 2121 2178 2175 pra:-

598 2200 770 2263 beiiti,
807 2198 1093 2253 deliberata
1115 2200 1305 2271 judicii
1328 2200 1585 2255 sententia
1608 2200 1944 2268 imperarent,
1972 2200 2178 2253 atrium

595 2290 953 2358 capitulorum
974 2291 1319 2344 damnatione
1335 2291 1559 2344 resilire.
1586 2290 1662 2344 De
1685 2290 1785 2343 hac
1816 2290 2179 2359 perduellione

593 2380 762 2447 gemit
790 2377 1068 2449 Pelagius,
1108 2379 1363 2448 doletque
1386 2394 1516 2433 oves
1542 2386 1697 2433 extra
1744 2380 1959 2443 caulas,
2009 2380 2177 2435 leonis

593 2459 856 2538 r'ugieutis
896 2470 1165 2525 morsibus
1186 2482 1391 2539 patere,
1425 2470 1673 2538 palmites
1712 2484 1741 2523 a
1771 2471 1879 2525 vite
1920 2472 2177 2527 rescissos

593 2561 851 2616 exsiccari
892 2568 949 2616 et
975 2561 1040 2615 ad
1068 2560 1501 2616 combustionem
1549 2562 1868 2630 preparari,
1900 2562 2177 2631 operarios

590 2661 743 2707 extra
766 2652 976 2707 vineam
1007 2652 1317 2707 laborantes
1345 2661 1401 2707 et
1428 2652 1753 2719 desudantes
1795 2655 2043 2707 mercede
2083 2668 2175 2708 ca-

591 2757 747 2809 rere;
771 2757 914 2797 novo
935 2742 1137 2797 diluvio
1159 2743 1415 2797 mundum
1435 2743 1717 2805 obruente,
1744 2758 1974 2798 vesanus
1996 2744 2173 2799 homi-

592 2850 688 2890 nes
715 2850 894 2890 arcam
925 2835 1129 2904 fugere.
1160 2833 1230 2890 Ut
1258 2844 1438 2890 autem
1459 2833 1755 2891 satisfaciat
1780 2836 2031 2891 omnibus
2056 2852 2175 2905 qum

590 2929 942 2983 obtruderant
969 2929 1296 2985 schismatici
1322 2971 1337 2998 ,
1369 2929 1600 2999 primum
1628 2928 1936 2998 singillatim
1971 2944 2175 2999 expen-

590 3018 668 3072 dit
692 3034 757 3072 ea
789 3019 984 3088 quibus
1013 3018 1375 3074 abutebantur
1419 3016 1479 3074 S.
1512 3017 1711 3075 Leonis
1739 3034 1888 3089 papae
1917 3035 2015 3089 pro
2052 3036 2177 3076 cou-

591 3111 714 3165 cilio
742 3109 1173 3175 Chalcedonensi
1201 3110 1531 3177 testimonia,
1579 3126 1703 3182 quae
1745 3112 1845 3167 soli
1894 3110 2015 3167 fidei
2043 3110 2173 3167 delia

590 3202 781 3255 nitioni
830 3201 1015 3257 favere
1064 3202 1432 3268 ostendit;at
1474 3203 1542 3257 de
1588 3218 1652 3257 ea
1700 3218 1807 3258 non
1854 3205 1938 3273 agi
1985 3205 2078 3260 sed
2105 3205 2173 3260 de

582 3292 856 3361 personis,
888 3303 947 3348 ut
990 3293 1153 3347 etiam
1183 3293 1239 3346 in
1285 3294 1552 3363 superiori
1599 3295 1826 3364 epistola
1872 3296 2170 3354 luculenter
2196 3294 2245 3360 Ω

591 3385 873 3447 probatum
900 3393 1007 3450 est,
1033 3384 1334 3439 contendit.
1364 3384 1566 3442 Deinde
1596 3386 1795 3441 nodum
1823 3388 1984 3443 solvit
2008 3403 2172 3457 quem

591 3490 655 3529 ex
684 3474 862 3543 Vigilii
891 3490 1043 3546 papae.
1088 3475 1425 3545 aliorumque
1454 3475 1766 3535 Latinorum
1797 3480 2173 3550 episcoporum

590 3568 910 3623 reluctantia
939 3566 1377 3637 adstringebat“;
1425 3568 1519 3637 qui
1546 3569 1751 3626 scilicet
1778 3572 1924 3640 prius
1951 3572 2174 3631 damna-

590 3660 723 3713 tioni
778 3659 938 3714 trium
969 3659 1329 3730 capitulorum
1377 3660 1537 3732 215
1576 3662 1887 3719 consentire
1914 3675 2174 3720 constan-

597 3752 807 3807 tissime
860 3761 1195 3807 recusarant.
1255 3753 1347 3809 Ait
1394 3754 1644 3810 nimirum
1710 3754 1930 3813 Latinos
1986 3758 2176 3828 lingua

590 3843 791 3900 Graecae
817 3844 998 3900 minus
1028 3844 1256 3914 peritos,
1307 3860 1521 3902 errores
1546 3846 1602 3902 in
1634 3844 1971 3915 Theodoriti,
2006 3848 2174 3904 Theo-

586 3938 702 3992 dori
726 3946 783 3993 et
804 3936 910 3992 [be
934 3936 1151 4006 scriptis
1176 3937 1404 3993 latentes
1443 3938 1628 3997 statim
1656 3954 1765 3994 non
1803 3941 2043 4009 potuisse
2073 3940 2171 3994 de-

587 4038 806 4098 tegere;
854 4028 1049 4098 quibus
1076 4026 1292 4083 tandem
1333 4028 1564 4096 cognitis
1610 4044 1797 4083 eorum
1842 4030 2171 4086 condemna-

587 4119 724 4174 tioni
749 4118 891 4174 ultre
911 4118 1376 4187 subscripserunt;
1398 4126 1452 4171 et
1472 4119 1624 4189 prius
1646 4128 1765 4174 acta
1786 4126 2166 4176 retractarunt.

586 4208 853 4263 Caeterum
883 4208 1077 4263 mirum
1104 4223 1212 4263 non
1235 4224 1355 4264 esse
1384 4207 1530 4267 Petri
1548 4226 1937 4278 successorem,
1968 4211 2022 4265 in
2042 4228 2167 4266 sen-

587 4300 757 4355 tentia
778 4298 1039 4368 varlasse,
1068 4315 1188 4355 cum
1219 4300 1335 4370 ipse
1363 4300 1558 4357 Petrus
1583 4305 1674 4373 qui
1700 4304 1844 4371 prius
1890 4306 2077 4359 restitit
2106 4323 2171 4359 ne

589 4391 656 4444 ad
676 4391 834 4461 ﬁdem
864 4400 1039 4462 gentes
1077 4400 1259 4445 sancta
1286 4392 1519 4447 Ecclesia
1542 4395 1652 4448 sine
1677 4395 2066 4452 circumcisione
2088 4416 2169 4452 re-

579 4514 587 4521 -
614 4485 799 4554 iperet,
830 4490 1019 4553 postea
1049 4480 1215 4538 Paulo
1244 4485 1662 4553 reprehendenti
1692 4488 1876 4554 cessit,
1924 4497 1980 4544 et
2006 4492 2171 4547 obsti-

583 4575 737 4629 titne
758 4575 947 4644 jugum
996 4572 1247 4630 Mosaicae
1277 4574 1407 4644 legis
1453 4576 1738 4645 gentilibus
1782 4580 2164 4649 imponeretur.

583 4665 827 4737 Denique
870 4665 1118 4738 Pelagius
1168 4668 1338 4722 multa
1385 4683 1452 4723 ex
1500 4668 1768 4725 Theodori
1808 4671 2169 4742 Mopsuesteni

582 4756 797 4825 scriptis
840 4757 1044 4825 profert
1074 4758 1127 4813 in
1150 4756 1425 4815 Christum
1452 4760 1787 4830 impiissima,
1828 4764 1995 4819 multa
2026 4780 2163 4834 quo-

582 4863 691 4918 que
719 4864 785 4903 ex
814 4848 919 4903 [hic
940 4851 1165 4920 epistola
1185 4892 1200 4917 ,
1246 4853 1439 4921 quibus
1467 4853 1643 4924 palam
1685 4854 1743 4910 ﬁt
1769 4867 1968 4927 quanta
1998 4861 2166 4929 perti-

583 4939 741 4993 nacia
791 4938 1039 4997 Nestorio
1077 4944 1394 5009 adhaeserit,
1446 4948 1574 5002 etin
1626 4946 1683 5003 S.
1714 4947 1969 5019 Cyrillum
2018 4950 2168 5023 impii

583 5030 821 5087 Nestorii
875 5032 1241 5089 adversarium
1291 5040 1580 5106 exarserit;
1638 5040 1781 5095 unde
1826 5041 2166 5100 manifestum

490 5124 493 5129 ’
583 5132 669 5181 est
696 5140 882 5180 eorum
914 5126 1114 5198 scripta
1141 5126 1225 5181 vel
1256 5128 1505 5185 hmretica
1527 5172 1542 5197 ,
1578 5132 1661 5185 vel
1680 5133 1873 5189 literesi
1901 5134 2162 5205 faventia,

585 5232 691 5272 non
715 5217 984 5273 immerito
1012 5215 1175 5273 fuisse
1203 5219 1475 5275 damnata.
1505 5222 1583 5275 Ad
1612 5222 1995 5281 Theodoritum
2022 5231 2167 5299 quod

580 5319 808 5381 spectat,
851 5310 963 5366 haec
990 5312 1067 5366 ait
1097 5311 1342 5381 Pelagius
1373 5332 1386 5366 :
1417 5313 1598 5387 Neque
1644 5316 1943 5374 Tlteodariti
1992 5326 2167 5377 omnia

580 5405 775 5473 scripta
818 5402 1147 5468 damnamus,
1199 5404 1292 5457 sed
1339 5404 1451 5458 sola
1507 5423 1621 5477 quae
1668 5418 1851 5462 contra
1898 5411 2168 5465 duodecim

584 5496 763 5567 Cyrilli
775 5497 1024 5567 capitula,
1054 5492 1169 5553 sola
1182 5514 1296 5569 qua:
1310 5508 1491 5553 contra
1512 5509 1701 5555 rectam
1717 5503 1875 5572 ﬁdem
1889 5504 2170 5575 aliquando

579 5589 847 5659 scripsisse
902 5598 1244 5652 monstratur,
1292 5606 1409 5660 qua:
1453 5601 1622 5646 tamen
1652 5600 1700 5647 et
1745 5595 1855 5662 ipse
1888 5596 2168 5649 damnasse

580 5681 926 5748 cognoscitur.

654 5843 681 5871 ι
704 5833 841 5891 Cum
884 5839 972 5893 hic

580 5903 803 5962 choasse
824 5923 855 5961 a
884 5903 1158 5974 Januario,
1174 5908 1269 5964 Sed
1297 5924 1328 5963 ι
1348 5908 1559 5962 Martio.

2282 2015 2467 2067 reversi
2496 2023 2634 2075 sunt.
2667 2014 2849 2084 quibus
2879 2030 2970 2068 nec
2989 2015 3129 2083 plebs
3153 2014 3534 2069 communicare
3559 2015 3744 2078 valuit,
3772 2030 3866 2067 nec

2278 2113 2449 2165 ceteri
2471 2112 2695 2181 episcopi
2716 2128 2803 2165 eos
2824 2119 3179 2179 susceperunt.
3198 2109 3457 2165 Severum
3477 2112 3863 2179 incorporatum

2281 2203 2440 2271 fuisse
2485 2201 2540 2254 in
2587 2203 2836 2255 unitatem
2882 2200 3132 2257 Ecclesia
3182 2216 3341 2270 quam
3389 2210 3576 2270 postea
3624 2201 3863 2256 deseruit

2279 2298 2507 2344 testatur
2551 2290 2609 2345 S.
2660 2287 2951 2359 Gregorius
2996 2290 3085 2345 lib.
3119 2306 3156 2354 t.
3198 2304 3284 2359 ep.
3336 2290 3436 2355 16,
3492 2291 3558 2346 ad
3611 2291 3862 2346 eumdem

2277 2382 2496 2451 scripta.

2353 2475 2401 2527 7.
2444 2474 2524 2530 Eo
2543 2485 2786 2547 tempore
2814 2493 2935 2532 cum
2963 2478 3124 2547 paulo
3151 2478 3389 2533 liberiori
3431 2480 3546 2534 otio
3575 2478 3860 2543 frueretur,

2276 2583 2429 2623 suam
2458 2570 2510 2623 in
2541 2568 2643 2624 Job
2673 2571 3065 2640 expositionem
3091 2573 3157 2634 ad
3180 2573 3359 2626 limam
3388 2574 3677 2637 revocavit,
3700 2575 3861 2626 multa

2276 2678 2493 2732 augens,
2540 2678 2706 2731 pauca
2751 2662 3089 2731 subtrahens,
3122 2674 3179 2718 ut
3208 2665 3321 2734 ipse
3349 2666 3424 2718 ait
3450 2665 3502 2718 in
3550 2666 3749 2735 praevia
3796 2666 3863 2720 ad

2280 2750 2401 2805 illos
2447 2751 2611 2805 libros
2667 2753 2925 2821 epistola,
2978 2754 3066 2807 ubi
3090 2754 3207 2821 lege
3237 2764 3455 2823 cmtera,
3484 2770 3602 2824 quas
3662 2756 3713 2809 in
3762 2756 3861 2811 hac

2278 2842 2445 2897 veluti
2492 2844 2723 2897 secunda
2786 2844 3066 2900 Moralium
3124 2848 3362 2902 editione
3422 2848 3689 2917 praestitit.
3754 2847 3859 2903 Sed

2277 2935 2507 2989 amicam
2557 2935 2696 2988 illam
2743 2938 2980 3005 quietem
3036 2940 3269 2992 turbavit
3330 2940 3860 3009 pestis‘gravissima

2276 3041 2394 3094 quae
2444 3024 2672 3080 Romam
2724 3026 3037 3098 Italiamque
3079 3030 3417 3096 devastavit,
3471 3039 3525 3084 et
3582 3029 3857 3098 Pelagium

2274 3135 2542 3175 summum
2573 3120 2880 3191 pontiﬁcem
2911 3122 3209 3187 interemit;
3243 3122 3394 3192 cujus
3420 3123 3539 3178 loco
3565 3122 3859 3191 Gregorius

2276 3212 2484 3269 electus
2507 3224 2607 3269 est.
2639 3214 2713 3268 De
2739 3214 2822 3269 his
2849 3230 2989 3269 nunc
3014 3216 3284 3270 morosius
3313 3225 3395 3270 est
3423 3216 3712 3283 agendum.

2876 3326 3104 3382 CAPUT
3139 3326 3244 3380 VH.

2276 3423 2629 3472 Ancmrcxrrn.
2659 3448 2718 3457 —-
2746 3422 2786 3472 l.
2828 3421 3023 3470 Tiberis
3070 3423 3353 3471 exundatio.
3391 3447 3449 3457 —-
3486 3424 3532 3471 2.
3583 3414 3701 3470 Mala
3746 3423 3855 3470 inte

2337 3487 2615 3534 subsecuta.
2646 3485 2694 3532 In
2720 3486 2796 3534 ius
2822 3488 2988 3545 pestis.
3018 3484 3220 3545 Pelagio
3246 3494 3386 3545 peste
3426 3485 3637 3545 suillam,
3663 3484 3853 3546 Grego-

2340 3550 2441 3595 rius
2465 3549 2511 3594 in
2537 3550 2642 3604 eius
2668 3549 2821 3593 locum
2849 3546 3065 3604 eligitur.
3099 3547 3285 3594 l'etitur
3313 3549 3620 3607 imperatoris
3644 3560 3852 3593 consen-

2338 3622 2439 3659 sus.
2465 3637 2525 3645 —
2547 3612 2592 3657 3.
2621 3608 2741 3655 .lure
2768 3622 2825 3655 an
2847 3611 3036 3669 injuria.
3056 3635 3116 3643 —
3136 3610 3179 3656 i.
3212 3608 3331 3656 Num
3357 3609 3413 3657 ad
3453 3622 3742 3656 consensum
3767 3612 3853 3655 i.u-

2339 3670 2793 3733 peiraudumsuluta
2815 3672 3038 3733 pecunia.
3068 3700 3119 3706 —-
3148 3673 3190 3717 .‘i.
3222 3672 3393 3719 Acrius
3433 3672 3641 3721 desaevit
3682 3672 3849 3733 pestis.

2339 3735 2604 3795 Cregorim
2632 3730 2866 3781 ltonianos
2912 3733 2969 3780 ad
2998 3735 3330 3793 pq-nitciitiatn
3358 3734 3587 3781 hortatur.
3619 3730 3744 3781 —’ti.
3778 3730 3851 3779 ln-

2338 3796 2448 3843 dit:lt
2496 3797 2709 3855 publicas
2749 3795 3142 3856 supplicationes.
3174 3822 3231 3829 —
3255 3797 3299 3844 7.
3340 3800 3440 3853 Utta
3464 3797 3775 3844 auctOritate.
3805 3822 3853 3829 —

2333 3860 2382 3909 8.
2412 3857 2560 3917 Fugit
2593 3855 2882 3919 etlatebras
2924 3861 3117 3919 quam“.
3169 3856 3353 3907 indicio
3388 3858 3621 3907 columnae
3665 3858 3853 3919 fulgidae

2336 3922 2624 3982 agnoscitur.
2650 3917 2763 3980 (An.
2794 3921 2882 3968 5'89
2904 3917 2952 3967 et
2976 3920 3107 3981 59η.)

2346 4024 2398 4078 l.
2442 4024 2596 4079 Anno
2618 4024 2952 4094 octogesimo
2984 4041 3127 4080 nouo
3156 4041 3317 4096 supra
3344 4024 3851 4094 quingentesimum,

2272 4134 2458 4174 mense
2489 4136 2633 4173 nono
2661 4135 2757 4173 seu
2784 4118 3101 4175 Novembris
3123 4128 3266 4173 tanta
3292 4118 3633 4173 inundatione
3660 4116 3851 4171 Tiberis

2271 4212 2457 4281 ﬂuvius
2476 4209 2649 4264 urbem
2676 4209 2896 4265 Romam
2934 4212 3147 4272 obtexit,
3176 4218 3231 4264 ut
3258 4210 3392 4264 ardes
3420 4211 3646 4278 antiquis
3686 4210 3851 4261 dirue-

2272 4313 2477 4367 rentur;
2504 4303 2691 4356 horrea
2719 4304 2876 4357 etiam
2900 4301 3405 4356 Ecclesia’subrersa
3430 4302 3552 4368 sint,
3583 4302 3634 4353 in
3677 4298 3851 4368 quibus

2271 4396 2521 4451 nonnulla
2553 4396 2720 4449 millia
2748 4396 3041 4455 modiorum
3087 4396 3247 4449 tritici
3275 4396 3501 4463 periere,
3532 4393 3703 4460 inquit
3745 4392 3849 4461 pri-

2269 4502 2391 4541 mus
2416 4502 2594 4542 rerum
2624 4486 2997 4540 Francicarum
3028 4485 3257 4554 scriptor
3306 4483 3495 4555 (Creg.
3534 4483 3724 4537 Turon.
3760 4482 3844 4535 lib.

2272 4596 2328 4645 Χ,
2359 4596 2405 4633 c.
2444 4580 2531 4647 l};
2565 4581 2923 4648 observatque
2944 4578 3002 4632 id
3032 4578 3319 4644 contigisse
3346 4592 3489 4632 anno
3520 4592 3605 4630 xw
3636 4574 3844 4630 Childcu

2271 4672 2411 4728 berli
2441 4672 2613 4741 regis;
2646 4671 2790 4741 quod
2822 4671 2888 4724 de
2935 4686 3075 4725 anno
3114 4672 3215 4724 hoc
3263 4687 3370 4724 non
3423 4669 3713 4731 inchoato,
3759 4667 3845 4721 sed

2273 4765 2544 4833 completo
2592 4763 2994 4832 intelligendum
3041 4770 3142 4816 cst.
3192 4761 3322 4817 Nam
3374 4761 3563 4815 eodem
3593 4760 3847 4827 Gregorio

2274 4855 2533 4910 historico
2564 4861 2728 4919 teste,
2780 4852 2957 4906 medio
2988 4867 3172 4906 mense
3211 4859 3235 4887 ³
3258 4852 3528 4907 undecimo
3572 4851 3844 4919 sequenti,

2277 4950 2379 5005 hoc
2406 4956 2489 5003 est
2510 4947 2787 5017 januario,
2820 4945 3064 5015 Pelagius
3095 4962 3229 5016 papa
3262 4954 3408 5012 icstc
3439 4960 3723 5013 percussus
3749 4952 3845 4997 est.

2277 5045 2346 5101 Et
2374 5044 2495 5115 quia
2517 5040 2749 5095 Ecclesia
2775 5040 2871 5095 Dei
2893 5041 3081 5111 absque
3128 5050 3322 5095 rectore
3347 5058 3457 5094 esse
3484 5057 3589 5093 nou
3619 5046 3844 5110 poterat,

2279 5138 2583 5208 Gregorium
2629 5134 2903 5188 diaconum
2940 5133 3078 5203 plebs
3112 5134 3280 5187 omnis
3317 5134 3485 5201 cleqit.
3535 5130 3847 5198 Gregorium

2276 5228 2577 5284 ordinatum
2603 5242 2722 5287 esse
2751 5240 2935 5279 mense
2958 5223 3258 5294 Septembri
3291 5225 3414 5278 anni
3438 5223 3537 5275 590
3566 5239 3724 5287 nemo
3757 5222 3847 5275 (HL

2280 5321 2578 5381 ﬁtetur.,At
2604 5319 2647 5374 si
2676 5319 2888 5374 decitno
2910 5326 3102 5388 quarto
3129 5334 3269 5372 anno
3290 5318 3621 5373 Childebcrti
3640 5325 3847 5372 tantum

2278 5414 2549 5476 inchoato,
2602 5409 2847 5479 Pelagius
2874 5420 3027 5480 peste
3068 5420 3345 5480 correptus
3390 5411 3700 5475 interiisset,
3752 5411 3845 5463 huc

2275 5511 2359 5557 est
2387 5518 2529 5557 anno
2561 5500 2687 5569 588,
2717 5516 2810 5571 per
2838 5502 3026 5569 viginti
3053 5516 3266 5557 menses
3292 5511 3539 5557 vacasset
3559 5502 3719 5557 sedes
3748 5500 3845 5555 Ito-

2277 5593 2455 5661 ma'na,
2488 5594 2697 5649 scilicet
2722 5608 2752 5646 a
2772 5591 3028 5647 Januario
3072 5595 3194 5647 anni
3217 5593 3321 5646 588
3348 5610 3517 5664 usque
3543 5593 3609 5647 ad
3639 5593 3844 5649 ordina-

2276 5686 2480 5740 tionem
2504 5683 2561 5739 S.
2590 5682 2840 5751 Gregorii
2864 5697 3047 5737 mense
3086 5682 3394 5753 Septembri
3422 5700 3509 5738 an.
3544 5682 3680 5750 590;
3713 5689 3842 5739 tam-

1016 5838 1151 5907 legis
1196 5836 1508 5893 Januarium
1548 5853 1669 5894 esse
1699 5838 1822 5892 anui
1872 5838 2214 5893 undecimum
2258 5854 2529 5903 mensem,
2562 5838 2797 5906 intellige
2825 5836 3141 5903 Gregorium
3173 5833 3376 5891 Tucon.
3404 5849 3605 5895 annum
3634 5846 3743 5889 non
3772 5832 3827 5888 in
