4138 6444
938 280 1013 293 σε...

310 371 413 426 ΞΠ

798 357 858 415 S.
900 356 1234 415 GBEGORII
1274 356 1493 415 MAGNI
1531 355 1715 424 VITA,
1757 354 1849 412 EX
1885 352 2045 413 EJUS
2085 352 2391 412 SCRIPTIS
2428 349 2825 410 ADORNATA.
2869 348 2996 407 ΜΒ.
3039 349 3080 405 1.

3479 346 3588 403 278

310 488 406 543 diu
434 492 617 540 autem
634 482 881 546 Romam,
913 478 1021 533 imo
1040 483 1209 530 totam
1234 473 1527 531 Ecclesiam
1542 473 1661 528 sine
1681 480 1897 542 pastore
1924 472 1973 533 Α
2000 472 2179 539 cham,
2229 480 2289 527 ut
2317 474 2650 542 imperatori,
2700 470 2843 543 apud
2874 483 3035 540 quem
3078 468 3249 536 gratia
3295 467 3583 541 plurimum

311 591 444 640 tunc
483 577 648 633 fuisse
687 575 863 631 nullus
913 587 982 628 ex
1027 570 1263 626 historia:
1292 568 1643 638 scriptoribus
1691 564 1891 620 litteris

310 674 673 743 consignavit.
715 670 902 738 itaque
930 664 1209 721 inundatio
1237 664 1306 719 de
1335 678 1438 731 qua
1465 658 1756 728 Gregorius
1784 656 1896 711 Tu—

310 766 566 824 ronensis
584 760 779 818 accidit
802 770 988 815 mense
1010 754 1299 811 Novembri
1328 768 1417 806 an.
1473 749 1575 804 589
1596 789 1612 814 ,
1642 746 1899 805 Januario

312 857 561 930 sequenti
594 851 899 926 pestilentia
934 847 1208 916 Pelagium
1237 857 1430 915 papam
1460 839 1701 895 abstulit.
1734 836 1901 891 Paulo

270 962 271 969 ‘
316 962 442 1026 post
467 952 671 1007 electus
696 955 780 1002 est
824 942 1117 1013 Gregorius
1164 940 1218 994 in
1260 950 1529 993 summum
1567 931 1899 1004 pontiﬁcem.

239 1078 247 1085 -
312 1045 513 1101 Verum
525 1059 645 1099 cum
659 1040 1043 1103 reluctaretur,
1064 1031 1569 1103 exspectandusque
1588 1026 1904 1093 foretimpe-

312 1135 511 1192 ratoris
531 1142 847 1198 consensus,
871 1125 987 1196 ejus
1014 1121 1282 1179 ordinatio
1310 1119 1466 1174 citius
1486 1131 1647 1186 quam
1670 1116 1898 1171 ineunte

315 1241 505 1285 mense
546 1220 848 1294 Septembri
890 1215 1137 1288 proximo
1183 1227 1291 1267 non
1318 1209 1496 1281 potuit
1535 1206 1766 1276 impleri.
1815 1205 1907 1261 His

316 1318 482 1375 certis
506 1312 748 1370 terminis
774 1305 1069 1365 deiicienda
1096 1304 1197 1358 fuit
1226 1313 1283 1357 et
1309 1298 1631 1356 stabilienda
1669 1296 1906 1352 chronoo

319 1412 482 1480 logia,
499 1415 786 1475 antequam
809 1409 1003 1457 caetera
1018 1412 1135 1466 quae
1150 1396 1235 1452 vel
1252 1400 1646 1464 praecesserunt
1660 1386 1908 1457 Gregorii

319 1504 660 1565 electionem,
690 1497 774 1552 vel
803 1495 1089 1551 subsecuta
1112 1496 1257 1553 sunt,
1290 1491 1764 1562 prosequeremur.

392 1587 764 1647 Inundationis
785 1584 992 1640 Tiberis
1012 1580 1258 1636 meminit
1289 1578 1404 1648 ipse
1424 1573 1719 1642 Gregorius
1738 1571 1832 1625 lib.
1855 1585 1911 1625 ιιι

326 1688 531 1753 Dialog.
562 1698 684 1752 cap.
718 1678 785 1733 i9
814 1678 897 1732 his
922 1674 1101 1730 verbis
1135 1690 1146 1725 :
1180 1672 1315 1725 Ante
1344 1669 1440 1723 hoc
1478 1668 1583 1737 fere
1626 1665 1913 1734 quinquen-

2002 565 2263 635 pollebat,
2294 564 2658 619 rescindendae
2686 562 2844 631 hujus
2889 558 3171 617 electionis
3196 574 3386 615 suasor
3404 569 3459 615 et
3486 574 3585 615 au-

2002 664 2121 711 ctor
2144 664 2308 721 esset,
2359 654 2647 724 conjicitur
2700 670 2765 709 ex
2814 653 3040 724 epistola
3092 652 3127 705 4
3154 651 3275 707 libri
3310 668 3350 717 ι,
3405 652 3460 709 in
3482 667 3589 721 qua

2003 762 2124 802 cum
2154 748 2271 816 ipso
2301 747 2629 816 expostulat,
2678 744 2823 814 quod
2876 759 2944 798 ne
2973 744 3040 797 ad
3068 743 3437 812 episcopatum
3465 757 3590 797 eve-

2002 842 2225 894 heretur
2253 839 2473 892 minime
2501 837 2790 892 obstiterit.
2842 833 2946 890 Sed
2978 832 3260 905 praefectus
3288 834 3433 889 urbis
3478 833 3590 888 Ro-

2005 945 2128 994 mae,
2164 940 2186 966 υ
2218 943 2506 999 germanus
2534 926 2669 995 ejus,
2701 933 3077 996 praeoccupato
3101 925 3309 992 nuntio,
3352 923 3500 978 misit
3523 922 3591 978 ad

2007 1024 2386 1092 imperatorem
2410 1020 2652 1077 solemne
2671 1019 2953 1075 electionis
2978 1018 3274 1073 decretum.
3305 1016 3592 1072 Mauricius

2008 1112 2121 1168 Deo
2141 1114 2344 1183 gratias
2370 1126 2558 1182 agens,
2615 1111 2758 1181 quod
2787 1110 3047 1165 diaconus
3072 1107 3173 1163 sibi
3201 1108 3435 1163 amicitia
3463 1122 3592 1165 con-

2004 1203 2394 1275 junctissimus,
2419 1203 2487 1257 ad
2525 1202 2664 1257 tanti
2685 1201 2907 1256 honoris
2948 1199 3158 1254 culmen
3185 1199 3369 1269 populi
3396 1197 3593 1254 suﬂra-

2009 1300 2111 1369 giis
2151 1298 2339 1356 fuisset
2369 1307 2615 1363 vocatus,
2665 1297 2791 1351 dato
2840 1312 2906 1351 ex
2939 1309 3089 1349 more
3132 1301 3403 1363 praecepto
3437 1293 3595 1362 jussit

2011 1408 2133 1447 eum
2162 1393 2368 1447 institui
2397 1398 2450 1446 et
2472 1390 2731 1446 ordinari.
2787 1390 2910 1443 Haec
2940 1403 3008 1443 ex
3046 1384 3308 1455 Gregorio
3338 1384 3594 1445 historico

2009 1497 2289 1558 excerpta,
2318 1502 2438 1556 qua:
2468 1489 2582 1556 ipse
2607 1485 2675 1540 ab
2703 1486 2917 1540 oculata
2941 1492 3094 1548 teste,
3146 1481 3472 1536 Turonensis
3497 1480 3598 1535 Ec.

2014 1580 2191 1635 clesiae
2214 1580 2441 1634 diacono
2466 1579 2686 1648 (quippe
2713 1578 2803 1647 qui
2836 1588 2960 1631 tunc
2991 1575 3175 1629 Romae
3204 1574 3434 1643 ageret),
3463 1571 3600 1627 didi-

2012 1682 2182 1728 cerat.
2228 1672 2372 1727 inter
2401 1675 2691 1741 optimates
2719 1671 2810 1741 qui
2863 1670 2930 1724 ad
2987 1669 3304 1724 electionem
3356 1665 3601 1735 Gregorii

321 1781 493 1842 nium,
540 1772 745 1846 quando
792 1768 932 1841 apud
978 1767 1111 1819 hanc
1154 1763 1451 1817 Romanam
1498 1756 1674 1811 urbem
1717 1755 1914 1808 αίυθυηι
2016 1765 2128 1821 suis
2183 1762 2449 1833 sullragiis
2513 1773 2569 1818 et
2618 1762 2845 1818 fortasse
2887 1762 3127 1817 consiliis
3175 1759 3601 1827 auctoritateque

324 1887 469 1927 suum
503 1866 699 1921 Tiberis
720 1878 952 1935 egressus
971 1868 1069 1926 est,
1092 1866 1292 1911 tantum
1316 1869 1551 1908 crescens
1576 1860 1630 1903 ut
1652 1849 1764 1919 ejus
1778 1847 1920 1901 unda

2032 1855 2701 1926 plurimumcontulerunt,
2759 1853 3080 1923 prazcipuam
3122 1850 3335 1904 laudem
3386 1863 3602 1903 memet-

326 1974 478 2030 super
504 1972 676 2012 muros
701 1952 857 2009 Urbis
886 1952 1125 2020 inﬂueret
1142 1988 1157 2013 ,
1190 1956 1341 2017 atque
1380 1944 1502 1999 inde
1518 1944 1631 2013 jam
1658 1940 1914 1995 maximas

2032 1956 2143 2001 runt
2196 1946 2453 2010 Joannes,
2508 1944 2762 1999 exconsul
2812 1950 2868 1997 et
2912 1948 3181 2010 qumstor,
3227 1940 3306 1993 vir
3360 1938 3603 1992 Patricia

328 2054 563 2123 regiones
612 2051 905 2115 occuparet,
940 2039 1079 2109 apud
1115 2037 1465 2092 Veronensem
1515 2033 1689 2087 urbem
1735 2030 1916 2099 ﬂuvius

333 2144 535 2199 Athesis
564 2151 897 2200 escrescens,
931 2133 999 2185 ad
1046 2130 1182 2184 beati
1222 2127 1452 2183 Zenonis
1492 2123 1739 2193 martyris
1770 2129 1921 2189 atque

332 2233 595 2305 pontiﬁcis
634 2228 903 2284 ecclesiam
930 2224 1087 2279 venit.
1131 2219 1257 2275 Hac
1301 2217 1472 2285 magis
1501 2230 1563 2270 ac
1594 2212 1764 2280 magis
1791 2225 1916 2265 con.

332 2302 549 2382 ﬁrmant
572 2321 863 2379 stabilitam
894 2334 923 2371 a
948 2315 1108 2371 nobis
1158 2309 1585 2377 chronologiam.
1629 2302 1922 2372 Gregorius

330 2420 473 2474 enim
493 2411 993 2485 scripsitlDialogos
1022 2422 1110 2465 an.
1145 2402 1249 2459 593
1265 2444 1283 2472 ,
1306 2402 1396 2473 qui
1419 2408 1537 2457 erat
1567 2402 1673 2470 fere
1694 2398 1919 2468 quintus,

332 2513 436 2568 hoc
478 2518 562 2565 est
600 2507 818 2577 quintus
860 2504 1147 2558 inchoatus
1176 2499 1242 2553 ab
1270 2510 1414 2552 anno
1440 2492 1563 2549 589.
1599 2492 1808 2547 Tiberis
1836 2491 1921 2544 in-

333 2605 481 2660 ilatio
515 2595 632 2672 'jam
658 2606 815 2654 antea
858 2596 1044 2651 Romae
1080 2606 1187 2649 non
1217 2588 1386 2646 semel
1438 2585 1672 2641 exitialis
1714 2583 1919 2647 fuerat,

333 2698 643 2765 videretque
668 2692 781 2748 suis
801 2688 1133 2757 temporibus
1153 2683 1412 2739 Horatius
1437 2699 1450 2734 :

702 2796 921 2853 Tiberim
943 2800 1142 2848 retortis

527 2870 715 2920 Littore
742 2866 942 2914 Etrusco
965 2862 1210 2909 tiolenter
1233 2856 1375 2920 undis

530 2912 874 2984 l'r'e‘deiectum
899 2928 1215 2972 monumenta
1238 2912 1410 2984 Regis,

705 2985 1008 3049 Templaque
1038 2988 1058 3029 \‘
1078 2988 1216 3032 estsi.
1245 2976 1369 3042 (Lib.
1392 2976 1425 3039 ι,
1452 2976 1627 3038 011.8.)

406 3096 552 3151 inter
581 3092 843 3148 maximas
872 3097 1049 3143 autem
1086 3083 1241 3140 Urbis
1270 3084 1324 3137 et
1358 3079 1504 3136 orbis
1543 3075 1723 3134 clades
1765 3074 1929 3143 hujus

339 3188 574 3244 ﬂuminis
621 3176 911 3241 exundatio
976 3178 1314 3234 censebatur.
1362 3170 1513 3227 Unde
1565 3164 1929 3223 Tertulliands

2021 2040 2335 2105 nobilitatis,
2382 2054 2595 2093 necnon
2643 2034 2936 2106 Philippus,
2985 2034 3357 2088 excubitorum
3398 2038 3602 2098 comes,

2020 2131 2087 2186 de
2116 2133 2311 2202 quibus
2366 2146 2485 2185 eam
2533 2130 2604 2183 ob
2659 2142 2774 2182 rem
2816 2125 3059 2188 queritur
3087 2124 3327 2193 epistolis
3349 2122 3407 2176 ει
3445 2129 3501 2178 et
3537 2120 3607 2175 5%

2024 2224 2143 2277 libri
2180 2239 2215 2277 ι.

2040 2326 2045 2329 ‘
2094 2313 2412 2382 Gregorium
2460 2309 2800 2368 solummodo
2845 2309 3130 2363 diaconum
3163 2305 3326 2359 fuisse
3372 2318 3493 2359 cum
3540 2302 3609 2357 ad

2025 2405 2395 2477 pontiﬁcatum
2426 2414 2646 2458 evectus
2674 2410 2789 2467 est,
2848 2415 2913 2453 ex
2944 2399 3048 2452 hoc
3099 2397 3319 2451 alterius
3365 2396 3609 2463 Gregorii

2027 2498 2330 2554 testimonio
2360 2497 2545 2566 liquet.
2575 2494 2758 2562 Neque
2779 2505 2910 2546 vero
2939 2488 3167 2559 legimus
3192 2502 3314 2541 eum
3336 2483 3365 2527 δ
3388 2484 3610 2555 presby-

2027 2602 2200 2648 teratu
2230 2592 2510 2655 donatum,
2560 2596 2846 2654 antequam
2901 2580 3284 2651 inpontilicem
3326 2586 3614 2646 ungeretur

2028 2695 2084 2741 et
2102 2690 2539 2740 consecraretur:
2593 2679 2735 2750 quod
2790 2676 3067 2732 hodiernis
3112 2672 3328 2743 quidem
3374 2669 3614 2725 moribus

2030 2775 2302 2831 adversari
2331 2772 2473 2827 haud
2499 2770 2821 2833 diiiltemur;
2863 2765 2957 2822 sed
2987 2780 3097 2819 non
3119 2764 3192 2817 ita
3216 2758 3451 2817 fortasse
3478 2759 3614 2815 anti-
3706 2758 3713 2769 ‘

2070 2870 2171 2924 uis.

2070 2884 2171 2924 ms.

2028 2884 2063 2940 ᾳ
2102 2964 2153 3018 5.
2194 2959 2583 3016 Nonnullorum
2605 2969 2822 3027 quoque
2871 2958 3107 3007 mentem
3130 2948 3274 3003 haud
3306 2945 3471 3002 dubie
3495 2944 3617 3015 pul-

2032 3057 2188 3121 sabit,
2221 3053 2362 3123 quod
2385 3059 2569 3106 narrat
2595 3048 2843 3104 laudatus
2867 3045 3121 3114 scriptor,
3152 3041 3219 3096 de
3242 3039 3410 3110 petito
3439 3044 3497 3092 et
3522 3050 3620 3090 ει-

2035 3156 2250 3219 pectato
2274 3144 2619 3215 imperatoris
2668 3151 2958 3203 consensu,
3012 3144 3301 3202 antequam
3330 3126 3623 3198 Gregorius

339 3220 939 3353 auialxpdi‘ougle‘ii‘di
1682 3220 1933 3311 inscendi:
1963 3232 2009 3293 C
2040 3241 2243 3294 electus
2265 3237 2628 3293 ordinaretur.
2678 3231 2785 3287 Sed
2807 3245 2838 3284 a
2882 3240 3065 3297 regum
3089 3223 3388 3279 Gothorum
3416 3220 3624 3275 italiam

1720 3350 1728 3353 .
1838 3346 1849 3353 .
2049 3330 2394 3353 -ι-.ε---...ε.-.-.
2447 3327 2635 3353 -..πολ-ν.
2686 3321 3015 3353 ιηηιηηνῖιιηα
3043 3323 3356 3353 ιιαιινηαιιιηι
3387 3321 3503 3353 AI-nt
3568 3318 3624 3353 III

342 3346 445 3428 ῖά-
458 3346 662 3435 num—ia,
719 3366 765 3422 si
815 3361 971 3418 Nilus
1028 3372 1131 3415 non
1154 3354 1387 3411 ascendit
1425 3355 1479 3408 in
1505 3366 1657 3414 arva;
1687 3350 1730 3402 si
1757 3346 1936 3401 cretum

342 3463 498 3528 stetit,
531 3461 576 3515 si
606 3467 744 3513 terra
779 3458 962 3519 movit;
1000 3452 1047 3506 si
1077 3451 1268 3523 fames,
1303 3448 1347 3502 si
1388 3444 1495 3500 lues
1527 3442 1744 3498 :statim
1786 3437 1939 3492 Chri-

344 3554 542 3610 stianos
572 3548 640 3604 ad
663 3550 891 3608 leonem;
920 3542 1075 3614 quasi
1103 3546 1185 3596 tot
1211 3537 1579 3595 calamitatum
1602 3534 1714 3588 suis
1727 3528 1939 3599 ﬂagitiis

344 3652 728 3718 provocatores
752 3647 807 3696 et
834 3647 1097 3694 auctores.

418 3741 472 3794 2.
514 3738 723 3805 Quanta
770 3733 912 3788 mala
936 3728 1179 3785 intulerit
1221 3727 1339 3782 haec
1374 3720 1588 3777 Tiberis
1636 3731 1807 3789 prope
1838 3713 1939 3768 im-

346 3846 532 3888 mensa
574 3824 784 3890 eii‘usio,
840 3828 1022 3878 narrat
1048 3818 1345 3886 Gregorius
1382 3813 1677 3868 Francicus
1706 3809 1789 3862 his
1818 3820 1939 3859 ver-

346 3928 428 3983 bis
455 3943 467 3978 :
498 3918 777 3977 Multitudo
812 3919 967 3970 etiam
1009 3911 1325 3983 serpentium
1353 3923 1467 3962 cum
1494 3920 1687 3974 magno
1719 3901 1944 3953 dracone

349 4024 403 4076 in
432 4018 640 4073 modum
672 4010 829 4067 trabis
861 4006 1069 4071 validm,
1121 4020 1211 4075 per
1258 4000 1409 4072 hujus
1462 3998 1603 4065 ﬂuvii
1651 3998 1849 4048 alveum
1890 3992 1942 4045 in

352 4132 497 4170 mare
518 4106 811 4169 descendit;
857 4101 949 4158 sed
974 4099 1242 4169 suﬂ’ocata:
1273 4092 1447 4149 bestia:
1467 4094 1603 4146 inter
1633 4086 1799 4141 salsos
1830 4100 1944 4137 ma-

354 4210 425 4264 ris
455 4200 643 4259 turbidi
672 4199 858 4271 fluctus
886 4193 1049 4249 tittori
1077 4192 1257 4262 ejecm:
1283 4194 1420 4242 sunt.
1454 4181 1741 4239 Subsecuta
1768 4186 1843 4233 est
1887 4175 1948 4229 de

353 4295 564 4367 vestigio
588 4288 759 4345 clades
787 4302 942 4361 quam
967 4279 1323 4354 inguinariam
1349 4282 1557 4331 vocant.
1591 4272 1801 4326 Primus
1827 4280 1944 4323 om—

355 4360 503 4444 nium
533 4384 641 4439 hoc
672 4378 881 4449 ﬂagello
924 4384 1213 4446 percussus
1266 4364 1473 4424 interiit
1511 4360 1757 4429 Pelagius
1784 4372 1946 4429 papa,

356 4481 546 4538 eodem
584 4472 846 4543 Gregorio
873 4476 1031 4533 teste,
1070 4460 1223 4535 juxta
1245 4458 1376 4516 illud
1415 4457 1557 4528 quod
1589 4457 1640 4509 in
1664 4450 1949 4509 Ezechiele

357 4573 618 4644 pmpheta
673 4542 865 4636 legitur
913 4579 925 4615 :
967 4558 1010 4612 Α
1058 4552 1359 4612 sanctuaria
1388 4567 1501 4605 meo
1531 4548 1762 4618 incipite.
1820 4542 1945 4598 Mox

2042 3330 2397 3387 obtinentium
2446 3327 2637 3382 saltem
2686 3321 3017 3392 temporibus
3043 3323 3357 3386 usurpatum
3387 3321 3523 3378 erat,
3568 3318 3627 3367 ut

2043 3428 2246 3482 electus
2284 3437 2424 3494 papa
2454 3436 2560 3475 non
2591 3416 2809 3473 sederet
2850 3414 2950 3469 nisi
2982 3412 3275 3466 accedente
3304 3405 3451 3476 prius
3475 3405 3626 3476 prin-

2044 3521 2179 3589 cipis
2205 3514 2636 3573 coniirmatione.
2688 3508 2824 3564 Huic
2860 3507 2965 3577 juri
3006 3506 3087 3561 vel
3135 3502 3341 3573 injuriae
3378 3498 3630 3571 qumsitus

2044 3614 2132 3667 hic
2157 3610 2328 3677 color,
2359 3608 2502 3677 quod
2550 3619 2670 3661 cum
2717 3601 2911 3659 summi
2955 3598 3220 3671 pontillcis
3270 3594 3480 3659 electio,
3522 3607 3632 3647 non

2046 3706 2218 3759 solum
2249 3702 2314 3755 ad
2361 3700 2588 3764 clerum,
2644 3696 2737 3751 sed
2767 3693 3027 3759 etiamad
3067 3699 3313 3745 senatum
3348 3683 3632 3756 populum-

2046 3811 2151 3867 que
2205 3794 2507 3847 Romanum
2563 3798 2690 3842 tunc
2734 3791 3024 3855 spectaret,
3066 3783 3200 3836 citra
3257 3775 3634 3832 auctoritatem

2048 3883 2390 3956 imperatoris
2412 3888 2504 3934 aut
2535 3877 2808 3950 principis,
2858 3875 2949 3943 qui
2981 3880 3200 3927 senatus
3225 3868 3515 3939 pupulique
3544 3878 3634 3918 ca-

2050 3987 2144 4049 put
2173 3985 2308 4037 erat,
2341 3982 2488 4028 stare
2510 3978 2618 4025 nun
2660 3968 2901 4023 deberet.
2960 3964 3151 4032 Neque
3166 3975 3298 4015 vero
3324 3956 3635 4025 Gregorius,

2048 4070 2138 4139 qui
2169 4078 2380 4123 sacrum
2414 4076 2434 4101 ε
2490 4061 2590 4115 sibi
2619 4056 2973 4112 ministerium
3002 4054 3069 4105 ab
3116 4052 3441 4119 imperatore
3488 4058 3637 4100 com-

2051 4162 2267 4215 missum
2298 4153 2540 4226 agnoscit
2564 4149 2703 4221 (Lib.
2737 4162 2773 4213 ι,
2804 4163 2886 4217 ep.
2904 4143 2980 4216 ὃ),
3010 4144 3153 4197 hunc
3183 4148 3389 4193 morem
3414 4144 3638 4204 usquam

2052 4253 2309 4307 datnnare
2338 4225 2481 4301 visus
2509 4252 2612 4306 est,
2640 4250 2733 4296 aut
2769 4238 3122 4308 improbasse.
3158 4231 3288 4286 Nam
3311 4227 3455 4298 quod
3485 4225 3641 4283 aﬂ’ert

2052 4344 2312 4399 Baronius
2336 4350 2391 4394 ut
2412 4334 2751 4406 displicuisse
2779 4328 3120 4386 sanctissimo
3165 4320 3405 4394 pontiﬁci
3434 4332 3641 4374 morem
3690 4392 3697 4395 _

2053 4439 2194 4493 hunc
2219 4432 2489 4497 ostendat,
2533 4428 2584 4483 id
2626 4441 2692 4482 ex
2737 4424 2927 4494 spurio
2970 4420 3055 4475 vel
3083 4418 3275 4473 saltem
3300 4414 3463 4469 dubio
3489 4426 3643 4466 co-

2052 4528 2299 4584 mentarii
2331 4528 2383 4580 in
2430 4525 2453 4560 ιι
2491 4522 2730 4575 Psalmos
2762 4512 3172 4572 Pmuitentiales
3194 4510 3319 4564 loco
3350 4506 3643 4576 depromp-

478 4598 618 4625 illCld
674 4598 720 4620 lC
763 4598 857 4619 ιιυι
914 4604 925 4615 ο
967 4598 1010 4612 ιι
1058 4598 1291 4612 vu-vvuww-
1309 4598 1355 4608 νν
1391 4598 1495 4605 ..γνν
1533 4598 1731 4618 ---Γ-ΓΠ,
1752 4598 1758 4599 κ

358 4598 641 4723 :ub:ecuta
668 4598 755 4716 esi5
799 4668 991 4724 magna
1020 4648 1205 4722 populi
1254 4654 1483 4714 strages.
1534 4641 1590 4695 ιη
1626 4648 1768 4694 tanta
1816 4648 1945 4705 ergo
1977 4626 2024 4684 D
2050 4625 2138 4679 sit.
2170 4620 2442 4676 Restituto
2472 4618 2523 4671 in
2555 4613 2849 4669 Occidente
2893 4606 3135 4678 imperio,
3166 4601 3395 4658 Carolus
3423 4598 3646 4669 Magnus

2100 4717 2108 4724 -
2408 4719 2419 4724 ⁸
2492 4712 2503 4723 ’
2553 4711 2565 4724 ³
2684 4708 2695 4718 ’
2726 4722 2731 4724 ‘
2759 4722 2792 4724 ν-
2832 4698 3176 4724 -Α-·Ω--ι--ηι³ἶ
3201 4694 3393 4724 ’κει-ιιιιῖ
3425 4692 3644 4724 περιεποίη-

359 4755 663 4814 cilainitate
688 4744 918 4820 populus
948 4743 1225 4797 Romanus
1253 4735 1320 4791 ad
1341 4731 1661 4802 Gregorium
1689 4726 1950 4795 confugit,

361 4858 589 4913 cumque
637 4841 689 4895 in
726 4850 993 4893 smnnmm
1024 4829 1334 4901 pontiﬁcem
1367 4824 1548 4892 elegit.
1614 4821 1677 4873 At
1705 4821 1796 4873 ille
1822 4820 1955 4871 hunc

362 4909 559 5009 apicem
588 4929 832 4987 attentius
866 4928 1044 4998 fugere
1077 4931 1303 4984 tentans,
1335 4932 1398 4970 ne
1427 4913 1563 4983 quod
1584 4912 1727 4983 prius
1756 4909 1955 4980 objece-

365 4998 472 5094 rnt,
522 5036 725 5082 rursum
754 5022 801 5074 ei
826 5019 882 5072 in
932 5011 1118 5069 swculo
1144 5010 1208 5063 de
1236 5007 1423 5077 adepto
1452 5005 1647 5057 honore
1690 4998 1957 5069 jactantia

367 5086 602 5200 quietiam
631 5114 943 5182 subreperet,
976 5100 1293 5159 Mauricium
1323 5098 1644 5163 Augustum,
1698 5090 1849 5158 cujus
1896 5086 1959 5138 ti-

1262 5197 1268 5200 .
1434 5186 1456 5200 ..

367 5179 496 5272 ilium
526 5227 593 5267 ex
618 5221 771 5263 sacro
783 5179 938 5257 i'onte
964 5197 1298 5264 susceperat,
1323 5186 1607 5243 confestim
1635 5179 1965 5252 supplicibus

371 5306 565 5364 litteris
594 5298 789 5362 oravit,
843 5302 903 5350 ut
953 5300 1279 5347 consensum
1308 5278 1531 5349 eligenti
1568 5274 1771 5345 populo
1800 5286 1966 5341 seque

372 5399 439 5453 ad
488 5394 859 5465 episcopatum
902 5378 1219 5453 deposcenti
1272 5375 1583 5439 denegaret.
1670 5364 1965 5433 Scripsisse

372 5458 591 5565 quoque
628 5458 696 5541 ad
726 5483 1010 5541 Joannem,
1042 5463 1696 5537 Constantinopolitanum
1742 5458 1965 5528 patriar-

450 5621 473 5648 "
516 5606 691 5677 Αιίαυί
723 5604 905 5677 Iesu"!
932 5592 1077 5677 apud.
1116 5578 1968 5677 ατοεειεῖοηςρ.ξ³τξίξεε,ιίελτεῖ;

378 5684 457 5739 bis
485 5644 994 5752 g‘e‘rn‘i‘a-nu'x'ejus:
1030 5672 1165 5752 (ηρ.ιζ
1201 5644 1422 5752 ιιῖξιιὶιιιθ
1450 5644 1573 5737 .rati
1610 5644 1969 5752 rreferendum

569 5751 574 5752 ’
718 5744 729 5752 ·
773 5742 806 5752 "
1290 5738 1555 5752 _--A-...m
1631 5736 1683 5752 ...ι
1714 5732 1828 5752 ,φησι
1873 5730 1968 5752 an"

378 5720 755 5819 32.333123};
767 5720 1073 5819 Germanus.
1131 5720 1189 5789 ὃ.
1239 5726 1557 5819 Gregorium
1586 5720 1829 5819 fratrem
1873 5730 1968 5769 seu

380 5791 991 5893 Ebriiiibiuyuui—babuisse
1041 5806 1155 5875 jam
1199 5791 1376 5873 supra
1423 5791 1768 5854 ostendimus
1820 5802 1870 5841 c.
1913 5801 1967 5849 ι,

382 5888 531 5946 num.
556 5888 611 5945 5.

2063 4717 2287 4786 ejusque
2306 4712 2525 4783 posteri,
2553 4711 2654 4765 hoc
2677 4708 2799 4777 jure
2825 4698 3177 4759 conﬁrmandi
3200 4694 3395 4751 summi
3425 4692 3645 4763 pontiﬁ-

2064 4813 2158 4875 cis,
2194 4809 2339 4863 nullo
2362 4810 2714 4875 repugnante,
2750 4796 2911 4868 potiti
2947 4800 3089 4857 sunt,
3140 4799 3199 4844 ut
3228 4805 3295 4845 ex
3342 4786 3647 4854 Anastasio,

2064 4901 2313 4956 Ecclesiae
2363 4897 2619 4950 Romanae
2665 4884 3078 4943 bibliothecario
3115 4891 3170 4937 et
3196 4898 3265 4938 ex
3309 4880 3426 4935 aliis
3451 4879 3649 4950 passim

2067 5008 2174 5047 non
2225 4988 2421 5057 iniquis
2476 4996 2602 5051 erga
2646 4979 2828 5034 sedem
2885 4975 3236 5046 apostolicam
3297 4970 3652 5042 scriptoribus

2068 5089 2302 5138 constat.

2144 5175 2197 5228 4.
2252 5171 2398 5227 Idem
2458 5177 2480 5205 ⁸
2538 5162 2994 5219 eminentissimus
3050 5157 3337 5213 cardinalis
3383 5156 3655 5211 existimat

2074 5264 2316 5323 Mauricii
2358 5270 2680 5316 consensum
2732 5254 2787 5308 in
2815 5251 3060 5321 Gregorii
3108 5250 3425 5305 electionem
3480 5246 3655 5300 soluta

2074 5357 2297 5429 pecunia
2321 5356 2689 5421 comparatmn
2718 5343 2913 5409 fuisse;
2939 5342 3083 5412 quod
3110 5340 3291 5395 nescio
3331 5353 3397 5392 an
3424 5337 3476 5390 in
3498 5334 3657 5403 hujus

2000 5464 2005 5467 '
2074 5425 2164 5505 aut
2193 5445 2458 5503 inferioris
2508 5440 2606 5495 aevi
2653 5438 2855 5506 scripto
2907 5435 3087 5502 aliquo
3140 5432 3362 5499 legatur.
3429 5425 3658 5494 Querela

2148 5566 2174 5605 ι)
2217 5560 2356 5631 Lege
2386 5570 2542 5617 notas
2573 5558 2638 5631 ad
2660 5572 2745 5625 ep.
2879 5553 2969 5631 lib.
3005 5570 3057 5631 ξ,
3092 5559 3213 5603 uota
3242 5547 3296 5603 ιι.

2154 5650 2174 5677 ι’
2220 5617 2322 5701 Ωιιῖ
2337 5617 2547 5688 uirtutis
2569 5617 2911 5683 ministerium
2940 5624 3145 5746 itzirmo
3173 5617 3448 5673 commisit.

2154 5709 2175 5745 ά
2223 5704 2353 5746 νίιιμ
2386 5719 2591 5746 ρρηςιιιι.
2617 5717 2666 5746 ιιι
2711 5700 2776 5746 de
2828 5696 2929 5746 hoc
3022 5687 3376 5742 ommentario
3409 5695 3448 5742 ι(

2151 5709 2175 5745 ά
2223 5680 2353 5761 Vide
2386 5719 2591 5759 censur.
2617 5680 2687 5753 in
2711 5700 2776 5751 de
2828 5696 2929 5750 hoc
2976 5680 3376 5746 Commentario
3409 5695 3541 5743 tom.
3569 5680 3660 5754 111,

2081 5799 2116 5837 ιι
2137 5789 2311 5850 parte,
2341 5771 2600 5850 ςοικέςξὸ.

2154 5852 2178 5889 ⁶
2220 5835 2310 5903 Διί
2331 5862 2417 5901 an.
2446 5836 2568 5905 590,
2594 5856 2740 5894 num.
2772 5835 2823 5891 5.
