4138 6474
557 372 663 431 279

1062 372 1120 427 S.
1161 366 1487 423 GREhlﬂill
1528 365 1742 421 MAGNI
1787 366 1968 433 VITA,
2014 366 2103 421 EX
2147 362 2306 420 ωυὸ
2347 362 2654 420 SCRIPTIS
2699 361 3088 418 ADORNATA.
3132 362 3260 417 LIB.
3302 363 3341 418 l.

3738 364 3849 419 230

561 490 707 547 enim
733 489 801 543 de
825 501 1021 558 sponsa
1046 484 1243 540 Christi
1274 483 1485 553 captiva
1516 481 1658 537 facta
1689 490 1743 536 et
1792 480 1996 536 tributo
2026 480 2155 536 sub-
2187 483 2238 541 Α
2264 494 2379 533 rum
2408 479 2684 547 regionum
2710 480 3056 551 presbyteris,
3106 480 3173 535 ad
3201 489 3402 536 sanctae
3431 480 3525 535 Dei
3556 479 3853 539 Genitricis

563 582 696 647 dita,
720 595 838 650 qua:
868 578 1134 649 profertur
1164 593 1230 631 ex
1254 574 1645 630 commentario
1677 573 1727 627 in
1760 572 2001 626 Psalmos
2030 586 2146 641 pm-

566 670 878 729 nitentiales
908 684 1079 739 neque
1111 670 1160 723 id
1188 669 1471 735 signifuat,
1508 683 1683 735 neque
1713 675 1862 721 extra
1886 660 2149 733 suspieio-

567 782 692 821 nem
742 763 1173 833 interpolationis
1228 771 1283 816 ct
1332 762 1714 832 suppositionis
1762 768 1864 814 est.
1916 759 2033 813 Non
2065 773 2152 813 me

562 856 699 925 fugit
729 854 1095 908 Athalaricum
1138 854 1393 907 Arianum
1422 853 1709 921 aliquando
1732 853 2026 920 imperasse
2052 850 2151 903 tria

564 946 854 1002 solidorum
888 943 1051 997 millia
1081 959 1179 1012 pro
1223 943 1630 998 conlirmatione
1685 942 1955 1011 apostolici
1976 947 2151 1010 ponti-

566 1039 700 1109 ﬁcis,
732 1045 786 1091 et
808 1037 914 1091 duo
946 1036 1112 1090 millia
1141 1052 1239 1106 pro
1272 1035 1638 1091 confirmanda
1666 1034 1891 1089 aliorum
1923 1034 2153 1102 patriar-

568 1126 814 1189 charum,
870 1126 992 1180 hoc,
1020 1136 1103 1183 est
1151 1127 1687 1196 metmpolitanorum
1734 1125 2030 1188 electione;
2063 1124 2157 1178 sed

566 1216 863 1270 catholicos
894 1216 1181 1284 principes,
1208 1215 1430 1270 liberata
1462 1231 1491 1269 a
1544 1214 1734 1269 Gothis
1788 1214 1962 1276 Italia,
2016 1214 2157 1269 idem

571 1310 838 1378 exegisse,
900 1318 992 1362 aut
1034 1308 1350 1377 Gregorium
1394 1309 1460 1362 ab
1512 1307 1815 1375 hujusmodi
1862 1307 2157 1361 simoniaca

571 1402 814 1471 pecunia:
864 1400 1222 1469 pensitatione
1254 1414 1359 1452 non
1400 1398 1742 1452 abhorruisse.
1766 1412 2027 1467 nusquam
2059 1396 2159 1451 sibi

570 1490 898 1562 persuadere
921 1492 1141 1560 poterit,
1195 1492 1283 1561 qui
1314 1489 1504 1558 legerit
1552 1489 1666 1558 ejus
1697 1488 1950 1557 epistolas
1980 1503 2163 1557 quam-

571 1582 832 1652 plurimas
856 1591 1043 1636 contra
1068 1582 1419 1636 simoniacam
1444 1579 1685 1636 haeresim
1720 1566 1963 1649 scriptas.
2015 1578 2160 1633 Prm-

574 1682 725 1728 terea
759 1688 852 1727 rex
886 1674 1117 1727 Arianus
1143 1672 1425 1741 pecuniam
1458 1671 1692 1740 persolvi
1723 1687 1831 1725 non
1860 1670 2028 1739 jubet,
2062 1670 2163 1725 nisi

570 1781 697 1821 cum
727 1765 793 1819 de
816 1765 1083 1819 electione
1109 1774 1201 1818 aut
1223 1764 1561 1818 ordinatione
1588 1764 1894 1833 pracsulum,
1915 1765 1984 1816 ad
2012 1764 2162 1833 pala-

2253 567 2529 622 basilicam
2551 582 2616 621 ex
2644 568 2911 624 conducto
2932 584 3054 625 cum
3084 570 3334 639 precibus
3358 578 3413 626 et
3434 570 3687 635 lacrvmis
3716 587 3853 641 pro-

2253 662 2526 716 cederent.
2570 660 2789 731 lnsuper
2839 664 3172 733 congregatis
3206 664 3541 720 Clericorum
3572 667 3833 730 catervis,

2259 755 2515 825 praecepit
2565 755 2793 823 psallere
2849 771 2947 826 per
2993 757 3248 811 triduum.
3290 756 3439 815 Hora
3488 759 3647 827 igitur
3698 760 3854 814 tertia

2261 848 2473 913 (nostro
2503 862 2652 901 more
2674 846 2837 917 nona)
2860 846 3129 901 veniebant
3148 864 3325 903 omnes
3341 849 3488 904 chori
3508 850 3852 919 psallentium

2257 938 2326 990 ad
2363 937 2671 1003 Ecclesiam,
2701 941 2983 992 clamantes
3012 957 3103 1007 per
3130 940 3350 1010 plateas,
3413 938 3579 1011 Kyrie
3627 942 3852 994 eleisou.

2255 1030 2377 1099 lpso
2408 1039 2585 1085 autem
2610 1030 3014 1101 supplicationis
3043 1040 3291 1101 tempore
3347 1032 3486 1085 intra
3516 1032 3675 1086 unius
3706 1033 3855 1086 bene

2258 1121 2490 1190 spatium
2520 1121 2792 1190 octoginta
2817 1122 3066 1177 homines
3086 1122 3335 1193 spiritum
3356 1122 3698 1177 exhalarunt.
3730 1122 3857 1176 Παῖς

2260 1210 2550 1281 Gregorius
2605 1213 2879 1270 Turonum
2930 1216 3238 1286 episcopus,
3295 1232 3362 1270 ex
3412 1217 3493 1269 sui
3520 1216 3731 1271 diaconi
3761 1217 3856 1284 qui

2260 1312 2388 1359 tunc
2450 1304 2635 1360 Romae
2688 1314 2803 1360 erat
2852 1307 2993 1361 haud
3038 1306 3199 1362 dubia
3258 1307 3524 1363 relatione
3573 1308 3856 1362 memoria:

2262 1396 2513 1466 prodidit,
2538 1397 2623 1451 cui
2651 1397 2964 1466 subscripsit
2992 1395 3190 1452 Paulus
3219 1396 3485 1452 Diaconus
3535 1395 3663 1470 .Lib.
3700 1414 3757 1451 ιιι
3788 1399 3852 1451 de

2263 1486 2434 1540 Cestis
2455 1485 2621 1558 Lang.
2651 1504 2694 1540 c.
2722 1486 2832 1557 25).
2864 1486 3099 1542 Joannes
3119 1487 3386 1542 Diaconus
3406 1504 3537 1544 vero
3551 1498 3606 1543 et
3632 1489 3723 1542 alii
3751 1506 3861 1543 non

2263 1595 2454 1649 parum
2484 1578 2793 1649 discrepant
2822 1580 2889 1634 ab
2920 1580 3038 1635 aliis
3079 1581 3433 1650 scriptoribus
3463 1582 3576 1636 sive
3601 1582 3653 1635 in
3678 1598 3859 1636 receno

2264 1670 2432 1725 sendo
2455 1684 2807 1739 personarum
2839 1670 3048 1735 ordine,
3102 1670 3213 1725 sive
3246 1670 3297 1724 in
3338 1671 3672 1739 assignandis
3717 1671 3864 1725 basi-

2269 1758 2405 1814 licis.
2464 1760 2598 1814 Nam
2628 1758 2864 1816 Joannes
2915 1761 3182 1817 Diaconus
3222 1763 3461 1831 assignat
3515 1779 3616 1833 pro
3670 1763 3861 1817 litama

573 1857 701 1910 tium
756 1856 1006 1923 producta
1055 1856 1210 1925 fuerit
1241 1856 1511 1908 altercatio
1568 1855 1892 1924 populorum.
1924 1864 1948 1891 α
1996 1854 2064 1908 At
2110 1855 2163 1910 in
2195 1856 2242 1915 B
2269 1852 2588 1908 clericorum
2621 1853 2908 1908 ecclesiam
2941 1856 2997 1908 S.
3022 1851 3266 1918 Joannis,
3301 1854 3677 1925 cousentitque
3704 1856 3863 1908 char-

572 1949 844 2005 electione
874 1947 1121 2016 Gregorii
1149 1948 1317 2001 mirus
1348 1946 1446 2000 fuit
1490 1946 1809 2016 p0pulorum
1850 1962 2162 2004 consensus.

572 2042 728 2097 Addo
758 2043 980 2112 insuper
1008 2041 1293 2096 obscurmn
1334 2056 1453 2094 esse
1482 2040 1657 2095 locum
1709 2042 1849 2097 hunc
1879 2058 1946 2096 ex
1975 2042 2168 2096 rescri«

572 2144 669 2204 pto
695 2134 761 2188 ad
790 2132 1052 2188 Joannem
1082 2148 1276 2203 papam
1306 2132 1614 2201 quaesitum,
1634 2131 2066 2200 quandoquidem
2116 2132 2167 2187 in

577 2242 642 2279 eo
673 2241 769 2278 rex
798 2233 985 2280 contra
1011 2225 1358 2289 simoniacos,
1391 2224 1503 2277 sive
1520 2224 1609 2292 qui
1638 2222 1785 2287 dant,
1816 2225 1929 2278 sive
1957 2224 2049 2291 qui
2078 2239 2169 2278 ac-

580 2318 809 2386 cipiunt,
835 2316 1185 2371 saluberrima
1215 2315 1519 2385 promulgat
1547 2313 1786 2370 decreta.
1819 2315 1922 2387 (Cf.
1958 2316 2165 2371 Cassio-

580 2407 695 2461 dor.
724 2408 761 2461 Ι.
794 2424 869 2469 1x,
902 2425 983 2476 ep.
1011 2405 1122 2477 15.)

566 2530 571 2533 ~
645 2500 697 2555 5.
742 2499 951 2553 Interea
978 2500 1105 2553 dum
1136 2506 1523 2568 expectaretur
1555 2498 1778 2566 Augusti
1816 2499 2092 2567 responsio
2115 2508 2169 2553 et

576 2607 846 2657 assensus,
905 2592 958 2644 in
1017 2591 1134 2646 dies
1165 2591 1461 2658 angebatur
1516 2591 1840 2659 pestilentia,
1895 2590 2169 2658 Romaque

577 2686 845 2740 continuis
877 2684 1151 2739 funeribus
1173 2684 1575 2739 devastabatur.
1596 2684 1676 2737 Ab
1694 2684 1796 2737 hac
1819 2684 1903 2737 lue
1935 2684 2169 2739 immune

577 2792 685 2831 non
707 2775 808 2829 fuit
837 2770 893 2829 S.
920 2774 1146 2830 Andreae
1194 2774 1531 2839 C(BllOl)llllll;
1564 2783 1799 2841 tuncque
1829 2774 2021 2827 enituit
2051 2789 2166 2827 ma-

582 2866 980 2922 ximelratrum
1012 2864 1249 2919 omnium
1291 2862 1597 2919 sollicitudo
1654 2871 1707 2916 et
1757 2862 1992 2916 charitas
2041 2877 2167 2932 erga

584 2958 929 3015 Theodorum
962 2957 1359 3013 adolescentem
1393 2957 1496 3011 hoc
1525 2956 1715 3010 morbo
1745 2965 2072 3024 correptum,
2114 2963 2169 3009 et

580 3048 647 3103 ad
680 3058 920 3104 extrema
958 3047 1277 3118 perductum
1306 3064 1319 3113 ;
1351 3062 1509 3116 quem
1538 3062 1724 3102 eorum
1756 3046 2087 3101 orationibus
2136 3062 2167 3100 a

578 3140 774 3210 duplici
824 3149 999 3194 morte
1028 3140 1220 3193 animae
1249 3138 1453 3193 scilicet
1497 3154 1560 3192 ac
1610 3138 1854 3207 corporis
1884 3137 2165 3191 liberatum

2272 1954 2325 1999 ta
2349 1946 2415 2001 de
2442 1946 2639 2000 litaniis
2665 1961 2784 2017 quae
2807 1962 2948 2001 nunc
2973 1946 3167 2015 legitur
3194 1948 3246 2002 in
3275 1946 3571 2018 appendice
3595 1946 3863 2017 Epistola-

2271 2053 2436 2092 rum:
2496 2037 2789 2108 Gregorius
2837 2038 2967 2095 Tur.
3015 2054 3168 2106 vero,
3223 2038 3500 2094 basilicam
3551 2049 3862 2095 sanctorum

2276 2127 2487 2183 Cosmus
2516 2138 2571 2184 et
2597 2129 2861 2184 Damiani.
2912 2129 3026 2184 Hoc
3082 2138 3260 2184 tamen
3300 2128 3578 2185 dissidium
3608 2130 3862 2200 componi

2271 2228 2453 2289 potest
2480 2221 2526 2275 si
2552 2221 2794 2277 dicamus
2822 2237 2932 2277 non
2954 2222 3121 2277 semel
3143 2220 3372 2276 indictas
3394 2222 3557 2276 fuisse
3584 2223 3860 2292 supplica-

2272 2311 2448 2366 tiones
2477 2312 2627 2377 illas;
2672 2321 2726 2367 et
2774 2313 2826 2367 in
2876 2312 2958 2367 his
3001 2312 3216 2383 quidem
3247 2320 3522 2369 servatum
3552 2315 3797 2368 ordinem
3829 2330 3860 2369 a

2270 2404 2533 2475 Gregorio
2562 2405 2828 2461 Turonico
2856 2406 3103 2472 relatum,
3130 2406 3182 2460 in
3201 2407 3318 2461 aliis
3347 2406 3577 2463 alterum
3600 2423 3629 2461 a
3651 2405 3863 2463 Joanne

2271 2500 2634 2569 assignatum;
2684 2498 2827 2567 quod
2858 2513 2923 2553 ex
2971 2499 3252 2555 ritualibus
3279 2500 3425 2555 libris
3455 2510 3635 2570 potest
3664 2503 3861 2556 conlir-

2272 2589 2424 2654 mari,
2450 2590 2493 2643 si
2519 2588 2689 2643 Emin.
2740 2590 3023 2644 Annalium
3054 2590 3197 2646 Eccl.
3232 2592 3438 2661 parenti
3470 2592 3599 2648 fides
3632 2594 3721 2648 sit.
3758 2593 3863 2646 Ila-

2272 2680 2410 2742 bent,
2446 2680 2619 2749 inquit
2649 2680 2909 2734 Baronius
2939 2680 3043 2751 (Ad
3064 2698 3158 2735 an.
3185 2680 3304 2744 590,
3330 2699 3472 2737 num.
3506 2682 3617 2753 l8),
3648 2687 3863 2739 rituales

2270 2770 2390 2823 libri
2418 2770 2613 2824 ultimis
2634 2771 2832 2825 litaniis
2860 2789 2968 2826 esse
2996 2790 3289 2843 processum
3336 2774 3405 2826 ad
3430 2772 3699 2828 basilicam
3725 2793 3858 2845 apo-

2272 2860 2519 2915 stolarum
2545 2862 2814 2932 principis,
2860 2848 3013 2932 atque
3040 2864 3104 2915 ab
3138 2862 3386 2935 Gregorio
3413 2875 3647 2918 sanctam
3676 2868 3862 2938 imagi-

2272 2970 2388 3007 nem
2420 2964 2441 2992 ε
2468 2954 2715 3023 Deiparte
2740 2973 2927 3027 magna
2966 2959 3296 3011 veneratione
3317 2957 3564 3011 delatam.
3596 2956 3746 3013 Tunc
3783 2958 3863 3012 le-

2271 3053 2397 3098 runt
2420 3060 2585 3115 prope
2610 3046 2804 3099 molem
2828 3046 3078 3101 Hadriani
3104 3048 3284 3104 Tiberi
3315 3048 3652 3117 adjacentem
3680 3050 3860 3104 visum

2270 3152 2391 3192 esse
2416 3137 2686 3205 angelum,
2712 3139 2763 3192 in
2795 3140 3001 3207 signum
3031 3142 3360 3197 reconciliati
3392 3141 3657 3207 Numinis,
3703 3144 3863 3197 nuda-

581 3229 742 3285 refert
770 3228 1061 3299 Gregorius
1092 3238 1203 3283 tum
1226 3229 1411 3283 homil.
1450 3228 1517 3282 19
1567 3237 1622 3283 et
1649 3227 1716 3281 58
1772 3228 1822 3281 in
1853 3226 2161 3297 Evangelia,
2194 3230 2238 3292 C
2271 3237 2377 3283 tum
2398 3230 2628 3301 gladium
2656 3233 2707 3284 in
2734 3234 2971 3303 vaginam
3000 3252 3265 3304 reponere,
3283 3254 3440 3308 eoque
3463 3236 3693 3307 symbolo
3716 3256 3861 3293 mor-

582 3330 693 3377 tum
718 3323 810 3377 lib.
844 3338 895 3375 1v
928 3322 1131 3391 Dialog.
1164 3338 1284 3392 cap.
1310 3320 1396 3375 58.

562 3448 569 3451 -
651 3414 852 3468 Aberat
882 3421 1006 3468 tunc
1035 3429 1065 3467 a
1094 3413 1422 3468 monasterio
1472 3421 1689 3467 sanctus
1746 3398 1917 3479 Pater,
1976 3429 2169 3483 procu-

556 3505 766 3561 vrandis
797 3504 1006 3561 afﬂicta:
1052 3506 1257 3561 civitati
1298 3506 1505 3560 solatiis
1535 3512 1682 3560 totus
1710 3506 2042 3560 incumbens.
2100 3506 2171 3562 Ut

586 3606 766 3652 autem
798 3612 935 3666 pene
958 3596 1070 3665 jam
1094 3596 1489 3666 despondentes
1511 3597 1747 3651 animum
1779 3596 2052 3652 Romanos
2076 3614 2170 3667 spe

582 3689 635 3741 in
666 3687 833 3743 Deum
865 3688 1134 3756 erigeret,
1185 3694 1345 3758 atque
1373 3686 1438 3741 ad
1489 3687 1856 3757 pmnitentiam
1911 3696 1991 3742 tot
2032 3688 2170 3741 inter

581 3778 787 3851 ﬂagella
818 3781 901 3835 vel
923 3782 1119 3836 invitos
1149 3788 1497 3850 provocaret,
1544 3781 1861 3835 concionem
1903 3784 1969 3834 ad
2000 3795 2169 3850 popu-

581 3874 691 3929 lum
716 3874 923 3941 habuit,
949 3873 1164 3943 dignam
1194 3888 1323 3929 sane
1345 3889 1507 3944 quam
1539 3874 1732 3928 litteris
1776 3873 2171 3942 consignavcrit

585 3968 742 4037 217
789 3965 1078 4035 Gregorius
1128 3964 1473 4021 Turonensis.
1520 3964 1769 4034 Ejusdem
1811 3967 2172 4020 meminerunt

581 4056 776 4111 Paulus
801 4066 856 4111 et
882 4055 1121 4111 Joannes
1144 4056 1378 4121 diaconi,
1408 4070 1620 4111 necnon
1652 4056 1739 4109 alii
1770 4056 2168 4126 quamplurimi.

583 4150 639 4205 ln
663 4149 931 4218 prioribus
959 4150 1117 4203 editis
1165 4149 1361 4217 legitur
1417 4148 1598 4202 habita
1658 4149 1948 4203 indictione
1994 4156 2168 4217 sexta,

583 4240 738 4309 cujus
764 4240 884 4294 loco
935 4240 1113 4308 potius
1162 4240 1465 4308 legendum,
1496 4239 1773 4293 indictione
1797 4241 1903 4309 viij.
1948 4240 2171 4295 Constat

585 4332 728 4386 enim
750 4328 1070 4398 Gregorium
1092 4330 1381 4399 incipiente
1412 4329 1704 4383 indictione
1727 4345 1867 4383 nona
1901 4330 2061 4385 luisse
2083 4347 2171 4385 or-

584 4422 846 4477 dinatum.
898 4417 1108 4476 Erroris
1132 4436 1294 4476 causa
1332 4422 1448 4486 fuit,
1482 4420 1626 4490 quod
1666 4423 1779 4475 lucc
1808 4423 1984 4476 oratio
2034 4423 2171 4477 libro

584 4514 939 4586 Epistolarum
990 4515 1119 4568 olim
1171 4531 1248 4579 χι,
1298 4530 1439 4570 nunc
1490 4531 1621 4582 xm,
1671 4514 1830 4569 fuerit
1875 4516 2168 4586 praemissa,

2272 3323 2391 3377 bum
2412 3341 2640 3379 cessasse
2659 3327 2959 3397 signiﬁcare
2990 3327 3225 3381 voluisse.
3274 3329 3350 3383 De
3377 3330 3862 3399 supplicationibus

2271 3416 2466 3486 saepius
2495 3417 2708 3483 habitis,
2757 3428 2811 3471 et
2869 3417 3058 3471 ultimo
3103 3419 3219 3473 loco
3251 3418 3407 3473 factis
3438 3420 3491 3473 in
3538 3420 3754 3476 basilica
3803 3420 3862 3475 S.

2273 3507 2417 3562 Petri
2444 3509 2773 3564 contendere
2800 3509 3017 3564 minime
3040 3509 3305 3575 volumus,
3350 3510 3450 3566 etsi
3499 3513 3566 3565 de
3594 3512 3853 3582 multipli-

2272 3600 2341 3664 ci,
2376 3610 2469 3653 aut
2499 3601 2663 3655 etiam
2694 3600 2895 3670 duplici
2926 3601 3270 3671 processione
3299 3611 3542 3673 tempore
3568 3604 3863 3673 pestisrha-

2272 3692 2382 3746 hita
2431 3694 2725 3762 scriptores
2772 3708 2960 3748 omnes
2990 3694 3203 3749 sileant.
3237 3694 3301 3750 At
3333 3711 3451 3765 qua:
3481 3705 3767 3751 narrantur
3795 3698 3865 3753 de

2272 3785 2390 3839 viso
2413 3785 2603 3853 angelo
2630 3794 2685 3841 et
2723 3786 2909 3840 sedata
2940 3795 3092 3856 peste
3121 3787 3296 3842 dubia:
3346 3788 3591 3843 videntur
3615 3789 3758 3845 ﬁdei.
3805 3790 3863 3847 Si

2274 3876 2493 3931 enimid
2523 3878 2766 3947 contigit,
2823 3891 3056 3946 quonam
3111 3888 3270 3947 pacto
3321 3878 3615 3949 Gregorius
3657 3880 3860 3937 Turon.

2274 3969 2327 4023 id
2352 3986 2383 4024 a
2412 3985 2511 4025 suo
2539 3970 2766 4025 diacono
2797 3986 2904 4024 non
2930 3970 3173 4041 accepit?
3200 3971 3256 4025 Si
3277 3987 3409 4026 vero
3432 3973 3602 4043 ipsum
3634 3974 3864 4029 audierit

2276 4074 2423 4119 tanta
2445 4065 2699 4120 nnracula
2728 4064 3071 4131 referentem,
3114 4066 3385 4135 quomodo
3417 4067 3483 4121 ab
3530 4068 3655 4136 ipsis
3706 4083 3861 4123 com-

2274 4155 2635 4211 memorandis
2663 4156 2939 4222 abstinuit,
2993 4156 3081 4224 qui
3114 4156 3402 4225 aliquando
3451 4158 3719 4213 levissima
3764 4174 3865 4214 nec

2274 4247 2348 4302 ita
2401 4256 2548 4302 certa
2589 4246 2792 4301 referre
2844 4246 3179 4301 delectatur?
3210 4248 3388 4301 Altum
3441 4258 3522 4304 est
3558 4265 3770 4319 quoque
3795 4250 3863 4304 de

2276 4337 2391 4393 istis
2422 4337 2599 4403 Bedzp,
2626 4336 2799 4404 Pauli,
2826 4345 2880 4392 et
2907 4336 3128 4393 Joannis
3158 4339 3450 4395 silentium.
3499 4340 3861 4397 Pestilentiam

2277 4438 2457 4485 tamen
2481 4430 2748 4499 quievisse
2777 4429 2973 4485 Paulus
3003 4439 3057 4485 et
3083 4430 3337 4498 Joannes,
3371 4434 3458 4502 qui
3488 4449 3574 4488 res
3599 4434 3863 4504 aGrego-

2277 4523 2358 4577 rio
2387 4529 2564 4591 gestas
2616 4522 2920 4577 accuratius
2951 4524 3222 4592 prosecuti
3268 4534 3413 4593 sunt,
3470 4541 3578 4579 non
3635 4526 3863 4581 obscure

583 4613 734 4683 cujus
784 4612 1034 4668 videlicet
1082 4611 1203 4667 libri
1247 4611 1466 4667 indictio
1513 4620 1595 4666 est
1637 4619 1809 4666 sexta.
1840 4610 1867 4649 ι)
1917 4611 2026 4667 Nec
2070 4613 2172 4665 mi-
2204 4621 2257 4680 1)
2282 4622 2577 4679 testantur;
2608 4613 2702 4669 sed
2730 4614 2877 4669 brevi
2907 4615 3241 4670 recrudnisse
3281 4625 3466 4686 postea
3496 4620 3859 4674 ostendemus.

584 4719 686 4758 nus
739 4703 996 4759 mendose
1026 4704 1327 4775 assignatur
1381 4704 1495 4758 dies
1539 4713 1728 4772 quarta
1759 4702 1982 4759 Kalend.
2037 4704 2173 4775 Sep-

588 4800 831 4853 tembris.

657 4891 708 4944 6.
743 4890 871 4947 Post
891 4893 1279 4967 concioneij.
1315 4891 1608 4961 Gregorius
1636 4891 1878 4962 publicas
1904 4892 2178 4963 supplica-

585 4982 763 5037 tiones
785 4996 879 5036 seu
909 4982 1124 5040 litanias
1150 4984 1360 5049 indixit,
1382 4983 1741 5054 praecepitque
1764 4991 1823 5037 ut
1849 4985 2177 5041 convenien-

583 5081 668 5127 tes
698 5072 761 5125 ad
789 5081 998 5142 septem
1015 5073 1320 5143 designatas
1349 5074 1400 5127 in
1426 5073 1647 5127 totidem
1679 5071 1840 5127 Urbis
1867 5074 2177 5142 regionibus

584 5164 852 5229 basilicas,
913 5178 1101 5219 omnes
1129 5164 1331 5228 clerici,
1384 5164 1657 5232 monachi,
1701 5154 1869 5219 Sacrae
1919 5166 2177 5235 virgines,

585 5258 842 5321 infantes,
875 5257 1023 5320 laici,
1065 5256 1261 5320 viduas,
1290 5256 1611 5325 conjugatae,
1642 5256 1766 5311 inde
1793 5272 1916 5312 cum
1945 5258 2178 5326 singula-

658 5391 683 5417 ει
731 5378 931 5433 Eodem
956 5393 1118 5432 sensu
1150 5376 1312 5432 debet
1342 5376 1561 5444 intelligi
1588 5376 1873 5431 Justiniani
1898 5377 2073 5445 jussio
2109 5378 2175 5434 de

584 5468 687 5521 qua
712 5450 972 5521 Baronius
1000 5449 1067 5502 ad
1090 5463 1195 5521 _an.
1224 5446 1355 5521 §5_l,_
1394 5464 1539 5521 n_um_.
1580 5448 1605 5521 l_
1627 5455 1679 5501 et
1710 5447 1763 5521 2,
1793 5456 1847 5501 et
1872 5449 2014 5521 quod
2044 5450 2175 5517 legi-

585 5517 671 5575 t'ur
691 5520 831 5591 apud
854 5519 1193 5591 Anastasium
1224 5517 1477 5591 Biblioth.
1504 5518 1553 5570 in
1582 5518 1861 5591 Agathone
1895 5537 1905 5569 :
1940 5519 2042 5573 Hic
2058 5536 2175 5573 sus-

585 5588 961 5662 cepit‘divulem
984 5590 1271 5660 jussionem
1318 5588 1681 5663 (imperatoris
1710 5590 2173 5663 constitutionem)

585 5660 677 5733 per
706 5679 856 5733 quam
894 5664 1118 5715 relevata
1161 5669 1265 5733 est_
1289 5660 1550 5733 quantitas
1574 5661 1892 5733 _quazgsolita
1921 5668 2032 5713 erat
2058 5660 2176 5716 dari

585 5730 681 5802 pro
711 5730 1036 5786 ordinatione
1085 5730 1345 5800 pontiﬁcis
1375 5730 1636 5799 facienda,
1675 5731 1759 5802 sic
1810 5740 2001 5791 tamen,
2053 5742 2108 5784 ut
2133 5735 2177 5786 si

588 5801 707 5872 post
751 5804 860 5871 ejus
903 5805 1175 5857 transitum
1221 5802 1491 5872 contigerit
1534 5801 1833 5854 electionem
1881 5802 2026 5872 ﬁeri,
2074 5819 2178 5856 non

593 5870 774 5922 debeat
803 5873 1031 5925 ordinari
1058 5874 1141 5936 qui
1170 5870 1538 5937 electus‘fuerit
1559 5911 1573 5935 ,
1620 5874 1717 5923 nisi
1747 5872 1890 5937 prius
1918 5871 2178 5925 decretum

2281 4704 2417 4760 Cum
2446 4706 2512 4761 de
2540 4706 3020 4775 supplicationibus
3051 4706 3246 4761 iterum
3281 4717 3374 4762 aut
3400 4710 3592 4778 szepius
3624 4718 3866 4779 tempore

2284 4799 2448 4869 pestis
2471 4798 2693 4865 habitis,
2727 4798 3022 4867 scriptores
3053 4814 3242 4856 onmes
3266 4801 3488 4866 sileant;
3522 4802 3726 4857 felicius
3755 4801 3865 4857 for-

2285 4899 2428 4946 tasse
2475 4890 2798 4946 dissidentes
2827 4891 3120 4961 scriptores
3169 4891 3235 4946 ad
3283 4893 3624 4947 concordiam
3655 4910 3867 4950 revoca-

2285 4982 2500 5045 buntur,
2554 4980 2784 5037 dicendo
2817 4982 2973 5035 unius
3002 4982 3351 5051 ejusdemque
3406 4984 3601 5039 litanias
3630 4986 3866 5040 ordinem
3943 5018 3946 5019 ν

2285 5072 2433 5127 varie
2461 5070 2723 5128 indictum
2753 5087 2816 5127 ac
2856 5074 3244 5143 praescriptum.
3294 5073 3497 5144 Nempe
3553 5091 3675 5130 cum
3725 5076 3869 5146 prius

2288 5166 2571 5237 assignate
2602 5166 2827 5222 fuissent
2861 5166 2943 5220 lue
2977 5175 3031 5221 et
3055 5167 3156 5221 illze
3186 5167 3421 5223 basilictn
3450 5186 3558 5239 quo
3582 5170 3713 5223 varii
3738 5186 3868 5224 con-

2288 5260 2537 5313 venirent
2564 5258 2800 5321 ordines,
2824 5258 2939 5313 alize
2970 5268 3154 5330 postea
3177 5269 3382 5315 mutato
3404 5262 3631 5316 consilio
3653 5262 3871 5316 delecue

2280 5380 2519 5449 generale
2539 5379 2902 5433 introducatur
2931 5380 2987 5449 in
3015 5378 3409 5449 regiamiurbem
3433 5378 3712 5432 secundum
3732 5374 3869 5431 anti-

2314 5467 2430 5503 nam
2462 5450 2899 5504 consuetudinem.
2929 5448 3085 5503 Tom.
3116 5448 3181 5501 Ἠ
3206 5448 3414 5502 Concil.
3449 5450 3500 5501 in
3531 5448 3722 5516 Agath.
3744 5462 3864 5518 pag.

2314 5468 2430 5503 nam
2462 5468 2899 5504 consuetudinem.
2938 5468 3081 5503 lOlll.
3124 5468 3144 5500 V
3166 5468 3181 5501 1
3206 5468 3414 5502 υοηειι.
3449 5468 3500 5501 Ill
3531 5468 3722 5516 agam.
3744 5468 3864 5518 pag.

2279 5468 2401 5573 gn.
2446 5522 2710 5574 Caeterum
2738 5522 2838 5573 ista
2862 5521 3086 5587 pecunia
3120 5519 3416 5588 persolutio
3439 5519 3617 5588 potius
3662 5519 3871 5574 videtur

2281 5592 2494 5662 populis
2522 5592 2841 5662 eligentibus
2870 5590 3153 5660 imperata,
3183 5599 3247 5662 _ut
3270 5588 3358 5659 jus
3386 5590 3617 5659 eligendi
3661 5604 3867 5644 consero

2282 5660 2492 5727 varent,
2524 5677 2687 5730 quam
2724 5661 2911 5715 electis
2936 5660 3305 5731 pontificibus.

2356 5732 2381 5770 ι’
2425 5734 2567 5801 Lege
2606 5740 2787 5785 notam
2831 5746 2935 5803 qua
2982 5733 3080 5786 ista
3112 5732 3351 5803 priorum
3381 5731 3648 5789 editorum
3691 5738 3869 5787 errata

2288 5804 2666 5871 castigavimus
2692 5812 2824 5857 tom.
2858 5802 2899 5866 Ι,
2942 5804 3048 5858 col.
3085 5802 3241 5857 1665.

2361 5886 2381 5912 ε
2425 5874 2595 5938 Quam
2622 5873 2808 5928 dicunt
2834 5889 2865 5928 a
2894 5873 2951 5928 S.
2984 5873 3124 5929 Luca
3154 5874 3371 5929 factam.
