4138 6470
345 390 444 469 281

833 410 895 467 S.
933 407 1256 465 GREGOIHI
1300 411 1513 468 MAGNI
1560 411 1741 481 Vl'l'A,
1787 411 1878 468 EX
1923 409 2089 466 EJUS
2128 412 2435 471 SCRIPTlS
2475 416 2871 475 ADORNATA.
2915 418 3047 477 LIB.
3086 420 3126 476 Ι.

3516 427 3624 483 282

342 538 490 598 sunt,
520 528 605 585 vel
633 527 775 600 quod
803 528 1113 598 ampliores,
1141 529 1224 584 vel
1254 530 1396 598 quod
1420 530 1700 600 propiores
1735 529 1932 591 lorent,
1963 529 2009 584 A
2038 528 2269 584 electum
2321 532 2520 599 studio,
2570 535 2860 590 certiorem
2914 534 3164 602 faciebat,
3222 537 3324 594 sibi
3389 541 3624 599 maxime

341 624 428 680 vel
476 621 619 692 quod
649 621 703 675 in
744 620 1054 691 regionibus
1083 621 1170 676 ubi
1221 622 1337 676 siue
1363 631 1515 676 erant
1550 621 1794 677 ecclesia:
1826 620 1929 675 illae

340 715 509 788 pestis
531 714 707 769 minus
734 722 1086 782 grassaretur.
1121 714 1379 769 Nimirum
1412 714 1705 769 cavendum
1733 722 1850 769 erat
1897 728 1927 768 a

340 807 477 864 locis
505 807 560 861 in
604 805 795 875 quibus
832 805 1007 861 acrius
1062 805 1283 859 morbus
1340 805 1681 859 desreviebat.
1739 804 1929 875 Itaque

338 899 489 971 juxta
517 897 826 970 opinionem
855 898 996 952 hanc
1044 914 1203 968 quam
1233 897 1373 951 ultro
1403 896 1576 952 fateor
1614 897 1801 952 nullibi
1852 898 1927 952 le-

340 992 482 1061 gisse
511 1005 619 1059 me,
651 999 765 1045 tum
792 989 1033 1046 Ecclesia
1065 989 1121 1044 S.
1151 988 1393 1056 Joannis,
1459 998 1569 1044 tum
1614 1000 1926 1046 sanctormn

338 1092 637 1155 martyrum
665 1083 870 1139 Cosmte
917 1093 972 1138 et
1003 1084 1242 1138 Damiani
1272 1083 1565 1154 designata:
1615 1092 1759 1147 sunt,
1818 1099 1927 1154 quo

338 1176 655 1233 conveniret
673 1176 860 1231 litania
877 1177 1222 1245 clericorum,
1251 1185 1305 1232 et
1346 1177 1487 1232 unde
1514 1186 1701 1247 postea
1739 1192 1929 1248 proce-

337 1269 492 1327 deret
546 1269 711 1342 (idem
738 1270 804 1324 de
826 1270 1034 1325 caeteris
1070 1269 1123 1324 in
1154 1269 1347 1340 quibus
1376 1269 1662 1326 discrimen
1695 1279 1797 1336 est,
1847 1271 1927 1325 di-

338 1362 640 1433 cendum),
705 1362 800 1417 sed
858 1361 923 1416 ad
987 1362 1299 1417 alterutram
1354 1369 1559 1416 tantum
1623 1378 1927 1419 convenere

335 1456 539 1512 clerici.

406 1547 487 1602 Ab
534 1546 637 1602 illis
663 1547 1146 1618 supplicationibus
1184 1548 1448 1617 originem
1480 1550 1709 1604 traxisse
1738 1548 1925 1603 viden-

336 1650 422 1694 tur
452 1648 480 1676 ⁸
535 1639 734 1694 litanire
781 1654 899 1709 quae
950 1638 1200 1695 dicuntur
1244 1639 1497 1710 majores,
1542 1640 1671 1695 etin
1698 1639 1833 1695 festo
1864 1640 1921 1696 S.

334 1729 494 1787 Marci
526 1731 817 1801 quotannis
839 1730 1218 1799 celebrantur,
1267 1748 1388 1787 cum
1442 1732 1544 1786 illze
1588 1748 1707 1803 quae
1752 1733 1805 1787 in
1838 1734 1926 1787 tri-

335 1826 444 1881 duo
474 1832 600 1880 ante
630 1825 1016 1880 Ascensionem
1071 1824 1283 1881 Domini
1336 1825 1488 1892 liunt,
1534 1826 1782 1881 dicantur
1819 1827 1922 1881 mi-

334 1932 515 1973 nores.

405 2014 455 2067 7.
523 2012 701 2079 Quaeri
730 2018 914 2082 potest
965 2025 1075 2080 quo
1127 2011 1345 2066 nomine
1398 2024 1574 2080 quave
1600 2012 1924 2067 auctoritate

334 2105 625 2176 Gregorius
654 2106 831 2160 adhuc
882 2104 1139 2160 diaconus
1171 2113 1402 2171 tantum,
1457 2104 1660 2160 electus
1706 2105 1924 2174 quidem

332 2200 399 2253 ad
450 2195 840 2269 pontiﬁcatum,
892 2196 986 2251 sed
1039 2196 1276 2250 nondum
1314 2195 1615 2259 ordinatus,
1671 2196 1924 2252 Ecclesia:

332 2291 589 2347 Romana:
610 2276 1082 2360 gubernationem,
1112 2289 1347 2359 quodam
1386 2290 1546 2345 modo
1572 2306 1922 2360 przeoccnpa-

332 2385 428 2451 vit,
461 2385 641 2439 omnia
670 2399 790 2453 qua:
816 2383 1065 2453 superius
1094 2383 1375 2437 retulimus
1398 2383 1759 2438 decernendo.
1787 2382 1923 2437 Eum

333 2475 553 2547 quidem
579 2476 692 2545 jam
743 2475 1113 2547 presbyterum
1154 2474 1352 2530 factum
1377 2475 1541 2531 fuisse
1572 2484 1762 2546 putant
1788 2492 1926 2531 non-

332 2566 485 2630 nulli,
516 2582 651 2636 quos
678 2566 819 2620 inter
844 2566 1048 2621 eminet
1077 2566 1356 2630 Baronius,
1388 2576 1610 2636 propter
1646 2567 1733 2621 illa
1761 2568 1828 2622 de
1856 2582 1923 2622 eo

331 2659 573 2730 Gregorii
604 2657 933 2713 Turonensis
960 2659 1104 2714 dicta
1140 2677 1152 2712 :
1204 2658 1310 2714 Srd
1337 2677 1438 2714 non
1461 2660 1655 2714 destitit
1680 2662 1923 2717 sacerdos

331 2760 505 2804 tantus
535 2751 822 2821 prtedicare
851 2751 1060 2820 po;.ulo,
1085 2758 1191 2805 etc.
1247 2750 1317 2803 At
1344 2765 1476 2805 vero
1507 2752 1802 2805 sacerdotis
1826 2768 1923 2807 no-

330 2844 475 2899 mine
513 2858 622 2899 non
676 2844 927 2898 solebant
955 2852 1165 2897 veteres
1215 2841 1499 2910 designare
1524 2845 1919 2915 presbyterum.

329 2932 512 3004 Itaque
542 2933 872 2989 Turonensis
900 2934 1195 3004 episcopus
1219 2942 1462 2988 nostrum
1492 2932 1813 3002 Gregorium
1835 2936 1923 2990 hic

330 3042 437 3082 non
488 3025 591 3080 alia
622 3026 832 3081 ratione
885 3026 1221 3081 sacerdotem
1264 3026 1517 3096 appellat,
1573 3041 1732 3096 quam
1779 3026 1924 3095 quod

330 3126 472 3175 esset
508 3116 575 3172 ad
623 3132 891 3173 summum
932 3118 1135 3173 electus
1164 3117 1561 3183 sacerdotium;
1594 3118 1732 3172 unde
1763 3118 1921 3188 paulo

329 3220 452 3282 post
484 3226 593 3265 non
642 3210 871 3265 obscure
920 3210 1097 3265 innuit
1147 3226 1269 3264 eum
1300 3210 1474 3265 adhuc
1522 3211 1573 3264 in
1604 3210 1921 3266 diaconatus

2037 623 2329 679 timendum
2385 634 2551 692 ratus,
2609 628 2676 684 de
2727 631 2846 697 fuga
2890 631 3287 700 quamprimum
3343 634 3619 703 cogitavit.

2032 716 2378 773 Formidabat
2426 720 2569 774 enim
2598 724 2798 776 celsum
2829 725 3070 793 quidem,
3112 735 3169 779 at
3189 726 3414 781 arduum
3461 730 3623 800 218

2032 807 2229 875 locum,
2285 809 2356 863 Et
2403 812 2479 866 sic
2519 814 2775 868 metuebat
2822 819 3136 887 paupertatis
3165 836 3273 875 sua:
3294 823 3622 880 securitatem

2030 901 2263 970 perdere,
2304 901 2455 956 sicuti
2504 906 2649 957 avari
2694 905 2874 959 divites
2927 907 3091 962 solent
3133 910 3389 980 perituras
3412 911 3621 971 divitias

2031 995 2307 1059 custodire,
2358 1004 2416 1049 ut
2444 996 2681 1064 ejusdem
2713 995 2956 1067 Gregorii
3006 998 3145 1069 (Lib.
3172 1018 3249 1064 ut,
3298 1001 3507 1075 Dialog.
3568 1022 3616 1061 c.

2032 1083 2120 1157 l4)
2148 1087 2309 1141 verba
2335 1103 2606 1157 usurpem.
2642 1087 2838 1142 Verum
2869 1105 2980 1142 cum
3003 1090 3220 1144 latibula
3250 1094 3387 1163 fuga:
3412 1111 3619 1165 praepa-

2030 1186 2189 1243 raret,
2222 1179 2442 1247 capitur,
2474 1179 2718 1244 trahitur,
2773 1186 2823 1232 et
2846 1179 2913 1231 ad
2944 1178 3079 1233 beati
3107 1182 3328 1251 apostoli
3355 1183 3497 1237 Petri
3528 1183 3622 1236 ba-

2028 1269 2229 1323 silicam
2267 1270 2562 1337 deducitur,
2618 1271 2785 1342 ibique
2812 1270 2882 1325 ad
2923 1272 3239 1342 pontiﬁcalis
3286 1276 3468 1343 gratim
3497 1276 3623 1346 ofﬁ-

2029 1360 2163 1413 cium
2191 1369 2541 1426 consecratus,
2570 1377 2707 1431 papa
2735 1360 2861 1415 Urbi
2891 1362 3043 1416 datus
3068 1372 3164 1416 est.
3191 1361 3317 1417 Hzec
3333 1362 3623 1432 Gregorius

2031 1451 2233 1507 Turon.
2289 1451 2441 1522 cujus
2470 1453 2655 1507 ultima
2683 1453 2848 1508 verba
2879 1453 3165 1524 exscripsit
3206 1453 3404 1507 Paulus
3432 1453 3622 1511 Diaco-

2030 1562 2150 1601 nus.
2183 1544 2345 1601 Addit
2384 1560 2515 1600 vero
2573 1544 2915 1615 Gregorium,
2975 1561 3097 1600 cum
3127 1546 3197 1600 ad
3253 1555 3437 1617 portas
3467 1546 3622 1605 Urbis

2028 1638 2261 1695 sollicite
2298 1639 2677 1703 excubaretur,
2701 1654 2769 1694 ne
2798 1639 3070 1705 evaderet,
3138 1654 3169 1693 a
3196 1640 3622 1709 negotiatoribus

2030 1733 2346 1801 impetrasse
2376 1740 2435 1786 ut
2462 1732 2514 1786 in
2546 1740 2755 1787 cratera
2778 1733 3079 1789 occultatus
3106 1732 3426 1789 educeretur
3469 1742 3621 1793 extra

2029 1822 2264 1892 Urbem;
2294 1824 2478 1895 sicque
2506 1840 2604 1896 per
2626 1826 2860 1881 triduum
2889 1825 3188 1893 delituisse,
3218 1827 3311 1882 sed
3340 1828 3496 1883 tertia
3527 1844 3622 1883 no-

1952 1919 2002 1981 B
2028 1924 2113 1971 cte
2139 1915 2338 1972 indicio
2369 1916 2581 1985 fulgidae
2610 1918 2876 1974 columna:
2897 1914 3063 1975 finisse
3083 1919 3357 1976 detectum
3387 1932 3443 1976 et
3468 1938 3620 1977 com-

2024 2008 2375 2079 prebensmu.
2430 2009 2588 2065 Missa
2618 2010 2755 2066 facio
2789 2022 2984 2067 caetera
3013 2027 3132 2081 qum
3157 2021 3267 2067 tum
3290 2014 3618 2083 obtigerunt,

2024 2103 2161 2157 mira
2204 2103 2422 2173 quidem
2449 2111 2504 2158 et
2554 2105 2836 2174 stupenda,
2890 2106 3016 2173 quia
3070 2106 3213 2176 apud
3263 2107 3484 2161 Paulum
3517 2107 3621 2177 legi

2025 2203 2249 2266 queunt.
2303 2196 2537 2252 Joannes
2568 2197 2838 2253 Diaconos
2883 2198 2935 2252 in
2967 2199 3216 2253 omnibus
3257 2197 3367 2254 fere
3397 2198 3620 2255 Paulum

2025 2278 2487 2359 secutus,'nullius
2518 2299 2698 2345 tamen
2728 2292 2866 2346 alius
2888 2292 3023 2359 signi
3045 2292 3309 2354 metninit,
3337 2308 3499 2363 quam
3527 2307 3621 2349 co-

2024 2380 2219 2436 lumnae
2248 2381 2477 2451 fulgidae.
2530 2381 2650 2452 Ipse
2675 2381 2968 2451 Gregorius
3014 2382 3271 2437 miracula
3304 2392 3430 2438 tunc
3456 2382 3620 2453 facta,

2025 2476 2127 2530 etsi
2159 2490 2404 2545 premere
2431 2475 2671 2543 silentio,
2730 2491 2838 2546 ptas
2858 2475 3122 2531 modestia
3149 2485 3204 2529 et
3232 2475 3395 2530 animi
3426 2475 3619 2533 demis-

2024 2566 2177 2621 sione
2201 2568 2343 2635 (quae
2372 2566 2540 2620 ambas
2578 2566 2805 2622 virtutes
2849 2567 2903 2621 in
2935 2567 3050 2636 ipso
3078 2568 3372 2636 prtesertim
3405 2568 3617 2624 enitue-

2024 2668 2168 2727 runt,
2202 2660 2491 2731 plurimum
2522 2669 2783 2730 optasset,
2821 2660 3162 2715 dissimulare
3194 2670 3370 2715 tamen
3397 2664 3618 2719 omnino

2027 2770 2134 2809 non
2163 2753 2360 2823 potuit,
2392 2753 2635 2808 scribens
2665 2752 2731 2807 ad
2776 2751 3044 2819 Natalem,
3100 2752 3474 2807 Salonitanum
3503 2756 3617 2825 epi-

2024 2862 2248 2916 scopum
2284 2865 2295 2899 :
2330 2845 2713 2901 Conscientiam
2742 2855 2975 2900 nostram
2996 2846 3309 2910 indicamus,
3341 2847 3500 2917 ipsius
3523 2847 3616 2901 ho-

2026 2940 2169 2994 noris
2191 2956 2351 2993 onera
2386 2924 2465 2992 me
2495 2955 2633 3009 aegro
2667 2940 2842 2991 animo
2870 2936 3174 3007 suscepisse.
3211 2935 3319 2991 Sed
3339 2938 3458 3008 quia
3489 2938 3615 2991 divi-

2024 3020 2337 3101 nisijudiciis
2364 3046 2466 3083 non
2491 3040 2725 3099 poteram
2748 3028 3020 3091 resultare,
3038 3036 3143 3082 etc.
3166 3025 3304 3096 (Lib.
3336 3043 3371 3092 ι,
3396 3044 3477 3097 ep.
3499 3026 3613 3095 21).

2025 3120 2090 3173 Et
2111 3121 2174 3174 ad
2206 3120 2509 3192 Cyriacum,
2535 3119 3191 3188 Consmntinopolitanum
3214 3118 3572 3187 patriarcham
3598 3136 3613 3172 :

2027 3211 2139 3283 Ego
2178 3230 2375 3283 quoque
2418 3214 2503 3282 qui
2551 3212 2794 3281 indignus
2842 3210 2912 3262 ad
2960 3214 3127 3263 locum
3172 3209 3438 3278 regiminis
3482 3209 3613 3275 veni,

328 3303 494 3373 gradu
536 3302 789 3373 positum.
847 3300 1031 3370 Neque
1084 3317 1214 3357 vero
1255 3302 1658 3374 presbyteratus
1680 3301 1812 3356 ordo
1838 3301 1927 3371 jus
1955 3295 2001 3358 C
2032 3304 2356 3373 inﬁrmitatis
2411 3319 2537 3357 mea:
2565 3304 2831 3365 conscius,
2869 3302 3147 3354 secretiora
3189 3300 3302 3353 loca
3333 3309 3500 3368 petere
3530 3298 3600 3352 ali

329 3395 430 3465 ipsi
458 3393 776 3450 contulisset
824 3394 1137 3448 exercenda
1168 3394 1218 3447 in
1272 3392 1569 3449 Romanam
1620 3393 1915 3448 Ecclesiam

330 3487 631 3559 potestatis.
686 3484 1091 3540 Subodoramur
1134 3500 1261 3555 ergo
1300 3484 1617 3554 Gregorium
1660 3494 1917 3553 tanquam

330 3578 561 3632 electum
592 3574 921 3646 pontiﬁcem,
954 3576 1194 3631 vacantis
1222 3575 1365 3630 sedis
1393 3575 1916 3631 administrationem

329 3676 542 3723 nactum
575 3683 696 3723 esse
750 3682 871 3722 cum
903 3667 1021 3721 aliis
1060 3666 1310 3722 Ecclesiae
1361 3667 1619 3723 Romame
1662 3667 1914 3734 vicariis;

329 3761 486 3830 idque
518 3759 840 3827 conjicimus
869 3773 933 3812 ex
966 3758 1194 3827 epistola
1233 3759 1365 3814 cleri
1424 3759 1650 3814 Romani
1681 3759 1749 3813 ad
1779 3759 1916 3813 Sco-

328 3863 414 3910 tos
433 3852 659 3918 reddita,
684 3867 805 3905 cum
828 3859 1043 3905 mortuo
1065 3850 1326 3905 Severino
1359 3867 1495 3920 papa
1522 3852 1679 3905 sedes
1706 3862 1919 3921 aposto-

326 3942 429 3998 lica
459 3948 679 3996 vacaret
707 3955 851 3994 anno
908 3940 1123 3994 circiter
1173 3939 1297 3994 640.
1355 3940 1445 3993 Illa
1504 3942 1647 3995 enim
1693 3942 1919 4007 epistola

326 4036 526 4105 scripta
584 4033 778 4102 legitur
829 4031 1042 4086 nbmine
1099 4031 1317 4096 Hilarii,
1394 4034 1827 4105 archipresbyteri
1870 4042 1919 4087 et

327 4128 578 4185 servantis
609 4128 799 4192 locum,
830 4125 1055 4191 scilicet,
1089 4134 1147 4179 ut
1184 4140 1440 4194 auguror,
1475 4126 1678 4190 vicarii,
1724 4135 1920 4181 sancta:

327 4222 460 4277 sedis
492 4219 821 4291 apostolicte;
868 4218 1091 4288 Joannis
1116 4260 1131 4285 ,
1172 4220 1382 4273 diaconi
1427 4230 1475 4273 et
1503 4220 1555 4273 in
1586 4219 1684 4273 Dei
1712 4222 1922 4274 nomine

325 4314 490 4379 electi,
524 4312 735 4382 quiluit
765 4311 1003 4367 Joannes
1032 4310 1132 4378 lV;
1172 4311 1416 4375 Joannis,
1441 4311 1723 4382 primicerii
1739 4323 1788 4366 et
1809 4330 1920 4366 ser-

327 4410 492 4462 ventis
522 4406 687 4462 locum
709 4404 1006 4476 apostolica:
1028 4406 1195 4470 sedis;
1243 4414 1291 4459 et
1311 4404 1535 4459 Joannis
1567 4448 1581 4471 ,
1623 4407 1752 4458 servi
1798 4403 1917 4471 Dei,

326 4499 613 4554 consiliarii
641 4498 868 4569 ejusdem
897 4498 1034 4551 sedis
1065 4497 1385 4567 apostolicae.
1415 4496 1569 4563 Quod
1600 4512 1921 4551 monumen-

332 4598 447 4645 tum
479 4591 696 4645 exhibet
724 4590 979 4645 venerab.
1012 4589 1154 4645 Beda
1186 4590 1276 4645 lib.
1312 4606 1349 4645 ιι
1382 4590 1539 4656 Hist.,
1574 4607 1622 4643 ρ.
1651 4588 1748 4655 29ς
1777 4590 1921 4645 unde

2019 3396 2227 3467 quando
2245 3395 2603 3456 decreveram;
2628 3393 2717 3446 sed
2740 3409 2964 3463 superna
2988 3391 3112 3444 mihi
3124 3391 3325 3461 judicia
3349 3390 3615 3444 adversari
3660 3454 3665 3460 Ι

2020 3487 2361 3557 conspiciens,
2378 3485 2509 3556 jugo
2562 3482 2859 3539 Conditoris
2889 3482 3096 3537 subdidi
3147 3482 3394 3535 cervicem
3420 3480 3615 3537 cordis.

2022 3578 2161 3649 (Lib.
2191 3596 2283 3644 vn,
2309 3596 2388 3649 ep.
2423 3576 2501 3646 4.)
2528 3575 2686 3645 Fuga:
2717 3574 3151 3642 latebrarumqne
3185 3587 3404 3627 suarum
3427 3571 3615 3626 mentis

2021 3672 2099 3726 nit
2128 3686 2350 3740 quoque
2380 3667 2533 3721 initio
2555 3666 2674 3719 libri
2710 3665 2926 3734 Regula:
2955 3662 3268 3718 Pastoralis.
3308 3660 3387 3716 lta
3417 3660 3617 3732 Grego~

2020 3765 2131 3818 rius
2161 3761 2424 3825 vocantis,
2457 3758 2649 3813 melius
2682 3757 2930 3823 dixerim,
2991 3754 3234 3824 cogentis
3276 3753 3374 3809 Dei
3426 3754 3617 3822 signis,

2021 3856 2203 3928 potius
2232 3869 2393 3922 qnam
2424 3850 2701 3905 hominum
2730 3850 2870 3904 votis
2900 3849 3300 3917 obtemperans,
3330 3846 3620 3902 accedente

2024 3945 2365 4017 imperatoris
2395 3957 2657 3997 consensu
2693 3950 2747 3995 et
2767 3941 3150 4009 gratulatione,
3208 3939 3491 3995 ordinatus
3536 3947 3620 3997 est

2022 4040 2111 4093 die
2152 4039 2184 4090 5
2211 4034 2546 4106 Septembris
2573 4048 2660 4087 an.
2695 4031 2818 4097 590,
2875 4033 2928 4086 in
2959 4032 3075 4102 ipso
3105 4029 3414 4087 indictionis
3465 4045 3621 4086 nomn

2024 4131 2307 4203 principio,
2338 4144 2457 4197 qua:
2486 4126 2601 4181 dies
2629 4126 2682 4180 in
2706 4124 2902 4179 tabulis
2931 4122 3311 4179 ecclesiasticis
3330 4123 3617 4192 consigna-

2024 4232 2101 4289 ta,
2160 4222 2287 4277 olim
2334 4219 2431 4273 luit
2483 4218 2855 4274 celeberrima.
2913 4215 3047 4270 Cum
3099 4216 3240 4270 enim
3297 4213 3618 4273 sanctissimi

2025 4315 2301 4373 Pontiﬁcis
2329 4313 2524 4368 natalis
2553 4311 2754 4367 incidat
2783 4311 2835 4365 in
2864 4309 3007 4365 diem
3037 4308 3104 4362 12
3121 4308 3319 4374 Martii,
3351 4324 3458 4378 quo
3482 4315 3617 4361 tem-

2024 4427 2157 4483 pore
2183 4420 2406 4480 propter
2448 4405 2921 4476 Quadragesimam
2953 4403 3111 4459 nullae
3142 4404 3434 4472 antiquitus
3460 4409 3617 4457 erant

2025 4504 2349 4559 Sanctorum
2379 4500 2650 4557 solemnes
2700 4498 2845 4554 feria:
2865 4539 2879 4564 ,
2931 4497 3295 4552 anniversaria
3326 4496 3441 4564 ejus
3471 4493 3617 4549 ordi~

2028 4593 2260 4647 nationis
2300 4592 2434 4659 dies,
2492 4592 2656 4662 ipsius
2700 4589 2974 4645 memoria:
2996 4584 3330 4642 celebranda:
3360 4584 3459 4637 luit
3486 4598 3616 4639 con-

325 4684 604 4739 addiscere
659 4683 806 4749 licet,
860 4684 1056 4753 quibus
1088 4683 1423 4738 demandata
1477 4685 1617 4738 foret
1666 4682 1919 4738 Ecclesia
1948 4677 2259 4741 Dsecrata.

326 4777 583 4834 Romana:
609 4778 1022 4845 administratio,
1071 4777 1244 4833 donec
1271 4779 1362 4847 qui
1390 4779 1593 4834 electus
1618 4785 1736 4835 erat
1777 4795 1917 4852 pon-

326 4866 455 4923 tifex
484 4875 916 4924 consecraretur.

396 4958 451 5015 8.
477 4959 553 5015 De
575 4959 874 5015 concivium
892 4974 1111 5013 suorum
1128 4960 1301 5015 salute
1320 4962 1585 5019 sollicitus
1599 4962 1916 5036 Gregorius,

326 5056 466 5125 pene
516 5054 599 5108 sui
656 5054 854 5109 oblitus
898 5052 1095 5121 luerat,
1150 5064 1207 5110 et
1260 5059 1595 5127 propositum
1652 5060 1916 5130 fugiendae

327 5144 611 5216 pontiﬁciaa
667 5134 961 5215 dignitatis
1000 5146 1377 5202 intermiserat.
1436 5149 1669 5207 Securus
1724 5153 1908 5209 forsan

326 5238 649 5302 dormiebat,
682 5237 821 5306 quod
870 5236 1181 5292 Mauricium
1213 5240 1594 5308 imperatorem
1628 5244 1738 5299 suis
1788 5260 1909 5316 sup-

327 5329 555 5400 plicibus
585 5330 777 5385 litteris
800 5340 1105 5401 permotum
1133 5331 1391 5387 electioni
1444 5333 1597 5389 factm
1641 5353 1745 5391 non
1786 5353 1916 5393 son-

325 5436 606 5478 sensurum
661 5431 925 5490 speraret.
1002 5422 1071 5478 Ut
1115 5439 1245 5478 vero
1300 5428 1510 5496 accepit
1560 5428 1912 5500 interceptam

325 5512 489 5569 fuisse
517 5531 667 5570 suam
717 5516 785 5570 ad
822 5515 1115 5584 Augustum
1154 5517 1435 5586 epistolam
1474 5527 1528 5573 et
1555 5519 1727 5591 laliam
1767 5522 1917 5578 dela-

326 5612 438 5662 tam
468 5623 571 5679 qna
604 5594 885 5677 praifectus
916 5605 1072 5663 Urbis
1100 5623 1219 5662 eum
1259 5607 1326 5663 de
1360 5607 1627 5664 electione
1668 5612 1913 5668 unanimi

322 5710 591 5756 consensu
630 5698 793 5768 facta,
851 5706 909 5753 et
956 5698 1024 5755 de
1048 5698 1348 5757 incredibili
1376 5701 1560 5773 populi
1594 5702 1756 5759 totius
1782 5719 1912 5777 erga

2095 4777 2245 4833 Nunc
2272 4791 2404 4832 vero
2427 4774 2699 4845 paululum
2721 4774 3096 4835 subsistamus,
3129 4778 3184 4823 et
3202 4767 3447 4822 admirati
3481 4782 3616 4838 pene

2023 4871 2276 4926 invictam
2297 4867 2541 4935 Gregorii
2560 4868 2611 4919 in
2635 4866 2886 4932 fugiendo
2903 4862 3216 4933 pontiﬁcatu
3241 4861 3613 4932 pertinaciam,

2024 4960 2304 5017 doleamus
2335 4958 2585 5013 Ecclesia:
2615 4958 2806 5019 vicem,
2837 4956 2987 5024 cujus
3016 4955 3302 5025 dignitates
3331 4963 3385 5010 et
3406 4971 3613 5011 summa

2022 5054 2321 5112 sacerdotia
2362 5052 2618 5106 invadunt
2653 5052 2896 5121 plerique
2927 5052 3226 5118 ambitiosi,
3255 5068 3319 5107 ea
3343 5053 3429 5107 vel
3458 5060 3614 5107 nata-

2020 5150 2151 5205 lium
2181 5161 2400 5203 suorum
2423 5144 2719 5214 splendori,
2749 5143 2833 5198 vel
2857 5145 3380 5214 consanguineorum
3404 5145 3611 5200 bellicae

2018 5240 2338 5307 fortitudini,
2365 5239 2449 5294 vel
2476 5238 2589 5294 suis
2614 5238 2667 5292 in
2691 5237 2811 5291 aula
2835 5237 3107 5307 obsequiis
3133 5238 3468 5308 assiduisque
3489 5253 3612 5308 pre-

2022 5337 2173 5392 cibus
2201 5341 2257 5389 et
2283 5330 2735 5387 excubationibus
2761 5328 2937 5383 debita
2962 5330 3351 5384 existimantes.
3378 5328 3610 5383 Tantum

2026 5445 2056 5485 e
2086 5426 2259 5481 Gallia
2307 5424 2505 5479 malum
2543 5435 2734 5491 magna
2768 5419 2879 5489 jam
2928 5435 2996 5475 ex
3047 5428 3196 5492 parte
3241 5419 3444 5489 depulit
3492 5417 3609 5473 Rex

2020 5516 2503 5575 Christianissimus
2540 5512 2843 5569 Ludovicus
2871 5509 3013 5579 XIV,
3044 5509 3196 5577 cujus
3222 5508 3472 5578 exemplo
3501 5509 3609 5562 uti-

2020 5630 2144 5670 nam
2173 5612 2537 5681 obsequantur
2563 5621 2752 5663 omnes
2780 5620 3009 5675 quorum
3041 5604 3262 5658 interest
3295 5617 3307 5652 :
3340 5598 3408 5652 Et
3437 5608 3609 5653 tamen

2017 5722 2204 5763 nomen
2228 5703 2417 5760 Christi
2438 5702 2594 5756 etiam
2612 5716 2705 5771 per
2721 5699 2977 5754 lucrorum
3000 5702 3275 5751 sectatores
3297 5708 3406 5748 sum
3427 5693 3609 5766 gloria:

400 5949 426 5977 ι
463 5936 541 5995 De
596 5936 818 5993 Litaniis
856 5935 1199 5993 consulendos
1228 5943 1369 5992 notae
1407 5934 1470 5991 ad
1501 5934 1694 5992 librum
1723 5933 2215 5996 Sacramentorum.
