4138 6468
524 389 633 445 285

1015 380 1073 443 S.
1115 370 1439 443 GBEGOﬂll
1482 383 1695 440 MAGNI
1742 384 1921 454 VI'I‘A,
1964 386 2057 442 EX
2099 384 2259 442 EJUS
2298 386 2601 443 SCRIPTIS
2640 384 3032 441 ADORNATA.
3072 381 3199 438 LIB.
3241 377 3305 433 ll.-

3692 372 3801 429 284

515 505 698 558 retinet
733 508 1054 573 pdtestatem.
1098 499 1163 553 Et
1199 500 1331 569 fiunt
1362 501 1413 554 in
1444 499 1631 553 talibus
1669 502 1840 554 causis
1870 502 2097 555 ministri
2128 505 2180 563 Α
2205 504 2338 556 lui:
2370 511 2420 555 et
2455 513 2622 557 tamen
2674 519 2817 555 mare
2857 502 3033 556 seaculi
3077 501 3229 570 hujus
3278 512 3595 551 necessarios
3638 491 3799 548 habet

515 592 847 657 mercenarii,
880 592 1009 643 sicut
1046 606 1200 643 naves
1230 592 1599 645 onerariae..."
1634 608 1850 662 quarum
1878 602 2099 646 rectores

514 686 684 756 potius
724 698 898 737 eorum
926 698 1051 753 quos
1082 682 1273 734 ducunt
1312 683 1542 752 pecuniis
1569 683 1801 748 inhiant,
1830 698 1985 752 quam
2013 699 2099 735 sas

2208 593 2502 661 hujnsmodi
2534 603 2922 647 transvectores.
2957 590 3121 662 (Vide
3159 590 3382 643 Arnatd.
3417 589 3479 641 de
3512 584 3797 641 Βοηαυααϐ

2205 683 2293 736 tib.
2328 684 2390 737 de
2422 684 2580 737 σανα.
2602 683 2794 739 Christi
2821 699 2991 753 oper.,
3020 698 3067 735 ε.
3101 682 3163 735 de
3191 680 3391 750 Baptis.
3411 679 3647 746 Christi.)

1615 950 1961 1033 LIBER
2014 943 2680 1036 SECUNDUS.

1067 1092 1363 1169 Quatuor
1397 1088 1645 1170 priores
1676 1088 2091 1169 pontiﬁcatus
2153 1087 2223 1148 S.
2259 1086 2556 1167 Gregorii
2584 1107 2785 1151 annos
2817 1090 3226 1168 complectens

1026 1324 1254 1384 CAPUT
1292 1323 1583 1381 PRIMUM.

516 1419 863 1473 Ᾱιισιηιεκτωι.
882 1445 941 1455 -
969 1419 1009 1467 l.
1038 1417 1383 1481 S.7Gregorius
1401 1418 1673 1481 ordinatur,
1700 1424 1755 1481 et
1775 1414 1885 1481 ﬁdei
1909 1409 2103 1481 symbo-

577 1486 675 1533 lum
702 1484 893 1531 emittit.
922 1508 978 1515 —
1002 1484 1045 1529 9.
1076 1472 1302 1539 Ejusdem
1332 1480 1555 1541 synodica
1583 1472 1786 1541 cpistola
1812 1472 1868 1541 ad
1895 1474 2097 1535 patriar-

575 1548 770 1596 chas.—
787 1550 833 1593 5.
858 1545 931 1592 De
959 1544 1109 1604 ipsius
1133 1539 1465 1601 inscriptione.
1492 1566 1553 1575 -—
1576 1539 1625 1589 4.’
1667 1541 1763 1588 Cur
1799 1539 1931 1604 dicta
1956 1546 2103 1593 syno-

573 1609 699 1658 dica.
727 1608 848 1656 --5.
891 1602 1259 1654 Gratulantibus
1282 1604 1343 1650 de
1379 1610 1611 1666 suscepto
1656 1602 2102 1666 pontiﬁcatu-quam

574 1669 827 1718 humiliter
845 1668 1168 1731 rescripserit.
1197 1692 1255 1731 -_—
1278 1666 1331 1715 6.
1356 1665 1469 1710 Alia:
1520 1658 1696 1723 printer
1738 1663 1897 1731 animi.
1919 1658 2103 1731 demis-

574 1737 782 1787 sionem,
809 1721 1117 1777 detrectandi
1157 1728 1467 1786 episcopatus
1490 1721 1669 1785 causae,
1699 1721 2101 1789 grav-issiliia_Ec-

575 1794 742 1845 clesiaz
768 1782 907 1840 mala.
927 1791 1046 1837 ~7.
1076 1790 1139 1836 Ea
1162 1782 1337 1851 magna
1357 1802 1417 1835 cx
1442 1798 1579 1848 parte
1603 1782 1815 1851 sustulit.
1836 1811 1901 1851 ——_;
1920 1786 1963 1851 8A.
1991 1782 2104 1851 Ejus

577 1854 668 1903 hoc
715 1857 761 1902 in
804 1866 955 1911 Opere
1002 1845 1266 1911 adjutores:
1311 1845 1523 1896 Joannes
1565 1848 1654 1897 (1P.
1693 1848 1824 1895 -—9.
1868 1845 2105 1911 Eulogius

577 1904 1033 1966 Alexandrinus—
1060 1904 1137 1961 10.
1202 1911 1483 1959 Anastasius
1534 1911 1882 1959 Antiochenus.
1919 1904 2100 1953 -ο“11.

579 1979 719 2029 Joan.
744 1976 1191 2037 Jortisolyrnitatius.
1218 1973 1377 2037 —_12._
1420 1972 1748 2037 Domitianus,
1780 1971 1971 2037 Arabiae
1995 1981 2103 2037 me-

578 2026 752 2101 trbpbl.
779 2064 838 2073 ——
862 2026 1237 2103 15.:Dominicus
1254 2033 1566 2103 Car‘thag."—-
1586 2033 1662 2103 μ.
1791 2026 2019 2103 Leander
2046 2033 2099 2103 in

578 2096 897 2159 His'panis.—-
936 2098 1003 2149 15.
1056 2096 1283 2152 Virgilius
1322 2097 1533 2156 Arelat.,
1583 2098 1836 2159 Sysgrius,
1884 2101 2004 2153 etc,
2052 2096 2102 2141 in

578 2115 897 2211 HIs‘pgﬂlL—
936 2115 1003 2149 lo.
1060 2115 1242 2171 Virgini

575 2162 662 2214 Gal
686 2177 757 2211 us.
780 2163 891 2223 (Au.
920 2161 1010 2211 590
1036 2168 1087 2208 et
1109 2159 1242 2221 591.)

582 2265 638 2323 i.
666 2274 695 2303 ι
722 2262 1130 2321 Consecrandus
1156 2260 1223 2317 de
1251 2275 1406 2316 more
1432 2258 1745 2328 Gregorius,
1778 2257 1845 2313 ad
1875 2256 2098 2312 Confes-

512 2360 720 2417 sionem
760 2356 820 2413 S.
870 2355 1017 2411 Petri
1058 2354 1429 2425 apostolorum
1479 2352 1741 2422 principis
1787 2351 1984 2407 ductus
2026 2366 2112 2405 esi.

515 2452 657 2523 (hoc
684 2450 904 2504 nomine
933 2447 1246 2515 intelligitur
1272 2445 1414 2515 apud
1443 2454 1655 2499 veteres
1682 2443 1798 2511 ejus
1823 2441 2111 2511 sepultura:

513 2539 714 2614 locus),
748 2540 837 2595 ubi
868 2538 1026 2593 ﬁdem
1059 2537 1418 2592 orthodoxam
1457 2535 1737 2605 exposuit,
1777 2548 1938 2603 quam
1971 2533 2109 2586 intra

513 2646 719 2705 paucos
745 2630 1003 2686 articulos
1031 2628 1347 2698 complexus
1377 2635 1478 2691 est.
1520 2624 1651 2681 Illud
1684 2634 1863 2680 autem
1894 2626 2110 2697 symbo-

512 2724 625 2781 lum
680 2721 937 2779 exhibent
998 2720 1231 2789 Registri
1288 2718 1652 2789 Epistolarum
1708 2717 1929 2774 codices
1998 2716 2113 2772 fere

513 2830 703 2873 omnes
744 2829 906 2870 manu
936 2812 1183 2881 exarati,
1223 2811 1310 2869 vel
1354 2811 1406 2865 iu
1454 2810 1632 2881 capite
1674 2810 1759 2865 vel
1785 2809 1853 2863 ad
1884 2808 2106 2875 calcem,

514 2910 814 2979 legiturque
844 2905 985 2977 apud
1015 2903 1281 2962 Joannem
1307 2904 1604 2960 Diaconum
1627 2903 1720 2958 lib.
1753 2918 1810 2967 ιι,
1842 2917 1893 2957 c.
1928 2899 2000 2955 2:
2030 2899 2111 2953 id-

515 3001 658 3058 circo
702 3002 877 3055 iosum
917 3006 1173 3069 tanquam
1200 2997 1495 3066 genuinum
1544 2995 1602 3052 S.
1645 2994 1893 3065 Gregorii
1940 2992 2110 3048 fetum

514 3090 756 3163 epistolis
783 3088 1176 3149 subiiciendum
1198 3088 1469 3143 duximus.

583 3186 632 3237 Ξ.
692 3182 761 3239 Ut
812 3185 991 3238 etiam.
1027 3188 1262 3251 recepta:
1313 3179 1629 3249 jamdudum
1665 3178 1691 3216 δ
1732 3176 2111 3235 consuetudini

517 3291 721 3331 morem
749 3283 984 3344 gereret,
1012 3274 1327 3345 synodieam
1357 3273 1643 3342 epistolam
1667 3272 1881 3341 scripsit
1902 3269 1969 3325 ad
1992 3285 2114 3325 ont-

518 3383 614 3424 nes
639 3366 1004 3437 patriarchas,
1037 3366 1090 3419 ln
1120 3379 1224 3433 qua
1264 3364 1537 3432 suscipere
1576 3378 1641 3418 ac
1671 3362 1917 3417 venerari
1947 3357 2131 3431 proﬁ-r

518 3470 661 3517 tetur
690 3467 924 3531 quatuor
950 3458 1201 3518 concilia.
1234 3456 1530 3521 Nicmnum,
1561 3453 2111 3524 Constantinopolita-

2208 1318 2382 1373 solum
2437 1336 2636 1379 nomen
2683 1326 3006 1393 patriarcha:
3051 1324 3120 1380 ad
3170 1340 3330 1395 quem
3381 1325 3807 1396 unumquodque

2206 1412 2521 1467 mittebatur
2548 1424 2667 1469 erat
2694 1416 3033 1486 inscriptum.
3091 1416 3273 1485 Neque
3312 1417 3453 1471 enim
3493 1418 3807 1487 exemplum

2205 1503 2348 1569 quod
2380 1504 2445 1558 ad
2488 1504 2750 1561 Joannem
2782 1507 3018 1562 delatum
3049 1518 3159 1572 est,
3210 1508 3352 1561 aliud
3394 1524 3553 1578 quam
3581 1506 3810 1563 Joannis

2208 1593 2373 1663 ipsius
2405 1612 2599 1652 nomen
2632 1597 2971 1667 prmlerebat.
3008 1609 3029 1636 ε
3063 1598 3199 1654 Hinc
3238 1599 3429 1667 legitur
3462 1598 3649 1653 Frater
3674 1601 3802 1654 cha-

2210 1688 2435 1757 rissime,
2469 1706 2574 1744 non
2604 1689 2824 1746 Fratres
2858 1693 3168 1747 charissimi.
3204 1691 3454 1747 Nostram
3483 1695 3811 1748 sententiam

2210 1779 2523 1847 conﬁrmat,
2552 1782 2695 1852 quod
2719 1783 3064 1852 subjunctum
3107 1783 3297 1849 fuerit,
3340 1802 3372 1837 a
3410 1784 3650 1855 paribus,
3685 1796 3812 1853 post

2209 1870 2634 1939 patriarcharum
2683 1874 2933 1939 nomina,
2988 1883 3044 1928 ut
3092 1874 3143 1927 in
3195 1875 3334 1929 notis
3374 1875 3805 1931 observavimus.

2212 1959 2388 2016 Nihilo
2422 1970 2598 2018 tamen
2620 1965 2795 2019 minus
2816 1964 2930 2035 jam
2955 1965 3415 2022 consentientibus
3436 1966 3552 2022 aliis
3575 1968 3810 2037 patriar-

2214 2055 2363 2121 chis,
2397 2055 3034 2130 Constantinopolitanus
3073 2060 3305 2129 primum
3336 2060 3511 2116 locum
3543 2068 3664 2131 post
3696 2060 3812 2115 Ro-

2136 2189 2181 2248 Β
2213 2162 2429 2203 manum
2458 2149 2765 2219 pontiﬁcem
2794 2151 3090 2206 obtinebat.

2286 2240 2437 2297 Tunc
2453 2242 2561 2298 duo
2582 2251 2734 2298 erant
2758 2244 3079 2300 Antiocheni
3102 2244 3450 2315 patriarchae;
3477 2261 3597 2299 nam
3620 2244 3643 2281 ’³
3666 2244 3815 2299 Ana-

2214 2334 2413 2397 stasio,
2465 2351 2532 2389 ex
2577 2335 2679 2391 hac
2728 2337 2857 2393 sede
2904 2337 3091 2409 pulso,
3142 2335 3434 2406 Gregorius
3492 2338 3815 2407 subrogatus

2182 2423 2417 2495 -luerat;
2470 2427 2613 2497 quod
2653 2444 2775 2483 cum
2810 2429 3002 2499 injuria
3046 2430 3214 2501 magis
3261 2444 3421 2499 quam
3458 2445 3577 2499 jure
3610 2430 3813 2484 factum

2213 2520 2419 2585 fuisset,
2446 2520 2771 2592 aliundeque
2788 2523 3105 2579 Anastasius
3124 2526 3391 2596 praecipua
3415 2524 3572 2581 laude
3592 2527 3814 2596 pietatis

2214 2622 2267 2667 et
2290 2613 2549 2669 doctrina:
2585 2615 2724 2669 inter
2749 2613 3039 2669 Orientalis
3066 2614 3320 2671 Ecclesia:
3346 2618 3614 2672 antistites
3642 2617 3813 2686 fulge-

2214 2714 2328 2770 ret;
2379 2705 2551 2760 noluit
2600 2714 2819 2761 sanctus
2862 2706 3107 2777 pontifex
3156 2724 3253 2779 pro
3296 2717 3647 2764 exauctorato
3686 2724 3813 2763 eum

2213 2798 2445 2862 habere,
2495 2797 2588 2853 sed
2632 2800 2699 2853 ad
2745 2800 2920 2869 ipsum
2952 2800 3091 2855 sicut
3118 2801 3184 2856 ad
3214 2809 3438 2858 ceteros
3477 2801 3813 2872 patriarchas

2212 2889 2530 2959 synodicam
2562 2890 2874 2945 transmisit.
2908 2889 3134 2962 Jamque
3157 2892 3223 2946 ad
3251 2893 3490 2962 ejusdem
3512 2893 3723 2949 litteras
3745 2894 3815 2951 de

2210 2986 2463 3049 suscepto
2508 2994 2719 3033 summo
2750 2978 3062 3049 pontiﬁcatu
3090 2980 3475 3049 gratulatorias
3512 2980 3811 3051 responde-

2210 3076 2314 3122 rat.
2346 3066 2453 3123 Sed
2482 3068 2607 3138 quia
2638 3066 2930 3139 Gregorius
2962 3070 3010 3124 ei
3041 3085 3321 3125 successor
3352 3070 3527 3137 datus,
3562 3087 3660 3140 pro
3684 3071 3815 3141 legi-

2213 3159 2346 3213 timo
2376 3168 2593 3228 pastore
2642 3160 2696 3214 in
2746 3160 2992 3216 universa
3032 3157 3266 3215 Orientis
3296 3159 3534 3217 Ecclesia
3554 3204 3567 3227 ,
3596 3163 3814 3219 nemine

2211 3249 2516 3306 reluctante
2546 3252 2959 3321 agnoscebatur,
2989 3253 3069 3307 vir
3091 3254 3333 3324 alioquin
3357 3256 3425 3310 ob
3448 3256 3815 3312 sanctissimos

2212 3358 2411 3409 mores,
2439 3344 2756 3414 episcopatu
2779 3343 2990 3414 dignus,
3023 3360 3143 3400 eum
3170 3350 3441 3415 prazterire
3468 3348 3812 3404 insalutatam

2212 3450 2319 3490 non
2349 3435 2537 3489 debuit
2563 3451 2733 3491 novus
2762 3451 2922 3509 papa,
2956 3453 3024 3493 ne
3054 3454 3242 3508 pacem
3272 3440 3535 3495 turbaret.

519 3568 645 3610 nam
678 3554 943 3624 primum,
977 3550 1338 3621 Ephesinum,
1379 3556 1435 3604 et
1472 3547 1951 3615 Chalcedonenso,
1979 3546 2111 3600 sicut
2141 3564 2187 3629 ρ
2288 3550 2342 3608 ι.
2393 3550 2661 3622 Synodica
2709 3553 2796 3608 vel
2842 3552 3117 3625 synodalia
3170 3554 3313 3610 dicta
3362 3564 3444 3610 est
3491 3556 3816 3625 prtelaudata

520 3646 682 3700 sancti
727 3642 999 3715 Evangelii
1040 3651 1262 3715 quatuor
1308 3640 1464 3696 libros
1514 3639 1667 3711 (Lib.
1701 3653 1747 3705 ι,
1799 3655 1880 3709 ep.
1915 3637 1994 3709 4).
2058 3638 2113 3693 lu

519 3736 708 3793 eadem
731 3736 961 3806 epistola
983 3735 1261 3807 ynodica,
1283 3750 1345 3789 ea
1368 3748 1471 3803 qua
1497 3746 1593 3803 par
1612 3740 1729 3787 erat
1748 3732 2117 3798 veneratione,

518 3827 813 3898 Gregorius
859 3827 1207 3897 amplectitur
1245 3827 1493 3895 quintum
1542 3824 1869 3887 concilium,
1916 3824 1973 3878 in
2020 3841 2119 3894 quo

518 3921 733 3990 epistola
783 3935 899 3990 qua:
947 3917 1057 3975 Ibat
1097 3918 1307 3981 dicitur,
1352 3918 1543 3972 erroris
1586 3916 1739 3987 plena
1779 3913 2117 3985 reprobatur;

520 4010 825 4066 Theodorus
865 4027 1141 4081 personam
1173 4009 1483 4064 Mediatoris
1516 4007 1611 4064 Dei
1650 4018 1699 4063 et
1729 4008 2021 4073 hominum,
2065 4008 2120 4063 in

520 4102 718 4157 duabus
747 4104 911 4173 ἰθ
937 4102 1241 4156 substantiis
1282 4118 1533 4171 separatis
1551 4139 1566 4166 ,
1597 4102 1665 4155 ad
1694 4102 1975 4171 impietatis
2004 4118 2121 4167 per-

521 4195 704 4268 ﬁdiam
727 4193 972 4246 cecidisse
991 4196 1345 4258 convincitur;
1370 4194 1564 4262 scripta
1581 4206 1775 4264 quoque
1799 4194 2121 4260 Theodoriti,

522 4301 613 4355 per
626 4299 741 4355 qua:
763 4281 895 4335 beati
920 4280 1102 4351 Cyrilli
1124 4284 1253 4351 ﬁdes
1271 4284 1680 4353 reprehenditur,
1704 4301 1833 4339 ausu
1849 4285 2120 4339 dementire

522 4379 732 4450 prolata
755 4378 1065 4447 refutantur.
1093 4376 1284 4432 Subdit
1311 4396 1322 4430 :
1350 4376 1573 4431 Cunctas
1598 4390 1712 4433 vero
1742 4395 1871 4449 quas
1894 4381 2122 4449 prrcfata

522 4469 817 4525 ueneranda
843 4469 1063 4523 concilia
1092 4484 1341 4537 personas
1372 4478 1648 4539 respuunt,
1688 4486 1872 4539 respuo
1942 4468 2113 4538 (Ibid.

522 4580 604 4634 ep.
633 4562 746 4631 35).
791 4560 1028 4616 Tandem
1054 4560 1327 4630 quoslibet
1368 4560 1524 4615 aliter
1552 4562 1849 4616 sentientes
1890 4562 2119 4616 anathe-

523 4662 667 4709 mate
706 4653 848 4709 ferit.
906 4652 963 4707 In
998 4653 1100 4707 alia
1128 4669 1310 4708 rursus
1348 4653 1573 4721 epistola
1601 4651 1745 4723 (Lib.
1775 4670 1859 4719 ιιι,
1891 4672 1973 4725 ep.
2008 4656 2116 4725 10),

524 4754 755 4814 quatuor
800 4746 1119 4801 universalis
1166 4745 1420 4801 Ecclesiae
1464 4747 1683 4818 synodis
1723 4762 1844 4803 cum
1891 4750 2115 4805 tofidem

525 4838 675 4893 libris
702 4837 1110 4906 Evangeliornm
1152 4840 1366 4895 collatis
1397 4855 1661 4896 summam
1692 4856 2113 4913 supremamque

528 4930 716 4983 tribuit
741 4930 1131 4985 auctoritatem.

600 5020 656 5075 ὅ.
689 5020 744 5075 In
780 5020 936 5090 hujus
973 5021 1213 5091 epistola:
1254 5022 1524 5094 synodica:
1562 5022 1631 5077 ad
1678 5025 2011 5093 patriarchas
2040 5028 2115 5081 in-

531 5112 824 5181 scriptione
846 5112 1073 5183 primum
1095 5115 1333 5168 omnium
1358 5114 1591 5170 occurrit
1611 5113 1830 5170 Joannis
1852 5115 2117 5172 Constan-

532 5205 871 5275 tin0politani
898 5220 1126 5270 nomen,
1158 5208 1303 5274 quod
1330 5223 1359 5262 a
1387 5207 1841 5277 Gregorianarum
1868 5210 2118 5281 epistola.

470 5288 476 5297 ’
530 5312 649 5353 rum
677 5297 1058 5356 collectoribus
1085 5300 1309 5365 factum,
1339 5315 1449 5354 non
1473 5300 1541 5353 ab
1566 5300 1682 5369 ipso
1715 5299 1973 5369 Gregorio
2003 5304 2121 5373 jure

528 5400 713 5447 censet
735 5390 998 5448 Baronius
1032 5393 1135 5465 (Ad
1158 5410 1246 5447 an.
1273 5392 1423 5464 591).
1456 5392 1691 5461 Singulis
1722 5394 1862 5448 enim
1891 5396 2120 5464 patriar-

531 5482 646 5538 chis
667 5483 873 5554 singula
898 5486 1045 5540 misrt
1066 5485 1207 5541 illius
1228 5483 1472 5555 epistolae
1485 5482 1833 5553 exemplaria,
1858 5485 1912 5540 in
1928 5488 2123 5555 quibus

602 5626 622 5660 ά
656 5620 825 5695 llujus
864 5625 1217 5681 ordinationis
1259 5623 1371 5695 dies
1408 5622 1464 5677 in
1508 5622 1703 5680 tabulis
1737 5622 2121 5684 ecclesiasticis

532 5695 909 5763 'consiguatur;
941 5706 1131 5765 estque
1160 5696 1315 5750 tertia
1343 5694 1694 5763 Septembris.

601 5765 625 5801 ι)
654 5766 827 5835 llujus
855 5764 1257 5821 consuetudinis
1289 5766 1534 5820 meminit
1574 5764 1863 5834 Gregorius
1907 5768 2005 5823 lib.
2041 5784 2117 5835 Ix,

531 5850 619 5910 ep.
652 5833 753 5910 5ἳέ
790 5837 926 5910 Hinc
954 5849 1059 5900 est,
1096 5838 1297 5910 inquit,
1332 5846 1384 5888 ut
1407 5838 1640 5910 quotiens
1661 5833 1715 5891 in
1744 5848 1964 5909 quatuor
1985 5833 2121 5910 prce?

536 5907 703 5971 cipuis
743 5907 977 5973 sedibus,
1022 5908 1281 5962 antistites
1324 5907 1659 5974 ordinantur,
1712 5907 1993 5977 synodalos'
2024 5911 2121 5967 sibi

2146 4942 2199 5001 1)
2224 4933 2475 5003 pascendi
2514 4930 2711 4986 Christi
2754 4931 2929 5000 gregis
2973 4929 3201 4985 formam
3233 4931 3473 5000 prtebcre
3518 4948 3530 4982 :

2228 3644 2477 3715 epistola.
2526 3646 2698 3700 Simul
2735 3658 2799 3703 ac
2827 3648 2969 3702 enim
3001 3647 3123 3716 quis
3151 3654 3367 3703 creatus
3394 3656 3513 3703 erat
3541 3648 3817 3705 Romanus

2225 3735 2466 3807 pontifex
2484 3776 2499 3803 ,
2533 3736 2775 3793 collectis
2804 3738 2991 3794 vicinis
3019 3739 3317 3809 episcopis,
3359 3740 3625 3809 synodum
3652 3741 3817 3798 habe~

2223 3828 2336 3889 bat,
2364 3828 2414 3882 in
2437 3842 2543 3896 qua
2565 3842 2623 3883 se
2646 3828 2769 3883 ﬁdei
2789 3829 3072 3883 catholica)
3089 3838 3414 3886 assertorem
3435 3832 3816 3901 proﬁtebatur;

2223 3934 2292 3974 ex
2319 3934 2493 3989 eaque
2515 3919 2725 3990 synodo
2745 3919 2974 3990 epistola
3005 3922 3259 3991 synodica
3292 3922 3580 3978 transmitti
3607 3923 3819 3980 solebat

2222 4010 2287 4065 ad
2312 4010 2563 4067 absentes
2581 4012 2817 4067 universi
2841 4012 2987 4068 orbis
3008 4013 3316 4083 episcopos,
3338 4014 3675 4084 potissimum
3688 4030 3818 4071 vero

2224 4102 2289 4154 ad
2322 4103 2711 4172 prmcipuarum
2734 4103 3082 4159 ecclesiarum
3108 4106 3463 4174 patriarchas.
3492 4104 3661 4175 Hujus
3687 4121 3818 4161 sane

2222 4194 2624 4250 consuetudinis
2653 4196 2901 4265 exempla
2941 4196 2994 4249 in
3040 4197 3273 4265 antiquis
3316 4195 3569 4252 Ecclesia:
3623 4212 3814 4251 monu-

2223 4288 2419 4343 mentis
2447 4287 2644 4357 passim
2672 4296 2797 4342 sunt
2824 4287 3001 4343 obvia.
3034 4287 3204 4343 Porro
3234 4288 3354 4343 ﬁdei
3385 4304 3493 4342 sua:
3523 4288 3814 4343 confessio-

2222 4394 2346 4435 nem
2376 4394 2565 4435 recens
2592 4387 2896 4449 assumptus
2918 4378 2983 4433 ad
3015 4378 3387 4449 pontiﬁcatum
3409 4380 3673 4445 mittebat,
3708 4395 3815 4435 non

2221 4472 2395 4526 solum
2422 4481 2479 4527 ut
2506 4487 2565 4526 se
2595 4470 2957 4526 orthodoxum
2988 4471 3275 4541 probaret,
3309 4470 3409 4526 sed
3440 4471 3601 4525 etiam
3632 4478 3686 4523 ut
3715 4474 3807 4524 sub

2220 4580 2321 4633 qua
2347 4564 2450 4633 [ide
2472 4563 2741 4617 vivendum
2762 4573 2893 4616 esset
2914 4562 3193 4617 secundum
3225 4571 3421 4616 statuta
3450 4570 3680 4630 patrum,
3712 4561 3812 4616 sibi

2219 4654 2465 4710 subditos
2504 4656 2743 4709 doceret.
2778 4653 2891 4708 Hac
2932 4654 3091 4709 etiam
3142 4654 3193 4707 in
3240 4652 3500 4723 epistola,
3550 4651 3815 4722 primariis

2172 4766 2181 4775 ο
2219 4747 2506 4803 Orientalis
2559 4747 2813 4803 Ecclesia:
2860 4746 3161 4816 episcopis,
3217 4747 3332 4817 ipse
3381 4746 3586 4817 primus
3633 4753 3814 4817 pastor

2222 4840 2545 4909 Gregorius,
2598 4840 2762 4893 voluit
2808 4838 3262 4892 absolutissimam
3304 4846 3453 4892 recte
3500 4836 3716 4904 regendi
3760 4842 3813 4889 et

3583 4929 3648 4984 ad
3694 4930 3813 4984 illos

2223 5024 2367 5078 enim
2410 5021 2677 5076 fusissime
2716 5037 2779 5075 ac
2808 5019 3118 5075 doctissime
3147 5018 3331 5075 scribit
3359 5019 3426 5075 de
3456 5034 3679 5076 munere
3715 5036 3809 5090 pa-

2225 5114 2438 5178 storali;
2470 5113 2606 5168 adeo
2637 5121 2695 5167 ut
2724 5113 2773 5167 in
2805 5127 2869 5166 ea
2898 5111 3124 5181 epistola
3154 5126 3252 5164 suo
3282 5110 3349 5164 de
3390 5109 3592 5179 Regula
3623 5109 3812 5163 Pasto-

2225 5206 2323 5259 rali
2363 5219 2529 5259 aureo
2579 5203 2739 5274 plane
2785 5203 2921 5258 libro
2962 5201 3264 5274 praelusisse
3306 5201 3571 5258 videatur.
3617 5200 3812 5255 Verum

2227 5297 2357 5353 nihil
2386 5298 2555 5366 magis
2585 5296 2761 5350 elucet
2787 5296 2839 5349 in
2870 5308 2956 5360 ea,
2985 5310 3145 5365 quam
3176 5294 3435 5363 stupenda
3466 5294 3564 5347 viri
3593 5293 3812 5349 sanctis-

2225 5390 2343 5446 simi
2365 5388 2656 5454 humilitas,
2687 5387 2946 5457 imparem
2969 5401 3028 5441 se
3054 5386 3352 5455 episcOpali
3374 5402 3515 5441 cura:
3539 5403 3607 5457 cx
3635 5388 3811 5441 animo
3834 5409 3841 5417 -

2228 5479 2547 5557 proﬁtentis.
2583 5477 2687 5549 (Cf.
2827 5475 2863 5527 ἓ
2891 5474 3087 5532 Gelasii
3122 5474 3169 5533 I.
3205 5484 3327 5530 tom.
3361 5456 3742 5547 nostro‘LIX.)

2225 5624 2440 5681 invicem
2461 5619 2706 5691 epistolas
2727 5617 2954 5681 mittant,
2982 5614 3241 5691 inquibus
3264 5623 3574 5691 se__s_anctam
3595 5616 3810 5691 Chalce-

2228 5687 2506 5752 donean
2533 5689 2786 5762 synodum
2825 5702 2942 5741 cum
2968 5687 3089 5741 aliis
3120 5687 3446 5758 generalibus
3475 5690 3686 5761 synodi;
3715 5705 3810 5744 α.

2228 5768 2421 5823 stodire
2462 5766 2742 5833 fateantur.

2303 5850 2321 5875 ε
2357 5828 2491 5889 Vide
2520 5842 2702 5888 notam
2731 5846 2763 5882 u
2795 5830 2859 5882 ad
2884 5828 3023 5883 hanc
3050 5829 3355 5899 epistolam.

2299 5907 2327 5949 ἀ
2356 5906 2433 5962 De
2462 5904 2555 5960 illo
2582 5900 2805 5958 consule
2832 5908 2989 5957 notas
3016 5898 3196 5973 ad’ep.
3232 5900 3262 5953 7
3290 5901 3381 5958 lib.
3413 5918 3453 5958 t.
