4138 6452
812 375 870 434 s.
911 376 1238 435 cneconu
1283 379 1499 438 usam
1543 380 1722 436 vna.
1766 381 1857 440 ex
1899 378 2063 438 EJUS
2101 378 2407 438 SCRIPTIS
2449 379 2846 440 ADOBNATA.
2885 377 3018 438 LIB.
3057 357 3145 438 11.2

3495 379 3600 436 286

391 489 442 548 5.
486 491 742 546 Eamdem
785 491 947 545 animi
987 491 1367 548 demissionem
1409 501 1661 548 testatam
1691 493 1908 564 reliquit
1936 498 1982 562 Α
2011 491 2220 564 Quippe
2239 471 3282 566 Langobardiaut"idololatrizeaddicti,
3300 499 3394 550 aut
3409 493 3601 566 impie-

319 587 373 643 in
409 586 655 657 plurimis
684 599 818 654 quas
854 585 1010 653 paulo
1041 593 1162 654 post
1189 597 1496 656 susceptum
1538 585 1907 656 pontificatum

316 678 593 748 mscripsit
618 677 880 746 epistolis.
915 676 1127 748 Quippe
1153 679 1332 734 statim
1359 694 1423 734 ac
1452 677 1592 734 fama
1615 679 1683 734 de
1703 678 1822 748 ejus
1845 679 1912 733 ad

316 786 584 826 summum
627 769 992 838 pontiﬁcatum
1021 771 1390 840 assumptione
1417 770 1754 840 percrebuit,
1789 769 1912 824 illu-

316 872 459 918 stres
483 861 578 917 viri
603 861 1004 930 quamplurimi,
1031 862 1262 916 maxime
1285 862 1375 930 qui
1401 862 1452 916 in
1477 855 1608 916 urbe
1631 862 1776 932 regia
1798 861 1914 931 ejus

315 953 628 1018 modestiae,
663 952 967 1022 sapientite,
1000 951 1249 1026 pietatis,
1280 959 1708 1022 ceterarumque
1744 952 1914 1010 virtu-

317 1055 433 1102 tum
464 1054 629 1102 testes
656 1053 712 1100 et
739 1045 942 1102 conscii
971 1044 1206 1112 fuerant,
1240 1060 1363 1100 eum
1387 1046 1574 1102 amicis
1595 1054 1651 1102 et
1675 1046 1913 1115 gratula-

317 1139 472 1194 toriis
501 1137 694 1192 litteris
723 1137 1150 1208 compellavere,
1190 1137 1386 1208 quibus
1425 1137 1607 1207 potius
1648 1138 1913 1210 lacrymas

315 1239 374 1284 et
386 1230 614 1298 gemitus
629 1243 791 1298 quam
813 1228 1000 1296 verba,
1015 1227 1370 1284 rescribendo
1388 1228 1621 1284 reddidit
1644 1236 1700 1284 et
1720 1243 1886 1299 repen

315 1320 417 1376 dit.
467 1321 730 1389 Legenda:
773 1329 901 1375 sunt
950 1336 1058 1390 prae
1097 1321 1309 1378 caneris
1338 1321 1494 1378 tertia
1524 1337 1646 1376 cum
1676 1330 1912 1392 quatuor

313 1415 691 1483 sequentibus,
722 1414 978 1483 vigesima
1007 1415 1199 1484 prima,
1230 1422 1284 1470 et
1310 1415 1723 1484 quadragesima
1754 1415 1911 1472 tertia

315 1507 413 1563 lib.
445 1524 490 1567 ι.
538 1507 590 1562 in
617 1507 816 1576 quibus
843 1506 1318 1562 vehementissime
1348 1507 1494 1562 dolet
1528 1507 1778 1576 imposita
1807 1495 1907 1560 sibi

279 1675 282 1678 Δ
316 1601 591 1656 insonet-ito
620 1607 675 1655 et
697 1600 1266 1692 imperiapiseopatus
1294 1601 1532 1670 pondera
1559 1619 1572 1654 :
1609 1600 1799 1669 Tanto,
1828 1601 1910 1656 in-

316 1695 437 1764 quit
486 1693 762 1752 Narsctem
810 1677 1095 1764 pa’tricium
1133 1694 1448 1766 alloquens,
1497 1711 1578 1749 me
1613 1710 1910 1764 percussum

319 1802 537 1838 maerore
561 1785 843 1855 agnoscite,
885 1794 940 1836 ut
969 1783 1052 1837 via:
1082 1783 1220 1856 loqui
1249 1785 1542 1854 sufﬁciam;
1575 1784 1750 1839 oculos
1772 1785 1907 1837 enim

2014 586 2140 640 tatis
2164 585 2376 641 Arianae
2401 596 2728 653 sectatores,
2759 587 2945 645 Romae
2977 587 3142 644 totius
3169 585 3486 642 Christianae
3516 601 3603 641 rc-

2014 677 2228 747 ligionis
2249 680 2359 734 arci
2391 679 2775 747 imminebant;
2822 696 3122 753 parumque
3151 679 3323 735 abfuit
3351 678 3478 751 quin
3511 694 3603 734 ex-

2014 779 2339 839 pugnarent.
2379 771 2562 841 Nuper
2591 769 2873 838 Autharis,
2925 772 3162 842 ipsorum
3211 786 3304 826 rex
3352 769 3602 838 Arianus,

2014 859 2212 917 liberos
2233 876 2422 917 eorum
2446 862 2497 916 in
2522 861 2626 918 fide
2654 862 2922 918 catholica
2945 861 3202 932 baptizari
3226 861 3602 933 prohibuerat,

2013 953 2438 1025 orthodoxisque
2459 969 2580 1011 sese
2610 954 3027 1010 infensissimum
3053 953 3371 1010 ostendebat
3401 953 3540 1022 (Lib.
3567 971 3603 1021 ι,

2012 1067 2096 1118 ep.
2131 1046 2240 1121 17).
2294 1047 2556 1102 Fervebat
2587 1045 2910 1119 furebatque
2939 1048 2991 1102 in
3021 1047 3173 1102 Isti-ia
3200 1057 3255 1103 et
3285 1048 3338 1103 in
3370 1049 3607 1108 finitimis

2012 1140 2303 1212 provinciis
2343 1139 2572 1198 Schisma
2603 1156 2700 1212 pro
2731 1139 2900 1196 tribus
2929 1142 3178 1212 capitulis
3202 1143 3512 1198 excitatura.
3550 1153 3607 1198 In

2014 1231 2268 1303 Hispania
2321 1241 2375 1288 et
2421 1232 2591 1290 Gallia
2641 1232 2973 1288 Narbonensi
3023 1233 3307 1302 Wisigothi
3355 1235 3606 1290 Arianam

2013 1323 2256 1380 haeresim
2286 1323 2350 1377 ad
2383 1323 2495 1379 haec
2524 1339 2696 1393 usque
2728 1335 2970 1394 tempora
3002 1325 3416 1379 disseminarant
3445 1327 3608 1399 220

2011 1425 2066 1472 et
2087 1426 2469 1488 prepagarant.
2498 1417 2601 1484 Qui
2622 1417 2950 1476 Britanniam
2980 1417 3289 1472 invaserant
3311 1417 3485 1487 Angli,
3517 1419 3608 1472 ad-

2012 1507 2118 1564 huc
2146 1493 2412 1564 idolorum
2441 1508 2609 1564 cultui
2642 1508 2964 1579 mancipati,
2997 1507 3196 1562 Christi
3228 1525 3424 1563 nomen
3457 1510 3609 1578 igno-

2012 1602 2224 1655 rabaat.
2281 1601 2585 1672 Pergebant
2635 1601 2928 1658 Donatislte
2973 1601 3278 1658 Africanam
3314 1599 3609 1657 Ecclesiam

2013 1693 2263 1749 scindere
2292 1711 2600 1764 vexareque
2626 1694 2734 1765 jam
2767 1712 2906 1767 pene
2937 1697 3107 1752 tribus
3137 1712 3166 1750 a
3195 1695 3424 1752 sarculis.
3444 1695 3610 1752 Fceda

2013 1794 2130 1841 erat
2159 1783 2449 1844 Orientalis
2501 1786 2756 1842 Ecclesiae
2805 1777 2998 1852 facies,
3050 1795 3274 1860 propter
3307 1795 3610 1857 grassantes
3665 1827 3668 1829 .

319 1879 504 1932 mentis
532 1894 660 1932 mew
690 1877 886 1931 doloris
916 1875 1139 1931 tenebrae
1167 1876 1424 1932 obsident.
1459 1876 1628 1932 Triste
1655 1887 1729 1932 est
1757 1876 1909 1948 quid-
1944 1874 1988 1934 Β
2015 1878 2216 1948 ubique
2242 1876 2472 1934 Nestorii
2496 1887 2590 1934 aut
2617 1877 2932 1950 Eutychetis
2963 1894 3200 1944 errores,
3231 1893 3461 1950 quorum
3492 1878 3613 1948 plu-j

314 1972 440 2041 quid
481 1972 761 2040 aspicitur,
803 1978 906 2026 etc.
960 1969 1096 2036 Quia
1138 1986 1266 2024 vero
1302 1985 1429 2024 suas
1458 1969 1722 2040 lacrymas
1749 2012 1762 2032 ,
1809 1969 1910 2023 etsi

313 2063 499 2132 iuges,
553 2063 620 2118 ad
666 2061 1054 2132 deplorandam
1103 2069 1366 2116 mutatam
1413 2070 1646 2128 sortem,
1692 2061 1911 2116 minime

312 2154 565 2211 sufficere
593 2155 840 2224 putabat,
870 2153 1226 2208 familiaribus
1257 2153 1369 2208 suis
1399 2169 1496 2223 pro
1525 2152 1775 2208 amicitia
1807 2161 1910 2209 tes-

313 2263 457 2314 sera,
487 2248 643 2304 ﬂetus
665 2263 730 2303 ea
757 2246 824 2303 de
847 2261 908 2302 re
929 2246 1270 2316 suspiriaque
1296 2245 1619 2316 imperabat.

390 2338 625 2394 Joannes
654 2337 912 2393 exeonsul
952 2353 1061 2394 non
1102 2353 1292 2408 parum
1339 2336 1646 2392 contulerat
1691 2345 1805 2391 tum
1840 2335 1910 2391 ad

315 2428 562 2498 Gregorii
584 2429 926 2494 electionem,
951 2436 1012 2483 ut
1028 2427 1139 2495 jam
1162 2429 1494 2494 rnonuimus,
1519 2435 1634 2483 tum
1655 2429 1723 2482 ad
1745 2426 1912 2498 hujus

314 2523 597 2578 electionis
619 2521 1118 2590 confirmationem;
1146 2522 1344 2577 idcirco
1369 2522 1420 2576 in
1444 2521 1594 2575 illum
1620 2521 1793 2576 amice
1819 2537 1913 2576 ex-

313 2613 643 2670 candescere
667 2613 899 2672 videtur.
925 2613 1029 2669 Sed
1059 2614 1249 2669 nullibi
1272 2614 1441 2685 magis
1468 2614 1646 2684 prodit
1667 2613 1910 2668 dolorem

315 2706 392 2762 de
417 2705 608 2762 atnissa
635 2705 758 2761 vitae
787 2706 1100 2761 monasticae
1129 2706 1552 2776 tranquillitate,
1581 2714 1635 2760 et
1663 2715 1914 2777 suscepta

317 2799 576 2872 pastorali
607 2814 765 2864 cura,
807 2806 970 2869 qnam
1003 2799 1148 2854 hom.
1183 2799 1244 2853 il
1277 2799 1331 2854 in
1373 2797 1730 2853 Ezechielem.
1762 2795 1915 2854 Unde

317 2906 429 2947 non
455 2892 721 2946 immerito
739 2890 976 2946 Joannes
999 2890 1269 2946 Diaconus
1291 2889 1671 2946 nonnullorum
1689 2904 1752 2946 ex
1777 2888 1916 2945 Lan-

319 2981 573 3054 gobardis
601 2983 872 3037 vesaniam
901 2983 1169 3052 exagitat,
1200 2997 1341 3052 quos
1368 2997 1476 3037 non
1508 2980 1744 3051 pudebat
1769 2978 1915 3038 affir-

323 3089 473 3130 mare
497 3074 817 3144 Gregorium
844 3076 1135 3147 oppetiisse
1161 3076 1328 3144 magis
1349 3075 1724 3145 pontltieatum
1752 3087 1916 3144 quam

321 3166 526 3238 fugisse
552 3167 714 3240 (Vide
735 3166 852 3222 Lib.
883 3181 922 3236 ι,
953 3183 1035 3239 ep.
1065 3167 1176 3237 5i).

2015 1971 2136 2024 rimi
2163 1970 2363 2025 surculi
2395 1970 2740 2040 pullularant.
2778 1969 2870 2024 llis
2901 1971 3327 2025 accensebantur
3349 1970 3609 2040 Agnoitaa,

2015 2077 2107 2133 qu.
2132 2078 2238 2116 non
2264 2062 2333 2117 ita
2368 2063 2572 2133 pridem
2599 2061 2742 2132 apud
2770 2061 3147 2118 Alexandriam
3173 2062 3386 2118 fuerant
3413 2063 3609 2119 exorti.

2013 2151 2070 2212 In
2095 2152 2306 2218 Galliis,
2333 2169 2455 2223 qua:
2476 2152 2754 2208 catholica:
2779 2149 2899 2206 fidei
2929 2147 3095 2206 semel
3119 2162 3350 2226 receptae
3373 2153 3610 2210 tenacius

2015 2245 2356 2310 inhaiserant,
2404 2245 2564 2300 varire
2614 2260 2825 2299 morum
2877 2243 3206 2315 irrepserant
3257 2241 3610 2315 corruptelae,

2014 2337 2290 2408 ipsamque
2338 2337 2676 2408 disciplinam
2715 2335 3134 2392 ecclesiasticam
3182 2335 3592 2401 labefactarant,

2013 2428 2246 2484 maxime
2276 2427 2568 2483 simoniaca
2615 2426 2834 2482 hmresis
2879 2425 2991 2499 (sic
3022 2427 3258 2500 appellat
3300 2424 3358 2483 S.
3392 2415 3602 2496 Grego-

2013 2521 2147 2590 rius)
2179 2531 2231 2576 ct
2258 2519 2685 2593 NeOphytorutu,
2718 2517 2822 2576 hoc
2852 2529 2934 2575 est
2961 2522 3026 2576 ad
3058 2515 3297 2590 ejusdem
3348 2523 3604 2584 mentem,

2016 2610 2274 2672 laieorum
2325 2613 2624 2668 immaturae
2670 2612 3082 2684 praecipitesque
3126 2607 3194 2665 ad
3242 2609 3608 2667 sacerdotium

2017 2705 2410 2777 promotiones.

2089 2799 2141 2853 7.
2189 2797 2293 2858 Tot
2331 2797 2486 2856 malis
2516 2796 2717 2854 mederi
2773 2793 3035 2868 Gregorio
3091 2793 3463 2866 incumbebat,
3522 2800 3608 2859 cui

2017 2907 2138 2947 cum
2165 2905 2377 2948 summo
2409 2888 2716 2961 pontificatu
2745 2886 3106 2946 Ecclesiarum
3133 2886 3370 2942 omnium
3401 2875 3609 2939 sollici-

2020 2980 2147 3036 tudo
2192 2979 2366 3036 fuerat
2403 2979 2742 3036 demandata.
2797 2979 2900 3034 Sed
2949 2976 3016 3032 ad
3067 2984 3227 3032 tantae
3264 2973 3422 3031 molis
3474 2989 3609 3046 opus

2021 3071 2278 3141 imparem
2325 3085 2383 3126 se
2429 3086 2537 3140 prae
2575 3069 2876 3126 humilitate
2912 3068 3158 3139 judicans
3184 3109 3201 3137 ,
3241 3068 3475 3124 maxime
3529 3067 3609 3124 in-

2021 3163 2172 3217 firma
2221 3176 2436 3232 semper
2490 3162 2779 3234 attritaque
2831 3160 3158 3227 valetudine,
3211 3172 3402 3229 magna
3449 3157 3611 3216 animi

392 3258 444 3312 6.
475 3258 616 3325 Quid
652 3274 830 3317 causa!
856 3267 1000 3314 esset
1038 3275 1138 3314 cur
1170 3273 1200 3312 a
1241 3258 1555 3329 pontiﬁcatu
1585 3264 1796 3314 tantum
1825 3258 1911 3313 ab-
1943 3265 1988 3325 c
2022 3254 2297 3310 anxietate
2331 3253 2631 3310 laborabat.
2668 3252 2863 3310 Verum
2891 3251 3194 3320 adjutorem
3239 3258 3495 3320 expertus
3523 3257 3607 3304 est

321 3352 570 3406 horreret
596 3359 817 3406 sanctus
837 3353 937 3415 vir,
970 3360 1168 3421 praeter
1188 3351 1516 3420 singularem
1537 3351 1701 3408 animi
1721 3351 1920 3406 demis-

322 3443 528 3499 sionem
573 3453 629 3498 et
677 3444 802 3498 vitae
847 3443 1100 3498 solitariae
1141 3458 1411 3506 amorem,
1464 3443 1551 3497 hic
1587 3443 1920 3512 investigare

323 3549 504 3606 operte
532 3535 765 3606 pretium
793 3535 1027 3589 videtur.
1078 3533 1231 3589 Tunc
1262 3534 1461 3599 Roma,
1507 3541 1728 3602 totaque
1767 3531 1918 3588 Italia

323 3628 700 3685 cruentissimo
747 3625 1225 3696 Langobardorum
1249 3626 1396 3681 bello
1426 3625 1800 3694 premebatur,
1831 3624 1921 3679 cui

328 3730 673 3779 accesserunt
703 3721 804 3775 fide
829 3722 1054 3776 comites
1079 3721 1244 3775 fames
1271 3727 1330 3773 et
1363 3717 1686 3788 pestilentia.
1719 3716 1920 3772 Verum

325 3813 669 3882 gravioribus
709 3811 887 3865 adhuc
932 3811 1087 3865 malis
1126 3809 1364 3866 Ecclesia
1403 3809 1702 3863 laborabat.
1739 3807 1812 3862 De
1838 3806 1922 3862 his

323 3904 514 3958 dolens
538 3903 609 3955 ita
639 3902 824 3957 scribit
847 3901 910 3954 ad
943 3901 1174 3954 amicutn
1209 3898 1511 3953 Leandrum
1546 3915 1558 3949 :

402 3992 733 4063 Respondere
771 3991 1004 4058 epistolis
1035 3992 1217 4044 vestris
1249 3997 1355 4043 tota
1400 3988 1689 4041 intentione
1727 3985 1920 4041 voluis-

327 4101 453 4151 sent,
478 4087 580 4141 nisi
601 4067 882 4156 pastoialis
905 4099 1043 4137 cnrw
1065 4085 1137 4136 ita
1154 4099 1234 4136 ine
1254 4081 1402 4135 labor
1422 4088 1687 4146 attereret,
1718 4089 1774 4132 ut
1796 4078 1920 4132 mihi

328 4185 494 4255 magis
534 4183 659 4252 flere
697 4179 856 4234 libent
883 4193 1037 4251 quam
1079 4177 1278 4248 aliquid
1327 4176 1517 4229 dicere.
1564 4174 1712 4240 Quod
1753 4183 1924 4228 vestra

329 4293 523 4351 quoque
571 4275 854 4328 reverentia
897 4275 950 4326 in
998 4273 1112 4342 ipso
1163 4271 1453 4325 litterarum
1502 4283 1732 4321 nieorum
1776 4274 1921 4320 textu

330 4369 602 4440 vigilanter
640 4365 920 4436 intelligit,
983 4363 1190 4436 meando
1241 4364 1286 4416 ei
1332 4362 1647 4432 negligenter
1699 4359 1918 4428 loquor,

328 4479 474 4535 quem
526 4462 842 4514 reliementer
883 4458 1063 4528 diligo.
1116 4453 1298 4509 Tantis
1341 4455 1526 4526 quippe
1570 4454 1624 4506 in
1673 4453 1764 4506 hoc
1809 4449 1921 4504 loco

331 4559 484 4629 hujus
513 4555 694 4609 mundi
737 4552 973 4625 fluctibus
1005 4551 1239 4623 quatior,
1290 4557 1346 4601 ut
1376 4557 1623 4601 vetustam
1654 4563 1716 4598 ac
1745 4553 1922 4614 putre-

2023 3349 2224 3414 Deum,
2275 3347 2358 3403 cui
2409 3345 2620 3402 vocanti
2656 3345 2945 3402 obsecutus
2991 3343 3197 3410 fuerat;
3235 3342 3466 3414 ejusque
3511 3355 3613 3412 ope

2022 3443 2113 3515 qui
2169 3456 2228 3496 se
2278 3455 2489 3496 servum
2515 3438 2757 3516 inutilem
2814 3437 3155 3494 existimabat
3201 3445 3257 3493 et
3305 3434 3610 3500 dictitabat,

2021 3532 2390 3598 schismaticos
2416 3530 2621 3586 Italiam
2671 3531 2952 3586 turbantes
2981 3528 3265 3593 coercuit,
3303 3525 3614 3597 Langobar-

2021 3628 2120 3684 dos
2149 3627 2214 3682 ad
2256 3626 2414 3682 fidem
2443 3625 2770 3684 catholicam
2802 3621 3086 3693 perduxit,
3113 3620 3320 3678 Gntbos
3358 3617 3614 3674 Ecclesiae

2023 3716 2415 3782 reconciliavit,
2447 3715 2646 3784 Anglos
2673 3712 2990 3770 Christianis
3017 3711 3297 3782 praeceptis
3319 3703 3529 3764 'imbuit
3554 3717 3610 3762 et

2022 3824 2179 3866 sacro
2223 3806 2440 3861 lavacro
2479 3805 2660 3871 tinxit,
2692 3804 2950 3872 repressit
2996 3802 3303 3860 Donatistas
3338 3801 3388 3856 in
3433 3798 3612 3853 Africa

2025 3900 2433 3964 tumultuantes,
2465 3897 2721 3966 Agnoitas
2741 3896 2983 3965 aliosque
3011 3896 3060 3949 in
3085 3893 3302 3948 Oriente
3328 3891 3613 3946 bteret‘cos

2023 3991 2334 4053 debellavit,
2368 3989 2546 4045 varios
2575 3986 2778 4058 ubique
2806 3992 3210 4042 succrescentes
3230 3990 3419 4038 contra
3452 3979 3610 4037 fidem

2025 4092 2120 4140 aut
2147 4083 2268 4155 pios
2303 4095 2486 4137 mores
2513 4078 2835 4147 exstirpavit
2860 4090 3094 4140 errores,
3128 4081 3205 4130 tot
3235 4072 3468 4142 denique
3493 4081 3612 4124 tan-

2025 4189 2188 4251 taque
2229 4178 2372 4232 intra
2413 4187 2712 4244 paucorum
2761 4184 3028 4226 ianitorum
3077 4165 3312 4234 spatium
3369 4162 3612 4233 pmslitit

2025 4269 2223 4340 utjure
2250 4266 2490 4322 omnium
2519 4263 2760 4332 gentium
2799 4273 3067 4315 consensu
3109 4255 3280 4325 Magni
3313 4267 3612 4322 cognomen

2024 4364 2095 4418 sit
2117 4367 2462 4416 consecutus.
2487 4353 2794 4423 Prmcipuos
2833 4359 3013 4405 autem
3049 4363 3188 4418 quos
3215 4343 3612 4401 babuitlabnris

2024 4453 2202 4509 socios
2251 4459 2307 4504 et
2357 4446 2664 4516 adjutores,
2723 4443 2817 4515 qui
2869 4440 3075 4497 scilicet
3132 4435 3428 4506 niajnribus
3484 4443 3611 4488 tunc

2027 4548 2295 4614 prteerant
2320 4537 2596 4598 Eeclesiis,
2627 4547 3022 4590 recenseamus.

329 4610 552 4704 δαίηιριη
601 4610 811 4710 navem,
858 4610 1321 4719 quam'regendttm
1349 4644 1551 4697 occulta
1583 4636 1680 4690 Dei
1707 4610 1920 4706 dispen-
1953 4653 1998 4710 ι)
2029 4610 2042 4614 -
2099 4635 2150 4687 8.
2176 4630 2434 4719 Joannes,
2459 4633 2682 4719 propter
2701 4625 2889 4719 miram
2920 4610 3609 4719 abstitt‘entiatnldietus'de.

329 4746 531 4800 stitione
557 4742 778 4811 suscepi,
809 4737 876 4792 ad
898 4746 1101 4808 portum
1131 4735 1356 4805 dirigere
1381 4731 1678 4784 nullatenus
1708 4724 1921 4796 possim.

333 4835 486 4888 Nunc
511 4851 574 4887 ex
598 4833 810 4885 adverso
836 4831 1021 4899 fluctus
1053 4830 1279 4891 iri-nunt,
1302 4839 1437 4877 nunc
1458 4838 1520 4875 ex
1552 4821 1712 4874 latere
1732 4817 1922 4871 cumuli

330 4930 556 5000 spumosi
601 4926 760 4979 maris
811 4924 1190 4980 intumescunt,
1237 4931 1371 4970 nunc
1403 4933 1433 4968 ει
1465 4923 1606 4984 tergo
1653 4920 1924 4981 tentpestas

331 5020 635 5091 insequitur.
684 5015 928 5084 Interque
959 5012 1066 5066 hinc
1107 5009 1280 5064 omnia
1321 5007 1553 5060 turbatus
1596 5021 1750 5076 cogor
1773 5003 1924 5058 modo

333 5115 386 5164 in
413 5111 578 5180 ipsam
603 5109 799 5161 clavum
839 5104 1199 5156 adrersitutem
1232 5097 1485 5167 dirigere,
1530 5093 1684 5149 modo
1716 5103 1923 5147 curvato

334 5205 482 5256 navis
525 5201 710 5264 latere,
765 5199 934 5250 minus
981 5195 1229 5265 ﬂuctuum
1278 5205 1342 5242 ex
1387 5187 1589 5258 obliquo
1638 5186 1919 5239 declinare.

339 5295 663 5366 lngemisco,
709 5292 828 5362 quia
879 5287 1042 5341 sentio
1096 5281 1231 5356 quod
1280 5279 1570 5351 negligente
1614 5291 1695 5329 me
1740 5275 1925 5329 crescit

337 5389 542 5442 sentina
570 5387 836 5448 vitiorum,
865 5391 913 5434 et
937 5385 1233 5445 tempestate
1263 5374 1465 5446 fortiter
1495 5369 1758 5433 obviante,
1785 5368 1926 5438 jam-

332 5493 544 5554 Jamque
579 5473 804 5546 putrida:
847 5469 1178 5542 naufragium
1225 5463 1414 5519 tabula:
1455 5467 1662 5515 sonant.
1693 5453 1843 5519 (Lib.
1877 5473 1921 5522 ι,

336 5587 420 5642 ep.
453 5566 566 5639 45.)

411 5661 568 5716 Certe
607 5659 648 5712 si
692 5654 940 5710 fluctibus
967 5651 1121 5708 obrui
1151 5647 1420 5724 potuisset
1463 5642 1605 5697 Petri
1639 5640 1815 5704 navis,
1857 5654 1926 5694 ex

339 5743 683 5811 saevientibus
747 5753 874 5800 tunc
942 5729 1190 5813 procellis
1249 5745 1526 5806 nunquam
1591 5729 1924 5786 emersisset.

2022 4726 2273 4795 junator,
2311 4719 2383 4773 ob
2424 4717 2660 4785 insignes
2696 4713 2920 4768 virtutes
2963 4707 3029 4762 ad
3058 4701 3608 4795 Cpnstantinopnlitm

2028 4789 2150 4870 nam
2185 4811 2367 4868 sedem
2394 4846 2410 4872 ,
2450 4797 2569 4876 quze
2611 4801 2906 4860 secundum
2947 4801 3070 4866 post
3108 4792 3405 4850 Romanam
3438 4789 3610 4846 ιοίυιη

2011 4907 2138 4975 jam
2193 4902 2292 4956 sibi
2333 4895 2684 4955 veridicabat,
2731 4897 2944 4944 mortuo
3001 4883 3264 4975 Eutycbio
3310 4889 3608 4975 assumptus

2028 4997 2219 5056 fuerat,
2252 4998 2311 5045 ut
2329 5002 2491 5056 supra
2518 4983 2770 5039 diximus.
2795 4979 2865 5033 At
2892 4982 3152 5044 usurpato
3180 4973 3232 5028 in
3261 4969 3469 5042 synodo
3503 4967 3608 5022 Cl’.

2027 5081 2346 5143 (ec-unienici
2391 5073 2712 5147 patriarchae
2747 5069 2939 5136 titulo,
2979 5080 3137 5138 quem
3177 5064 3447 5132 deponere
3476 5075 3606 5114 nuu-

2031 5191 2190 5250 quam
2219 5169 2494 5228 consensit
2518 5207 2530 5229 ,
2565 5163 2836 5232 Pelagium
2866 5174 3057 5250 papam
3089 5167 3142 5250 et
3173 5162 3358 5250 postea
3390 5151 3448 5206 S.
3478 5148 3604 5250 Gre-

2031 5241 2239 5340 gorium
2273 5264 2324 5316 in
2359 5277 2417 5314 se
2444 5255 2754 5313 concitavit.
2786 5251 2863 5308 De
2898 5249 2990 5306 illo
3024 5245 3278 5340 deinec-pf
3308 5241 3606 5336 frequentet

2033 5332 2204 5414 acturi
2233 5367 2437 5409 sumu-y
2479 5348 2615 5402 Eum
2656 5343 2880 5400 summis
2906 5337 3154 5396 laudibus
3201 5332 3426 5387 efferunt
3455 5332 3606 5395 scrip.

2033 5456 2178 5501 tores
2205 5443 2375 5497 ϐηθαί
2396 5483 2410 5508 ,
2433 5444 2656 5509 propter
2690 5433 3022 5495 doctrinam,
3054 5428 3337 5497 pietatem,
3375 5416 3620 5518 singula--

2033 5550 2253 5606 remque
2282 5534 2334 5588 in
2365 5542 2650 5602 pauperes,
2681 5540 2802 5580 cum
2840 5522 3055 5576 sib'met
3076 5517 3214 5572 foret
3235 5517 3604 5606 parcissunus,

2032 5599 2406 5685 liberalitatem
2437 5599 2493 5676 et
2522 5613 2970 5674 munificentiam.
3006 5609 3151 5662 Diem
3201 5599 3397 5653 clausit
3425 5603 3602 5685 estre-

2031 5682 2177 5776 mutu
2233 5731 2322 5776 an.
2380 5711 2516 5775 596,
2571 5715 2679 5763 eta
2713 5702 2914 5759 (ἱππεῖς
2944 5700 2994 5752 in
3033 5694 3356 5752 Sanctorum
3409 5682 3602 5742 catalo-

429 5927 455 5953 ⁸
485 5914 560 5969 De
586 5908 780 5967 stolida
809 5907 1021 5962 illorum
1051 5897 1396 5963 idololatria.
1423 5897 1480 5952 in
1513 5906 1724 5964 caprea:
1751 5887 1943 5960 capitis
1971 5879 2286 5942 adcretione
2311 5872 2434 5931 vide
2461 5871 2553 5928 lib.
2589 5883 2645 5924 ιιι
2677 5863 2881 5936 Dlalog.
2913 5875 2962 5918 ε.
2989 5849 3080 5912 18.
