4138 6466
567 410 665 465 287

1050 408 1111 465 S.
1144 406 1473 463 GREGORII
1518 408 1735 465 MAGNI
1776 409 1957 466 VITA.
2003 409 2642 470 EXEJUS'SCRIPTIS
2681 408 3072 497 ADORNATA.
3118 408 3246 467 LIB.
3286 407 3355 465 11.

3726 416 3838 470 9.88

564 547 684 606 gum
717 538 800 586 est
837 527 1053 585 relatus.
1099 524 1253 582 Hunc
1296 526 1511 597 excepit
1551 526 1811 599 Cyriacus
1858 529 1912 583 in
1954 528 2145 584 eadem
2174 532 2376 598 Aerga
2439 531 2643 587 amicos
2698 529 2989 600 Gregorius
3014 527 3343 593 ostenderet,
3392 528 3619 598 quisque
3666 530 3841 599 possit

564 622 685 679 sede
704 617 807 674 (ΣΡ.

627 714 679 769 9.
712 711 971 778 Eulogius
1008 724 1076 763 ex
1112 708 1398 774 monacho,
1439 708 1485 765 si
1539 710 1749 764 auctori
1806 708 1953 765 Prati
1986 712 2146 782 spiri-

563 803 718 859 tualis
751 800 880 855 ﬁdes
919 801 1007 865 sit,
1032 799 1203 855 lactus
1233 800 1561 868 patriarcha,
1590 800 1885 857 Ecclesiam
1911 804 2145 859 Alexan-

562 897 765 951 drinam
795 894 934 949 rexit
963 894 1031 947 ab
1061 907 1201 945 anno
1232 889 1330 944 58l
1360 891 1424 945 ad
1455 908 1542 945 an.
1584 890 1706 958 608,
1742 894 2149 949 haereticorum-

561 1003 671 1054 qne
700 987 912 1041 hostem
943 982 1266 1038 acerrimum
1308 990 1361 1037 et
1415 983 1847 1038 strenuissimum
1890 982 2010 1039 lidei
2054 1001 2146 1040 or-

561 1079 810 1132 thodoxa:
854 1076 1119 1130 vindicem
1148 1090 1205 1129 se
1231 1090 1444 1145 semper
1486 1077 1752 1146 probavit.
1780 1078 2035 1150 Quinque
2079 1079 2145 1134 li-

560 1169 685 1224 bros
714 1169 927 1238 scripsit
956 1167 1214 1221 adversus
1242 1166 1575 1222 Novatiauos
1605 1182 1701 1221 seu
1744 1176 1932 1221 contra
1971 1168 2149 1224 Nova-

560 1270 690 1328 tum,
734 1261 1178 1332 impugnavitque
1201 1260 1379 1314 varios
1407 1269 1708 1328 temporum
1740 1260 1956 1315 illorum
1979 1261 2150 1316 haere-

560 1353 713 1417 ticos,
747 1359 932 1405 contra
961 1350 1249 1404 concilium
1278 1348 1715 1405 Chalcedonense
1743 1359 1797 1404 et
1825 1350 1883 1405 8.
1910 1350 2148 1406 Leonem

561 1458 751 1515 papam
774 1442 1115 1497 rebellantes.
1159 1441 1231 1496 De
1261 1442 1374 1511 ipso
1396 1442 1746 1509 ejusdemque
1768 1443 2150 1500 lucubrationi-

561 1534 660 1592 bus
680 1536 789 1605 agit
818 1534 1039 1589 Photius
1066 1534 1249 1589 multis
1280 1534 1331 1588 in
1365 1534 1513 1589 locis.
1550 1534 1606 1588 S.
1637 1533 1898 1604 Gregorio
1930 1545 2151 1607 propter

561 1628 785 1683 eximias
813 1626 1006 1698 quibus
1033 1625 1288 1695 praeditus
1309 1635 1425 1679 erat
1447 1627 1671 1681 virtutes
1696 1634 1749 1681 et
1780 1628 1943 1682 animi
1970 1629 2147 1699 dotes,

560 1716 657 1772 fuit
685 1730 897 1784 semper
924 1714 1351 1783 acceptissimus,
1383 1724 1444 1769 ut
1470 1731 1537 1770 ex
1560 1717 1804 1785 epistolis
1833 1718 1968 1771 infra
2000 1733 2148 1773 com-

560 1803 924 1861 memorandis
974 1803 1150 1873 palam
1204 1800 1315 1858 liet.
1360 1803 1488 1857 Post
1530 1805 1738 1859 obitum
1766 1847 1778 1867 ,
1826 1806 2147 1862 Sanctorum

2250 619 2566 689 intelligere.

2324 712 2409 767 ll.
2444 711 2515 767 Ut
2574 713 2639 767 ab
2668 712 3004 767 Antiochena
3059 709 3188 765 sede
3220 709 3285 763 ad
3326 708 3840 780 Jerosolymitanam

2250 812 2585 859 transeamus
2606 846 2621 870 ,
2657 820 2777 859 eam
2804 803 3035 858 obtinuit
3058 800 3293 856 Joannes
3320 798 3387 854 IV
3418 800 3485 854 ab
3514 816 3657 854 anno
3708 799 3835 867 561,

2250 911 2357 965 quo
2388 893 2679 951 Eustochio
2732 894 3017 951 demortuo
3064 892 3385 960 subrogatus
3411 898 3493 943 est
3516 930 3531 955 ,
3575 907 3744 961 usque.
3773 890 3842 946 ad

2248 1000 2445 1039 annum
2472 984 2599 1053 595,
2627 999 3102 1056 successoremque
3140 982 3327 1037 habuit
3355 980 3540 1045 Amos,
3563 982 3646 1036 cui
3680 981 3843 1037 Nice-

2248 1076 2450 1145 phorus
2474 1086 2597 1131 octo
2626 1077 2968 1147 episcopatus
2988 1090 3157 1129 annos
3185 1073 3392 1135 tribuit,
3427 1071 3627 1126 Verum
3658 1080 3844 1127 exstat

2248 1164 2307 1220 S.
2341 1164 2590 1235 Gregorii
2634 1168 2862 1237 epistola
2894 1168 2958 1221 ad
2989 1167 3252 1221 lsachium
3288 1164 3426 1236 (Lib.
3457 1180 3535 1227 xi,
3584 1179 3672 1232 ep.
3706 1163 3800 1232 46)
3823 1204 3841 1229 ,

2250 1256 2342 1327 qui
2390 1258 2438 1311 ei
2468 1256 2733 1313 sullectus
2777 1266 2896 1322 est,
2929 1259 3130 1326 scripta
3175 1255 3467 1310 indictione
3497 1253 3530 1306 4
3553 1293 3569 1317 ,
3621 1254 3728 1308 hoc
3754 1260 3849 1308 est

2250 1360 2390 1402 anno
2410 1345 2505 1401 601
2539 1349 2624 1401 vel
2658 1346 2780 1401 600.
2808 1346 2961 1403 Unde
2991 1348 3191 1403 erroris
3217 1346 3459 1414 arguitur
3485 1344 3848 1413 Nicephorus,

2249 1437 2613 1509 probaturque
2635 1437 2745 1506 jam
2772 1440 2839 1493 ab
2866 1453 3008 1493 anno
3040 1438 3160 1492 (£00.
3192 1438 3457 1492 lsachium
3479 1434 3846 1506 Jerosolymi—

2250 1534 2433 1581 tanum
2478 1529 2837 1598 patriarcham
2888 1538 3127 1584 creatum
3177 1542 3339 1592 esse,
3400 1542 3464 1581 ac
3524 1524 3848 1597 synodicam

2249 1619 2532 1688 epistolam
2584 1618 2651 1674 ad
2679 1619 2737 1674 8.
2788 1617 3107 1688 Gregorium
3155 1618 3388 1679 misisse,
3423 1616 3509 1673 cui
3555 1616 3849 1686 respondit

2248 1710 2349 1765 hac
2388 1710 2616 1776 epistola
2649 1710 2960 1766 indictionis
2999 1717 3225 1782 quartae.
3280 1707 3385 1780 (Cf.
3430 1706 3598 1779 Evag.
3624 1709 3664 1761 ι.
3693 1724 3756 1773 v,
3786 1722 3842 1761 ο.

2252 1795 2341 1864 16;
2377 1797 2599 1869 Niceplt.
2634 1799 2671 1853 l.
2702 1815 2831 1864 xv",
2864 1816 2909 1852 c.
2942 1798 3054 1867 56.)

562 1895 684 1983 {libo
714 1893 811 1949 fuit
840 1893 1073 1948 additus.
1102 1890 1207 1963 (Cf.
1229 1893 1387 1948 ΡΙτοεο
1414 1895 1528 1948 Cod.
1557 1893 1679 1960 182,
1713 1895 1836 1963 903,
1870 1896 2147 1981 395,?26,
2180 1910 2227 1970 Β
2326 1908 2410 1961 l2.
2434 1910 2790 1973 Domitiauus,
2818 1908 3056 1964 Mauricii
3071 1906 3359 1983 Augustini
3382 1905 3845 1975 consanguineus,

561 1981 709 2052 227.)

634 2092 715 2145 10.
749 2090 1083 2159 Anastasius,
1117 2108 1275 2165 quem
1304 2092 1564 2149 Sinaitam
1591 2111 1709 2152 esse
1732 2098 1913 2152 multis
1935 2098 2150 2167 scriptis

560 2172 824 2237 celebrem
868 2183 1083 2253 plurimi
1106 2191 1361 2252 putarunt
1386 2224 1401 2248 ,
1434 2185 1501 2238 ad
1541 2186 1724 2240 sedem
1756 2186 2149 2242 Antiochenam

559 2281 880 2341 assumptus,
911 2274 1154 2328 eamdem
1182 2271 1466 2343 Gregorio,
1488 2278 1799 2331 monasterii
1826 2278 1967 2346 apud
1995 2295 2151 2334 mon-

560 2370 665 2415 tem
695 2361 855 2429 Sina,
884 2372 940 2415 ut
984 2364 1152 2429 aiunt,
1192 2365 1479 2433 praelecto,
1511 2375 1749 2422 cesserat
1777 2384 1918 2423 anno
1946 2369 2074 2437 572,
2120 2386 2150 2426 a

560 2454 766 2512 Iustino
797 2457 1122 2527 imperatore
1166 2460 1349 2527 pulsus
1377 2469 1428 2515 et
1449 2460 1708 2527 deiectus.
1753 2461 1929 2531 Ipsum
1974 2470 2151 2517 tamen

562 2560 659 2613 pro
679 2545 917 2613 legitimo
938 2548 1239 2616 patriarcha
1270 2549 1415 2605 sedis
1446 2549 1606 2619 hujus
1648 2551 1831 2605 habuit
1852 2566 2063 2622 semper
2092 2551 2149 2607 8.

561 2633 892 2703 Gregorius;
933 2636 1072 2692 unde
1113 2637 1178 2692 ad
1225 2654 1345 2692 eum
1383 2641 1599 2711 scripsit
1639 2638 1776 2711 (Lib.
1820 2658 1857 2695 ι.
1891 2659 1972 2711 ep.
2008 2641 2098 2709 26)
2136 2662 2147 2697 :

560 2730 714 2799 Apud
741 2746 823 2783 me
858 2746 1059 2797 semper
1092 2731 1184 2785 hoc
1207 2735 1348 2794 estis,
1380 2731 1517 2803 quod
1559 2749 1624 2786 ex
1652 2733 2017 2800 omnipotentis
2054 2732 2152 2789 Dei

561 2834 770 2873 munere
783 2820 1051 2888 accepistis
1073 2836 1201 2881 esse,
1235 2837 1338 2875 non
1360 2821 1495 2892 quod
1516 2838 1581 2875 ea:
1600 2822 1861 2876 voluntate
1881 2823 2153 2878 hominum

560 2908 812 2974 putamini
840 2926 941 2962 non
963 2926 1092 2963 esse.
1126 2909 1335 2965 Mortuo
1354 2908 1615 2977 Gregorio
1657 2912 2017 2979 Antiocheno,
2059 2929 2154 2969 cu-

562 2997 644 3069 ius
662 2998 847 3054 Iaudes
870 2999 984 3055 fuse
1004 3003 1342 3073 persequitur
1366 3001 1623 3070 Evagrius
1655 3003 1745 3057 lib.
1766 3015 1979 3075 quarto,
1996 3021 2156 3076 prop-

564 3098 645 3142 ter
669 3091 896 3147 virtutes
918 3092 1238 3160 multiplices
1268 3102 1323 3146 et
1352 3093 1826 3163 prtestantissimas
1853 3138 1866 3160 ,
1897 3104 2154 3167 recteque

564 3176 990 3234 administratam
1027 3179 1343 3249 Ecclesiam,
1378 3180 1691 3237 Anastasius
1719 3199 1827 3237 suae.
1853 3184 1966 3238 sedi
1996 3186 2153 3239 resti-

2256 1997 2503 2053 Melitinm
2533 2000 2815 2069 episcopus
2864 2008 2921 2053 et
2946 1998 3210 2053 Armenia:
3237 1996 3679 2067 metropolitanus
3700 2003 3853 2067 erat,

2253 2089 2467 2157 quando
2513 2106 2780 2144 summum
2832 2089 3207 2159 pontilicatum
3264 2088 3574 2158 auspicatus
3628 2097 3711 2142 est
3758 2088 3853 2143 vir

2253 2180 2639 2235 sanctissimus.
2672 2178 2806 2233 Eum
2831 2179 2899 2232 ad
2920 2194 3007 2233 res
3038 2178 3303 2233 maximas
3329 2178 3597 2246 gerendas
3622 2176 3853 2247 aptissi-

2254 2286 2421 2335 mum,
2453 2278 2509 2324 et
2540 2270 2589 2322 in
2615 2269 2854 2323 consiliis
2875 2268 3350 2339 prudentissimum
3380 2274 3636 2333 expertus
3656 2265 3845 2335 impe-

2255 2370 2419 2425 rator,
2454 2360 2637 2414 multis
2669 2361 2720 2414 in
2772 2360 3002 2428 negotiis
3058 2358 3361 2426 adjutorem
3394 2358 3649 2412 adhibere
3700 2373 3850 2412 con—

2254 2460 2523 2517 sueverat,
2555 2455 2711 2521 221
2745 2466 2809 2505 ac
2851 2450 3033 2503 liberis
3073 2450 3183 2502 suis
3227 2457 3459 2501 tutorem
3508 2447 3853 2518 designarat.

2257 2542 2379 2594 Fuit
2409 2557 2625 2611 quoque
2656 2540 2919 2608 Gregorio
2950 2538 3141 2608 Magno
3195 2536 3566 2601 charissimus,
3625 2536 3692 2592 ob
3723 2538 3853 2592 exi—

2255 2633 2416 2685 miam
2438 2634 2560 2685 vita:
2588 2631 2951 2691 sanctitatem,
2995 2636 3056 2683 ut
3083 2644 3149 2682 ex
3169 2628 3363 2682 litteris
3392 2627 3457 2680 ad
3481 2642 3600 2681 eum
3624 2628 3854 2696 scriptis

2254 2721 2440 2791 liquet.
2476 2721 2713 2775 Mortuus
2751 2720 2891 2789 apud
2920 2718 3306 2789 Theophanem
3332 2718 3385 2771 in
3408 2718 3871 2787 chronographiz

2255 2811 2448 2880 legitur
2472 2811 2766 2866 indictione
2788 2810 2842 2875 5,
2869 2826 2986 2883 quae
3013 2825 3155 2865 anno
3187 2809 3309 2873 601,
3334 2825 3403 2864 ex
3429 2807 3641 2863 modica
3664 2818 3855 2878 parte,

2255 2910 2309 2956 et
2336 2900 2442 2955 602
2462 2903 2772 2971 τθεροηιιρῐ.
2808 2900 3101 2970 Peragrato
3125 2900 3365 2964 Oriente,
3398 2917 3539 2955 nunc
3577 2900 3856 2955 Occiden-

2256 2994 2417 3047 talem
2438 2994 2624 3048 orbem
2654 2993 3055 3062 perlustremus‘.
3091 2990 3196 3064 (Cf.
3229 2991 3395 3063 Evag.
3442 2993 3478 3046 ι.
3523 3007 3595 3055 vr,
3634 3009 3677 3045 c.
3724 2991 3858 3064 18.)

2328 3084 2415 3138 15.
2448 3081 2701 3139 Ecclesia:
2730 3083 3134 3151 Carthaginensi
3169 3084 3373 3154 totique
3397 3082 3587 3137 Africa:
3613 3097 3643 3135 a
3672 3082 3858 3138 Wau-

2256 3175 2500 3229 dalorum
2545 3175 2868 3229 Arianorum
2913 3174 3040 3243 jugo
3078 3190 3185 3228 non
3226 3174 3297 3227 ita
3327 3172 3533 3243 pridem
3558 3171 3857 3228 vindicata:

565 3277 710 3325 ιυιυε
748 3279 830 3324 ρει
860 3286 947 3325 an,
1001 3270 1120 3325 59t,
1155 3272 1237 3326 vel
1268 3314 1282 3338 ,
1326 3281 1383 3326 ιιι
1415 3272 1533 3327 aliis
1573 3272 1772 3341 placet,
1816 3272 1921 3327 592
1943 3314 1959 3340 ,
1991 3292 2152 3346 quam
2182 3294 2227 3358 Ο
2258 3273 2486 3333 praeerat
2516 3264 2825 3319 Dominicus
2845 3302 2860 3327 ,
2906 3264 2974 3329 ob
3014 3264 3339 3333 pastoralem
3381 3262 3804 3317 sollicitudinem
3834 3303 3857 3329 ,

566 3373 737 3429 usque
767 3357 833 3413 ad
856 3375 945 3413 an.
971 3358 1092 3424 599,
1117 3376 1224 3431 quo
1256 3360 1474 3424 devixit.
1517 3362 1856 3418 sanctissime
1886 3366 2155 3433 guberna-

566 3446 659 3500 vit.
685 3444 816 3513 Qua:
852 3448 1127 3517 scripserit
1156 3460 1247 3503 aut
1273 3450 1551 3518 scripsisse
1566 3450 1732 3519 .vulgo
1763 3453 1833 3506 sit
1881 3455 2151 3524 creditus,

566 3535 684 3605 lege
713 3536 852 3606 apud
876 3552 1147 3593 sacrarum
1176 3539 1629 3595 Bibliothecarum
1670 3551 1941 3599 auctores.
1978 3544 2153 3602 Pluri-

567 3642 683 3682 mos
722 3636 901 3683 autem
954 3638 1210 3700 spectatae
1240 3632 1542 3687 sanctitatis
1594 3648 1704 3688 sua:
1734 3634 2047 3693 laudatores
2102 3649 2157 3695 et

567 3717 919 3775 admiratores
940 3728 1129 3775 nactus
1152 3728 1269 3787 est,
1312 3722 1451 3776 inter
1494 3738 1632 3794 quos
1670 3722 1934 3795 Gregorio
1961 3726 2154 3798 Magno

565 3810 771 3881 pri-mus
790 3820 943 3865 extra
972 3813 1394 3867 controversiam
1422 3813 1571 3869 locus
1590 3814 1836 3870 debetur.
1882 3818 1996 3873 Non
2038 3836 2151 3875 me-

565 3901 749 3958 diocre
775 3911 1051 3973 conceptae
1089 3903 1156 3960 de
1184 3906 1470 3962 Anastasio
1500 3908 1918 3964 existimationis
1958 3920 2012 3967 et
2039 3913 2151 3968 sin-

564 3992 762 4061 gularis
785 3993 838 4048 in
863 4009 984 4048 eum
998 3994 1198 4051 amoris
1218 3996 1587 4051 testimonium
1610 3999 1852 4053 exhibuit
1870 3999 1924 4054 S.
1948 4000 2154 4072 Grego-

562 4082 707 4149 rius,
748 4083 962 4153 quando
1020 4085 1201 4138 statim
1254 4095 1374 4155 post
1429 4096 1701 4156 sumptum
1755 4089 2149 4158 pontificatum,

563 4173 938 4242 suggestionem
992 4174 1201 4228 summis
1261 4174 1493 4243 precibus
1564 4175 1770 4242 plenam
1827 4180 1947 4247 fecit
2014 4182 2153 4248 apud

562 4260 823 4330 piissimos
862 4260 1118 4327 dominos,
1176 4264 1293 4333 ipso
1358 4272 1495 4318 teste
1548 4264 1688 4334 (Lib.
1728 4284 1761 4332 ι,
1814 4284 1895 4333 ep.
1923 4268 2038 4337 28),
2097 4281 2153 4327 ut

561 4348 725 4402 virum
748 4346 1096 4404 beatissimum
1125 4352 1366 4407 damnum
1411 4355 1743 4408 Anastasium
1774 4358 2147 4427 patriarcham,

561 4452 803 4492 concesso
836 4454 933 4492 usu
961 4440 1109 4508 pallii
1134 4480 1151 4506 ,
1182 4441 1251 4493 ad
1281 4442 1415 4495 beati
1446 4441 1587 4496 Petri
1615 4446 1965 4515 apostolorum
2001 4452 2149 4518 prin-

560 4526 688 4597 cipis
731 4527 915 4581 limina
961 4544 1131 4582 secum
1166 4530 1542 4586 celebraturum
1593 4536 1845 4589 solemnia
1875 4540 2151 4595 missarum

559 4616 907 4673 transmittere
929 4618 1229 4675 debuissent
1258 4639 1275 4675 :
1297 4632 1548 4695 quatenus
1571 4627 1615 4679 si
1644 4628 1690 4679 ei
1719 4628 1789 4681 ad
1810 4630 1979 4685 sedem
2000 4650 2147 4687 suam

558 4704 769 4759 minime
794 4708 977 4761 reverti
1005 4708 1200 4778 liceret,
1230 4712 1417 4766 saltem
1443 4731 1612 4768 secum
1637 4716 1691 4768 in
1720 4718 1914 4771 honore
1941 4738 2034 4773 suo
2063 4726 2140 4777 ui-

556 4802 711 4847 ueret.
746 4792 931 4851 Utrum
972 4807 1152 4856 tamen
1183 4803 1580 4872 suggestionem
1613 4806 1752 4862 hanc
1780 4810 1863 4863 vel
1904 4810 2141 4868 libellum

555 4882 855 4969 supplicem
910 4887 1146 4956 miserit,
1177 4890 1371 4947 dubios
1420 4909 1517 4948 nos
1555 4893 1703 4959 facit,
1752 4899 1895 4969 quod
1943 4901 2141 4957 ibidem

553 4967 782 5027 additur.
814 4974 985 5040 Quam
1016 4986 1199 5035 tenera
1244 4998 1373 5038 vero
1401 4983 1664 5039 charitate
1707 4967 1943 5044 amicum
1997 4992 2141 5050 hunc

554 5061 1043 5137 complecteretur,
1086 5084 1204 5138 quae
1257 5073 1323 5125 ad
1364 5074 1538 5143 ipsum
1568 5078 1785 5145 scripsit
1824 5081 1999 5147 palam
2046 5083 2144 5139 de-

552 5160 876 5209 monstrant.
937 5155 1027 5212 Sic
1092 5158 1349 5228 prznlatur
1390 5162 1443 5216 in
1499 5165 1729 5233 epistola
1782 5166 1851 5221 26
1928 5170 2140 5227 librir:

549 5246 574 5273 ⁸
602 5238 815 5311 Scripta
844 5252 1023 5299 vestra:
1052 5246 1495 5317 beatitudinis,uti
1518 5256 1683 5323 fessus
1711 5261 1965 5329 requiem,
1996 5263 2142 5314 salu-

548 5333 649 5380 tem
696 5345 864 5400 azger,
914 5334 1108 5402 fontem
1132 5337 1309 5391 sitiens
1340 5380 1354 5405 ,
1394 5341 1626 5396 umbram
1671 5356 1898 5401 aestuans
1946 5350 2137 5405 inveni.

549 5412 731 5486 Neque
760 5420 897 5474 enim
925 5422 1021 5477 illa
1060 5425 1211 5478 verba
1237 5444 1329 5496 per
1358 5428 1588 5501 linguam
1635 5438 1805 5489 carnis
1834 5438 2138 5493 videbantur

547 5521 793 5600 expressa
812 5528 831 5564 :
860 5514 981 5583 quia
1006 5514 1080 5569 sic
1105 5517 1393 5585 spiritalem
1421 5537 1646 5577 amorem
1672 5542 1818 5579 suum
1845 5544 1991 5597 quem
2022 5547 2137 5600 ges-

544 5596 714 5689 tﬁabat,
748 5604 976 5671 aperuit,
1006 5621 1066 5658 ac
1095 5607 1141 5659 si
1172 5624 1315 5662 mens
1341 5628 1433 5680 per
1470 5618 1795 5683 semetipsum
1823 5596 2135 5689 loqueretur.

544 5681 671 5749 Quae
702 5689 807 5745 hoc
859 5690 983 5748 loco
1012 5692 1319 5755 describere
1346 5701 1615 5761 voluimus
1648 5681 1712 5773 ,ιι
1744 5715 1802 5761 ut
1832 5681 2043 5779 qualem
2073 5725 2133 5767 se

617 5828 811 5909 fidem
832 5846 974 5901 pene
994 5840 1075 5909 est
1081 5832 1342 5909 Epistolas
1361 5839 1395 5893 7
1433 5838 1673 5909 ejusdem
1690 5842 1810 5897 libri
1834 5846 2135 5902 exordium.

2260 3364 2642 3426 strenuamque
2656 3356 2708 3409 in
2726 3356 3040 3411 coercendis
3063 3356 3327 3409 lucreticis
3348 3364 3595 3407 navatam
3614 3369 3854 3423 operam

2258 3446 2503 3516 plurimis
2528 3446 2585 3501 8.
2628 3445 2874 3514 Gregorii
2907 3446 3148 3517 epistolis
3176 3446 3496 3501 celebratus.
3537 3443 3729 3499 Ultima
3771 3446 3856 3501 ad

2259 3554 2381 3592 eum
2426 3539 2657 3609 scripta,
2702 3538 2886 3609 quinta
2939 3538 3231 3593 indictione
3253 3536 3504 3607 .ineunte
3532 3576 3547 3599 ,
3593 3536 3696 3590 hoc
3762 3546 3858 3593 est

2258 3646 2442 3685 mense
2458 3630 2893 3701 Septembrianni
2921 3632 3047 3697 601,
3076 3631 3270 3703 probat
3291 3646 3413 3685 eum
3436 3629 3625 3683 saltem
3649 3629 3713 3683 ad
3740 3630 3860 3686 hoc

2259 3738 2429 3793 usque
2454 3732 2665 3792 tempus
2690 3724 3034 3793 superstitem
3060 3724 3242 3779 luisse.

2330 3813 2414 3866 l4.
2443 3812 2697 3880 Quamvis
2718 3814 3002 3884 episcopus
3034 3814 3347 3877 Toletanus,
3392 3814 3479 3884 qui
3512 3829 3654 3869 nunc
3675 3815 3859 3870 totius

2257 3901 2525 3973 Hispaniae
2547 3904 2745 3971 primas
2759 3902 3053 3973 audit,jam
3080 3913 3190 3958 tum
3226 3906 3486 3975 primatus
3515 3903 3690 3970 titulo,
3721 3906 3859 3975 plu-

2255 3994 2406 4048 rimis
2444 3993 2684 4062 ejusdem
2727 3993 2996 4063 Hispania:
3034 4004 3290 4065 prznesset
3320 3992 3593 4053 Ecclesiis.
3630 3994 3681 4047 in
3718 3997 3858 4049 uni-

2232 4114 2235 4125 ι
2254 4100 2407 4140 versa
2434 4094 2610 4139 tamen
2625 4084 3055 4154 Wisigothorum
3087 4087 3398 4141 monarchia
3419 4101 3537 4157 quae
3558 4086 3857 4151 Hisanias

2255 4182 2309 4228 et
2337 4173 2561 4228 Galliam
2585 4174 2985 4231 Narbonensem
3009 4176 3493 4245 complectebatur,
3516 4176 3572 4231 8.
3597 4176 3856 4234 Leander

2254 4264 2581 4335 Hispalensis
2628 4266 2931 4336 episcopus,
2975 4267 3213 4321 onmium
3239 4277 3357 4321 erat
3385 4268 3683 4321 antistitum
3706 4269 3855 4323 cele-

2254 4357 2549 4417 berrimus.
2584 4358 2726 4428 quod
2776 4357 3150 4413 Recharedum
3170 4402 3185 4425 ,
3214 4372 3395 4426 regem
3426 4359 3856 4427 universamque

2253 4446 2681 4517 Wisigotharum
2726 4457 2966 4517 gentem,
2992 4448 3204 4503 Arianis
3244 4449 3391 4518 prius
3439 4449 3711 4502 erroribus
3742 4449 3854 4503 im-

2210 4524 2219 4540 ’
2252 4536 2647 4605 pietatibusque
2671 4538 3030 4607 mancipatam
3062 4539 3126 4592 ad
3165 4538 3484 4593 catholicam
3533 4537 3685 4592 tidem
3714 4554 3853 4607 per-

2253 4625 2510 4682 duxisset.
2547 4626 2791 4682 Arianam
2836 4627 3132 4681 haeresima
3175 4626 3512 4689 Recharedo,
3562 4628 3853 4683 annitcnte

2251 4718 2307 4773 S.
2357 4718 2602 4775 Leandro
2652 4720 2702 4773 in
2736 4720 2968 4773 concilio
3003 4718 3267 4773 Toletano
3314 4735 3405 4773 an.
3448 4718 3552 4773 589
3591 4728 3684 4772 aut
3714 4717 3852 4786 590,

2249 4810 2602 4879 proscriptam
2644 4808 2806 4862 fuisse
2837 4816 3029 4863 auctor
3052 4816 3135 4863 est
3166 4807 3417 4863 Nicolaus
3443 4809 3728 4863 Antonius.

2322 4897 2406 4951 l5.
2442 4899 2552 4953 Sub
2578 4897 2893 4969 pontiﬁcatu
2919 4896 3182 4967 Gregorii,
3207 4898 3459 4967 Virgilius
3508 4900 3852 4955 Arelatensis

2250 4988 2706 5060 archiepiscopus,
2745 4990 2882 5043 inter
2920 4998 3146 5045 caeteros
3195 4988 3503 5045 Gallicanos
3557 4990 3851 5060 pnesules,

2247 5093 2354 5132 non
2400 5078 2574 5133 solum
2627 5080 2889 5147 dignitate
2943 5079 3085 5134 sedis
3132 5080 3432 5144 eminebat,
3486 5080 3583 5137 sed
3622 5098 3851 5138 morum

2246 5167 2407 5220 etiam
2453 5168 2763 5237 integritate
2813 5170 3169 5239 omnibusque
3206 5171 3494 5226 virtutibus
3535 5188 3654 5241 quae
3707 5189 3847 5244 pas-

2241 5264 2416 5311 torem
2441 5257 2654 5313 decent.
2694 5258 2768 5313 Ex
2819 5260 3083 5315 monacho
3130 5259 3393 5315 Lirinensi
3434 5262 3601 5318 abbas
3642 5280 3846 5320 mona—

2241 5346 2390 5400 sterii
2436 5346 2931 5417 Augustodunensis
2956 5349 3183 5419 primum
3234 5351 3407 5407 lactus
3448 5354 3651 5419 fuerat;
3706 5354 3845 5412 dein

2243 5444 2455 5491 mortuo
2501 5436 2708 5493 Licerio
2750 5439 3050 5497 Arelatensi
3080 5443 3335 5512 episc0po
3390 5459 3477 5497 an.
3520 5444 3653 5513 588,
3695 5445 3843 5518 Sya-

2240 5525 2404 5593 grius,
2448 5527 2629 5581 multa:
2677 5529 2814 5597 apud
2860 5528 3045 5585 Galliae
3094 5532 3362 5601 principes
3408 5536 3744 5590 auctoritatis
3778 5550 3840 5592 et

2238 5617 2422 5684 gratia:
2458 5617 2760 5688 episcopus,
2814 5621 2898 5673 cui
2955 5608 3407 5693 perspectissimzn
3454 5636 3611 5680 erant
3653 5629 3837 5685 sancti

2237 5708 2339 5763 viri
2359 5707 2514 5764 dotes
2533 5708 2764 5777 eximite,
2778 5713 2989 5767 vacanti
3010 5710 3265 5769 Ecclesiae
3283 5713 3678 5785 praeﬁciendum
3694 5732 3827 5775 eum

613 5897 641 5939 ι
662 5898 808 5957 Metu
834 5897 919 5959 ‘ex
940 5897 1281 5963 multis'aliis
1300 5897 1648 5978 Gregorianis
1680 5897 1957 5981 opimi}?
1973 5897 2198 5974 ἑιῖιίῖιιιο.
2212 5914 2345 5975 Vide
2366 5917 2662 5987 praesertim
2681 5917 2776 5974 lib.
2810 5931 2891 5983 ιιι,
2925 5933 3013 5993 ep.
3048 5918 3135 5975 ει.
