4138 6466
304 472 406 531 289

726 472 731 473 γ
771 474 828 529 S.
870 474 1195 531 GREGORII
1237 477 1457 534 MAGNI
1497 478 1679 544 VITA,
1723 480 1814 535 EX
1855 480 2016 537 EJUS
2056 477 2360 534 SCRIPTIS
2401 477 2795 535 ADORNATA.
2839 477 2969 535 LIB.
3010 479 3076 536 II.

3461 482 3569 541 290

302 592 526 660 curavit,
556 605 716 660 quam
746 591 899 646 annis
927 591 996 646 49
1025 594 1361 651 sanctissime
1401 596 1556 650 rexit.
1594 594 1959 659 Florebant-1t
1990 595 3127 668 infausto,bellumredintegraruntFranci,
3155 613 3384 671 quorum
3399 600 3572 672 impe-

301 692 429 740 tunc
452 684 506 739 in
550 682 742 740 eadem
796 681 1034 739 Ecclesia
1072 684 1345 740 Gallicana
1387 685 1636 741 Etherius
1667 687 1882 754 Lugdu-

300 778 503 841 nensis,
528 773 833 829 Desiderius
854 774 1194 839 Viennensis,
1216 775 1506 844 Gregorius
1529 776 1881 843 Turonensis,

301 867 527 936 Aregius
545 865 901 935 Vapincensis
917 908 931 930 ,
956 866 1306 936 inprimisque
1332 868 1442 936 jam
1489 868 1734 923 laudatus
1752 868 1886 939 Sya—

300 957 466 1028 grius,
495 966 551 1013 et
575 956 665 1010 alii
704 972 769 1012 ex
800 955 1143 1025 Gregorianis
1165 958 1405 1027 epistolis
1426 959 1553 1013 satis
1574 959 1707 1013 noti.

374 1047 452 1101 De
482 1046 803 1101 Britannicis
832 1045 1017 1101 insulis
1045 1045 1096 1100 in
1124 1047 1317 1116 quibus
1346 1064 1487 1103 nunc
1510 1050 1735 1117 Angliaa,
1764 1049 1891 1104 Sco-

302 1138 414 1204 tize,
447 1146 502 1192 et
552 1136 819 1192 liibernize
864 1152 1025 1207 regna
1082 1150 1453 1204 numerantur,
1484 1140 1552 1195 de
1600 1139 1888 1195 Germania

303 1226 373 1280 ad
403 1226 629 1281 Boream
662 1239 935 1297 vergente,
977 1228 1045 1283 de
1083 1227 1305 1283 Polonia
1334 1245 1429 1283 seu
1453 1229 1717 1284 Sarmatia
1747 1230 1893 1285 aliis-

305 1330 412 1384 que
426 1314 966 1386 Septemtrionalibus
988 1318 1293 1386 regionibus
1317 1320 1441 1373 nihil
1483 1318 1571 1373 hic
1594 1320 1786 1373 attinet
1808 1318 1891 1373 di—

305 1419 431 1459 cere
464 1423 476 1457 :
510 1405 706 1475 quippe
730 1421 848 1475 qua:
871 1404 1069 1462 Christi
1100 1422 1266 1462 suave
1289 1408 1497 1477 jugum,
1539 1408 1775 1464 nondum
1805 1425 1894 1463 ex-

307 1510 462 1550 cussa
502 1494 769 1550 idolorum
823 1496 1101 1563 servitute,
1157 1496 1224 1551 ad
1266 1498 1382 1553 hzec
1424 1513 1595 1568 usque
1647 1506 1893 1570 tempora

310 1589 695 1639 detrectarant.

932 1655 1161 1713 CAPUT
1199 1658 1261 1713 II.

310 1745 811 1810 An‘qnnearcu.—i.
852 1747 997 1797 Orbis
1046 1749 1301 1797 Christiani
1340 1753 1495 1797 status
1540 1749 1763 1810 politicus
1805 1748 1896 1799 sub

374 1807 607 1857 Mauricio
628 1812 946 1871 imperatore.
966 1838 1023 1845 —
1044 1813 1087 1859 2.
1110 1812 1278 1859 Status
1306 1810 1472 1860 Italiae.
1493 1807 1610 1860 43.
1631 1811 1896 1860 Galliarum

371 1872 463 1934 sub
500 1873 655 1934 tribus
680 1872 972 1921 Francorum
992 1873 1208 1934 regibus.
1234 1898 1295 1908 —-
1313 1874 1359 1922 4.
1405 1874 1648 1933 IIISpanite
1680 1876 1771 1922 sub
1795 1874 1894 1921 Re-

372 1933 613 1997 charedo.
629 1961 690 1969 --
713 1936 759 1984 5.
788 1934 979 1994 Maioris
995 1933 1278 1984 Britanniae.
1296 1962 1356 1970 —
1378 1936 1426 1985 6.
1454 1937 1583 1994 Quas
1625 1936 1682 1984 ad
1708 1949 1893 1997 regen-

1988 696 2100 743 tum
2143 687 2497 759 bellicamque
2524 688 2796 753 virtutem,
2841 689 3045 745 artibus
3087 692 3570 764 cunctabundaque

1986 778 2268 849 prudentia
2285 776 2533 846 frangere
2549 779 2739 834 solitus
2755 788 2870 834 erat
2882 779 3153 835 Autharis.
3170 781 3326 837 Anno
3351 785 3569 839 tandem

1989 866 2110 934 590,
2160 884 2269 940 quo
2296 867 2351 921 S.
2387 866 2680 938 Gregorius
2706 869 3078 939 pontiﬁcatum
3115 872 3424 943 auspicatus
3469 882 3571 940 est,

1986 974 2085 1014 rex
2108 957 2579 1026 Langobardorum
2620 974 2805 1029 pacem
2834 961 3059 1030 supplex
3076 962 3268 1029 oravit,
3292 971 3347 1019 et
3377 978 3574 1034 magno

1986 1049 2153 1106 Italiae
2192 1049 2537 1118 detrimento,
2557 1067 2587 1104 a
2625 1049 2845 1105 Francis
2874 1051 3197 1120 impetravit.

2061 1138 2350 1210 Superiore
2367 1156 2509 1196 anno
2534 1140 2704 1196 fmdus
2734 1156 2855 1195 cum
2886 1140 3148 1209 Bajoariis
3172 1143 3389 1213 inierat,
3412 1144 3574 1200 ducta

1990 1230 2043 1284 in
2078 1231 2479 1285 matrimonium
2511 1231 2900 1296 Theodelinda,
2920 1229 3191 1286 Garibaldi
3215 1248 3402 1289 eorum
3431 1236 3575 1305 regis

1992 1319 2122 1383 ﬁlia,
2153 1335 2269 1391 qua:
2305 1336 2425 1375 cum
2474 1322 2751 1376 catholica
2792 1321 2912 1375 ﬁdei
2957 1322 3155 1376 ardore
3197 1321 3481 1392 ﬂagraret,
3510 1326 3578 1381 ad

1994 1424 2111 1463 eam
2130 1419 2316 1478 postea
2357 1420 2523 1467 totam
2543 1412 2653 1468 fere
2673 1412 3148 1480 Langobardorum
3175 1422 3393 1482 gentem
3411 1416 3578 1485 pelle-

1996 1502 2093 1556 xit.
2122 1501 2337 1560 Interim
2373 1506 2701 1560 Francorum
2727 1506 3046 1561 metusoluti
3071 1506 3424 1577 Langobardi,
3464 1516 3580 1565 tota

1995 1590 2108 1647 fere
2132 1594 2306 1664 Italia,
2324 1596 2572 1650 nimirum
2589 1596 2655 1651 ab
2670 1598 2870 1654 ultimis
2890 1598 3056 1652 Istrize
3080 1597 3291 1665 ﬁnibus,
3316 1598 3581 1669 Rhegium

1995 1701 2169 1758 usque
2192 1688 2245 1741 in
2268 1698 2509 1743 extrema
2546 1687 2839 1753 Calabria,
2892 1688 3061 1745 libere
3102 1691 3257 1760 potiti
3285 1692 3577 1757 sunt;vix-

1997 1792 2102 1846 que
2149 1786 2310 1848 caput
2338 1779 2483 1834 orbis
2521 1778 2693 1834 Roma
2715 1778 2953 1834 furorem
2981 1780 3333 1835 barbarorum
3384 1782 3580 1837 evasit.

2001 1867 2107 1940 (Cf.
2136 1869 2291 1924 Paul.
2326 1870 2477 1923 Diac.
2511 1868 2600 1924 tib.
2633 1887 2690 1925 III
2719 1872 2783 1925 de
2817 1869 2959 1925 ϐεδε.
3007 1869 3180 1943 Lang.
3207 1889 3361 1943 capp.
3413 1871 3482 1925 32
3532 1878 3583 1926 et

373 1959 479 2008 Lucil
494 1959 601 2004 εξιυ.
713 1959 759 1984 ο).
788 1959 979 1994 malum:
995 1959 1278 2007 Dl'ltdl'llllw.
1296 1962 1356 1970 ‘—
1378 1959 1426 2007 Ur
1454 1959 1583 1994 ρυῦδ
1625 1959 1682 1984 au
1710 1959 1893 1997 μςδιςιι-
2094 1962 2114 2029 )

373 1993 482 2059 dam
499 1994 773 2059 ‘Ecclesram
793 1997 936 2045 dotes
961 1998 1180 2046 attulerit
1219 1999 1505 2059 Gregorius.
1531 2024 1593 2033 —-
1612 2000 1659 2046 7.
1698 1998 1892 2046 Summa
1922 1982 1971 2043 Β
2073 2000 2087 2015 ’

375 2058 481 2115 ejus
499 2056 760 2107 humilitas.
780 2084 841 2092 —
864 2060 914 2107 8.
940 2058 997 2108 Et
1015 2060 1245 2109 charitas.
1267 2056 1394 2109 —'9.
1414 2061 1574 2109 Animi
1607 2063 1892 2111 constantia.

374 2116 489 2179 (An.
516 2118 606 2169 590
627 2127 676 2168 et
695 2119 828 2180 591.)

382 2225 434 2280 l.
489 2226 769 2285 Delineato
811 2228 1085 2296 breviter,
1130 2239 1389 2300 quantum
1446 2232 1513 2288 ad
1572 2234 1900 2289 ecclesiasti-

310 2332 432 2371 cum
494 2326 725 2385 statum,
768 2320 912 2375 orbis
946 2306 1265 2375 Christiani
1322 2322 1718 2391 quodammodo
1770 2322 1896 2389 situ,

310 2406 453 2463 idem
478 2425 619 2464 nunc
646 2410 838 2465 eadem
854 2409 1138 2476 brevitate,
1178 2421 1439 2481 quantum
1474 2413 1541 2468 ad
1583 2421 1781 2469 statum
1811 2428 1902 2483 po-

309 2496 536 2565 liticum,
569 2509 824 2570 praestare
866 2517 1043 2571 operte
1096 2502 1329 2571 pretium
1372 2514 1473 2558 est.
1506 2503 1790 2558 Mauricius
1833 2502 1901 2558 ab

310 2604 455 2645 anno
489 2589 591 2643 582
619 2593 955 2649 renuntiatus
993 2593 1289 2662 imperator
1315 2634 1330 2658 ,
1364 2593 1551 2649 iisdem
1588 2594 1896 2655 virtutibus,

311 2678 591 2747 prudentia
647 2684 881 2739 maxime
934 2682 1255 2737 fortitudine
1325 2698 1389 2738 ac
1422 2684 1714 2753 -religione
1758 2698 1903 2738 rem-

310 2770 581 2840 publicam
619 2774 1051 2838 administrabat,
1080 2775 1274 2842 quibus
1313 2773 1380 2828 ad
1425 2774 1709 2843 imperium
1761 2774 1903 2828 viam

310 2864 415 2918 sibi
446 2867 730 2921 munierat.
763 2867 891 2922 Post
907 2867 1105 2921 multas
1132 2867 1198 2921 de
1221 2865 1419 2933 Persis,
1450 2866 1675 2921 assiduis
1697 2865 1903 2921 Roma-

311 2970 504 3011 norum
522 2958 788 3025 hostibus,
810 2960 1006 3014 relatas
1032 2957 1305 3022 victorias,
1321 2972 1509 3013 eorum
1524 2970 1708 3027 regem
1732 2956 1904 3010 Chos-

311 3057 460 3100 roem
490 3047 772 3119 profugum
802 3050 1031 3119 benigne
1078 3049 1338 3119 suscepit,
1369 3058 1425 3103 et
1472 3048 1599 3101 dato
1634 3046 1900 3111 exercitu,

312 3133 367 3187 in
385 3149 604 3205 regnum
625 3140 1338 3210 pristinamquedignitatem
1360 3139 1613 3194 restituit.
1638 3137 1771 3191 Cum
1789 3135 1905 3192 zelo

312 3227 592 3284 catholicae
639 3228 761 3285 ﬁdei
788 3230 1061 3300 ﬂagraret,
1093 3247 1159 3287 eo
1185 3238 1465 3300 regnante,
1490 3230 1729 3284 utetiam
1752 3228 1906 3283 testis

312 3324 398 3371 est
419 3318 475 3371 S.
509 3315 801 3389 Gregorius
834 3319 969 3393 (Lib.
1003 3337 1079 3386 xi,
1112 3338 1193 3389 ep.
1224 3320 1343 3389 46),
1377 3319 1755 3374 haereticorum
1806 3331 1902 3372 ora

312 3408 709 3476 conticuerunt,
750 3418 804 3464 et
860 3424 1025 3481 prava
1060 3424 1179 3481 quae
1220 3409 1544 3474 sentiebant,
1576 3407 1757 3477 eloqui
1790 3408 1927 3461 non'

313 3509 788 3569 pnrsumpserunt.

385 3613 435 3666 ἓ.
462 3614 538 3669 De
571 3613 735 3668 Italiae
763 3612 1054 3684 Romaeque
1097 3611 1397 3684 praesertim
1421 3610 1598 3666 salute
1621 3610 1903 3676 sollicitus,

313 3705 688 3774 Smaragdum,
709 3705 1213 3775 praestantissimum
1234 3703 1754 3767 ducem,exarchum
1767 3718 1869 3756 con
1883 3732 1906 3742 -

312 3795 584 3861 stituerat,
619 3802 673 3849 et
703 3795 843 3849 bello
866 3796 1126 3850 adversus
1153 3792 1540 3861 Langobardos
1569 3792 1905 3863 praefecerat.

311 3884 555 3939 Francos
594 3885 757 3939 etiam
780 3885 846 3939 ab
874 3885 1003 3955 ipsis
1014 3884 1125 3953 jam
1161 3883 1462 3951 lacessitos,
1494 3882 1667 3937 missis
1696 3881 1905 3949 legatis,

310 3973 606 4045 oblataque
645 3973 893 4045 pecunia,
940 3973 1006 4027 ad
1036 3973 1297 4027 ultionem
1334 3972 1745 4027 sollicitaverat.
1792 3969 1909 4036 Qua

311 4079 373 4119 re
401 4063 583 4118 audita
613 4062 1101 4134 Langobardorum
1124 4062 1314 4129 duces,
1335 4061 1401 4116 de
1428 4073 1556 4128 rege
1577 4060 1679 4114 sibi
1702 4059 1908 4114 consti-

314 4152 519 4209 tuendo
541 4153 683 4209 serio
706 4153 1035 4223 cogitarunt,
1065 4160 1120 4207 et
1140 4151 1421 4206 Autharim
1450 4150 1559 4223 [seu
1578 4145 1909 4218 Autharith],

314 4246 486 4313 Clebi,
512 4247 603 4319 qui
622 4246 849 4302 ultimus
868 4247 1007 4317 apud
1028 4261 1124 4302 eos
1145 4243 1353 4313 regium
1369 4258 1565 4299 nomen
1580 4242 1907 4320 obtinuerat,

314 4339 505 4405 ﬁliuni,
533 4338 743 4394 virtutis
768 4337 911 4392 fama
950 4336 1083 4392 nulli
1112 4334 1435 4404 secundum,
1477 4334 1778 4405 elegerunt.
1810 4332 1911 4390 Hic

315 4441 339 4466 κ
364 4427 533 4484 Flavii
577 4435 886 4499 p‘ramomen
918 4426 1058 4499 apud
1089 4426 1369 4482 Romanos
1398 4425 1628 4491 illustre,
1659 4440 1766 4495 quo
1810 4423 1911 4479 sibi

312 4521 436 4592 plus
465 4519 740 4589 dignitatis
779 4526 836 4574 et
871 4519 1057 4588 gratiae
1083 4518 1222 4588 apud
1249 4517 1411 4574 Italos
1439 4516 1773 4583 conciliaret,
1820 4530 1908 4569 as-

313 4612 565 4683 sumpsit.
597 4610 831 4682 Moxque
857 4608 1147 4664 Brixellum
1192 4606 1498 4662 defectione
1529 4604 1789 4661 Droctulﬁ
1812 4620 1910 4659 nu-

313 4716 413 4773 per
460 4701 717 4757 amissum
753 4699 1085 4770 Oppugnavit
1131 4713 1193 4754 ac
1235 4696 1600 4767 recuperavit.
1664 4694 1909 4768 Cumque

312 4791 719 4846 Childebertum
740 4832 757 4858 ,
796 4787 1105 4845 francorum
1128 4787 1359 4857 Regem,
1390 4787 1554 4857 Alpes
1593 4801 1716 4841 cum
1755 4801 1911 4841 exer-

314 4884 427 4939 citu
468 4897 754 4953 superasse
788 4880 1106 4949 accepisset,
1128 4878 1255 4933 belli
1286 4877 1652 4947 Langobardis
1679 4876 1914 4931 inferen-

313 4974 368 5028 di
410 4972 617 5042 gratia,
677 4986 838 5043 mquo
889 4984 1019 5023 vero
1058 4974 1231 5021 marte
1278 4983 1401 5022 cum
1445 4967 1576 5036 ipsis
1620 4964 1913 5035 conﬂigere

312 5078 476 5135 posse
502 5060 790 5128 difﬁderet,
813 5060 1040 5125 ducibus
1062 5058 1171 5113 suis
1190 5058 1448 5128 praecepit
1470 5065 1530 5111 ut
1549 5058 1689 5111 intra
1703 5057 1912 5112 urbium

314 5156 644 5213 munitarum
668 5163 725 5211 et
782 5142 985 5209 arcium
1008 5165 1191 5206 muros
1225 5164 1345 5203 sese
1371 5148 1751 5203 continerent.
1769 5146 1915 5202 Inte-

313 5251 419 5304 rim
434 5250 641 5317 legatos
671 5247 737 5303 ad
767 5246 1171 5304 Childebertum
1185 5244 1251 5297 de
1272 5256 1404 5312 pace
1426 5241 1591 5309 misit,
1615 5254 1797 5312 quam,
1820 5239 1911 5294 de-

315 5340 494 5413 missis
507 5340 756 5409 precibus
777 5335 1225 5408 amplissimisque
1241 5332 1570 5399 muneribus,
1586 5338 1909 5387 consecutus

314 5441 419 5487 est.
465 5430 541 5486 Ex
581 5432 687 5486 hac
717 5429 1063 5501 expeditione
1105 5424 1515 5481 Childebertum
1565 5437 1704 5493 pene
1734 5421 1904 5479 adhuc

314 5524 650 5597 impuberem
674 5522 961 5592 plurimum
991 5519 1179 5588 glorise
1204 5523 1515 5586 reportasse
1552 5512 1740 5568 scribit
1766 5510 1907 5565 Gre-

311 5613 496 5683 gorius
527 5610 860 5668 Turonensis
881 5610 974 5665 lib.
1006 5625 1079 5674 vi,
1101 5625 1150 5664 c.
1184 5606 1273 5661 ω.
1311 5606 1465 5675 Saepe
1494 5613 1683 5675 postea
1714 5608 1906 5657 contra

315 5704 538 5759 eosdem
568 5703 755 5758 hostes
784 5700 1005 5771 ancipiti
1028 5684 1343 5771 plerumque
1369 5702 1587 5761 eventu,
1621 5699 1714 5747 aut
1741 5690 1905 5747 etiam

286 5830 291 5839 ’
382 5849 410 5879 ⁸
458 5840 721 5897 Observat
766 5834 1108 5892 doctissimus
1147 5830 1523 5888 Tillemontius
1571 5829 1624 5882 in
1672 5826 1902 5897 historia

314 5911 678 5981 Augustorum
727 5909 778 5964 in
836 5906 1151 5981 Constantio
1183 5901 1410 5981 art_._56,
1457 5913 1580 5981 pag.
1797 5897 1904 5981 hoc

314 5968 485 6038 Fla'vii
525 5996 835 6042 nrmnomcu
868 5995 897 6033 a
937 5975 1155 6033 Silvano
1183 5976 1269 6045 qui
1307 5968 1593 6044 imperium
1626 5968 1678 6023 in
1715 5968 1902 6025 Galliis

2074 2077 2231 2146 222
2272 2074 2325 2129 5.
2365 2074 2494 2141 Quae
2522 2074 2590 2129 de
2618 2074 2772 2129 bellis
2802 2089 2831 2128 a
2859 2072 3202 2128 Childeberto
3223 2070 3389 2127 Italia:
3419 2072 3581 2127 illatis

2001 2166 2273 2235 attigimus
2294 2182 2401 2221 non
2430 2164 2719 2231 sufﬁciunt,
2754 2173 2813 2220 ut
2838 2166 2946 2235 quo
2966 2172 3111 2220 statu
3142 2172 3268 2218 tunc
3306 2179 3396 2218 res
3423 2163 3585 2218 Fran-

2000 2275 2185 2315 corum
2216 2266 2418 2322 essent,
2467 2259 2816 2327 intelligatur.
2855 2256 3082 2313 Francia
3133 2258 3309 2312 omnis
3356 2264 3482 2312 tunc
3529 2257 3582 2311 in

2002 2355 2103 2409 tria
2133 2368 2296 2422 regna
2324 2352 2511 2418 divisa,
2546 2352 2767 2408 totidem
2798 2353 3021 2423 parebat
3046 2351 3283 2420 regibus.
3314 2350 3586 2407 Clotarius

2001 2446 2067 2515 II,
2096 2446 2383 2519 Chilperici
2412 2462 2554 2501 anno
2587 2443 2689 2498 584
2732 2445 2896 2501 occisi
2946 2444 3083 2499 ﬁlius
3107 2460 3173 2500 ex
3198 2444 3583 2513 Fredegunde,

2002 2540 2263 2595 Neustria:
2292 2556 2388 2596 seu
2419 2538 2657 2594 Francia:
2695 2538 3025 2594 Occidentali
3056 2537 3231 2592 adhuc
3266 2538 3448 2607 junior
3479 2539 3584 2592 im-

2003 2634 2244 2703 perabat.
2291 2632 2665 2688 Childebertus
2712 2631 2979 2701 Sigeberti
3028 2642 3083 2688 et
3126 2633 3480 2690 Brunicbildis
3522 2649 3589 2692 ex

2004 2726 2151 2795 regia
2200 2725 2625 2796 Wisigothorum
2666 2727 2833 2796 stirpe
2882 2726 3057 2793 ﬁlius,
3106 2728 3439 2782 Austrasiam
3492 2743 3590 2784 seu

2004 2817 2287 2873 Franciam
2334 2815 2694 2883 Orientalem,
2745 2818 2831 2872 cui
2880 2826 3008 2872 tunc
3054 2833 3246 2887 magna
3293 2816 3591 2873 Germaniae

1988 2926 2132 2981 pars
2161 2910 2565 2975 accensebatur,
2600 2909 2899 2964 obtinebat.
2921 2907 3288 2964 Guntramnus
3314 2911 3592 2980 utriusque

2006 3004 2149 3072 regis
2194 3011 2447 3074 patruus,
2496 3002 2887 3070 Burgundiam,
2944 3002 3098 3071 cujus
3145 3012 3274 3059 tunc
3314 3004 3591 3073 provincia

2008 3098 2187 3168 portio
2208 3107 2342 3161 erat,
2374 3097 2539 3152 orbus
2571 3097 2750 3152 liberis
2779 3096 3034 3165 regebat;
3066 3095 3159 3151 sed
3188 3095 3590 3151 Childebertum

2008 3191 2276 3245 bmredem
2300 3191 2547 3245 instituit.
2584 3189 2708 3245 Haec
2749 3189 2988 3244 Francia:
3015 3189 3228 3255 divisio,
3277 3197 3333 3244 et
3369 3190 3592 3244 duarum

2011 3283 2306 3353 praesertim
2351 3283 2659 3351 reginarum
2706 3280 3075 3349 Fredegundis
3124 3289 3179 3334 et
3236 3280 3593 3335 Brunicbildis

1934 3372 1980 3437 C
2010 3376 2150 3441 odia,
2183 3375 2471 3430 multorum
2502 3375 2766 3430 bellorum
2796 3373 3139 3428 seminarium
3168 3373 3336 3427 fuere.

2082 3466 2135 3521 4.
2178 3466 2433 3538 Hispania
2484 3467 2645 3535 longe
2691 3466 2932 3536 pacatior
2961 3472 3110 3530 erat,
3143 3478 3212 3518 ex
3253 3478 3360 3532 quo
3388 3462 3594 3531 ejurata

2010 3561 2210 3615 Ariana
2261 3560 2485 3623 haeresi,
2547 3558 2614 3612 ad
2666 3558 2822 3611 ﬁlem
2885 3555 3244 3611 orthodoxam
3305 3552 3595 3622 Wisigothi

2010 3654 2355 3708 transierant.
2391 3651 2563 3705 Antea
2591 3649 2734 3703 enim
2766 3648 2942 3703 fuerat
2984 3662 3108 3702 cum
3148 3645 3370 3700 Francis
3403 3644 3596 3700 decer-

2012 3746 2252 3802 tandum.
2302 3744 2668 3799 Guntramnus
2707 3741 2905 3795 etenim
2948 3738 3165 3805 indigne
3194 3736 3370 3791 terens
3406 3749 3595 3803 .ngun-

2012 3839 2132 3894 dem
2151 3877 2166 3900 ,
2195 3836 2374 3890 fratris
2403 3834 2601 3899 ﬁliam,
2633 3829 3027 3898 llermenegildi
3056 3828 3195 3897 regis
3224 3840 3448 3880 uxorem
3470 3867 3485 3892 ,
3527 3824 3595 3878 ab

2015 3924 2325 3995 Leuvigildo
2355 3932 2410 3979 et
2444 3938 2472 3977 a
2498 3922 2793 3979 Gosuvitha
2822 3916 3219 3985 Hermenegildi
3243 3930 3506 3980 noverca,
3537 3915 3593 3969 in

2016 4020 2196 4074 odium
2241 4016 2363 4071 Iidei
2392 4014 2690 4080 catholicze,
2737 4011 2807 4065 ad
2854 4018 3083 4066 mortem
3126 4024 3296 4079 usque
3344 4016 3596 4064 vexatam

2015 4112 2179 4167 fuisse
2199 4152 2214 4178 ,
2260 4109 2470 4164 duobus
2499 4106 2675 4161 missis
2701 4104 3032 4161 exercitibus
3059 4102 3259 4158 bellum
3281 4101 3598 4171 Wisigothis

2015 4213 2278 4258 moverat.
2308 4200 2413 4256 Sed
2436 4200 2705 4255 exstincto
2734 4196 3070 4266 Leuvigildo,
3098 4212 3221 4252 cum
3252 4194 3598 4251 Recharedus

2015 4293 2131 4363 ejus
2148 4293 2290 4348 Iilius
2305 4307 2368 4346 ac
2384 4306 2683 4355 successor,
2709 4288 3049 4359 amplexatus
3072 4285 3228 4342 ﬁdem
3251 4276 3597 4353 cathOlicam,

2014 4388 2270 4445 Ecclesiae
2310 4385 2689 4442 reconciliatus
2717 4382 2925 4449 fuisset,
2980 4395 3166 4451 pacem
3197 4394 3227 4433 a
3252 4378 3471 4434 Francis
3498 4378 3598 4433 im-

2013 4483 2267 4553 petravit,
2301 4497 2364 4537 ac
2394 4496 2491 4551 pro
2518 4478 2667 4550 pacis
2695 4485 2750 4533 et
2778 4474 2994 4532 Ieederis
3018 4475 3242 4544 pignore
3270 4471 3598 4527 Clotsindem

2016 4579 2069 4633 in
2102 4592 2346 4633 uxorem.
2380 4573 2455 4628 Ea
2483 4581 2602 4630 erat
2628 4569 2954 4626 Childeberti
2983 4583 3158 4633 soror,
3188 4580 3347 4634 quam
3376 4563 3599 4620 Authari

2018 4669 2493 4739 Langobardorum
2522 4665 2636 4735 regi
2663 4665 2821 4719 enixe
2862 4660 3065 4732 petenti
3095 4657 3365 4713 collocare
3408 4654 3599 4709 nolue-

1940 4764 1993 4824 D
2017 4772 2119 4819 rat.
2158 4760 2455 4818 Recharedi
2494 4758 2677 4813 laudes
2703 4754 2915 4811 abunde
2942 4750 3282 4824 persequitur
3310 4748 3368 4805 S.
3395 4747 3599 4819 Grego-

2016 4859 2129 4913 rius
2157 4857 2251 4911 lib.
2277 4872 2352 4921 ιχ,
2380 4870 2466 4923 ep.
2491 4852 2595 4906 122
2612 4891 2627 4916 ,
2650 4858 2705 4904 et
2732 4850 2871 4903 libro
2895 4863 2951 4901 Ill
2977 4845 3187 4913 Dialog.
3212 4858 3261 4898 c.
3279 4842 3340 4897 5i
3362 4883 3378 4909 ,
3404 4843 3496 4898 ubi
3522 4842 3598 4898 ait

2018 4964 2142 5004 eum
2170 4955 2320 5001 tanto
2362 4943 2485 4997 ﬁdei
2516 4939 2796 4996 catholica:
2833 4935 3028 4991 ardore
3077 4933 3331 5002 flagrasse
3350 4971 3365 4997 ,
3396 4941 3453 4987 ut
3481 4933 3599 4989 uul-

2019 5042 2124 5094 tum
2162 5039 2217 5091 in
2241 5053 2334 5089 suo
2356 5048 2518 5104 regno
2547 5029 2775 5083 militare
2821 5025 3176 5097 permitteret,
3219 5025 3306 5094 qui
3332 5025 3478 5096 regni
3498 5022 3598 5078 Dei

2016 5128 2179 5184 hostis
2204 5126 2423 5181 existere
2446 5140 2539 5193 per
2551 5122 2851 5175 Itwreticam
2868 5119 3172 5189 pravitatem
3202 5133 3308 5172 non
3343 5117 3546 5171 timeret
3579 5131 3597 5170 :

2018 5221 2162 5293 quod
2215 5219 2283 5273 ad
2333 5214 2744 5272 conversionem
2792 5211 3221 5268 bellicosissima:
3262 5210 3439 5281 gentis
3487 5224 3597 5263 non

2015 5327 2204 5385 parum
2235 5309 2486 5365 contulit.

2088 5402 2138 5457 5.
2180 5400 2456 5456 Britannia
2495 5398 2654 5467 vulgo
2689 5396 2832 5452 dicta
2872 5397 3048 5467 major
3084 5394 3152 5449 ab
3190 5391 3375 5461 Anglis
3419 5387 3596 5444 idolo-

2016 5511 2134 5552 rum
2164 5493 2460 5550 cultoribus
2488 5496 2770 5559 occupata,
2821 5489 3004 5560 plures
3028 5488 3081 5542 iu
3128 5483 3401 5555 dynastias
3428 5480 3597 5539 divisa

2017 5597 2153 5647 erat.
2185 5588 2286 5656 Qui
2314 5592 2632 5659 supererant
2658 5599 2727 5640 ex
2769 5581 3009 5654 pristinis
3052 5577 3242 5633 incolis
3270 5575 3517 5631 Britones
3544 5574 3598 5631 in

2014 5681 2224 5739 Wallire
2245 5681 2366 5737 loca
2410 5680 2708 5745 inaccessa,
2750 5674 2936 5747 jugum
2966 5683 3234 5725 novorum
3257 5667 3598 5724 dominorum

2011 5829 2316 5893 usurparat,
2338 5819 2507 5877 fuisse
2525 5822 2895 5893 assumptum,-
2919 5805 3156 5864 maxime
3183 5822 3315 5864 vero
3343 5805 3599 5873 alienige-

2014 5910 2111 5952 uas
2137 5887 2254 5966 ipso
2278 5907 2339 5951 se
2362 5904 2628 5949 exornare
2665 5887 2874 5944 solitos.
