4138 6444
601 449 699 511 iiii

1089 445 1151 506 S.
1191 441 1521 503 GBEGORII
1559 439 1772 498 MAG!“
1815 437 1997 508 VITA.
2042 433 2133 501 EX
2175 437 2342 496 EJUS
2379 434 2681 494 SCRIPTIS
2718 432 3114 490 ADORNA'I‘A.
3152 426 3280 486 LIB.
3320 429 3388 485 ll.

3755 430 3861 494 293

600 569 859 640 [saginatas
885 577 1006 624 sese
1030 567 1372 631 receperunt,
1395 565 1490 618 aut
1518 557 1572 620 in
1596 554 1966 614 Aremoricam
1986 553 2172 610 Galliae

2287 573 2536 628 cbaritate
2563 569 2892 637 melliﬂuam,
2919 572 2972 626 in
3001 585 3107 641 qua
3137 570 3275 624 inter
3309 577 3504 622 caetera
3540 565 3858 634 rescripsit,

599 657 951 733 provinciam.
982 653 1236 712 Hibernia
1259 652 1366 709 suis
1392 652 1607 720 regibus
1635 647 2061 718 obtemperabat.

666 751 725 810 6.
763 750 854 822 En,
874 749 1182 819 aperuimus
1226 746 1458 802 stadium
1508 745 1562 799 in
1611 759 1719 814 quo
1747 741 2039 811 Gregorius
2082 740 2175 796 de-

597 860 845 911 currens,
879 850 936 900 et
963 840 1414 906 decertans,'jam
1457 837 1823 908 spectaculum
1853 834 2064 892 futurus
2092 841 2177 889 est

597 917 832 1003 litando,
849 939 956 990 imo
977 943 1029 989 et
1057 933 1262 1002 angelis
1277 940 1331 986 et
1354 930 1688 994 hontinibus;
1720 928 1840 984 licet
1865 928 1906 982 si
1931 926 2032 997 ipsi
2053 939 2174 981 cre-

599 1031 807 1093 damus,
839 1028 951 1080 vilis
997 1024 1294 1088 homuncio,
1337 1021 1546 1093 ignavia
1589 1029 1814 1090 torpens.
1851 1017 2069 1077 Verum.
2119 1025 2179 1072 ut

598 1137 683 1177 res
712 1130 824 1186 est,
855 1120 1006 1188 gigas
1033 1116 1388 1183 fortissimus,
1414 1122 1469 1168 et
1494 1113 1673 1168 mollis
1709 1112 1805 1167 otii
1832 1125 1942 1180 pm
1968 1109 2179 1166 caeteris

598 1211 904 1282 pastoribus
945 1205 1459 1277 impatientissimus.
1503 1204 1648 1270 Quas
1692 1213 1872 1258 autern
1911 1201 2066 1258 dotes
2116 1216 2180 1256 ae

599 1305 822 1358 virtutes
844 1302 910 1356 ad
933 1300 1300 1371 pontiﬁcatum
1331 1298 1570 1352 attulerit
1605 1305 1662 1350 ut
1682 1313 1748 1351 eo
1779 1297 1882 1351 rite
1931 1295 2182 1362 fungere-

601 1405 714 1460 tur,
745 1410 810 1450 ex
845 1395 956 1462 jam
997 1391 1152 1446 dictis
1183 1389 1340 1445 facile
1370 1389 1567 1458 poterit
1610 1388 1866 1456 intelligi,
1898 1394 1954 1441 et
2006 1401 2071 1440 ex
2101 1385 2180 1440 di-

601 1485 993 1543 eeodisciarius
1006 1483 1258 1538 elucebit.
1278 1482 1520 1537 Suiﬁciat
1538 1483 1641 1536 hoc
1657 1481 1944 1535 observare
1960 1479 2079 1534 loco
2093 1519 2106 1543 ,
2128 1478 2182 1532 in

599 1577 940 1635 sanctissime
962 1573 1245 1644 pontiﬁce,
1270 1572 1336 1626 ad
1358 1571 1679 1625 miraculum
1705 1578 1762 1625 et
1784 1580 2060 1638 stuporem
2085 1584 2176 1622 us-

599 1687 703 1742 que
732 1668 995 1725 elfulsisse
1032 1667 1388 1722 humilitatem
1422 1672 1477 1719 et
1502 1663 1843 1719 charitatem.
1875 1661 1979 1716 Per
2006 1660 2184 1728 humi-

599 1762 806 1816 litatem
852 1759 1120 1814 sollicitus
1150 1757 1346 1826 ubique
1377 1764 1434 1810 et
1457 1768 1672 1824 seraper
1698 1754 1768 1808 de
1797 1753 2186 1809 circumstanti~

599 1855 701 1909 bus
720 1852 992 1924 periculis,
1023 1849 1246 1912 cavebat
1273 1863 1343 1903 ne
1369 1847 1438 1902 de
1456 1847 1654 1902 collato
1681 1852 1831 1900 tanto
1861 1847 2064 1898 honore
2083 1842 2185 1900 sibi

2273 664 2500 720 Meliora
2543 665 2642 719 sibi
2690 681 2800 719 esse
2840 664 3056 718 vulnera
3107 661 3368 733 diligentis
3387 699 3402 723 ,
3453 674 3610 731 ψαιιι
3657 657 3863 714 inimici

2274 759 2586 815 blandientis
2607 759 2784 814 oscula
2808 756 2948 829 (Lib.
2973 772 3067 825 vri,
3094 773 3175 827 ep.
3204 755 3317 826 i7).
3345 755 3523 824 Atque
3552 760 3611 806 ut
3635 748 3864 808 Anasta-

2273 850 2358 906 sio
2371 852 2612 906 monenti
2636 865 2842 905 morem
2871 858 3112 919 gereret,
3137 848 3366 918 Cyriaoi,
3393 860 3566 916 nuper
3585 845 3652 898 ad
3675 842 3864 898 sedero

2277 939 2381 997 ΟΡ.
2425 942 2625 1008 evecti,
2667 941 2950 1010 epistolam
2994 939 3304 1011 synodicam
3332 938 3386 992 iu
3413 953 3520 1008 qua
3540 933 3865 992 mcumenici

2275 1032 2599 1103 patriarchae
2627 1032 2840 1087 titulum
2863 1031 2965 1086 sibi
2985 1029 3326 1096 vendicabat,
3351 1029 3470 1084 sine
3496 1041 3650 1083 more
3674 1040 3862 1082 susce-

2278 1124 2378 1195 pit,
2410 1138 2476 1180 ne
2505 1125 2762 1180 unitatem
2783 1122 3038 1179 Ecclesiae
3064 1121 3324 1177 turbaret.

2352 1217 2595 1287 Denique
2615 1218 2943 1288 singularem
2965 1215 3216 1272 omnibus
3241 1214 3296 1268 in
3317 1211 3560 1284 epistolis
3589 1209 3756 1265 animi
3777 1209 3868 1263 de-

2281 1313 2589 1367 missionem
2636 1319 2916 1377 testatum,
2967 1319 3021 1365 et
3079 1304 3478 1379 quodammodo
3533 1304 3862 1374 inseniptam

2281 1405 2519 1474 reliquit,
2541 1419 2662 1460 cum
2678 1405 2882 1475 primus
2903 1402 3141 1458 omnium
3166 1401 3532 1455 Romanorum
3547 1394 3865 1468 pontificum

2283 1498 2335 1551 in
2378 1495 2507 1566 ipsis
2554 1505 2578 1532 ι
2610 1484 2822 1550 servum
2853 1508 2913 1549 se
2959 1508 3236 1548 servorum
3268 1491 3361 1546 Dei
3410 1488 3622 1561 praefari
3667 1485 3868 1554 voluit;

2283 1589 2424 1643 lianc
2447 1587 2722 1642 modestiae
2752 1595 3008 1648 tesseram
3033 1601 3171 1648 vano
3199 1593 3254 1640 et
3279 1583 3512 1654 superbo
3541 1579 3864 1636 meumenici

2287 1679 2439 1742 titulo
2468 1693 2574 1750 quo
2599 1677 2928 1747 gloriabatur
2947 1675 3051 1732 ΟΡ.
3076 1676 3360 1746 episcopus
3379 1672 3660 1742 objiciens,
3682 1671 3868 1726 simul-

2286 1783 2392 1839 que
2421 1785 2528 1832 non
2554 1769 2784 1828 obscure
2807 1767 3114 1839 signiﬁcans
3142 1767 3515 1840 pontiﬁcatum
3541 1765 3732 1824 durant
3767 1761 3873 1822 sibi

2287 1861 2459 1916 videri
2483 1863 2796 1918 servitutem
2817 1902 2832 1929 ,
2861 1861 2949 1916 cui
2976 1874 3090 1915 sora
3123 1874 3190 1920 ex
3228 1859 3495 1922 cbaritate
3534 1857 3735 1911 collum
3778 1856 3869 1926 ju-

599 1943 928 2001 blandiretur
949 1950 1002 1996 et
1031 1947 1417 1996 assentaretur.
1445 1938 1548 1992 Per
1569 1937 1888 1990 cbaritatem
1919 1950 2040 1990 cum
2069 1934 2180 2003 jam
2215 1952 2259 2015 υ
2284 1951 2446 2016 Deme
2472 1951 2584 2018 Deo
2612 1951 2926 2019 εηωωπίι.
2946 1948 3052 2024 (σί,
3070 1947 3229 2014 ιρι,ηο
3261 1949 3413 2010 Diae.
3442 1952 3480 2014 ι,
3505 1963 3564 2015 η,
3601 1965 3654 2008 η,
3685 1947 3759 2016 ι),

599 2037 701 2098 sibi
732 2036 994 2099 viluisset,
1029 2034 1081 2098 in
1127 2033 1295 2098 Deum
1341 2045 1556 2102 semper
1583 2037 1825 2095 erectus,
1868 2043 1902 2084 e
1928 2043 2176 2098 supremo

598 2129 692 2188 illo
714 2127 924 2196 fastigio
948 2125 1144 2187 subditi
1163 2123 1340 2192 gregis
1370 2121 1781 2190 necessitatibus
1810 2129 1866 2176 et
1885 2119 2184 2186 commodis

599 2217 1006 2289 vigilantissime
1047 2215 1433 2286 prospiciebat.
1477 2213 1639 2285 (Vide
1682 2212 1908 2284 Prcefat.
1940 2213 1994 2272 in
2035 2209 2181 2278 Dial,

599 2322 650 2374 et
673 2311 762 2372 lib.
791 2327 862 2376 ut,
890 2327 970 2379 ερ·
1004 2307 1151 2377 ﬁt.)

673 2403 727 2462 7.
769 2400 1096 2468 iinniiiitatis
1121 2399 1377 2466 abyssum
1397 2398 1632 2470 produnt
1659 2397 1826 2452 multa
1846 2394 1958 2470 jam
1979 2411 2044 2456 ex
2069 2395 2186 2466 ejus

601 2492 846 2564 epistolis
876 2491 1106 2563 prolata,
1126 2491 1318 2562 quibus
1341 2490 1503 2559 longe
1522 2490 1675 2564 plura
1701 2487 1902 2550 addere
1923 2489 2179 2550 licuisset.

601 2586 722 2658 Quo
745 2584 905 2651 fuisse
933 2583 1114 2646 animo
1145 2597 1272 2654 erga
1301 2596 1628 2654 sapt-emam,
1671 2581 1757 2642 cui
1789 2580 2038 2652 alligatus
2077 2595 2183 2636 non

601 2684 794 2751 sponte
823 2674 1018 2741 fuerat,
1046 2672 1296 2738 Ecclesia:
1319 2671 1632 2742 dignitatem
1653 2667 1973 2746 Gregorium
1997 2669 2185 2734 existi-

601 2784 833 2837 mutnus,
859 2765 1074 2838 quando
1100 2765 1275 2826 amico
1305 2763 1553 2822 Leandre
1580 2763 1850 2826 scribebat
1877 2769 2003 2824 octo
2031 2761 2186 2822 annis

601 2877 634 2928 δ
663 2877 759 2926 sua
804 2858 1214 2930 inaugurationis
1250 2857 1362 2926 iam
1422 2855 1656 2926 elapsis:
1686 2854 2024 2925 Summopere
2075 2870 2186 2912 esse

601 2953 926 3012 decreveram
974 2948 1306 3022 approbrium
1347 2947 1640 3012 hominum,
1670 2955 1719 3000 et
1741 2945 1960 3018 abjectio
1987 2944 2149 3016 plebis
2170 2988 2184 3014 ,

602 3052 754 3114 atque
780 3043 835 3096 in
859 3040 974 3111 ejus
1003 3049 1140 3100 sorte
1168 3055 1394 3104 currere,
1417 3037 1480 3092 de
1499 3054 1598 3110 quo
1627 3054 1806 3092 rursus
1840 3054 1926 3100 aer
1954 3036 2178 3100 Psalmi-

602 3145 734 3197 stam
757 3133 945 3187 dicitur
969 3148 986 3184 :
1011 3131 1268 3186 Ascensus
1290 3129 1346 3184 in
1386 3129 1540 3184 corde
1564 3130 1676 3202 ejus
1703 3129 1956 3200 disposuit
1984 3130 2037 3184 in
2065 3145 2188 3183 con-

603 3226 734 3286 valle
761 3225 1130 3295 lacrumarum,
1160 3232 1215 3276 ut
1232 3221 1466 3276 videlicet
1491 3231 1633 3275 tanto
1656 3223 1822 3275 verius
1845 3222 1982 3278 intus
2005 3236 2188 3274 ascen-

2355 2043 2408 2098 8.
2449 2042 2532 2098 Ad
2557 2043 2874 2098 cbaritatem
2901 2043 3045 2112 quod
3065 2050 3292 2112 spectat,
3311 2048 3514 2109 quanto
3536 2052 3664 2108 erga
3694 2037 3866 2090 Deum

2285 2151 2471 2191 amore
2497 2135 2784 2205 ﬂagraret,
2808 2135 2939 2190 satis
2968 2134 3199 2205 probant
3223 2133 3494 2189 continuae
3521 2146 3658 2201 quas
3685 2130 3840 2198 singu
3857 2157 3871 2167 -

2284 2227 2352 2284 iis
2377 2227 2492 2283 fere
2521 2227 2763 2298 epistolis
2791 2227 3054 2297 inspergit
3080 2226 3315 2296 querelae
3334 2226 3401 2281 de
3421 2224 3619 2279 amisso
3642 2223 3735 2277 illo
3762 2235 3874 2291 prze

2285 2320 2642 2375 sollicitudine
2656 2318 2934 2391 pastorali,
2958 2317 3042 2373 vel
3061 2318 3289 2372 remisso
3315 2334 3329 2371 :
3354 2316 3446 2388 qui
3466 2316 3610 2372 enim
3631 2314 3698 2369 de
3721 2311 3866 2368 sacri

2287 2411 2444 2481 hujus
2470 2410 2607 2480 ignis
2628 2410 2840 2482 jactura
2865 2411 2940 2465 ita
2959 2418 3046 2465 est
3083 2410 3298 2480 anxius,
3333 2409 3499 2476 dolet,
3525 2412 3873 2479 lacrymatur,

2287 2509 2490 2573 quanto
2518 2503 2710 2558 ardore
2738 2517 2796 2558 se
2821 2502 2990 2559 Deum
3011 2500 3232 2574 diligere
3259 2503 3342 2558 vel
3367 2503 3470 2558 hoc
3499 2503 3615 2572 ipso
3642 2501 3872 2554 demon-

2288 2601 2444 2649 strat.
2473 2591 2552 2648 De
2589 2593 2854 2648 cbaritate
2893 2607 3022 2664 erga
3049 2595 3356 2664 proximum
3405 2593 3586 2648 dicere
3621 2591 3730 2645 hoc
3757 2589 3877 2643 loco

2289 2684 2422 2738 nihil
2448 2683 2658 2751 attinet,
2710 2691 2831 2754 post
2860 2692 2940 2739 tot
2967 2681 3150 2739 eﬁ‘usae
3179 2683 3320 2738 illius
3365 2683 3420 2736 in
3446 2695 3712 2753 pauperes
3744 2679 3874 2737 libe-

2288 2777 2518 2835 ralitatis
2544 2786 2895 2848 argumenta,
2945 2791 3064 2847 qua:
3092 2776 3436 2858 suppeditant
3482 2773 3720 2843 ejusdem
3765 2769 3876 2840 epi-

2288 2869 2471 2937 stolae,
2529 2879 2886 2939 recensetque
2937 2866 3173 2924 Joannes
3224 2866 3527 2934 Diui-onus,
3575 2862 3874 2936 prtesertim

2287 2961 2382 3017 lib.
2412 2959 2478 3028 il,
2506 2960 2770 3031 capitibus
2799 2975 3016 3025 novem,
3047 2959 3252 3014 scilicet
3280 2974 3312 3013 a
3340 2957 3410 3011 23
3439 2956 3506 3012 ad
3530 2954 3624 3010 30.

2359 3054 2414 3107 9.
2455 3053 2535 3107 Ex
2566 3063 2793 3123 utraque
2820 3052 2910 3106 illa
2939 3068 3144 3107 summa
3172 3053 3369 3107 virtute
3416 3050 3614 3124 prodiit
3643 3047 3877 3102 infracta

2289 3145 2533 3218 quadam
2559 3146 2725 3200 animi
2755 3145 3080 3212 constantia,
3104 3158 3224 3214 qua:
3251 3145 3304 3198 in
3331 3142 3531 3221 arduis,
3561 3148 3615 3196 et
3634 3141 3690 3195 in
3721 3139 3880 3212 223

2288 3239 2622 3312 gravioribus
2644 3237 2893 3311 periculis
2920 3239 3158 3293 maxime
3196 3237 3482 3293 elucebat:
3515 3235 3744 3312 quippe,
3773 3244 3881 3302 quo

603 3318 777 3369 derem
825 3323 1013 3386 quanto
1041 3330 1131 3384 per
1157 3313 1439 3370 convallem
1465 3312 1817 3394 lacrgmarum
1859 3314 1986 3380 foris
2016 3313 2186 3366 humi-
2215 3338 2260 3399 ε
2294 3331 2463 3402 magis
2505 3332 2607 3386 smi
2642 3328 2920 3385 dii-“debat
2944 3328 3237 3398 Gregorius
3269 3342 3363 3398 per
3390 3325 3782 3387 numquam",
3813 3335 3881 3377 eo

603 3409 702 3470 lius
723 3409 952 3482 facerem
983 3407 1208 3476 (Psalm.
1233 3420 1468 3476 unum,
1492 3387 1583 3476 7).:
1608 3404 1674 3458 At
1703 3422 1784 3468 me
1811 3406 2026 3462 multum
2055 3422 2190 3460 nunc

605 3498 844 3570 deprimit
865 3498 1028 3554 honor
1057 3513 1322 3560 onerosus,
1357 3512 1495 3558 cura:
1522 3498 1806 3552 innumera:
1830 3506 2154 3569 perstrepunt
2171 3536 2187 3563 ,

604 3602 650 3658 ei
678 3608 792 3646 cum
815 3607 926 3652 sese
948 3591 1016 3648 ad
1036 3589 1204 3650 Deum
1231 3591 1433 3644 animus
1454 3589 1680 3668 colligit,
1715 3589 1848 3648 hunc
1875 3589 1982 3642 suis
2004 3587 2191 3660 impul-

605 3687 742 3748 sibus
769 3687 917 3757 quasi
945 3683 1252 3758 quibusdam
1293 3683 1484 3756 gladiis
1513 3682 1777 3738 scindunt.
1822 3680 1987 3735 Nulla
2017 3680 2188 3734 cordis

605 3780 744 3850 quies
763 3787 860 3838 est.
893 3776 1228 3842 Prostratum
1254 3777 1309 3832 in
1338 3775 1532 3847 infimis
1553 3775 1698 3846 jacet
1728 3791 1835 3830 sua:
1863 3775 2192 3846 cogitationis

605 3869 834 3941 pondere
855 3869 1178 3943 depressam.
1224 3867 1327 3924 Aut
1375 3885 1498 3928 rara
1545 3868 1691 3922 valde
1716 3877 1802 3922 aut
1828 3868 1969 3921 nulla
2012 3868 2106 3921 hoc
2138 3868 2192 3920 in

604 3961 846 4030 sublimia
892 3978 1059 4032 penna
1091 3962 1544 4034 contemplationis
1587 3962 1740 4016 levat.
1788 3961 1976 4033 Torpet
2004 3961 2190 4032 ignava

605 4069 770 4119 utens,
793 4051 1359 4117 etcircumlatrantibus
1373 4054 1513 4106 curis
1531 4054 1920 4124 temporalibus,
1937 4055 2051 4124 jam
2064 4069 2192 4125 pene

607 4142 942 4218 udstuporem
956 4143 1195 4213 deducta,
1218 4145 1420 4216 cogitur
1435 4145 1588 4202 modo
1610 4154 1816 4200 terrena
1837 4163 2011 4216 agere,
2036 4147 2189 4200 modo

608 4233 766 4298 etiam
793 4247 906 4306 qua:
927 4242 1045 4286 sunt
1063 4234 1294 4288 carnalia
1339 4235 1641 4308 dispensare
1659 4234 1797 4305 (Lib.
1829 4253 2002 4307 map.
2042 4237 2186 4306 121).

683 4324 818 4388 Cum
841 4323 1064 4390 Natalis,
1087 4324 1432 4382 Salonitanus
1460 4330 1744 4399 episcopus
1783 4331 2011 4384 moleste
2039 4330 2188 4386 tuli:-

609 4428 693 4475 sct
714 4433 772 4485 se
800 4435 832 4480 ει
859 4418 1122 4490 Gregorio
1151 4431 1458 4492 correptum
1488 4419 1676 4490 fuisse,
1707 4423 1824 4489 ipse
1865 4423 1931 4475 ad
1961 4438 2084 4476 eum
2107 4439 2191 4477 re-

607 4513 825 4582 scripsit
857 4529 869 4564 :
895 4510 972 4564 Ab
1004 4511 1239 4568 erunibus
1269 4515 1483 4580 corripi,
1539 4513 1603 4572 ab
1656 4513 1893 4568 omnibus
1924 4515 2192 4568 emendari

608 4617 820 4676 paratus
848 4621 989 4670 sum;
1021 4614 1069 4658 et
1092 4604 1224 4658 hunc
1264 4604 1429 4664 solum
1449 4604 1575 4658 mihi
1605 4605 1826 4658 amicum
1870 4607 2068 4661 wstimo
2097 4624 2187 4678 per

609 4697 754 4765 cujus
800 4697 1052 4768 linguam,
1105 4706 1226 4752 ante
1274 4699 1652 4769 apparitionem
1696 4699 1918 4754 districti
1962 4700 2186 4767 Judicis,
2221 4741 2274 4801 Β

610 4806 735 4846 mea:
764 4790 990 4845 maculas
1033 4794 1218 4846 mentis
1242 4801 1383 4863 tergo
1414 4790 1552 4861 (Lib.
1586 4809 1641 4860 tt,
1671 4810 1752 4863 ep.
1787 4793 1898 4865 52).
1943 4794 2096 4862 Quod
2137 4804 2192 4850 et

610 4883 752 4942 lucto
780 4885 1146 4954 comprobatit
1172 4904 1184 4938 τ
1221 4901 1344 4942 cum
1370 4901 1514 4941 cnzm
1537 4885 1874 4954 Anastasius,
1901 4887 2193 4943 Antioche-

610 4997 710 5038 nus
735 5006 737 5008 -
762 4982 1067 5052 patriarcha
1089 5023 1104 5050 ,
1135 4993 1341 5038 motam
1368 4982 1438 5039 de
1470 4994 1726 5055 usurpato
1775 4985 2096 5049 mcutnenici
2126 4985 2192 5039 ti-

611 5074 724 5128 tqu
755 5074 1175 5134 controversiam
1216 5077 1608 5146 parvipeudens
1628 5115 1641 5140 ,
1674 5077 1740 5130 ad
1785 5075 1843 5131 S.
1875 5075 2194 5144 Gri-goriuin

610 5180 818 5232 summa
839 5165 962 5219 libet
978 5174 1085 5228 tate
1107 5166 1428 5236 scripsisset,
1459 5185 1553 5240 pro
1587 5169 1730 5222 nulla
1755 5185 1913 5222 causa
1933 5151 2046 5223 eum
2068 5168 2195 5221 dare

611 5258 778 5310 locum
822 5256 1089 5310 scandulis
1113 5274 1213 5310 non
1238 5257 1440 5327 debere,
1470 5270 1518 5313 et
1548 5261 1778 5333 maligno
1808 5262 2016 5332 spiritui
2046 5277 2192 5330 qum-

611 5350 744 5408 renti
772 5348 974 5406 animus
1005 5349 1233 5414 cribrare
1251 5389 1266 5415 ,
1300 5350 1493 5419 quibus
1522 5367 1629 5408 non
1657 5353 1890 5408 obscure
1917 5352 2093 5408 amico
2118 5354 2192 5406 si-

608 5440 894 5510 gniﬁcabat
924 5441 1093 5496 levem
1123 5442 1221 5498 sibi
1253 5443 1414 5506 videri
1443 5445 1793 5516 quaestionem
1824 5447 1875 5500 in
1906 5462 2009 5520 qua
2040 5447 2188 5506 zelus

611 5533 725 5602 ejus
753 5535 827 5588 ita
851 5534 1193 5602 etfcrbuerat,
1223 5539 1593 5596 sanctissimus
1621 5545 1797 5612 pater,
1832 5538 1898 5592 ad
1926 5540 2194 5604 cathedrae

609 5639 719 5680 sua:
748 5627 1034 5694 primatum
1056 5641 1166 5690 non
1189 5629 1490 5695 attendens,
1523 5630 1766 5696 aculeum
1791 5632 1906 5704 apis
1929 5631 2024 5706 (ita
2045 5633 2189 5700 Ana.

611 5715 831 5768 stasium
856 5717 1033 5786 vocat)
1058 5718 1277 5773 inﬁxum
1299 5719 1694 5774 modestissime
1716 5736 1779 5775 ac
1803 5723 2192 5790 patientissime

611 5806 761 5874 tuiit',
809 5817 865 5863 et
906 5825 1004 5880 pro
1048 5813 1238 5868 aculeo
1283 5812 1388 5866 mel
1429 5811 1692 5877 reddidit;
1741 5813 2024 5883 epistolam
2071 5814 2223 5871 dico'

2293 3424 2486 3494 majori
2511 3424 2564 3477 in
2585 3422 2755 3478 Deum
2795 3422 2986 3478 ﬁducia
3016 3424 3227 3478 dicebat
3254 3439 3375 3477 cum
3405 3419 3666 3490 Apostolo
3699 3435 3712 3470 :
3748 3415 3879 3470 0m-

2292 3519 2385 3572 nia
2421 3533 2635 3584 possum
2662 3519 2718 3570 in
2763 3533 2822 3572 eo
2868 3533 2957 3586 qut
3000 3533 3081 3570 me
3107 3518 3371 3588 confortat
3413 3513 3634 3583 (Philip.
3667 3511 3879 3581 H513).

2292 3609 2370 3664 ita
2399 3609 2466 3664 de
2508 3625 2567 3664 se
2596 3611 2832 3679 loquitur
2874 3623 2964 3679 ep.
2996 3607 3063 3661 4⁷1
3108 3608 3231 3662 libri
3249 3621 3333 3672 tv,
3376 3607 3442 3660 ad
3483 3603 3878 3659 Sabinianum:

2292 3703 2468 3758 Mores
2498 3719 2640 3757 meos
2683 3701 2809 3756 bene
2848 3703 3082 3774 cognitos
3107 3700 3283 3767 habes,
3308 3701 3429 3772 quia
3451 3699 3540 3754 diu
3570 3706 3737 3767 porto.
3773 3692 3878 3750 Sed

2292 3801 2339 3854 si
2365 3799 2521 3854 semel
2547 3799 2895 3853 deliberarem
2932 3813 3038 3852 non
3059 3806 3294 3869 portare,
3325 3801 3508 3849 contra
3535 3792 3712 3848 omnia
3740 3790 3879 3861 peri-

2292 3893 2410 3946 cula
2431 3892 2578 3946 hctus
2593 3890 2729 3944 vado

2366 3984 2561 4040 Verum
2583 3985 2630 4039 si
2657 3985 2883 4040 velimus
2913 3996 3074 4038 nosse
3100 3981 3272 4053 qualis
3301 3980 3372 4035 ad
3401 3992 3671 4036 summum
3700 3977 3878 4048 ponti-

2293 4077 2507 4133 ﬁcatum
2547 4078 2838 4132 accesserit
2866 4079 2922 4130 δ.
2954 4075 3288 4145 Gregorius,
3342 4081 3397 4127 et
3439 4072 3672 4141 qualiter
3717 4070 3772 4124 in
3815 4083 3880 4124 eo

2297 4173 2508 4238 \ixcrit,
2547 4171 2788 4240 legamus
2818 4171 3012 4226 librum
3060 4153 3278 4238 Regula:
3327 4165 3652 4233 Pastoralis,
3678 4164 3745 4218 de
3775 4177 3881 4231 quo

2293 4267 2520 4322 strictim
2563 4265 2673 4336 jam
2705 4264 3068 4336 loquendum;
3100 4272 3158 4317 ut
3201 4261 3345 4316 enim
3390 4261 3456 4315 de
3499 4260 3556 4314 S.
3589 4255 3881 4311 Benedicto

2295 4361 2369 4414 ait
2401 4357 2548 4431 (Lib.
2583 4373 2622 4411 ιι
2648 4347 2817 4423 Dial.,
2849 4373 2897 4410 c.
2921 4356 3022 4428 56)
3047 4398 3061 4424 ,
3091 4370 3214 4411 eum
3236 4370 3339 4408 non
3355 4353 3582 4426 potuisse
3604 4351 3758 4404 aliter
3785 4353 3881 4402 do-

2293 4467 2409 4504 cere
2438 4451 2492 4505 in
2522 4449 2726 4520 Regula
2749 4449 3139 4504 Monac-Letum
3178 4464 3210 4502 a
3238 4463 3298 4503 se
3327 4446 3696 4517 promulgata,
3729 4457 3882 4516 quam

2294 4542 2440 4607 vixit,
2494 4541 2639 4594 idem
2693 4555 2910 4612 quoque
2954 4542 3021 4596 de
3070 4541 3409 4605 sanctissimo
3454 4553 3612 4608 papa,
3665 4534 3882 4605 Regula:

2295 4628 2578 4687 Pastorum
2608 4640 2854 4701 auctore,
2885 4631 3155 4685 afﬁrmare
3183 4645 3290 4685 non
3319 4642 3584 4684 veremur.

2911 4747 3140 4812 CAPUT
3177 4747 3263 4806 111.

2300 4842 2654 4906 Lacones-1'01.
2675 4866 2734 4874 —
2751 4840 2806 4906 _i.
2833 4843 2885 4906 ξ.
2906 4840 3174 4906 Gregorius
3195 4839 3374 4889 librum
3398 4834 3601 4900 Regula:
3628 4832 3883 4906 Pastoralis

2366 4904 2715 4952 elucubrat.—
2739 4902 2785 4949 2.
2829 4899 2891 4951 Et
2931 4898 3107 4950 librum
3146 4898 3570 4950 Sacramentor’um
3611 4907 3720 4944 cum
3747 4898 3882 4941 Auti-

2365 4965 2597 5027 pbonnrio
2638 4965 2892 5013 meliorem
2941 4967 2990 5012 in
3029 4965 3251 5027 turmam
3276 4964 3588 5027 restituit.—-
3612 4963 3658 5027 ξ).
3703 4959 3777 5006 De
3802 4969 3884 5027 sua

2365 5018 2510 5076 {torno
2547 5028 2888 5080 constituenda
2929 5034 2982 5077 et
3023 5025 3286 5079 ordinanda
3324 5026 3488 5074 statim
3524 5024 3725 5083 cogitat.
3750 5044 3811 5052 —
3837 5018 3883 5065 4.

2367 5087 2525 5139 Laicis
2549 5089 2709 5138 Valere
2731 5090 2895 5150 λυθεὶς,
2921 5088 3128 5138 clericos
3141 5096 3192 5135 et
3211 5089 3472 5134 monachos
3493 5087 3676 5150 pietate
3697 5095 3750 5150 ac
3773 5093 3885 5129 cru-

2366 5152 2548 5200 ditioue
2574 5145 3013 5213 conspicuos,'cont
3029 5154 3208 5198 ictores
3229 5149 3318 5196 sibi
3338 5145 3680 5213 assumant—Lit
3697 5145 3885 5213 Quanta

2366 5217 2415 5266 ei
2439 5208 2808 5277 pauperumnet
2835 5208 3211 5277 peregrinorum
3231 5223 3360 5270 cura.
3381 5211 3511 5277 _——-_6.
3539 5208 3708 5277 Nullos
3734 5208 3883 5277 taleis

2366 5271 2680 5340 procurandis
2704 5271 2934 5324 Ecclesiae
2959 5271 3255 5340 patrimoniis
3275 5271 3492 5340 praeﬁcit.
3512 5298 3571 5306 ——
3591 5273 3636 5340 ’l.
3665 5273 3757 5338 Dei
3781 5279 3885 5316 Ver-

2362 5333 2424 5389 bo
2439 5350 2580 5388 suum
2605 5341 2757 5399 pascit
2780 5333 3002 5400 gregarii.
3029 5363 3088 5372 —
3107 5343 3154 5384 8.
3171 5333 3296 5400 ,Ejus
3345 5336 3635 5400 inuidiosum
3659 5333 3800 5400 ratio.
3827 5354 3885 5364 —

2360 5403 2405 5453 9.
2431 5396 2654 5452 Barbarie
2677 5396 2896 5450 nonduin
2921 5399 3207 5456 Christianis
3242 5398 3592 5460 praedicatores
3631 5396 3797 5460 mittit:
3828 5413 3877 5458 έ-

2364 5465 2439 5528 li).
2477 5463 2826 5528 Episcoi'orum
2863 5463 3048 5526 rigidus
3092 5455 3287 5522 censoi',
3314 5465 3400 5508 sed
3427 5459 3502 5508 sui
3540 5470 3751 5506 maxnne
3775 5455 3881 5503 fuit.

2363 5523 2477 5587 (An.
2497 5523 2588 5575 590
2612 5523 2813 5586 θιτδθι.)

2374 5632 2423 5694 1.
2465 5628 2634 5696 Paulo
2681 5638 2804 5702 post
2827 5636 3162 5698 assumptum
3191 5625 3567 5698 pontiﬁcatum
3588 5623 3648 5680 S.
3678 5622 3884 5691 Grego-

2302 5729 2411 5782 rius
2435 5727 2626 5781 librum
2652 5723 2868 5792 Regula:
2894 5723 3183 5778 Pastoralis
3213 5721 3574 5786 elucubravit,
3610 5728 3719 5775 tum
3744 5731 3803 5772 ut
3828 5717 3884 5772 iu

2302 5816 2977 5886 Ecclesias‘gubernatione
3000 5815 3261 5887 quidquid
3279 5815 3349 5872 ad
3374 5814 3610 5886 pastoris
3647 5810 3884 5870 ofﬁcium

686 5981 707 6008 α
731 5971 872 6038 Lege
901 5973 1277 6030 Praefationem
1305 5982 1542 6029 nostram
1565 5975 1633 6030 ad
1661 5974 1962 6047 Registrum
2001 5977 2170 6050 Epist.
2203 5982 2233 6054 §
2261 5980 2346 6034 11.
