4138 6454
313 518 417 572 es;

795 517 852 572 S.
898 516 1056 571 GiiEf
1091 516 1226 572 (lilii
1268 517 1476 572 MAGNI
1517 517 1696 581 VITA,
1744 515 1838 570 ΕΚ
1878 512 2035 568 EJUS
2078 511 2382 568 SCRIPTIS
2425 514 2816 570 ADORNATA.
2861 511 2989 567 LIB.
3030 511 3096 568 ΙΙ.

3463 510 3569 563 291

307 636 516 700 spectat
546 629 616 683 ob
640 627 826 682 oculos
849 627 1070 681 haberet
1099 642 1331 696 semper,
1367 636 1478 682 tum
1498 628 1891 697 utamicorum,
1920 631 1966 690 Α
1996 623 2186 680 eentite
2218 640 2477 679 consona.
2509 625 2726 680 Sciebat
2753 625 3062 698 enimjuxta
3084 633 3405 698 praeceptum
3428 623 3574 695 Apo-

307 721 608 794 p‘rtesertim
657 716 912 785 Joannis,
961 718 1288 774 Ravennatis
1333 721 1573 790 episcopi
1621 719 1886 789 querelis,

306 812 502 884 quibus
537 808 752 865 assidue
809 809 1150 879 pulsabatur,
1191 819 1414 880 propter
1463 809 1554 864 diu
1585 819 1888 866 recusatum

307 901 709 972 episcopatum,
736 901 1106 970 responderet.
1149 899 1206 954 in
1239 901 1344 955 hoc
1366 900 1511 955 enim
1540 917 1705 978 opere
1733 901 1892 971 plane

307 1008 508 1065 aureo,
520 1000 599 1047 tot
621 1000 875 1060 tantaque
903 1007 1017 1046 esse
1043 991 1384 1061 episcopatus
1407 1007 1571 1046 onera
1593 1032 1608 1059 ,
1640 993 1723 1046 vel
1752 993 1888 1046 vali-

309 1085 544 1143 dissimis
588 1086 826 1140 humeris
852 1085 1141 1156 plurimum
1199 1085 1530 1142 formidanda
1568 1084 1794 1156 probat;
1828 1092 1890 1138 ut

309 1175 486 1243 nullus
525 1175 626 1231 nisi
672 1175 868 1230 mentis
916 1176 1118 1245 impos,
1151 1173 1215 1228 ad
1257 1174 1344 1230 illa
1391 1175 1678 1229 attendens
1723 1174 1892 1245 possit

311 1266 673 1338 episcopalem
719 1265 1029 1336 dignitatem
1061 1266 1292 1333 ambire,
1341 1273 1435 1321 aut
1464 1267 1624 1322 etiam
1655 1265 1892 1320 oblatam

311 1360 455 1416 ultro
501 1360 793 1428 suscipere.
849 1357 1044 1413 Verum
1083 1374 1204 1414 cum
1242 1375 1306 1414 ea
1333 1374 1452 1429 quae
1497 1359 1563 1413 de
1613 1359 1716 1413 hoc
1758 1358 1894 1413 libro

311 1448 519 1522 praefati
543 1465 724 1505 sumus
752 1450 884 1504 adiri
915 1448 1068 1505 facile
1093 1451 1330 1518 possint,
1362 1450 1571 1504 caeteris
1601 1449 1699 1503 hac
1729 1448 1795 1502 de
1830 1463 1890 1502 re

312 1540 552 1597 dicendis
600 1555 740 1596 nunc
777 1539 1203 1608 supersedemus,
1254 1536 1522 1608 Optimum
1569 1553 1698 1592 vero
1745 1536 1889 1591 i'oret

312 1631 492 1702 ipsum
514 1631 851 1702 _opusculum
881 1631 1076 1700 saepius
1109 1630 1285 1698 legere
1305 1672 1320 1697 ,
1351 1636 1405 1683 et
1436 1628 1647 1684 assidue
1676 1636 1853 1683 terere
1877 1669 1892 1692 ,

316 1720 382 1775 ad
412 1735 640 1790 quasque
679 1722 803 1774 vitae
843 1719 1160 1776 Christianae
1205 1727 1504 1790 praecepta,
1533 1733 1762 1788 quorum
1807 1733 1896 1773 re-

317 1809 659 1867 fertissimum
709 1821 793 1868 est
839 1812 1282 1883 promptuarium,
1333 1811 1514 1866 animo
1563 1809 1892 1865 imbibenda.

317 1900 469 1956 Nunc
493 1902 763 1971 quomodo
799 1917 867 1957 ex
894 1903 1292 1972 perfectissima:
1334 1902 1490 1971 hujus
1528 1900 1726 1970 regula:
1764 1916 1900 1983 prae:

1994 715 2118 768 stoli
2145 711 2198 785 (1
2215 711 2347 767 Tim.
2370 730 2445 780 ιιι,
2477 714 2556 783 Ξ),
2591 724 2837 769 ornatum
2854 713 3065 784 quidem
3097 728 3215 770 esse
3244 713 3437 767 debere
3465 711 3575 782 epis

1992 821 2245 878 scopum,
2286 807 2379 861 sed
2419 806 2674 878 pudicitia
2695 847 2710 870 ,
2744 807 2975 861 candore
3004 822 3211 861 morum
3231 848 3245 873 ,
3275 806 3538 860 charitate
3559 845 3574 870 ,

1991 897 2236 954 doctrina
2267 917 2279 951 :
2308 915 2557 974 pompam
2581 908 2781 964 autem,
2808 899 3010 961 luxum,
3039 899 3299 968 pretiosas
3322 907 3411 952 aut
3435 897 3573 951 mol-

1991 989 2071 1044 les
2097 998 2309 1058 vestes,
2338 990 2555 1059 superbi
2582 989 2738 1043 aulici
2759 1030 2772 1053 ,
2805 996 2895 1042 aut
2924 989 3083 1042 etiam
3115 988 3438 1046 lascivientis
3466 1001 3578 1041 mu.

1993 1081 2223 1136 iierculte
2265 1081 2490 1150 insignia
2521 1081 2698 1150 potius
2730 1093 2847 1134 csse
2885 1093 3046 1148 quam
3093 1079 3330 1148 episcopi
3361 1087 3415 1132 et
3444 1095 3577 1148 apo-

1994 1172 2253 1226 stolorum
2284 1171 2635 1226 successoris.
2681 1171 2835 1225 Dedit
2863 1185 3086 1239 operam
3130 1169 3183 1224 in
3222 1169 3336 1241 ipso
3365 1169 3580 1240 pontiﬁ-

1995 1273 2147 1319 catus
2175 1263 2420 1330 cxordio,
2441 1259 2498 1319 ut
2518 1279 2693 1333 pravae
2719 1262 3138 1318 consuetudines
3157 1261 3578 1328 eliminarentur,

1995 1356 2229 1410 maxime
2246 1371 2377 1410 vero
2391 1371 2510 1424 quae
2528 1355 2611 1410 vel
2643 1355 2906 1426 tantisper
2933 1352 3214 1408 simoniam
3243 1351 3577 1406 redolebant.

1999 1440 2105 1513 (Cf.
2128 1440 2287 1496 Joan.
2323 1441 2479 1494 Diac.
2508 1441 2596 1494 lib.
2627 1456 2682 1506 ιι,
2711 1456 2765 1494 n.
2788 1437 2876 1504 11,
2909 1432 3119 1509 etseq'.';
3150 1437 3243 1492 lib.
3273 1454 3350 1502 tv,
3384 1455 3428 1491 ε.
3465 1437 3580 1508 80.)

2071 1554 2119 1606 4.
2165 1553 2278 1614 Mos
2303 1552 2370 1608 ad
2403 1551 2696 1633 superioris
2722 1551 2894 1606 astatis
2915 1549 3197 1620 pontiﬁces
3244 1548 3580 1614 invaluerat,

1999 1657 2056 1710 ut
2095 1646 2162 1710 ad
2188 1646 2540 1709 ministerium
2568 1644 2797 1702 cubiculi
2824 1644 2906 1699 sui
2953 1642 2980 1682 δ
3003 1643 3168 1698 laicos
3195 1657 3394 1713 pueros
3425 1639 3579 1695 adhi-

1999 1738 2218 1804 berent;
2249 1753 2405 1806 quem
2433 1735 2722 1806 Gregorius
2747 1736 2994 1805 exemplo
3012 1751 3108 1789 suo
3132 1735 3278 1806 prius
3297 1733 3577 1804 improba-

1999 1828 2095 1890 vit,
2129 1836 2314 1900 postea
2345 1842 2472 1894 vero
2504 1827 2557 1881 in
2596 1825 2801 1897 synodo
2833 1827 3076 1882 Romana
3114 1826 3329 1896 publico
3364 1825 3582 1880 decreto

2001 1918 2305 1984 damnavit;
2333 1918 2595 1988 jussitque
2639 1927 2697 1973 ut
2737 1919 2922 1974 selecti
2954 1935 3021 1974 ex
3054 1920 3266 1974 clericis
3295 1927 3352 1974 et
3389 1933 3582 1974 mona-

318 1993 521 2063 scripto
550 1992 609 2049 S.
637 1993 928 2064 Gregorius
957 2002 1068 2050 tum
1099 1995 1295 2051 vixerit
1319 2003 1434 2050 tum
1465 1995 1668 2050 rexerit
1709 1992 1898 2049 Eccle-

2006 2008 2116 2063 chis
2163 2009 2230 2062 ad
2281 2009 2513 2063 cubiculi
2559 2008 2735 2063 oft'icia
2775 2024 2986 2066 summo
3039 2008 3278 2078 pontiiici
3315 2008 3582 2063 ministra-

318 2084 451 2140 siam
481 2086 887 2154 perspiciamus.

393 2197 444 2250 2.
489 2195 669 2251 Omnis
716 2200 952 2270 pontifex
985 2215 1048 2253 ex
1097 2197 1390 2253 hominibus
1433 2207 1760 2268 assumptus,
1807 2213 1900 2267 pro

322 2289 610 2344 hominibus
660 2291 991 2344 constituitur
1018 2291 1072 2344 in
1113 2291 1190 2344 his
1220 2307 1334 2361 qua?
1362 2289 1430 2344 ad
1481 2287 1644 2342 Deum
1671 2298 1819 2352 sunt,
1848 2297 1904 2342 ut

321 2379 506 2449 offerat
537 2380 674 2435 dona
702 2389 749 2434 et
778 2382 1040 2451 sacriﬁcia
1071 2379 1265 2452 (Hebr.
1300 2397 1351 2434 ν.
1389 2378 1463 2452 1).
1501 2378 1656 2446 Quod
1701 2379 1901 2433 intelli-

321 2482 456 2538 gens
482 2469 538 2523 S.
572 2468 856 2539 Gregorius
885 2486 1010 2525 mox
1036 2478 1093 2524 ut
1133 2470 1503 2544 pontilicatum
1526 2469 1671 2533 iniit,
1719 2468 1788 2524 de
1813 2467 1902 2522 Li-

324 2559 496 2627 turgia
543 2561 808 2630 rebusque
857 2561 1023 2616 sacris
1070 2561 1171 2619 rite
1226 2559 1573 2632 disponendis
1627 2558 1899 2628 cogitavit.

320 2646 572 2705 Ordinem
605 2650 784 2719 itaque
815 2650 1113 2706 Romanum
1141 2667 1170 2706 a
1197 2649 1411 2705 Gelasio
1433 2648 1453 2702 l
1476 2649 1789 2719 quibusdam
1813 2657 1906 2702 aut

324 2738 611 2806 detractis,
645 2749 738 2794 aut
781 2740 998 2808 additis,
1032 2749 1123 2795 aut
1149 2741 1464 2804 immutatis,
1497 2739 1706 2793 meliori
1737 2737 1906 2800 forma

325 2829 563 2886 donavit.
605 2830 808 2885 Canoni
840 2832 1014 2888 missa:
1045 2833 1276 2892 attcxuit
1304 2851 1316 2885 :
1349 2831 1569 2902 Diesque
1611 2838 1812 2885 nostros
1853 2833 1906 2884 in

325 2929 414 2975 tua
440 2939 568 2992 pace
595 2923 860 2993 disponas,
911 2933 1062 2996 atque
1091 2923 1154 2978 ab
1195 2933 1389 2978 aeterna
1429 2923 1763 2977 damnatione
1811 2939 1905 2983 nos

327 3015 457 3083 eripi
479 3022 528 3066 et
555 3015 606 3066 in
645 3013 920 3067 electorum
953 3023 1154 3069 tuorum
1197 3012 1381 3086 jubeas
1428 3029 1581 3085 grege
1625 3016 1904 3068 numerari.

325 3101 406 3157 De
427 3103 755 3159 stationibus
783 3113 837 3158 et
866 3106 1299 3174 processionibus
1327 3105 1392 3158 ad
1422 3112 1734 3159 sanctorttm
1763 3119 1907 3158 mar-

329 3204 503 3267 tyrum
526 3198 772 3252 basilicas
798 3205 852 3251 et
872 3197 1181 3253 cmmeteria
1211 3197 1278 3251 ab
1306 3197 1421 3267 ipso
1463 3196 1739 3260 institutis,
1774 3211 1903 3250 nec-

329 3299 438 3341 Ion
469 3287 536 3341 de
565 3288 843 3341 missarum
888 3287 1162 3342 solemniis
1183 3301 1346 3356 super
1373 3286 1652 3341 beatorum
1695 3295 1908 3356 aposto-

2003 2109 2123 2154 rent
2152 2117 2164 2152 :
2198 2098 2458 2163 Nimirum
2507 2109 2562 2153 ut
2592 2102 2669 2166 is,
2710 2100 2881 2169 inquit
2904 2099 2960 2156 S.
2994 2098 3303 2171 Gregorius,
3336 2100 3424 2172 qui
3468 2100 3580 2154 loco

1999 2200 2074 2244 est
2103 2191 2387 2264 regiminis,
2419 2191 2606 2248 habeat
2636 2201 2786 2248 testes
2831 2192 2994 2258 tales,
3042 2192 3126 2266 qui
3172 2193 3326 2246 vitam
3367 2192 3478 2262 ejus
3528 2191 3582 2245 in

1999 2291 2197 2335 secreta
2244 2275 2632 2342 cauae/satione
2671 2282 2912 2347 videant,
2967 2291 3015 2336 et
3054 2299 3118 2337 ex
3166 2283 3360 2337 visione
3403 2281 3582 2336 sedula

2001 2372 2288 2444 exemplum
2315 2375 2575 2446 profectus
2605 2383 2833 2428 sumant.
2872 2373 3084 2430 Decreti
3107 2373 3263 2444 hujus
3293 2375 3344 2428 in
3376 2373 3583 2444 synodo

2006 2464 2128 2518 iacti
2181 2465 2421 2520 meminit
2465 2463 2699 2520 Joannes
2740 2463 3006 2522 Diaconus
3033 2465 3124 2520 lib.
3148 2479 3206 2529 ll,
3247 2479 3404 2535 capp.
3430 2463 3485 2527 3,
3511 2462 3571 2516 11
3665 2489 3668 2496 ι

2003 2565 2056 2610 et
2080 2554 2164 2610 15.
2226 2558 2420 2628 Aitque
2464 2559 2856 2612 sarctissimum
2897 2574 3118 2628 papam,
3152 2558 3376 2634 remotis
3410 2573 3439 2612 a
3479 2572 3576 2613 suo

2002 2647 2246 2704 Cubicula
2279 2647 2651 2716 s'ecnlaribus,
2701 2650 2800 2704 sibi
2849 2635 3289 2728 prudentissimos
3319 2649 3572 2705 consilia-

2005 2739 2115 2794 rios
2163 2737 2558 2814 iamiliaresque
2617 2741 3008 2812 delegissezex
3075 2743 3282 2798 clericis
3330 2741 3580 2812 quidem,

2007 2829 2221 2883 Petrum
2245 2828 2920 2894 Diaconumﬁiﬁmilianum
2943 2831 3237 2898 Notarium,
3273 2831 3540 2886 Paterium
3565 2872 3580 2897 ,

2007 2915 2264 2971 Joannem
2290 2918 2658 2987 defensorem;
2701 2936 2767 2974 ex
2797 2921 3074 2976 monachis
3106 2936 3268 2988 vero,
3300 2920 3580 2976 Maximia-

2009 3023 2165 3076 num,
2195 3008 2566 3076 Augustinum,
2599 3007 2878 3080 Mellitum,
2907 3009 3257 3065 Marinianum
3280 3054 3294 3079 ,
3325 3009 3580 3080 Probum,

2007 3097 2304 3162 Claudium.
2338 3097 2506 3154 Porro
2545 3100 2707 3180 224
2751 3101 2936 3169 quales
2962 3101 3160 3156 fuerint
3187 3101 3240 3155 hi
3271 3117 3420 3172 papae
3448 3118 3580 3158 con-

2009 3189 2268 3256 victores,
2295 3191 2561 3260 etquibus
2585 3192 2901 3259 virtutibus,
2933 3192 3125 3262 quibus
3145 3193 3363 3260 studiis,
3395 3195 3584 3264 quibus

1971 3282 2224 3353 .scriptis
2266 3286 2494 3352 gestisve
2540 3284 2772 3355 insignes
2829 3287 3122 3352 evaserint,
3166 3285 3340 3342 disces
3382 3295 3491 3341 tum
3518 3303 3582 3344 ex

330 3377 505 3432 lorum
535 3376 678 3434 Petri
724 3387 780 3433 et
821 3377 971 3431 Pauli
1021 3392 1249 3448 corpora
1296 3375 1556 3432 celebrari
1600 3375 1800 3445 jussis,
1845 3374 1912 3430 de
1937 3377 1984 3440 ε
2013 3371 2220 3428 Joanne
2271 3371 2526 3446 Diacono,
2578 3375 2670 3431 lib.
2719 3391 2778 3441 ιι,
2809 3392 2859 3432 c.
2891 3375 2976 3441 11,
3000 3384 3113 3432 tum
3150 3393 3214 3432 ex
3238 3377 3372 3432 infra
3401 3377 3582 3434 dicen—

331 3468 569 3539 plurimis
598 3470 806 3524 olivetis
824 3470 889 3524 ad
917 3469 1252 3525 basilicarum
1275 3468 1559 3523 luminaria
1581 3468 1856 3525 concessis
1876 3509 1894 3538 ,

331 3559 399 3614 de
427 3569 584 3615 aucto
613 3575 887 3615 sacrorum
936 3559 1302 3615 ministrorum
1326 3559 1416 3628 qui
1459 3559 1514 3613 in
1540 3557 1626 3613 his
1674 3558 1910 3615 basilicis

331 3648 730 3705 iamularentuts
746 3667 989 3715 numero,
1019 3650 1381 3707 consulendus
1411 3658 1493 3705 est
1520 3648 1754 3705 Joannes
1774 3649 1901 3703 Dia-

332 3754 521 3795 conus.
554 3737 909 3797 Psalmodiam
955 3749 1006 3796 et
1037 3751 1250 3797 cantum
1280 3741 1725 3806 ecclesiasticum,
1759 3741 1905 3809 quod

332 3831 711 3900 ampliﬁcando
761 3833 940 3888 divino
967 3834 1134 3888 cultui
1157 3841 1210 3887 et
1237 3831 1476 3888 fovenda:
1507 3833 1559 3885 in
1609 3831 1912 3887 Christiana

331 3923 492 3994 plebe
511 3923 696 3991 pietati
716 3924 1003 3994 plurimum
1029 3923 1290 3988 conferat,
1323 3939 1390 3978 ex
1409 3923 1672 3990 gravioris
1695 3924 1915 3978 musica

333 4015 533 4084 regulis
548 4015 616 4070 ad
643 4016 1031 4071 accuratiorem
1053 4015 1387 4070 harmoniam
1409 4023 1464 4069 et
1491 4013 1913 4069 modulationem

337 4108 635 4174 revocavit,
674 4109 914 4164 instituta
965 4118 1246 4163 cantorum
1294 4107 1508 4172 schola,
1561 4113 1616 4161 et
1664 4105 1913 4162 ordinato

337 4200 731 4268 antiphonario.
762 4200 960 4254 Verum
989 4200 1054 4253 de
1081 4200 1143 4254 iis
1172 4199 1388 4254 uberius
1417 4200 1470 4252 in
1498 4198 1911 4267 pmiationibus

341 4289 407 4343 ad
435 4289 627 4345 librum
652 4290 1140 4359 Sacramentorum,
1171 4291 1634 4360 Antiphonarium,
1665 4300 1768 4345 etc.
1804 4290 1909 4364 (Cf.

339 4379 493 4457 Joan.
520 4380 673 4435 Diac.
702 4381 792 4436 lib.
818 4397 874 4448 tt,
898 4399 953 4436 η.
975 4381 1007 4435 6
1034 4392 1083 4436 et
1111 4382 1200 4448 i7;
1235 4381 1373 4436 Beda
1395 4381 1484 4436 lib.
1509 4397 1545 4435 ιι
1567 4379 1736 4448 Hist,
1762 4398 1809 4435 c.
1847 4380 1870 4434 1
1897 4398 1910 4447 ;

340 4469 481 4524 Ibid.
513 4487 559 4526 c.
581 4471 614 4526 9
635 4481 683 4525 et
703 4471 813 4542 20).

413 4580 461 4632 5.
504 4580 640 4636 Cum
669 4581 958 4652 Apostolus
997 4583 1144 4650 gravi
1176 4589 1329 4637 notet
1358 4595 1585 4637 censura
1631 4580 1915 4650 episcopos

339 4673 428 4740 qui
452 4672 630 4730 domui
659 4689 767 4730 suae
797 4689 1023 4744 przeesse
1053 4675 1313 4741 nesciunt,
1346 4674 1651 4743 inﬁdeliquc
1682 4673 1915 4729 deterio-

2013 3465 2110 3521 dis.
2135 3461 2212 3520 Ita
2243 3465 2800 3538 Gregoriusquidquid
2829 3467 3119 3539 statuebat,
3147 3468 3394 3537 exemplo
3418 3469 3583 3538 magis

2013 3571 2172 3626 quam
2202 3559 2523 3613 auctoritate
2550 3557 2919 3614 conﬁrmabat.
3552 3560 3558 3566 '

2082 3646 2215 3702 Cum
2246 3647 2327 3703 his
2371 3649 2530 3704 sociis
2559 3657 2612 3704 et
2633 3649 3083 3705 commilitonibus
3101 3648 3390 3720 Gregorius
3418 3651 3583 3705 vitam

2013 3753 2352 3793 communem
2375 3739 2596 3793 retinuit
2620 3755 2850 3808 semper,
2899 3740 3030 3794 nihil
3053 3740 3119 3795 de
3150 3743 3441 3795 monastica
3471 3757 3585 3810 per~

2013 3826 2244 3881 fectione
2272 3827 2478 3881 remisit
2503 3868 2516 3892 ,
2543 3828 2673 3882 nihil
2703 3837 2878 3881 tamen
2902 3829 3082 3883 omisit
3106 3831 3247 3897 quod
3271 3845 3300 3882 a
3322 3830 3587 3898 pontiﬁcis

2015 3917 2247 3972 oiiicium
2296 3933 2585 3986 curamque
2623 3919 2934 3987 pertineret.
2981 3920 3168 3986 Magna
3216 3920 3588 3976 sollicitudinis

2016 4007 2130 4076 ejus
2161 4024 2284 4078 pars
2308 4007 2406 4063 fuit
2443 4009 2497 4064 in
2517 4010 2897 4079 promovendis
2942 4010 3238 4065 litterarum
3285 4019 3339 4065 et
3362 4011 3589 4080 optima—

2016 4114 2131 4152 rum
2161 4100 2353 4154 artium
2371 4099 2578 4166 studiis,
2602 4114 2720 4169 quae
2740 4099 2922 4155 Roma:
2939 4101 3253 4171 praesertim,
3281 4111 3334 4155 et
3363 4103 3590 4158 maxime

2017 4192 2068 4246 in
2093 4208 2241 4262 papa
2267 4192 2483 4262 palatio,
2511 4191 2765 4249 reﬂorere
2795 4195 2904 4250 visa
2933 4203 3075 4261 sunt,
3101 4209 3218 4249 cum
3242 4197 3507 4249 neminem
3538 4196 3588 4250 in

2017 4281 2332 4337 famulitium
2359 4285 2620 4354 reciperet
2641 4293 2732 4339 aut
2757 4287 2810 4339 in
2831 4285 3140 4340 sodalitium
3170 4286 3270 4341 nisi
3292 4300 3450 4355 quem
3480 4287 3590 4341 sin-

2017 4374 2214 4442 gularis
2236 4375 2357 4428 vitae
2377 4376 2731 4430 sanctimonia
2759 4375 2844 4431 vel
2875 4376 3099 4445 alicujus
3117 4377 3247 4432 artis
3266 4391 3336 4432 ex
3366 4376 3590 4432 liberali-

2015 4461 2116 4517 bus
2136 4477 2242 4518 non
2273 4464 2556 4520 mediocris
2585 4465 2774 4535 peritia
2802 4465 3240 4531 commendaret.
3296 4465 3400 4537 (Cf.
3429 4466 3588 4523 Jean.

2017 4552 2168 4606 Diae.
2193 4553 2232 4607 l.
2255 4569 2312 4619 ll,
2344 4552 2542 4627 nam.)

2091 4663 2141 4718 5.
2185 4643 2500 4736 Peregrinos
2530 4673 2708 4722 tamen
2734 4674 2788 4722 et
2827 4681 3090 4740 pauperes
3109 4665 3340 4734 hospitio
3365 4666 3590 4736 excipie-

340 4779 452 4818 rem
473 4764 674 4833 judicet
700 4781 819 4820 eum
842 4767 930 4834 qui
953 4783 1132 4820 curam
1163 4783 1380 4821 suorum
1406 4782 1514 4821 non
1537 4765 1720 4831 habet,
1739 4765 1912 4819 maxi-
1939 4757 1989 4817 D
2014 4760 2108 4815 bat
2129 4759 2293 4831 (quod
2321 4760 2482 4814 etiam
2513 4768 2570 4814 ut
2602 4760 2778 4814 caeteri
2811 4766 3126 4829 praestarent
3159 4768 3180 4797 ο
3212 4758 3446 4829 episcopi
3476 4775 3590 4814 ma-

339 4871 428 4910 me
449 4855 862 4912 domesticorum
891 4855 958 4926 (Ι
982 4856 1110 4911 Tim.
1135 4859 1221 4925 tu)
1249 4898 1264 4924 ,
1291 4856 1579 4926 Gregorius
1617 4856 1670 4910 in
1718 4869 1910 4925 regen-

337 4947 406 5001 da
451 4948 610 5003 domo
653 4948 958 5017 familiaque
1002 4964 1094 5002 sua
1136 4949 1456 5022 praecipuam
1499 4949 1678 5004 statim
1727 4963 1910 5003 curam

340 5039 609 5106 adhibuit,
644 5049 698 5096 et
734 5042 898 5096 vitam
928 5039 1001 5094 ita
1048 5055 1198 5094 suam
1227 5041 1529 5108 composuit
1560 5049 1619 5093 ut
1666 5040 1911 5094 omnibus

339 5130 640 5199 exemplum
670 5145 728 5185 se
758 5130 1019 5200 praeberet
1039 5128 1301 5185 bonorum
1325 5143 1548 5198 operum
1580 5137 1635 5184 et
1654 5132 1911 5197 quarum-

339 5221 469 5276 libet
491 5223 764 5276 virtutum.
799 5221 928 5276 Vilis
953 5229 1070 5276 erat
1117 5219 1231 5292 ejus
1271 5220 1544 5290 supellex,
1593 5222 1911 5276 vestimenta

337 5311 490 5381 juxta
543 5315 942 5368 ltmonasticam
989 5328 1233 5369 normam
1281 5312 1539 5383 simplicia
1571 5322 1625 5368 et
1672 5313 1910 5379 inculta;

340 5405 663 5473 pontiﬁcalia
690 5421 923 5476 quoque,
945 5405 1136 5476 quibus
1159 5419 1276 5462 rem
1303 5411 1511 5462 sacram
1532 5405 1770 5462 facturus
1797 5413 1916 5461 ute-

339 5496 518 5561 batur,
550 5498 892 5564 indumenta,
935 5498 1216 5555 modestia:
1237 5499 1426 5566 potius
1475 5512 1636 5565 quam
1673 5495 1916 5564 tinguiti-

413 5670 440 5696 ἰ
468 5659 601 5714 Vide
647 5659 844 5714 Mabill.
879 5659 1085 5716 Praefat.
1134 5660 1198 5714 ad
1241 5659 1494 5716 εωουίυηὶ
1522 5675 1573 5714 tv
1600 5659 1906 5726 Benedic-L,

339 5738 494 5802 parte
515 5745 572 5797 ιι,
594 5744 712 5802 pag.
747 5728 837 5797 95,
861 5731 946 5786 ubi
977 5731 1170 5802 probat
1198 5732 1502 5802 episcopos,
1525 5738 1581 5785 et
1603 5730 1747 5799 ipsos
1767 5744 1912 5802 sum-

339 5793 460 5854 inos
487 5793 764 5868 pontifices
803 5793 866 5852 ex
897 5793 1171 5855 monachis
1200 5793 1398 5867 factos,
1425 5793 1605 5857 vestes
1624 5793 1910 5854 'monasti-

341 5885 432 5924 cas
462 5871 588 5924 olim
619 5884 888 5937 nunquam
917 5870 1196 5924 dimisisse.

415 5939 439 5976 δ
464 5939 666 5994 Contra
703 5953 907 5992 morem
960 5939 1098 5993 hunc
1139 5939 1358 6008 pulchre
1390 5938 1691 5995 Bernartius
1734 5939 1826 5994 lib.
1860 5955 1911 5994 tv

345 6007 414 6064 de
459 6008 760 6072 Considen.
785 6023 833 6064 c.
866 6009 920 6074 6,
952 6008 1016 6063 ad
1039 6007 1333 6075 Eugenium
1368 6027 1379 6063 :
1414 6009 1632 6065 Discant
1671 6027 1703 6063 a
1733 6021 1782 6065 te
1825 6026 1912 6064 co-

2016 4868 2122 4922 gno
2141 4853 2317 4908 studio
2337 4853 2569 4921 curavit)
2613 4860 2667 4906 et
2695 4851 2764 4905 ad
2785 4866 3026 4906 mensam
3057 4865 3163 4905 non
3192 4850 3354 4906 modo
3403 4852 3591 4907 invita-

2015 4944 2125 5010 bat,
2157 4944 2251 4998 sed
2287 4943 2532 5012 cogebat.
2583 4939 2818 4997 Effusam
2861 4942 2916 4996 in
2942 4936 3166 5012 egenos
3212 4941 3582 4999 liberalitatem

2017 5033 2299 5090 condiebat
2329 5034 2461 5086 mira
2509 5032 2752 5101 quaedam
2783 5030 3067 5087 aiiabilitas
3118 5047 3222 5102 qua
3273 5032 3418 5103 ipsos
3448 5049 3591 5090 com-

2014 5125 2268 5197 pellabat,
2300 5125 2533 5188 maxime
2573 5139 2753 5190 senes,
2794 5123 3011 5184 honoris
3028 5139 3190 5189 causa
3241 5121 3266 5168 (³
3297 5134 3477 5196 patres
3501 5140 3592 5181 eos

2018 5231 2266 5274 vocans:
2322 5223 2487 5284 utque
2532 5214 2708 5286 inopia
2753 5214 3061 5270 laborantes
3085 5217 3235 5271 omni
3273 5214 3592 5272 verecundia

2020 5307 2134 5360 sive
2174 5306 2229 5360 in
2270 5305 2502 5375 petendo
2530 5305 2645 5360 sive
2674 5305 2725 5360 in
2747 5305 3060 5377 accipiendo
3089 5307 3370 5374 liberaret,
3417 5305 3594 5358 dicere

2023 5399 2231 5458 solebat
2257 5412 2366 5462 non
2396 5412 2427 5452 a
2451 5412 2512 5456 se
2564 5398 2657 5458 sed
2709 5413 2738 5452 a
2768 5407 2957 5456 sancto
2985 5396 3146 5462 Petro
3174 5397 3309 5463 dari,
3335 5409 3455 5466 quae
3484 5401 3592 5448 tam

2023 5491 2230 5550 liberali
2251 5505 2413 5549 manu
2442 5489 2829 5560 proluudebat;
2873 5490 3017 5561 quod
3065 5504 3134 5548 ex
3193 5486 3438 5557 plurimis
3476 5483 3594 5554 ejus

2017 5654 2243 5730 episcopi
2267 5654 2635 5730 (uicomatulos
2657 5667 2838 5730 pueros
2858 5659 2908 5730 et
2926 5656 3120 5730 canto:
3135 5645 3484 5730 adolescentes
3509 5659 3593 5725 se-

2016 5714 2132 5779 eimt
2152 5714 2254 5778 n'on
2267 5722 2471 5776 habere.
2495 5721 2644 5775 Certe
2657 5714 2790 5775 inter
2811 5723 3045 5774 mitram
3066 5716 3356 5772 discurrere
3377 5714 3592 5768 alueus

2017 5805 2207 5851 stratos
2227 5810 2334 5849 non
2355 5793 2514 5857 decet.

2095 5878 2114 5902 ιε
2159 5863 2289 5925 Vide
2318 5863 2412 5918 lib.
2447 5876 2518 5926 tu,
2550 5878 2634 5919 θ).
2667 5862 2755 5915 53.

2089 5934 2114 5973 ἀ
2156 5933 2347 6000 ρυεθεο
2373 5938 2449 5997 te,
2501 5932 2677 5991 Pater,
2735 5929 3235 6000 nutuFortuuatum
3282 5929 3586 6000 episcopum

2021 5999 2198 6062 nosti?
2218 6002 2358 6074 (Lib.
2391 6019 2426 6067 ι,
2457 6002 2659 6070 Dialog.
2693 6017 2735 6052 ε.
2768 5999 2880 6068 111.)
