4138 6448
587 455 690 515 295

1071 451 1129 508 S.
1169 449 1502 507 GREGORII
1544 446 1758 504 MAGNI
1802 445 1986 511 γιτΑ,
2031 442 2126 499 EX
2170 439 2333 498 EJUS
2370 440 2679 499 SCRIPTIS
2718 443 3115 499 ADORNATA.
3156 396 3287 499 LlB.
3327 441 3393 498 11.

3758 444 3873 501 296

585 582 610 610 ι
637 570 878 643 epistolis
902 568 1035 624 infra
1061 565 1405 623 recensendis
1433 563 1656 634 patebit.
1690 561 1767 615 Ea
1794 559 2050 617 comitate
2072 572 2171 628 po-
2196 556 2245 616 Α
2276 554 2486 611 εἰςετιηθ
2515 558 2623 627 agit
2654 566 2763 613 tota
2793 558 2950 613 tertia
2970 566 3122 627 parte
3151 556 3273 613 libri
3298 556 3515 626 Regula:
3544 553 3869 625 Pastoralis,

584 663 847 719 tissimum
878 660 1125 715 utebatur
1175 672 1301 727 erga
1331 654 1539 711 nobiles
1576 653 1724 707 viros
1771 660 1863 706 aut
1891 658 2164 705 matronas

583 772 718 829 quos
746 754 813 810 ad
842 753 1077 824 in0piam
1106 750 1356 806 redactos
1387 756 1642 811 noverat,
1698 760 1764 799 ne
1804 743 1931 798 dum
1978 756 2164 797 eorum

582 848 888 904 sublevaret
936 850 1233 913 egestatem
1285 839 1505 895 eosdem
1555 837 1759 908 pudore
1811 833 2163 891 suilunderet.

581 939 934 1009 Monasticam
990 936 1154 991 vitam
1193 931 1523 989 sectantibus
1579 929 1758 983 omnia
1810 926 1874 981 ad
1923 934 2167 995 sumptus

582 1032 885 1090 necessaria
932 1030 986 1084 in
1030 1027 1218 1099 primis
1273 1024 1481 1093 erogari
1539 1022 1783 1089 curabat,
1835 1028 1894 1073 ut
1928 1016 2167 1072 liberiori

580 1134 763 1182 mente
792 1123 903 1178 Deo
929 1121 1199 1189 rebusque
1227 1117 1419 1171 divinis
1450 1120 1728 1170 vacarent.
1770 1111 1824 1165 ln
1848 1110 2166 1181 perquiren—

581 1220 663 1276 dis
705 1227 761 1274 et
802 1213 1199 1287 quodammodo
1242 1208 1499 1266 venandis
1551 1206 1875 1278 pauperibus
1900 1204 2164 1266 assiduus,

582 1314 816 1370 latebras
846 1324 1035 1367 omnes
1055 1306 1404 1377 explorabat;
1430 1302 1743 1357 obscuriora
1767 1313 1991 1369 quaeque
2024 1305 2166 1353 lecta

584 1408 634 1462 in
657 1404 851 1475 quibus
875 1410 1148 1470 tamquam
1173 1396 1367 1467 sepulti
1394 1394 1650 1463 iacebant
1679 1391 2057 1455 scrutabatur;
2115 1398 2169 1443 et

582 1500 625 1554 si
656 1510 793 1567 quos
813 1492 1127 1555 offenderet,
1184 1504 1413 1559 quorum
1474 1503 1535 1542 os
1586 1493 1762 1540 metus
1790 1482 2076 1553 pressisset
2105 1495 2169 1535 ac

585 1587 924 1653 verecundia,
973 1599 1068 1639 eos
1095 1581 1240 1637 serio
1280 1578 1592 1648 increpabat
1632 1575 1777 1645 quod
1806 1573 1907 1628 sibi
1961 1570 2165 1627 benefi—

584 1683 771 1740 centize
794 1677 1135 1735 occasionem
1183 1672 1518 1727 invidissem.
1566 1665 1939 1737 Amplissimos
1969 1676 2168 1731 egeno-

584 1791 698 1831 rum
726 1772 1019 1838 catalogos,
1070 1765 1245 1820 dictos
1292 1763 1419 1817 olim
1469 1759 1496 1799 δ
1546 1758 1869 1821 matriculas,
1921 1753 2061 1823 apud
2110 1767 2170 1807 se

584 1868 832 1929 habebat,
883 1862 1076 1932 quibus
1104 1855 1319 1913 abunde
1348 1854 1529 1911 omnia
1558 1849 1937 1922 suppeditabat
1980 1860 2168 1901 neces-

584 1959 718 2015 saria

650 2055 702 2108 6.
743 2053 861 2118 Quo
883 2047 1077 2117 majori
1117 2041 1479 2099 sollicitudine
1503 2052 1797 2111 pauperum
1826 2033 2165 2090 necessitati-

584 2147 678 2202 bus
704 2152 795 2199 aut
843 2137 1140 2197 commodis
1170 2132 1523 2207 prOSpiceret,
1570 2130 1751 2186 omnia
1789 2127 2045 2182 Ecclesia:
2073 2141 2171 2195 pa-

584 2234 854 2295 trimonia,
882 2246 1001 2299 qua:
1028 2229 1081 2283 in
1113 2235 1230 2282 toto
1260 2226 1391 2280 orbe
1411 2222 1720 2277 Christiano
1738 2218 1967 2289 plurima
1992 2224 2166 2278 erant,

584 2327 708 2383 solis
734 2322 943 2380 clericis
979 2315 1316 2390 procuranda
1347 2324 1403 2369 et
1430 2310 1853 2366 administranda
1890 2324 2169 2364 commen-

585 2416 747 2473 davit.
776 2413 910 2468 Cum
949 2410 1090 2466 enim
1114 2408 1231 2463 sine
1261 2404 1445 2459 liberis
1473 2406 1672 2466 essent,
1716 2401 1951 2454 futurum
1982 2413 2170 2469 spera-

585 2508 671 2565 bat
696 2514 754 2561 ut
780 2517 1044 2575 pauperes
1094 2500 1145 2554 in
1188 2498 1325 2553 filios
1354 2496 1674 2565 adoptarent
1719 2501 1774 2547 et
1810 2493 2167 2559 susciperent.

585 2599 637 2657 Si
675 2599 767 2669 qui
822 2604 1002 2651 autem
1053 2591 1267 2663 parcius
1313 2589 1685 2658 eleemosynas
1732 2591 2038 2652 erogarent,
2080 2596 2174 2637 eos

587 2690 777 2748 acriori
808 2702 1033 2745 censura
1053 2694 1107 2741 et
1129 2683 1364 2737 vindicta
1392 2695 1554 2751 quam
1582 2678 1626 2734 si
1652 2674 2004 2733 ecclesiastici
2026 2672 2172 2728 fundi

585 2783 976 2854 depraedatores
1030 2775 1295 2840 fuissent,
1374 2771 1592 2827 allicere
1639 2774 2014 2825 consueverat.
2063 2764 2168 2837 (Cf.

588 2877 739 2933 loan.
770 2873 924 2930 Diae.
947 2872 983 2927 Ι.
1017 2888 1073 2933 ιι,
1106 2887 1152 2923 c.
1182 2865 1298 2936 15.)

654 2968 787 3023 Cum
813 2966 993 3035 itaque
1016 2961 1140 3016 laici
1171 2973 1387 3015 omnem
1408 2957 1511 3013 sibi
1536 2955 1737 3010 aditum
1755 2954 1823 3010 ad
1852 2952 2173 3024 patrimonia

588 3067 637 3114 et
666 3056 845 3113 ofﬁcia
876 3051 1243 3109 ecclesiastica
1272 3048 1529 3119 praecludi
1582 3046 1993 3118 sapientissimis
2041 3042 2175 3098 Gre-

588 3149 715 3219 gorii
745 3146 974 3203 decretis
1001 3143 1227 3198 moleste
1255 3140 1481 3204 ferrent,
1508 3139 1560 3193 in
1585 3138 1961 3193 haereditatem
1978 3134 2175 3190 Christi

588 3241 811 3297 subdole
836 3240 1076 3308 irrepere
1106 3242 1402 3301 tentarunt,
1437 3241 1494 3287 et
1539 3248 1609 3287 ex
1634 3230 1985 3301 optimatibus
2014 3228 2174 3283 etiam

2271 648 2509 703 omnium
2536 649 2884 719 amplissima.
2936 649 3070 704 iluic
3097 650 3279 719 itaque
3321 664 3390 703 ne
3411 649 3644 714 deesset,
3674 664 3873 718 quam-

2268 738 2359 794 diu
2386 756 2483 811 per
2511 743 2651 797 vires
2689 742 2934 813 corporis
2984 743 3150 807 licuit,
3206 740 3497 810 Evangelia
3538 748 3592 793 et
3634 741 3873 796 selectos

2268 832 2528 898 quosdam
2566 850 2734 889 sacrae
2781 834 3072 903 Scriptura;
3126 833 3290 886 libros
3336 831 3391 885 in
3450 831 3666 902 publico
3721 841 3868 887 creta

2268 926 2551 995 exposuit;
2576 935 2949 981 antecessores
2970 940 3095 979 suos
3131 923 3438 989 aemulatus,
3471 934 3491 960 τ
3517 922 3711 992 quibus
3736 921 3869 976 nihil

2269 1017 2540 1085 antiquius
2597 1026 2715 1072 erat
2743 1033 2903 1086 quam
2962 1018 3037 1071 uti
3097 1016 3367 1086 exemplo,
3423 1015 3492 1068 ita
3525 1014 3689 1068 verbo
3719 1014 3870 1083 gregi

2269 1123 2367 1163 suo
2392 1110 2667 1179 prodesse.
2714 1109 2794 1164 Ex
2836 1111 2954 1178 ejus
2980 1119 3163 1165 autem
3207 1109 3441 1164 homiliis
3471 1108 3645 1163 adhuc
3672 1125 3870 1180 super-

2268 1211 2547 1271 suntquas
2580 1204 2631 1256 in
2673 1203 2851 1258 varias
2898 1202 3173 1271 Evangelii
3203 1203 3365 1257 certis
3418 1203 3543 1256 anni
3571 1202 3871 1259 Dominicis

2270 1297 2460 1353 diebus
2490 1306 2583 1353 aut
2611 1298 3041 1354 solemnitatibus
3084 1298 3384 1366 assignatas
3412 1297 3673 1352 lectiones
3704 1313 3868 1367 pero-

2269 1392 2430 1458 ravit,
2481 1400 2535 1447 et
2582 1407 2699 1461 quae
2731 1392 2783 1445 in
2841 1389 3179 1446 Ezechielem
3231 1391 3546 1460 prophetam
3594 1400 3719 1447 sunt
3769 1392 3869 1446 ha-

2270 1482 2410 1536 bitat.

2343 1575 2395 1625 8.
2439 1575 2460 1609 ά
2504 1573 2560 1628 in
2591 1576 2672 1629 his
2712 1576 2843 1629 nihil
2882 1574 3116 1639 mollius,
3143 1575 3273 1629 nihil
3298 1574 3568 1644 comptius
3598 1576 3868 1641 occurrit;

2272 1667 2364 1721 sed
2390 1683 2519 1736 pura
2545 1678 2597 1721 et
2627 1677 2796 1733 casta,
2833 1670 2949 1723 sine
2977 1668 3121 1733 fuco,
3150 1669 3265 1723 sine
3294 1669 3583 1737 lenocinio,
3608 1667 3726 1723 ﬂuit
3752 1670 3873 1724 elo-

2272 1762 2507 1827 quentia.
2543 1758 2850 1815 Ponderosa
2882 1760 3066 1823 verba,
3099 1760 3374 1827 graviores
3402 1760 3701 1823 sententiae,
3735 1774 3872 1828 qua-

2276 1865 2353 1919 les
2374 1860 2427 1905 et
2456 1851 2747 1922 Scriptura:
2770 1861 2969 1906 sanctae
3000 1852 3290 1920 maiestati,
3317 1860 3371 1905 et
3399 1852 3532 1905 tanti
3572 1851 3873 1907 sacerdotis

2203 1948 2250 2007 B
2277 1945 2520 2011 dignitati
2578 1944 2961 2009 convenirent;
3014 1958 3210 2012 magno
3251 1960 3371 1998 cum
3411 1944 3621 1998 delectu
3668 1944 3871 1998 inserta

2273 2055 2341 2094 ex
2363 2036 2554 2093 divinis
2585 2038 2734 2092 libris
2776 2038 3103 2105 testimonia,
3130 2053 3233 2090 non
3269 2054 3365 2107 per
3396 2038 3502 2091 vim
3526 2046 3719 2102 tracta,
3777 2036 3872 2092 sed

2272 2131 2425 2200 quasi
2455 2139 2649 2200 sponte
2688 2128 2937 2187 adiueta.
2966 2128 3089 2183 llmc
3110 2139 3235 2181 sunt
3259 2144 3377 2195 quae
3399 2128 3642 2183 laudatas
3693 2129 3871 2183 homi-

2273 2222 2370 2277 lias
2399 2223 2631 2277 maxime
2657 2221 3058 2276 commendant.
3107 2220 3181 2274 Ex
3210 2222 3376 2290 priori
3406 2230 3584 2274 autem
3618 2222 3671 2275 in
3701 2219 3871 2275 Eran.

2273 2317 2450 2384 gelia,
2498 2331 2699 2385 paucas
2764 2315 3029 2369 duntaxat
3102 2314 3398 2368 sententias
3461 2314 3869 2384 decerpsimus,

2277 2408 2488 2476 hocque
2536 2406 2657 2462 loco
2706 2405 3067 2475 subjiciendas
3120 2406 3173 2459 in
3226 2414 3538 2459 ceterarum
3595 2406 3869 2473 specimen

2275 2499 2545 2556 duximus.
2601 2499 2891 2570 Exponens
2916 2500 3095 2569 itaque
3124 2507 3343 2553 sanctus
3374 2499 3565 2553 doctor
3587 2499 3676 2553 illa
3705 2499 3869 2553 verba

2276 2591 2407 2646 Luc.
2440 2607 2569 2645 XXI:
2627 2589 2728 2644 His
2773 2598 2943 2644 autem
2988 2591 3104 2659 ﬁeri
3142 2590 3521 2659 incipientibus,
3555 2591 3795 2660 respicite
3822 2597 3869 2643 et

2273 2684 2438 2737 levate
2481 2683 2655 2753 capita
2710 2692 2919 2746 vestra,
2971 2683 3038 2735 ad
3090 2681 3413 2749 diligendum
3469 2681 3869 2752 Optandumque

2276 2774 2475 2831 Christi
2523 2776 2835 2839 adventum,
2887 2790 2947 2829 ac
2975 2784 3204 2829 mortem
3237 2792 3343 2828 non
3375 2774 3764 2829 formidandam
3796 2776 3869 2830 ita

2276 2884 2375 2924 nos
2412 2869 2730 2922 adhortatur
2762 2885 2775 2919 :
2833 2864 2932 2929 Qui
2975 2866 3140 2920 Deum
3176 2866 3424 2938 diligunt,
3468 2884 3533 2919 ea:
3562 2866 3743 2920 mundi
3767 2867 3870 2936 ﬁne

2278 2962 2503 3034 gaudere
2533 2971 2683 3032 atque
2714 2961 3019 3014 Itilarescere
3041 2958 3291 3029 jubentur
3316 2976 3331 3011 :
3358 2960 3479 3029 quia
3501 2959 3729 3012 videlicet
3758 2975 3870 3011 eum

2277 3072 2424 3127 quem
2446 3065 2624 3108 amant
2652 3072 2775 3108 mox
2803 3055 3092 3119 inveniunt,
3148 3054 3268 3106 dum
3302 3055 3490 3106 transit
3518 3054 3561 3106 is
3591 3070 3738 3123 quem
3768 3070 3869 3106 non

2280 3156 2602 3202 amaverunt.
2639 3146 2787 3200 Absit
2816 3147 2955 3199 enim
2989 3156 3045 3198 ut
3066 3144 3237 3216 ﬁdelis
3260 3146 3469 3217 quisque
3497 3147 3580 3213 qui
3605 3144 3771 3198 Deum
3800 3147 3869 3198 vi-

2279 3238 2400 3292 dere
2429 3239 2711 3301 desiderat,
2742 3237 2805 3291 de
2831 3237 3010 3289 mundi
3042 3236 3455 3306 percussiouibus
3486 3237 3692 3307 lugeat,
3723 3254 3869 3308 quem

590 3334 825 3391 nonnulli
851 3330 1086 3387 clericali
1111 3328 1314 3382 militia:
1343 3341 1439 3397 per
1466 3333 1743 3381 tonsuram
1766 3321 1994 3377 adscribi
2018 3336 2175 3375 cura-

2280 3330 2426 3400 [iniri
2447 3330 2640 3383 eisdem
2665 3329 2776 3382 suis
2793 3326 3210 3399 percussionibus
3231 3344 3331 3381 non
3356 3329 3580 3397 ignorat.
3612 3328 3870 3397 Scriptum

589 3434 747 3493 runt;
795 3433 851 3479 at
899 3437 1087 3478 eorum
1143 3418 1279 3474 ﬁctm
1322 3415 1663 3473 conversioni
1692 3414 1907 3484 sapiens
1937 3410 2175 3482 pontifex

592 3532 724 3572 nova
755 3512 1017 3585 opposuit
1032 3511 1268 3575 decreta,
1298 3508 1490 3578 quibus
1514 3514 1730 3560 cautum
1761 3512 1879 3559 erat
1906 3512 1968 3558 ut
1993 3505 2078 3574 qui
2108 3501 2178 3556 ad

592 3609 846 3663 servitium
886 3603 983 3657 Dei
1011 3602 1233 3657 converti
1263 3600 1640 3659 desiderarent,
1666 3597 2007 3668 probarentur
2034 3598 2178 3666 prius

592 3702 640 3754 in
665 3700 798 3753 laico
828 3695 1023 3762 habitu,
1071 3694 1259 3749 deinde
1289 3693 1478 3747 servire
1503 3691 1608 3747 Deo
1633 3690 1689 3745 in
1713 3691 2027 3745 monasterio
2057 3706 2177 3759 per-

591 3794 931 3847 mitterentur.
989 3786 1280 3856 Postquam
1327 3799 1458 3838 vero
1506 3785 1561 3837 in
1616 3782 1918 3837 monastico
1988 3781 2174 3835 habitu

591 3880 812 3935 fuissent
850 3877 1152 3940 exercitati,
1186 3885 1241 3931 et
1268 3884 1385 3946 post
1431 3875 1652 3947 prazﬁxa
1701 3875 1864 3928 sacris
1894 3873 2177 3927 canonibus

592 3980 842 4042 tempora,
893 3967 960 4022 ad
986 3966 1263 4038 quodlibet
1292 3965 1713 4021 ecclesiasticum
1766 3965 2003 4019 ollicium
2033 3965 2180 4019 licite

592 4067 1030 4137 proveherentur.
1090 4062 1357 4118 Caeterum
1386 4062 1564 4116 aiebat
1593 4077 1715 4116 eum
1743 4062 1835 4132 qui
1865 4063 2179 4118 saecularem

594 4156 833 4209 habitqu
865 4153 1120 4208 deserens
1142 4153 1208 4207 ad
1237 4153 1600 4208 ecclesiastica
1622 4152 1797 4208 ollicia
1826 4154 2011 4209 venire
2032 4154 2181 4209 festi-

595 4252 769 4313 naret,
822 4259 931 4298 non
978 4244 1287 4313 relinquere
1325 4243 1579 4299 saeculum
1636 4243 1731 4299 sed
1777 4252 2006 4300 mutare.
2070 4244 2178 4317 (Cf.

595 4336 750 4392 Joan.
782 4336 820 4390 l.
850 4351 908 4398 ιι,
940 4352 987 4389 c.
1016 4334 1128 4404 16;)

667 4430 719 4483 7.
762 4428 839 4482 De
859 4426 1125 4498 spirituali
1145 4426 1266 4482 cibo
1291 4442 1403 4507 non
1431 4427 1609 4483 minus
1637 4442 1799 4498 quam
1829 4428 1897 4484 de
1915 4431 2180 4502 corporali

556 4542 559 4545 λ
598 4521 720 4576 filiis
748 4520 859 4577 suis
899 4517 1253 4575 ministrando
1294 4533 1511 4590 semper
1537 4520 1801 4577 sollicitus
1828 4520 2182 4593 fuitoptimus

595 4622 802 4685 pastor.
826 4610 969 4668 Sane
995 4610 1138 4666 inter
1164 4610 1436 4681 prarcipua
1466 4612 1705 4682 episcopi
1742 4598 1965 4669 munera
1986 4616 2181 4671 merito

2282 3442 2501 3495 namque
2529 3433 2604 3477 est
2634 3440 2652 3477 :
2714 3421 3027 3492 Quicumque
3056 3422 3272 3475 voluerit
3315 3422 3508 3474 amicus
3536 3437 3648 3474 esse
3696 3420 3871 3474 sa’culi

2282 3516 2455 3589 hujus,
2498 3516 2739 3569 inimicus
2788 3512 2886 3566 Dei
2917 3513 3247 3567 constituitur
3302 3510 3505 3582 (Iacob.
3534 3528 3608 3579 tv,
3636 3511 3713 3580 εξ).
3775 3508 3872 3573 Qui

2281 3626 2402 3680 ergo
2430 3609 2877 3679 appropinquante
2902 3605 3078 3659 mundi
3108 3605 3214 3675 [ine
3242 3621 3345 3658 non
3374 3604 3561 3685 gagdet
3584 3645 3600 3671 ,
3652 3605 3871 3658 amicum

2283 3719 2338 3757 se
2354 3702 2497 3756 illius
2526 3717 2637 3756 esse
2682 3710 2921 3764 testatur,
2952 3707 3103 3770 atque
3131 3716 3220 3768 per
3251 3698 3345 3750 hoc
3374 3698 3609 3751 inimicus
3639 3695 3735 3749 Dei
3765 3713 3873 3750 esse

2283 3795 2624 3849 convincitur.
2652 3792 2758 3847 Sed
2787 3790 2920 3844 absit
2943 3790 3036 3844 hoc
3063 3808 3094 3842 a
3147 3788 3377 3859 ﬁdelium
3432 3787 3691 3852 cordibus,
3743 3785 3873 3840 absit

2285 3886 2347 3940 ab
2380 3888 2457 3941 Itis
2487 3886 2573 3958 qui
2602 3893 2651 3939 et
2678 3901 2789 3938 esse
2830 3883 2991 3936 aliam
3045 3884 3201 3936 vitam
3244 3900 3335 3951 per
3365 3881 3523 3951 ﬁdem
3551 3881 3788 3947 credunt,
3825 3888 3874 3933 et

2283 3994 2398 4031 eam
2427 3994 2517 4048 per
2546 3975 2894 4046 operationem
2923 3973 3166 4044 diligunt.
3200 3970 3284 4025 Ea:
3313 3971 3493 4025 mundi
3522 3972 3660 4025 enim
3681 3971 3873 4023 destru-

2284 4069 2452 4122 ctione
2501 4066 2690 4136 lugere,
2746 4082 2921 4119 eorum
2953 4073 3028 4118 est
3066 4066 3149 4136 qui
3195 4063 3396 4117 radices
3449 4063 3619 4116 cordis
3660 4063 3713 4115 in
3762 4063 3873 4133 ejus

2284 4177 2461 4214 antore
2487 4159 2867 4228 plantaverunt,
2886 4160 3275 4229 quisequentem
3300 4159 3456 4211 vitam
3486 4173 3591 4210 non
3617 4164 3872 4225 quierunt,

2284 4253 2371 4322 qui
2398 4251 2545 4304 illaut
2577 4266 2735 4320 neque
2764 4266 2874 4303 esse
2922 4250 3272 4320 suspicantur.
3328 4249 3486 4319 225
3536 4245 3651 4301 Nos
3705 4257 3875 4300 autem

2284 4343 2372 4414 qui
2402 4343 2616 4397 caelestis
2645 4342 2832 4412 patria:
2879 4340 3070 4411 gaudia
3100 4348 3296 4393 wtemu
3326 4340 3672 4409 cognovimus,
3724 4340 3873 4409 festi-

2286 4451 2414 4488 nare
2441 4434 2510 4486 ad
2548 4450 2606 4485 ea
2633 4434 2933 4504 quantocius
2988 4431 3245 4486 debemus.
3300 4430 3599 4503 Optandum
3629 4432 3774 4485 nobis
3803 4439 3873 4486 est

2287 4528 2437 4581 citius
2466 4542 2695 4596 pergere,
2750 4533 2901 4595 atque
2935 4524 3004 4577 ad
3052 4525 3197 4577 illam
3227 4524 3451 4578 breviore
3480 4526 3562 4578 via
3594 4526 3873 4592 pervenire.

2290 4616 2484 4684 Quibus
2536 4620 2673 4672 enim
2714 4620 2867 4671 malis
2917 4616 3139 4671 mundus
3178 4633 3281 4670 non
3329 4618 3573 4688 urgetur?
3620 4615 3749 4681 Quae
3786 4633 3875 4671 nos

596 4714 841 4764 recenset
866 4703 1192 4778 praedicandi
1221 4710 1277 4760 et
1304 4703 1533 4761 docendi
1585 4704 1841 4774 ofﬁcium,
1873 4707 1942 4765 de
1966 4723 2075 4779 quo
2101 4710 2184 4766 fu-
2210 4726 2264 4787 ι)
2289 4714 2523 4777 tristitia,
2556 4728 2670 4779 qua:
2700 4712 2985 4766 adversitas
3014 4728 3117 4766 non
3146 4712 3425 4782 angustat?
3478 4709 3614 4776 Quid
3662 4722 3741 4766 est
3779 4713 3875 4768 vita

677 4911 881 4989 smVide
900 4912 1197 4989 praesertim
1218 4913 1310 4989 lib.
1344 4929 1518 4989 κλει).
1554 4914 1614 4989 51
1647 4922 1703 4970 et
1724 4915 1834 4989 fit);
1868 4917 1960 4989 lib.
1992 4934 2067 4983 χι,
2100 4935 2187 4989 ep.

598 4983 663 5050 2;
695 4983 789 5039 lib.
822 4998 936 5044 xm.
969 4999 1058 5053 ep.
1096 4983 1183 5039 l9.
1217 4983 1502 5054 Legendus
1524 4988 1687 5041 etiam
1717 4984 1874 5041 Joan.
1904 4988 2053 5045 Diae.
2095 4983 2185 5045 lib.

598 5070 655 5106 ιι.
689 5069 847 5106 cann.
876 5052 947 5106 22
970 5062 1025 5106 et
1045 5069 1198 5106 sena.

598 5070 655 5121 ιι,
689 5069 847 5121 capp.
876 5062 947 5106 22
970 5062 1025 5108 et
1045 5069 1198 5123 seqq.

635 5125 697 5206 ub
738 5122 873 5206 Hinc
900 5139 1168 5206 pauperes
1181 5123 1449 5206 Ecclesiae
1478 5128 1782 5206 sumptibus
1813 5130 2021 5195 nutriti,
2060 5131 2187 5206 dicti

598 5195 727 5270 olim
759 5193 1127 5270 matricularii.
1177 5193 1337 5270 Greg.
1382 5193 1616 5270 Turoni
1652 5199 1744 5253 lib.
1773 5215 1868 5266 vn,
1927 5193 2048 5270 cap.
2079 5201 2185 5256 29:

599 5265 859 5321 Nonnulli
888 5265 1045 5318 etiam
1072 5267 1542 5322 matriculariorum
1568 5277 1619 5322 et
1645 5265 1963 5340 reliquorum
1990 5265 2190 5344 paupe-

599 5354 732 5401 rum,
766 5344 871 5391 etc.

674 5419 697 5447 ο
739 5406 867 5463 Inde
896 5405 1159 5480 mendacii
1187 5418 1281 5462 aut
1306 5408 1741 5480 hallucinationis
1763 5413 2068 5480 arguendus
2088 5414 2195 5470 So-

599 5493 883 5545 zomenus,
922 5477 1014 5545 qni
1052 5477 1143 5532 lib.
1182 5495 1274 5546 vn,
1324 5495 1445 5549 cap.
1500 5478 1587 5545 l9,
1644 5477 1849 5535 asserit
1867 5483 1921 5537 in
1950 5483 2193 5540 Ecclesia

601 5551 846 5605 Romana
898 5561 1072 5619 neque
1119 5550 1432 5619 episcopum
1474 5564 1649 5618 neque
1690 5551 1853 5606 alium
1891 5554 2186 5619 praedicare

600 5629 693 5675 aut
719 5620 939 5691 docere.
965 5616 1107 5674 Sane
1130 5616 1239 5674 Leo
1261 5616 1484 5687 Magnus
1513 5616 1809 5691 praedicare
1832 5616 2023 5679 solitus
2046 5637 2182 5691 erat,

598 5699 662 5763 ut
689 5706 757 5746 ex
775 5688 892 5763 ejus
917 5703 1138 5757 operum
1167 5691 1501 5763 inspectione
1514 5688 1709 5763 statim
1736 5692 1923 5763 liquet.
1968 5695 2078 5752 Nec
2104 5688 2184 5752 le;

600 5761 775 5834 gimus
804 5759 1204 5834 primumcum
1236 5759 1412 5834 fuisse
1427 5775 1495 5814 ex
1524 5759 2185 5834 Romanisjpontiticibus,

603 5828 698 5899 Qui
725 5828 1095 5899 concionandi
1115 5838 1293 5899 partes
1316 5830 1416 5885 sibi
1436 5832 1742 5899 sumpserit.
1771 5828 1934 5891 certe
1963 5828 2185 5893 Ambrol

605 5898 717 5955 sius
760 5901 854 5955 lib.
889 5899 1048 5953 tertio
1069 5898 1134 5953 de
1162 5899 1365 5968 Virgin.
1412 5898 1579 5955 multa
1623 5902 1792 5958 refert
1819 5920 1887 5959 ex
1922 5909 2184 5966 concione

565 6010 569 6015 .
606 5991 761 6036 unum
787 5970 1029 6025 Liberius
1048 5983 1186 6037 papa
1202 5969 1256 6023 in
1286 5970 1503 6027 basilica
1532 5969 1589 6025 S.
1629 5968 1774 6029 Petri
1824 5975 2084 6033 habuerat
2115 5983 2179 6035 ad

2297 4922 2575 4994 populum,
2596 4930 2750 4994 q'cum
2782 4919 3145 4994 Mareellinam
3194 4922 3433 4992 aliasque
3462 4922 3695 4991 virgines
3724 4939 3876 4979 sacro

2296 4991 2558 5047 velamine
2579 4991 2895 5046 donaverat.
2927 4992 3276 5063 Cassiodorus
3297 5010 3456 5063 quem
3486 5011 3585 5063 pro
3614 4995 3876 5051 sententia

2295 5063 2582 5118 Sozomeni
2637 5063 3002 5116 confirmanda
3034 5061 3277 5118 Valesius
3309 5061 3545 5129 adducit,
3580 5067 3630 5118 in
3657 5065 3876 5131 Tripar-

2297 5136 2393 5189 tita
2425 5134 2647 5188 historia
2698 5150 2804 5187 non
2847 5147 2974 5187 suos
3022 5148 3211 5186 sensus
3258 5134 3482 5203 profert,
3543 5137 3635 5190 sed
3688 5151 3874 5191 eorum

2296 5206 2619 5274 scriptorum
2646 5220 2782 5273 quos
2805 5203 2856 5259 in
2888 5203 3265 5274 compendium
3291 5207 3513 5271 redegit,
3547 5208 3751 5262 scilicet
3779 5206 3876 5260 So-

2296 5272 2526 5341 zomeni,
2577 5272 2837 5342 Socratis,
2890 5284 2947 5328 et
2993 5272 3325 5329 Theodoriti.
3380 5277 3608 5332 Aliunde
3654 5279 3774 5345 quis
3825 5279 3876 5331 in

2297 5354 2530 5415 mentem
2564 5346 2819 5400 inducere
2847 5346 3019 5415 possit
3045 5345 3266 5399 verbum
3290 5346 3527 5401 divinum
3561 5350 3611 5403 in
3642 5348 3876 5404 Ecclesia

2297 5414 2543 5471 Romana
2572 5432 2667 5486 per
2714 5426 2792 5470 tot
2817 5416 3009 5470 saecula
3042 5430 3149 5469 non
3176 5416 3336 5472 fuisse
3367 5419 3751 5486 prmdicatum?
3779 5418 3878 5473 Tot

2297 5488 2664 5542 sanctissimos
2692 5496 2938 5557 pastores
2968 5486 3129 5541 fuisse
3151 5503 3313 5542 canes
3344 5500 3521 5542 mutos
3550 5500 3605 5543 et
3635 5491 3878 5544 maxima:

2298 5559 2380 5629 sui
2410 5557 2568 5629 ollicji
2602 5559 2737 5626 parti
2770 5557 3041 5612 defuisse?
3063 5572 3185 5612 nam
3219 5570 3275 5611 ut
3296 5559 3371 5612 ait
3396 5559 3453 5614 S.
3484 5558 3644 5629 Greg.
3682 5576 3767 5629 ep.
3811 5557 3881 5613 25

2295 5628 2428 5702 lib.rt
2456 5646 2467 5680 :
2515 5628 2812 5702 Prwconish
2834 5628 3067 5702 ofﬁcium
3095 5629 3325 5702 suscipit,
3351 5631 3576 5702 quisquis
3604 5628 3685 5700 ad:
3709 5628 3879 5684 sacer-

2295 5700 2489 5753 dotium
2512 5700 2727 5752 accedit.
2755 5698 2886 5751 Vide
2920 5699 3350 5753 dissertatiouem
3364 5698 3385 5753 ι
3408 5698 3488 5754 de'
3506 5702 3611 5754 vita
3637 5698 3691 5754 et
3720 5703 3878 5759 rebus

2290 5770 2456 5892 gssith
2484 5768 2539 5824 S.
2586 5769 2781 5824 Leonis
2824 5767 2965 5837 Mag.
2995 5770 3063 5824 ad
3092 5786 3181 5825 an.
3227 5769 3351 5840 440,
3391 5771 3453 5843 §§
3478 5770 3529 5837 8,
3582 5772 3638 5839 9,
3672 5771 3759 5838 10,
3813 5770 3873 5825 il

2290 5855 2319 5892 e
2436 5879 2451 5892 .

2288 5849 2345 5894 et
2366 5849 2451 5894 1‘3.

2368 5909 2395 5946 ά
2439 5910 2698 5985 Legenda:
2724 5909 3077 5985 Brmfationes
3114 5927 3247 5985 quas
3271 5913 3374 5970 illis
3402 5913 3638 5971 homiliis
3658 5914 3875 5985 praemi-

2288 5981 2457 6036 simus
2483 5980 2665 6035 tomol
2693 5980 2843 6049 (νῆά.
2872 5998 2980 6052 seq.
3010 5980 3244 6052 tomum).
