4138 6494
273 430 378 490 297

751 433 811 489 s.
853 431 1184 489 GREGORII
1221 429 1439 485 MAGNI
1479 427 1658 493 vna,
1699 427 1796 478 ω.
1833 424 1879 476 ιι.

1983 438 1997 475 ›
2035 417 2343 475 δικιυίιδ
2380 416 2780 485 ADORNATA,
2820 415 2947 471 LIB.
2990 414 3060 471 ll.

3445 415 3551 473 298

269 541 667 610 mortalis,'nisi
711 545 836 599 via?
872 542 944 597 Et
972 544 1123 615 quale
1148 546 1237 612 sit,
1287 545 1475 615 fratres
1504 543 1625 608 mei,
1647 557 1858 612 perpen-

1983 546 2048 583 ur
2074 529 2328 600 linguam.
2391 525 2492 592 Qui
2518 530 2696 585 otiosis
2724 530 2889 585 verbis
2917 546 3054 601 stupe
3101 529 3359 601 implicor,
3408 533 3556 586 etab

270 634 397 703 dite,
430 638 485 689 in
514 635 690 689 labore
710 636 806 689 via:
826 635 1124 702 lassescere,
1166 642 1221 689 et
1268 642 1441 690 tamen
1469 634 1702 690 eamdem
1723 632 1860 687 riam

273 726 409 781 nolle
439 726 606 796 ﬁniri.
640 724 709 779 Et
736 734 859 795 post
880 725 1157 789 nonnulla,
1196 725 1457 781 mundum
1486 732 1858 780 senescentem

272 818 581 874 describens
608 834 621 870 :
673 818 838 882 Sicut,
870 818 1073 886 inquit,
1116 820 1173 871 in
1205 819 1359 873 annis
1388 817 1632 873 senilibus
1660 826 1862 871 statura

270 919 533 975 curvatur,
564 908 733 962 cervis:
762 910 1023 963 ewsiccata
1050 908 1344 980 deponitur,
1379 907 1727 981 frequentibus
1773 924 1863 963 su-

268 1001 444 1070 spiriis
488 1009 665 1069 pectus
708 1009 938 1069 urgetur,
989 1001 1147 1055 virtus
1191 1000 1389 1070 deficit,
1422 1000 1676 1072 loquentis
1711 998 1863 1054 verba

269 1093 529 1147 anhelitus
559 1092 817 1147 intercidit
848 1092 991 1164 (nam
1012 1094 1107 1147 etsi
1137 1095 1361 1166 languor
1391 1094 1540 1158 desit,
1568 1094 1865 1165 plerumque

267 1184 479 1239 senibus
524 1185 641 1254 ipsa
669 1200 765 1238 sua
793 1184 936 1238 salus
965 1184 1219 1256 (egritudo
1268 1183 1365 1255 est)
1402 1203 1414 1238 :
1446 1186 1523 1238 ita
1549 1184 1770 1239 mundus
1808 1186 1865 1238 in

272 1278 429 1332 annis
454 1278 710 1347 prioribus
741 1278 877 1332 velut
898 1278 953 1332 in
976 1278 1243 1349 juventute
1267 1279 1444 1350 viguit,
1470 1279 1541 1332 ad
1567 1296 1867 1350 propagan-

270 1367 396 1421 dant
418 1367 631 1420 humani
657 1370 859 1438 generis
888 1368 1084 1438 prolem
1106 1369 1341 1424 robustus
1375 1370 1495 1441 fuit,
1539 1370 1704 1423 salute
1750 1386 1868 1424 cor—

268 1477 456 1530 porum
484 1461 683 1527 uiridis,
715 1462 979 1531 opulentia
1022 1479 1194 1517 rerum
1225 1465 1459 1535 pinguis;
1511 1472 1567 1518 at
1588 1480 1725 1518 nunc
1750 1465 1867 1533 ipsa

275 1571 373 1609 sua
396 1563 656 1609 senectute
682 1555 1006 1625 deprimitur,
1031 1564 1081 1610 et
1126 1558 1273 1627 quasi
1312 1556 1383 1609 ad
1402 1557 1624 1611 vicinam
1648 1565 1868 1610 mortem

272 1648 532 1702 molestiis
571 1647 917 1703 crescentibus
971 1659 1202 1721 urgetur.
1263 1648 1442 1704 Nolite
1485 1666 1627 1722 ergo,
1677 1651 1868 1721 fratres

280 1746 407 1812 mei,
428 1745 644 1816 diligere
671 1760 819 1817 quem
845 1745 1026 1799 uidetis
1054 1745 1143 1800 diu
1173 1755 1311 1800 stare
1332 1762 1436 1801 non
1464 1762 1631 1816 posse.
1663 1744 1869 1800 Czetera

288 1835 634 1892 commodius
662 1850 729 1891 ex
762 1836 879 1906 ipso
905 1836 1055 1892 fonte
1084 1845 1309 1906 possunt
1343 1837 1564 1892 hauriri.
1596 1836 1870 1892 Attentius

1963 621 2322 676 exhortatione
2366 629 2519 691 atque
2567 624 2915 693 aedificatione
2953 624 3308 695 proximorum
3347 632 3556 693 torpens
3618 647 3638 695 ς

1962 724 2013 771 et
2037 715 2305 788 negligens
2333 732 2495 772 cesso.
2550 716 2652 781 Qui
2696 719 2752 773 in
2798 728 3073 790 conspectu
3116 718 3216 773 Dei
3245 722 3416 790 factus
3443 739 3557 776 sum
3624 702 3634 762 ἶ

1962 817 2135 863 mutus
2161 818 2211 863 et
2238 809 2479 864 verbosus
2504 825 2524 864 :
2554 818 2725 865 mutus
2773 813 2828 865 in
2859 813 3187 882 necessariis,
3231 813 3471 868 verbosus
3500 816 3559 868 in

1964 901 2165 983 otiosis.
2212 901 2321 957 Sed
2348 918 2463 958 ecce
2491 918 2660 957 sermo
2682 901 2783 956 Dei
2811 904 2876 957 de
2904 905 3245 975 speculatoris
3271 907 3378 962 uita
3417 923 3560 962 como

1964 995 2109 1065 pellit
2134 1002 2191 1048 ut
2218 995 2419 1067 loquar.
2446 993 2640 1049 Tacere
2658 1011 2763 1049 non
2786 1011 3015 1066 possum,
3040 1004 3089 1051 et
3112 1005 3281 1051 tamen
3302 998 3561 1069 loquendo

1963 1105 2046 1143 me
2068 1089 2224 1160 ferire
2247 1089 2569 1159 pertimesco.
2595 1087 2803 1152 Dicam,
2848 1089 3039 1154 dicam,
3070 1097 3126 1142 ut
3150 1088 3288 1144 verbi
3308 1089 3410 1145 Dei
3439 1091 3557 1162 gla-

1967 1180 2081 1235 dius
2126 1181 2283 1235 etiam
2308 1198 2399 1252 per
2427 1182 2782 1252 memetipsum
2823 1181 2894 1235 ad
2922 1181 3288 1252 conﬁgeitdum
3315 1200 3405 1238 cor
3431 1201 3556 1255 pro-

1965 1274 2097 1328 ximi
2127 1282 2377 1329 transeat.
2401 1273 2608 1340 Dicam,
2640 1276 2832 1341 dicam,
2864 1282 2921 1328 ut
2952 1275 3111 1328 etiam
3138 1283 3319 1329 contra
3345 1293 3428 1330 me
3450 1294 3561 1331 ser-

1966 1383 2051 1421 mo
2082 1365 2181 1420 Dei
2203 1375 2351 1421 sonet
2377 1384 2469 1437 per
2494 1384 2594 1421 me.
2646 1365 2761 1439 Ego
2790 1383 2935 1422 rsum
2962 1382 3044 1421 me
3070 1382 3182 1421 esse
3206 1384 3308 1422 non
3339 1367 3559 1440 abnego,

1968 1467 2229 1528 torporem
2255 1475 2425 1512 meum
2450 1467 2603 1530 atque
2621 1459 2992 1531 negligentiam
3009 1458 3174 1513 video.
3199 1454 3318 1513 Erit
3342 1460 3565 1530 fortasse

1969 1548 2110 1617 apud
2160 1550 2301 1619 pium
2350 1547 2587 1603 Iudicem
2637 1549 2933 1619 impetratio
2960 1549 3143 1615 venite,
3184 1549 3302 1619 ipsa
3338 1550 3564 1621 cognitio

1969 1641 2138 1710 culpae
2186 1640 2370 1710 (Hom.
2402 1640 2464 1694 11
2497 1642 2552 1695 in
2577 1640 2795 1709 Ezech.,
2827 1659 2973 1696 num.
3003 1641 3037 1694 5
3063 1650 3112 1696 et
3143 1642 3299 1714 seq.).
3346 1642 3393 1696 A
3437 1642 3566 1699 reli-

1968 1731 2090 1800 quis
2115 1731 2393 1798 abstineo;
2426 1748 2551 1787 nam
2580 1748 2753 1803 pauca
2797 1733 2914 1789 haec
2952 1733 3084 1790 satis
3111 1734 3403 1790 ostendunt
3429 1734 3568 1791 Gre-

1970 1822 2180 1894 gorium
2203 1822 2548 1879 severitatem
2572 1824 2857 1895 plusquam
2878 1825 3180 1881 censoriam
3204 1825 3259 1881 in
3274 1825 3566 1897 semetipso

276 1934 463 1980 autem
494 1926 593 1981 has
647 1926 896 1982 homilias
947 1927 1150 1996 legenti
1206 1938 1547 1998 perspectum
1578 1929 1681 1984 erit
1708 1944 1868 1998 quam
1902 1926 1951 1987 B
1977 1915 2251 1982 δνευειιάο
2280 1912 2609 1970 adhibuisse.

272 2018 509 2087 sapienti
553 2019 781 2075 consilio
819 2017 1062 2074 Ecclesia
1092 2033 1185 2076 eas
1235 2035 1444 2087 omnes,
1494 2021 1541 2076 si
1569 2035 1730 2075 unam
1778 2028 1871 2075 aut

278 2106 512 2162 alteram
536 2109 765 2175 eximas,
820 2110 1005 2165 cursui
1043 2125 1138 2165 seu
1159 2110 1336 2167 ofﬁcio
1361 2126 1460 2167 suo
1488 2113 1795 2168 inseruerit.

352 2198 581 2265 Quando
630 2199 684 2254 in
731 2209 1044 2256 sanctorum
1099 2202 1357 2257 natalitiis
1415 2204 1868 2272 concionabatur,

277 2302 392 2343 non
421 2287 632 2343 solebat
660 2289 715 2343 in
736 2290 950 2346 steriles
995 2307 1185 2346 eorum
1206 2292 1393 2349 laudes
1419 2308 1742 2359 excurrere;
1775 2293 1873 2349 sed

275 2394 403 2449 qua:
432 2379 500 2435 ad
520 2395 700 2436 mores
728 2390 878 2437 recte
902 2384 1306 2454 componendas
1329 2385 1578 2442 conferre
1597 2393 1871 2456 poterant,

278 2472 401 2528 haec
438 2488 631 2542 urgere
659 2475 901 2542 curabat,
959 2485 1020 2532 ut
1046 2478 1256 2549 patebit
1281 2480 1479 2549 legenti
1535 2481 1789 2538 homilias
1818 2482 1874 2536 in

276 2565 714 2622 solemnitatiius
737 2566 795 2623 S.
819 2567 1044 2625 Andreae
1079 2572 1332 2641 apostoli,
1366 2581 1677 2629 sanctorum
1721 2589 1874 2629 mar-

282 2661 464 2726 tyrum
491 2655 651 2711 Nerei
666 2664 721 2712 et
741 2657 992 2726 Achillei,
1015 2668 1215 2717 sanctae
1230 2659 1548 2732 Felicitatis,
1577 2669 1683 2718 etc.
1712 2661 1875 2735 (Vide

278 2749 423 2804 hom.
456 2747 491 2804 5
510 2758 559 2804 et
587 2748 704 2820 28.)

356 2841 409 2895 θ.
451 2839 586 2897 Cum
606 2858 703 2913 per
750 2859 810 2899 se
838 2860 948 2901 non
988 2854 1193 2916 posset,
1241 2862 1340 2917 per
1382 2847 1675 2921 discipulos
1720 2864 1871 2918 suos,

280 2937 521 2993 maxime
560 2954 659 3009 per
698 2939 782 2995 sui
829 2942 1145 2997 monasterii
1202 2942 1485 3011 alumnos,
1527 2943 1875 3013 Evangelium

280 3028 429 3098 apud
448 3028 705 3085 barbaras
729 3039 918 3101 gentes
955 3031 1087 3102 jugo
1116 3033 1318 3089 Christi
1348 3035 1588 3091 nondum
1630 3037 1876 3094 subditas

282 3120 649 3178 disseminavit
674 3132 741 3179 et'
769 3128 1103 3197 propagavit.
1126 3126 1194 3183 Et
1220 3129 1438 3198 quidem
1458 3131 1753 3201 superioris
1775 3131 1876 3187 aevi

282 3212 570 3281 pontifices
596 3213 737 3270 idem
758 3223 978 3272 strenue
1006 3219 1390 3288 praestiterant,
1443 3221 1643 3291 quippe
1671 3221 1766 3290 qui
1814 3237 1875 3277 se

2042 2005 2149 2061 Ista
2179 2005 2495 2075 Gregoriani
2518 2007 2865 2076 pontiﬁcatus
2892 2008 3067 2078 prima
3085 2008 3252 2065 veluti
3268 2008 3567 2065 lineamen-

1973 2105 2027 2152 ta
2048 2096 2214 2153 modo
2253 2095 2545 2153 sufﬁciant.
2574 2096 2825 2166 Singulas
2855 2106 3036 2155 autem
3064 2113 3153 2155 res
3179 2099 3247 2154 ab
3275 2114 3344 2155 eo
3362 2106 3564 2169 gestas,

1972 2203 2190 2247 servato
2221 2204 2485 2245 annorum
2514 2196 2570 2244 et
2589 2196 2895 2261 temporum
2921 2189 3114 2247 ordine
3141 2198 3400 2261 quantum
3424 2188 3562 2246 lice-

1972 2281 2073 2349 bit,
2092 2281 2205 2353 jam
2231 2281 2568 2338 evolvamus.

2592 2393 2823 2451 CAPUT
2860 2393 2952 2450 IV.

1976 2488 2336 2543 Aucmmvrun.
2357 2513 2420 2524 —
2445 2488 2492 2538 1.
2518 2487 2571 2536 S.
2598 2486 2868 2549 Gregorius
2891 2486 2941 2535 in
2977 2485 3142 2549 Sicilia
3188 2486 3423 2549 synpdum
3444 2498 3569 2549 quo-

2037 2552 2200 2601 tannis
2221 2551 2464 2600 celebrari
2486 2549 2646 2601 iubet.
2671 2546 2798 2595 —'-2.
2842 2548 2961 2598 Inde
2986 2546 3230 2598 frumenta
3258 2546 3571 2597 Romam’sd-

2042 2614 2157 2662 vehi
2201 2618 2357 2661 curat.
2382 2636 2443 2647 —
2465 2608 2510 2659 ὅ.
2560 2609 2832 2660 Luctuosus
2875 2609 3043 2658 Roma;
3064 2618 3235 2659 status.
3257 2608 3406 2670 Cujus
3426 2620 3571 2658 occa-

2040 2676 2180 2724 sione
2202 2673 2440 2737 llomancs
2464 2673 2522 2721 ad
2545 2672 2882 2737 pmnitentiam
2901 2671 3122 2737 hortatur
3136 2671 3194 2737 _S.
3216 2671 3571 2737 Gregorius.—

2040 2737 2089 2785 4.
2110 2734 2344 2801 Ecclesiis
2366 2732 2631 2783 destructis
2648 2746 2741 2801 qua
2766 2732 2957 2801 ratione
2966 2732 3269 2801 providerit,
3297 2738 3350 2780 et
3372 2732 3566 2801 egeno-

2044 2810 2153 2847 rum
2173 2798 2513 2859 episcoporum
2532 2792 2926 2859 necessitatibus.
2966 2792 3353 2859 Translationes
3366 2792 3571 2859 episco-

2112 2852 2236 2908 runi.
2260 2852 2388 2909 —5.
2431 2856 2659 2916 Gregorii
2702 2867 2822 2916 erga
2862 2856 3158 2904 monasteria
3202 2852 3477 2902 sollicitudo
3518 2860 3573 2902 et

2062 2920 2333 2971 iberalitas.
2359 2944 2422 2956 -—
2437 2921 2485 2969 6.
2505 2916 2668 2979 ngos
2692 2924 2744 2967 et
2775 2918 3045 2979 ﬂagitiosus
3064 2916 3569 2979 monachoscoercet.

2040 3006 2104 3021 -
2126 2985 2174 3031 7.
2216 2982 2352 3031 Nova
2394 2975 2688 3029 monastéria
2724 2975 2869 3039 jubet
2890 2978 3123 3028 construi.
3148 3000 3208 3013 —-
3228 2978 3275 3027 8.
3301 2975 3571 3027 Viduarum

2044 3056 2211 3094 curam
2234 3044 2452 3105 suscipit.
2475 3039 2592 3104 (An.
2618 3038 2713 3090 590
2730 3038 2795 3089 et
2816 3039 2949 3101 591.)

1999 3132 2003 3136 ’
2054 3149 2106 3205 1.
2168 3147 2366 3203 Parum
2403 3145 2597 3201 fuisset
2642 3143 2906 3213 Gregorio
2954 3143 3193 3214 seipsum
3243 3142 3575 3213 domumque

1985 3256 2139 3298 suam
2190 3247 2343 3296 recte
2385 3253 2596 3308 regere,
2651 3244 2745 3292 aut
2799 3236 2965 3292 etiam
3016 3235 3275 3292 Romanae
3305 3234 3574 3292 “Ecclesiae

282 3305 390 3359 ιοιί
411 3305 716 3401 reipublicae
738 3308 1055 3401 Christianae
1083 3313 1367 3382 praefectos
1397 3312 1560 3369 fuisse
1606 3315 1874 3385 intellise-
1903 3323 1949 3386 C
1979 3329 2323 3401 singulariter
2366 3305 2622 3398 spectatae
2649 3325 2949 3396 invigilare,
2969 3325 3071 3381 nisi
3100 3325 3203 3382 toti
3222 3325 3382 3382 simul
3419 3323 3575 3380 Chri-

284 3404 448 3450 rent:
500 3396 732 3467 hincque
778 3414 847 3455 ex
892 3400 1137 3457 Romana
1187 3402 1317 3459 sede
1360 3419 1458 3475 per
1483 3412 1658 3460 totum
1686 3404 1874 3460 orbem

287 3485 422 3543 ﬁdes
447 3487 761 3544 dimanavit.
796 3491 866 3545 At
893 3508 1170 3563 nunquam
1201 3500 1349 3548 tanta
1396 3493 1674 3560 felicitate,
1704 3494 1876 3550 facili-

286 3586 402 3634 tate
452 3586 619 3647 tanta,
661 3588 863 3650 quanta
891 3580 1155 3652 Gregorio
1184 3583 1251 3639 ad
1297 3582 1686 3640 Ecclesiasticae
1726 3583 1879 3640 navis

288 3668 502 3725 clavum
531 3670 772 3727 sedente.
796 3671 982 3728 Audeo
1011 3672 1193 3729 dicere
1234 3673 1453 3730 Petrum
1478 3674 1687 3744 jussum
1714 3689 1745 3728 a
1771 3673 1881 3747 Do-

288 3761 439 3817 mino
468 3761 666 3818 ducere
687 3763 742 3820 in
772 3762 940 3817 altum
969 3771 1024 3818 et
1054 3764 1239 3820 laxare
1284 3766 1418 3820 retia
1470 3766 1525 3820 in
1572 3772 1878 3835 capturam,

288 3852 383 3908 vix
409 3868 647 3922 unquam
676 3853 958 3924 majorem,
990 3869 1154 3923 quam
1200 3863 1329 3910 tunc
1381 3855 1611 3924 piscium
1636 3853 1883 3908 multitu-

290 3942 496 4009 dinem,
545 3944 688 3999 intra
717 3958 973 4014 sagenam
1016 3946 1379 4013 conclusisse;
1435 3946 1638 4016 quippe
1666 3945 1883 4000 Britan-

291 4036 439 4091 niam
467 4034 581 4090 fere
599 4034 883 4107 integram,
898 4036 1137 4093 omnium
1162 4038 1291 4092 olim
1313 4044 1561 4092 notarum
1587 4036 1887 4091 insularum

292 4126 609 4193 maximam,
661 4125 842 4182 missis
896 4127 1066 4185 semel
1102 4135 1197 4182 aut
1238 4126 1436 4183 iterum
1461 4127 1689 4195 retibus,
1719 4127 1885 4197 cepit,

294 4223 353 4272 et
380 4216 449 4272 ad
476 4217 644 4286 littus,
692 4218 799 4275 hoc
823 4226 907 4277 est
949 4219 1017 4275 ad
1041 4233 1184 4275 vera:
1218 4218 1343 4277 ﬁdei
1372 4219 1664 4277 stationem
1692 4227 1885 4289 tutam,

294 4306 485 4362 traxit.

372 4398 462 4454 10.
501 4398 560 4453 Si
589 4400 742 4455 novis
770 4399 824 4455 in
853 4397 1349 4457 Ecclesiis.Christo
1369 4402 1756 4472 congregandis
1778 4410 1890 4458 tam

300 4490 544 4547 sedulam
567 4493 786 4549 navavit
812 4510 1037 4565 operam
1081 4495 1141 4552 S.
1192 4493 1505 4567 Gregorius,
1547 4497 1616 4553 de
1656 4497 1893 4569 antiquis

297 4591 450 4639 recte
479 4584 787 4641 ordinandis
813 4587 984 4643 multo
1024 4588 1308 4646 sollicitior
1357 4588 1488 4653 fuit;
1546 4598 1603 4646 et
1648 4598 1709 4646 ut
1764 4592 1893 4661 ipsis

1979 3424 2050 3480 sti
2086 3421 2255 3491 gregi,
2309 3419 2395 3476 cui
2451 3419 2776 3476 auctoritate
2828 3423 3078 3487 praeerat,
3150 3423 3376 3487 paterna
3428 3414 3576 3471 cari-

1982 3524 2094 3572 tate
2115 3530 2181 3570 ac
2206 3512 2561 3570 sollicitudine
2590 3510 2937 3581 providisset.
2989 3508 3170 3564 Prima
3197 3508 3317 3579 ejus
3341 3508 3575 3579 epistola

1982 3608 2050 3664 ad
2071 3607 2354 3678 episcopos
2382 3604 2581 3659 Siciliae
2630 3604 2831 3673 scripta
2859 3601 3226 3668 constituitur,
3257 3608 3319 3656 ut
3346 3600 3579 3669 singulis

1984 3700 2141 3756 annis
2167 3698 2237 3754 ad
2284 3696 2553 3770 synodum
2594 3695 2942 3764 conveniant,
2973 3695 3128 3765 cujus
3174 3693 3576 3749 moderatorem

1985 3805 2106 3847 esse
2125 3789 2280 3859 jubet
2307 3786 2527 3842 Petrum
2556 3786 2967 3855 subdiaconum,
3000 3784 3314 3856 patrimonii
3340 3783 3399 3838 S.
3428 3782 3579 3837 Petri

1984 3886 2397 3952 procuratorem
2425 3876 2529 3932 hac
2558 3876 2612 3930 in
2646 3876 2854 3942 insula;
2906 3885 2963 3930 et
2986 3876 3108 3932 ideo
3135 3889 3263 3930 suas
3310 3873 3410 3943 ipsi
3434 3873 3583 3930 vices

1987 3972 2130 4027 intra
2151 3969 2488 4041 provinciam
2509 3967 2652 4023 hanc
2679 3982 2740 4022 se
2766 3966 3102 4022 commisisse
3127 3965 3414 4049 signiﬁcat.
3448 3963 3583 4019 Erat

1989 4062 2130 4117 enim
2161 4059 2344 4115 Sicilia
2388 4073 2497 4113 una
2548 4072 2616 4112 ex
2662 4054 3047 4111 suburbicariis
3092 4053 3405 4125 provinciis,
3458 4068 3582 4123 qua:

1990 4150 2238 4207 Romano
2265 4147 2522 4218 episcopo
2551 4145 2864 4201 immediate
2890 4144 3337 4214 subjiciebantur,
3360 4142 3428 4199 de
3456 4142 3581 4212 qui-

1988 4241 2090 4296 bus
2118 4238 2376 4308 legendus
2411 4245 2597 4293 sextus
2626 4253 2801 4293 canon
2838 4236 3070 4293 Nicenus
3098 4252 3167 4292 ex
3195 4234 3375 4291 Ruﬁni
3405 4243 3584 4291 trans-

1991 4330 2218 4385 latione.
2279 4327 2657 4385 Consulendus
2712 4328 2877 4383 etiam
2905 4336 3062 4384 vetus
3089 4321 3263 4384 codex
3311 4343 3584 4383 canonum

1994 4435 2025 4475 a
2070 4419 2297 4476 Justello
2325 4420 2521 4489 editus,
2578 4419 2631 4473 in
2661 4435 2769 4491 quo
2797 4427 2984 4476 sextus
3030 4435 3205 4475 canon
3235 4434 3302 4475 ex
3330 4420 3588 4485 Nicainis,

1994 4510 2347 4566 ecclesiarum
2388 4519 2415 4548 α
2487 4509 2981 4565 suburbicariarnm
3051 4509 3316 4565 meminit.
3388 4508 3581 4563 Utrum

1998 4608 2127 4658 tunc
2155 4603 2332 4659 forent
2373 4602 2429 4657 in
2464 4601 2647 4658 Sicilia
2689 4601 3092 4672 metropolitani
3122 4602 3452 4669 disceptatur
3484 4618 3498 4653 :
3531 4600 3586 4655 in

196 4696 199 4699 λ
298 4674 449 4745 digni
477 4675 875 4747 prteﬁcerentur
897 4687 1167 4750 pastores,
1189 4682 1451 4752 imprimis
1480 4682 1711 4737 curavit.
1744 4681 1893 4748 Quos
1919 4691 1971 4752 Β
1996 4701 2206 4764 partem
2256 4700 2562 4761 negantem,
2612 4707 2782 4762 quam
2826 4691 3070 4760 sequitur
3095 4699 3151 4745 et
3172 4697 3352 4745 tuetur
3372 4688 3593 4748 Bochus

298 4766 348 4825 si
371 4769 710 4840 contingeret
753 4770 1043 4841 aliquando
1071 4787 1171 4827 suo
1214 4773 1403 4829 deesse
1432 4771 1631 4841 ofﬁcio,
1662 4781 1890 4845 paterna

300 4858 569 4916 charitate
596 4860 956 4930 admonebat;
987 4872 1337 4920 contumaces
1375 4874 1558 4923 autem
1600 4870 1777 4923 acrius
1805 4869 1891 4924 in—

300 4952 650 5021 sequebatur.
683 4953 881 5009 Verum
911 4967 1040 5023 erga
1072 4955 1278 5010 nullum
1307 4958 1620 5029 episcopum
1649 4961 1893 5016 severio-

300 5057 419 5097 rem
450 5058 730 5099 censuram
778 5061 941 5116 quam
984 5047 1038 5101 in
1079 5049 1429 5121 semetipsum
1459 5052 1722 5109 exercuit.
1765 5052 1895 5118 Quis

302 5148 415 5190 non
446 5135 741 5193 admiretur
786 5140 1288 5210 praestantissimum
1340 5143 1487 5199 hunc
1515 5146 1687 5200 virum
1734 5161 1895 5216 quem

303 5225 634 5295 suspiciebat
672 5228 818 5285 orbis
846 5230 1148 5299 universus,
1182 5233 1398 5302 publica
1453 5234 1797 5292 confessione
1844 5244 1900 5291 et

306 5315 525 5388 quidem
577 5334 645 5375 ex
672 5332 930 5391 suggestu
956 5324 1116 5389 facta,
1170 5322 1371 5379 leviora
1401 5326 1454 5381 in
1478 5342 1538 5383 se
1577 5328 1809 5398 piacula,
1839 5338 1900 5384 ut

306 5409 555 5480 putabat,
603 5411 1018 5482 redarguentem
1067 5414 1152 5471 his
1198 5416 1416 5471 verbis:
1474 5417 1519 5470 0
1563 5435 1718 5490 quam
1766 5420 1901 5474 dura

307 5502 437 5557 mihi
458 5511 578 5558 sunt
605 5506 706 5559 ista
736 5523 851 5577 quin
876 5508 1095 5577 loquor:
1124 5510 1247 5581 quia
1274 5512 1628 5582 memetipsum
1650 5513 1901 5585 loquendo

313 5595 465 5666 ferio,
497 5597 644 5667 cujus
673 5614 834 5668 neque
863 5600 1061 5672 lingua,
1110 5609 1167 5654 ut
1191 5603 1405 5673 dignum
1434 5612 1530 5670 est,
1580 5605 1907 5674 praedicatio-

312 5702 433 5741 nem
460 5696 615 5757 tenet,
644 5706 806 5761 neque
827 5693 881 5746 in
893 5700 1141 5763 quantum
1166 5696 1571 5767 teneresuf/icit,
1597 5697 1701 5751 vita
1730 5697 1907 5767 sequi-

390 5852 434 5929 0-
456 5844 535 5903 De
578 5847 871 5929 provinciis
916 5850 1300 5929 suburbicariis
1343 5870 1461 5911 :evo
1501 5864 1708 5929 nostro
1746 5863 1907 5929 motae

315 5926 445 5973 sunt
465 5922 851 5976 mntroversiaa
894 5922 1320 5993 quamplurimas,
1352 5941 1385 5981 a
1422 5927 1616 5996 quibus
1661 5926 1903 5983 abstine-

608 6013 879 6077 Ρλτιιοι..
910 6015 1168 6078 LXXV.

2001 4784 2204 4851 Pirrus,
2232 4784 2285 4840 in
2317 4785 2507 4842 notitia
2530 4785 2765 4841 secunda
2794 4782 3052 4839 Ecclesiae
3080 4782 3438 4841 Messanensis
3467 4801 3593 4855 pro-

1972 4878 2336 4948 .pendemus;
2388 4892 2618 4947 eamque
2669 4876 2995 4933 sententiam
3042 4875 3225 4930 multis
3261 4878 3593 4945 gravissimis

2000 4967 2303 5023 rationibus
2357 4968 2792 5022 conﬁrmavimus
2833 4968 2886 5022 in
2916 4966 3058 5022 notis
3087 4967 3155 5022 ad
3177 4968 3448 5026 laudatam
3476 4972 3593 5044 epi-

2005 5061 2217 5116 stolam.
2248 5059 2385 5115 Cum
2408 5060 2639 5117 fortasse
2690 5061 2852 5132 226
2895 5061 3182 5119 molestum
3219 5062 3361 5119 foret
3399 5062 3597 5121 Siculis

2004 5152 2272 5222 episcopis
2320 5151 2651 5207 subdiacono
2697 5152 3011 5223 apostolicae
3056 5154 3202 5208 sedis
3231 5154 3379 5211 vices
3410 5157 3589 5225 agenti

2004 5249 2421 5318 obtemperare;
2480 5247 2537 5301 S.
2588 5245 2881 5316 Gregorius
2927 5261 3022 5304 eas
3070 5262 3213 5303 anno
3257 5250 3505 5317 sequenti
3534 5232 3591 5303 Si

2003 5337 2350 5405 Maximiano,
2382 5337 2723 5410 Syracusano
2744 5340 3020 5410 episcopo,
3053 5339 3325 5395 commisit
3360 5339 3504 5409 (Lib.
3538 5356 3596 5408 ιι,

2004 5445 2087 5501 ep.
2119 5428 2198 5499 7),
2228 5436 2286 5482 ut
2325 5428 2464 5483 infra
2511 5427 2768 5485 dicemus.
2797 5430 2991 5485 Iisdem
3020 5440 3212 5501 postea
3240 5430 3483 5496 indulsit,
3540 5439 3600 5485 ut

2005 5533 2113 5573 uno
2142 5532 2358 5589 quoque
2407 5518 2777 5590 quinquennio
2818 5528 3028 5576 tantum
3074 5521 3305 5577 Romam
3335 5521 3405 5575 ad
3434 5536 3599 5591 syno-

2008 5608 2135 5665 dum
2158 5611 2533 5678 convenirent,
2566 5627 2689 5667 cum
2738 5612 2889 5682 prius
2918 5613 3058 5668 intra
3097 5612 3390 5668 triennium
3422 5610 3595 5669 semel

2008 5715 2070 5757 se
2096 5701 2287 5758 sistere
2316 5710 2649 5759 tenerentur.

2009 5877 2148 5918 mus.
2181 5861 2325 5933 Lege
2351 5862 2907 5934 quaagiobservavimus
2934 5862 2989 5917 in
3012 5861 3191 5921 indice
3215 5860 3600 5934 Geographico

2012 5934 2359 6003 epistolarum
2380 5933 2438 5991 S.
2464 5932 2709 6003 Gregorii
2730 5934 2848 6004 ipso
2877 5934 2931 5990 in
2953 5934 3158 5991 limine.

3041 6027 3114 6084 10
