2069 3224
299 201 353 231 299

543 202 573 231 Ξ.
592 202 755 231 GREGOltll
774 200 881 229 MAGNl
902 199 993 234 νιτΑ,
1016 199 1061 227 EX
1082 199 1093 226 l

1146 201 1163 226 8
1184 198 1338 227 δῦΗΙΡΤΙΒ
1359 196 1557 226 ADORNATA.
1578 197 1644 226 LIB.
1664 197 1695 226 ll.

1894 197 1951 224 500

335 259 363 286 Ξ.
385 259 477 287 Romae
490 259 624 293 totiusque
647 258 731 286 Italia:
751 259 877 286 horreum
906 259 965 283 erat
986 254 1095 286 Sicilia,
1111 254 1290 289 Aepiscopos
1304 253 1364 282 illos
1383 238 1412 280 ui
1433 253 1529 283 fratres
1552 256 1580 281 et
1602 253 1781 288 coepiscopos
1804 259 1873 281 suos
1896 252 1951 280 sibi

300 305 418 340 indeque
431 304 562 332 frumenta
576 304 691 332 Romam
705 303 890 332 transmittere
903 308 986 336 penes
1001 299 1095 327 insula:

299 355 444 388 praetorem
459 355 526 379 erat.
544 350 728 386 Magistratum
748 350 820 377 hunc
841 347 952 383 gerebat
974 345 1096 373 Justinus

299 396 422 432 Gregorii
430 396 577 430 lamilisris,
585 403 665 431 quem
673 395 764 423 statim
771 401 804 422 ac
811 392 998 429 pontiﬁcatum
1009 391 1095 425 auspi-

300 447 377 471 catus
388 446 439 475 est,
448 442 554 477 rogavit
563 446 593 469 nt
601 441 722 470 debitam
730 443 758 468 et
768 439 894 467 indiciam
911 436 1036 465 frumenti
1048 444 1095 464 co-

272 477 277 481 ’
299 488 372 522 piam
383 488 409 515 in
421 486 520 515 Urbem
531 486 669 515 transvehi
686 489 811 518 curaret,
825 492 859 512 ne
874 483 1001 511 interitus
1012 482 1095 509 totius

262 521 266 544 ί
299 521 393 568 populi
402 533 517 560 Romani
526 541 587 560 reus
597 532 685 562 ﬁeret.
692 532 719 558 id
728 532 815 559 minus
825 535 935 558 strenue
942 527 1094 564 implendo;

300 579 434 614 simulque
448 578 529 606 otiicii
545 579 586 606 sui
599 585 663 606 eum
676 577 817 605 admonuit
832 586 839 603 :
855 575 939 603 Nulla
953 583 996 603 vos
1011 575 1094 606 lucra,

299 623 397 658 inquit,
413 627 448 650 ad
464 623 621 658 iniustitiam
643 622 805 657 pertrahunt.
832 620 938 648 Nullius
958 621 997 648 vel
1019 620 1096 647 mima

300 669 341 697 vel
363 669 486 696 atuict'tiaz
500 668 532 695 ab
547 669 638 695 itinere
651 668 814 695 rectitudinis
837 667 984 701 deﬂectunt.
1012 664 1096 697 Quam

300 716 336 742 sit
349 716 400 742 vita
414 715 496 742 brevis
508 715 624 750 aspicite.
640 715 681 741 Ad
694 723 768 750 quem
787 714 940 749 quandoque
958 713 1021 740 ituri
1035 712 1096 739 estis

300 759 429 794 Iudicem,
445 762 488 797 qui
505 761 675 796 judician'am
696 765 849 795 potestatem
869 760 969 794 geritis,
985 759 1096 793 cogitate

302 806 376 843 (Lib.
393 814 421 840 ιι,
437 815 476 841 ep.
494 806 537 841 2).
555 806 647 841 Neque
663 806 734 834 enim
749 806 840 833 verbis
859 805 1016 833 adulatoriis
1029 804 1096 831 ami-

299 858 347 878 cos
367 850 478 885 palpare
497 854 684 878 consueverat.
707 849 837 880 Eumdem
860 850 985 877 hortatus
1004 853 1046 876 est
1068 852 1097 875 ut

299 897 334 925 ab
343 897 417 925 omni
431 897 560 925 adversus
572 896 762 925 ecclesiasticos
778 897 851 924 viros
861 896 999 924 simultate
1010 896 1095 923 absti-

1146 299 1317 328 convicturos
1331 299 1467 327 sociarent
1482 320 1489 330 ,
1510 306 1659 333 eorumque
1675 298 1795 333 inopiam
1819 297 1950 326 subleva-

1146 351 1215 374 rent.
1233 346 1346 380 Atiquos
1357 346 1439 373 etiam
1450 345 1594 380 episcopos
1606 345 1662 372 suis
1673 344 1795 373 ecclesiis
1808 344 1951 380 depulsos,

1147 391 1215 419 alios
1233 390 1266 418 ad
1282 391 1454 425 episcopatus
1469 389 1616 422 transtulit,
1633 393 1663 417 ut
1682 392 1757 424 patet
1770 396 1804 416 ex
1828 389 1951 424 pluribus

1147 437 1206 472 ejus
1220 437 1351 472 epistolis.
1365 436 1560 465 Observatione
1574 436 1683 470 dignum
1703 440 1746 463 est
1759 435 1833 470 quod
1849 435 1952 469 legitur

1147 484 1181 511 de
1194 488 1207 503 ι
1222 482 1317 516 Paulo,
1332 483 1466 517 Nepesino
1480 482 1621 517 episcopo,
1637 489 1719 516 quem
1732 481 1952 517 sapientissimus

1147 536 1217 565 papa
1237 529 1405 556 visitatorem
1420 532 1447 556 et
1461 527 1709 555 administratorem
1731 526 1862 555 Ecclesiae
1877 526 1950 553 Nea-

1147 575 1289 610 politana,
1306 574 1370 602 sede
1389 577 1503 601 vacante
1514 593 1521 606 ,
1538 572 1732 606 constituerat,
1757 571 1950 611 commendata

1148 620 1276 648 Ecclesiae
1291 619 1431 655 Nepesinse
1452 619 1607 647 visitatioue
1621 622 1649 646 et
1663 626 1728 646 cura
1752 617 1850 647 Joanni
1876 617 1950 652 epis-

1147 673 1227 700 copo,
1239 665 1356 693 maxime
1372 669 1402 691 ut
1414 665 1441 692 in
1455 663 1620 694 solemnibus
1638 662 1749 691 Pascha:
1762 663 1857 691 diebus
1870 670 1951 690 sacra

1148 711 1259 738 taceret.
1271 709 1370 737 Paulus
1385 709 1447 736 dum
1463 708 1589 736 traditam
1607 708 1658 737 sibi
1681 708 1852 744 provinciam
1866 715 1949 737 exse-

1148 760 1285 790 queretur,
1301 755 1486 791 gravissimam
1499 754 1624 790 injuriam
1643 762 1740 790 passus
1753 760 1795 783 est
1809 755 1837 782 in
1850 754 1950 783 Castro

1148 801 1296 829 Lucullano
1320 808 1405 836 prope
1426 799 1576 835 Neapolim.
1602 799 1669 827 Eum
1686 799 1833 836 Gregorius
1849 800 1950 828 litteris

1147 847 1301 875 consolatus
1320 850 1376 879 est;
1399 850 1426 874 et
1440 853 1474 873 ne
1488 849 1592 873 tantum
1616 845 1706 873 scelus
1729 845 1844 873 inultum
1858 853 1950 873 rema-

1147 898 1243 925 neret.
1265 893 1362 921 misitb
1377 892 1554 928 Epiphanium
1575 891 1771 920 subdiaconum
1784 912 1793 927 ,
1815 896 1846 919 ut
1868 891 1950 920 simul

298 947 393 975 neret;
408 943 522 977 cupiens
535 943 652 970 maxime
672 942 844 970 concordiam
864 942 957 970 fovere
970 942 1040 969 inter
1054 950 1097 969 sa-
1111 948 1137 979 3
1148 947 1208 968 cum
1221 938 1375 981 Campanize
1395 939 1484 973 judice
1499 939 1531 966 de
1546 942 1702 975 perpetrato
1722 939 1842 967 facinore
1855 939 1947 973 inqui-

297 988 449 1016 cerdotium
465 993 494 1016 et
504 988 658 1023 imperium,
674 996 707 1015 ac
721 988 862 1022 utriusque
875 987 1024 1015 ministros.

334 1034 361 1060 li.
382 1033 449 1067 Quis
463 1036 521 1061 tum
534 1038 606 1061 esset
620 1033 713 1061 Roma
739 1037 825 1061 status
838 1033 968 1061 describit
982 1032 1009 1060 S.
1027 1032 1096 1060 Grc-

296 1078 388 1113 gorius
398 1078 472 1106 hom.
487 1078 500 1105 l
513 1078 541 1106 in
550 1077 707 1113 Evangelia.
720 1082 842 1113 tempore
853 1077 985 1105 adventus
996 1078 1095 1110 habita,

297 1122 383 1150 tribus
398 1127 460 1157 post
474 1123 570 1149 initum
586 1123 773 1158 episcopatum
787 1123 895 1150 circiter
908 1122 1054 1155 mensibus,
1070 1126 1097 1149 et

296 1168 344 1195 lib.
358 1175 376 1195 ιι
390 1168 495 1203 Dialog.
505 1177 530 1195 c.
543 1167 588 1195 15.
598 1167 756 1197 Pestilentia
769 1168 943 1201 desaevicbat,
959 1171 986 1195 et
996 1168 1096 1194 multos

298 1214 442 1250 repentina
456 1218 545 1242 morte
559 1214 743 1248 opprimebat;
761 1214 850 1242 subito
867 1214 972 1241 turbine
988 1221 1096 1241 annosae

298 1260 411 1288 arbores
425 1264 509 1287 erutae
529 1260 684 1295 nuperrime
696 1260 812 1293 fuerant,
828 1262 971 1288 destructas
989 1261 1094 1291 domus,

298 1313 401 1334 eversae
414 1314 429 1333 a
450 1305 631 1334 fundamentis
651 1306 781 1334 ecclesiae.
798 1306 843 1334 Sic
864 1307 1026 1342 implebatur
1045 1307 1096 1334 hoc

296 1349 326 1378 S.
340 1350 476 1379 Benedicti
488 1351 654 1385 vaticinium,
670 1356 699 1379 ut
714 1352 771 1387 ipse
784 1352 931 1386 Gregorius
950 1353 1093 1380 observat:

297 1394 381 1425 Roma
396 1405 411 1423 α
427 1397 544 1432 gentibus
561 1406 613 1425 non
627 1397 852 1429 exterminabitur.
874 1397 919 1425 sed
935 1398 1095 1433 tempestati—

296 1441 358 1473 bus,
380 1442 504 1475 coruscis,
529 1443 675 1470 turbinibus
692 1451 723 1469 ac
738 1448 813 1471 terrae
833 1450 904 1471 motu
930 1444 1052 1478 t'au‘gata,
1068 1443 1095 1469 in

295 1487 434 1522 semetipsa
444 1493 583 1515 marcescat
594 1488 668 1524 (Lib.
679 1496 708 1522 ιι,
725 1497 765 1524 ep.
782 1488 828 1523 2).
843 1488 881 1516 Ne
894 1488 927 1515 ad
939 1493 978 1515 tot
991 1488 1094 1522 ﬂagella

295 1532 413 1559 omnium
433 1532 524 1560 forsan
539 1533 662 1567 gravius,
678 1533 764 1561 fames
778 1533 916 1565 videlicet,
932 1532 1074 1560 accederet
1087 1552 1094 1565 ,

295 1578 393 1605 merito
418 1576 579 1605 formidabat
600 1579 735 1613 piissimus
758 1579 851 1614 patria:
875 1583 966 1613 pater;
982 1585 1042 1612 quos
1062 1577 1095 1604 ad

294 1624 430 1660 Iustinum
445 1630 588 1660 praetorem
603 1626 737 1654 scribendi
751 1626 799 1653 fuit
810 1627 945 1661 praecipua
961 1626 1040 1654 ratio.

331 1669 385 1697 Tot
399 1669 512 1706 ﬂagellis
526 1671 680 1706 castigatos,
702 1676 741 1698 tot
756 1671 956 1700 calamitatibus
976 1672 1093 1704 attritos,

296 1715 367 1743 ﬁlios
387 1715 420 1743 ad
436 1717 620 1751 paenitentiam
641 1717 750 1745 ﬂectere
765 1718 885 1745 tentabat
897 1718 1052 1752 Gregorius,
1069 1722 1096 1745 et

295 1762 406 1789 salutari
419 1767 492 1789 metu
504 1768 651 1791 concutere
664 1773 670 1778 -
688 1763 719 1791 Si
732 1765 811 1797 enim,
825 1764 921 1800 inquit,
938 1774 984 1799 per
997 1766 1094 1791 tenuis-

294 1808 355 1834 simi
370 1808 437 1835 venti
448 1808 568 1844 spiritum
583 1808 653 1836 Deus
669 1813 766 1837 terram
780 1811 859 1837 movit
875 1810 1095 1846 azdiﬁciorumque

295 1853 465 1888 fundamenta
480 1854 589 1887 subruit,
599 1856 621 1881 si
635 1864 681 1891 per
695 1855 852 1883 levissimum
865 1855 957 1883 nubem
971 1857 1009 1882 ita
1024 1857 1094 1891 ferit,

292 1899 355 1935 quid
369 1900 486 1934 facturus
500 1904 538 1927 est
550 1908 608 1927 cum
631 1901 688 1936 ipse
701 1901 834 1928 adverterit
851 1901 938 1929 Iudex
957 1910 987 1928 ac
1001 1901 1095 1928 vindex

292 1951 400 1980 cumque
418 1945 445 1971 in
466 1945 588 1972 ultionem
612 1950 777 1981 peccatorum
798 1947 840 1974 ira
863 1947 920 1982 ejus
945 1947 1095 1974 exarserit?

294 1987 391 2024 (Hom.
407 1988 418 2014 1
437 1989 465 2015 in
479 1988 541 2024 Ευ.)

328 2033 354 2060 4.
376 2033 542 2062 Praedicandi
563 2036 692 2069 studium,
709 2037 856 2071 quominus
876 2037 1021 2072 Gregorius
1043 2045 1093 2072 pu-

294 2078 373 2105 blicis
399 2078 526 2107 Ecclesia:
541 2081 700 2108 utilitatibus
715 2082 849 2109 assiduam
869 2090 979 2117 operam
1004 2083 1092 2118 daret,

294 2123 406 2151 minime
420 2124 554 2152 obstabat.
575 2126 721 2154 Destructte
743 2127 869 2161 jacebant
888 2129 1092 2164 quamplurima:

292 2168 321 2195 in
342 2168 414 2196 Italia
430 2169 561 2202 ecclesia,
578 2171 613 2198 ob
628 2172 753 2211 continua
769 2171 930 2206 Gothorum,
944 2178 1092 2209 posteaque

291 2213 533 2250 Langobardorum
555 2218 641 2251 bella,
665 2219 762 2247 occisis
786 2224 833 2246 aut
857 2220 961 2255 iugatis
970 2221 1089 2254 clericis,

292 2261 452 2296 caeterisque
471 2263 528 2291 fere
542 2264 569 2291 in
584 2265 742 2293 servitutem
756 2266 888 2294 abductis.
906 2266 1008 2296 Graves
1021 2275 1091 2303 prte-

290 2307 383 2333 sertim
397 2307 567 2336 calamitates
587 2317 672 2344 passae
687 2315 764 2338 erant
783 2311 975 2341 Minturnensis
990 2318 1017 2340 et
1040 2312 1092 2341 Po-

291 2352 468 2387 puloniensis,
493 2355 520 2381 in
541 2355 637 2390 quibus
652 2357 740 2384 nullus
760 2363 901 2393 supererat
925 2359 1059 2392 sacerdos,
1075 2367 1091 2386 a

291 2404 345 2432 quo
360 2398 402 2426 vel
417 2400 569 2434 panitentiu
591 2400 772 2429 decedentibus
787 2403 827 2429 vel
850 2402 978 2438 baptisma
1005 2409 1090 2438 posset

290 2442 435 2479 infantibus
459 2446 527 2473 duri.
549 2446 682 2480 Quocirca
699 2449 820 2477 viduatas
844 2456 871 2477 et
898 2451 1017 2478 desertas
1031 2451 1090 2478 illas

291 2489 427 2523 ecclesias,
442 2492 613 2527 reliquasque
627 2502 719 2528 parem
735 2495 918 2523 calamitatem
934 2504 1027 2531 passas
1044 2502 1090 2524 aut

292 2536 423 2570 proximis
437 2538 560 2566 ecclesiis
584 2539 672 2568 adhuc
688 2541 798 2576 integris
818 2543 914 2575 univit,
930 2548 976 2569 aut
996 2543 1090 2570 vicinis

258 2613 262 2616 ν
291 2583 427 2618 episcopis
440 2584 589 2613 visitandas
604 2590 631 2613 et
646 2588 776 2622 regendas
791 2588 998 2616 commendavit.
1014 2589 1089 2616 Mau-

255 2623 261 2654 Ξ
288 2627 372 2656 ticius
386 2629 534 2664 imperator
545 2630 663 2665 iusserat
679 2637 707 2660 ut
721 2634 841 2669 episcopi
860 2643 928 2669 quos
943 2642 959 2661 a
974 2635 1088 2670 propriis

288 2672 357 2701 locis
371 2674 527 2703 hostilitatis
541 2676 615 2704 furor
625 2679 776 2713 expulerat,
793 2679 827 2706 ad
842 2687 889 2707 eos
904 2680 1047 2715 episcopos
1059 2689 1088 2708 se

250 2736 255 2761 ἑ
291 2719 459 2756 conferrent,
470 2722 516 2756 qui
529 2723 584 2750 suis
598 2724 633 2751 ab
648 2725 771 2753 ecclesiis
785 2726 870 2753 avulsi
893 2734 945 2753 non
966 2726 1086 2760 fuerant,

289 2769 319 2793 et
341 2766 375 2794 ab
395 2767 435 2795 eis
455 2768 586 2803 stipendia
609 2770 724 2806 vitaeque
748 2772 900 2799 necessaria
924 2774 1086 2808 acciperent.

289 2809 349 2839 Hoc
370 2812 508 2841 decretum
523 2814 669 2850 Gregorius
691 2816 827 2851 laudavit,
852 2819 1027 2854 hortatusque
1047 2823 1089 2848 est

329 2887 342 2921 ξ
359 2882 429 2921 Yide
441 2884 543 2921 lib._m,
558 2893 620 2921 epp.
636 2888 662 2918 l,
677 2886 734 2914 2et
749 2887 793 2916 55.

328 2916 348 2961 ξ.
361 2917 480 2960 Iudicem
496 2916 715 2961 Ecclesiuslicum
730 2928 757 2950 et
772 2924 868 2952 laicum
883 2927 916 2953 de
928 2927 1022 2955 eodem
1040 2936 1087 2956 ne-

294 2957 368 2988 gotio
380 2957 545 2988 conjunctim
559 2957 706 2990 inquirere,
732 2963 759 2986 et
772 2962 931 2988 sententiam
956 2962 1025 2989 ferre
1047 2964 1086 2989 vi-

1148 989 1230 1018 reret,
1243 993 1275 1012 ac
1286 985 1446 1012 sententiam
1463 984 1553 1012 ferret.
1570 983 1610 1011 Ex
1620 984 1699 1012 dictis
1710 988 1800 1012 autem
1815 985 1949 1023 probatur

1148 1039 1181 1058 co
1193 1035 1315 1065 tempore
1326 1030 1408 1057 italia:
1423 1030 1564 1065 episcopos
1577 1029 1868 1070 inimediate‘Romano
1881 1038 1948 1065 pon-

1148 1077 1214 1105 tiﬁci
1228 1081 1364 1111 tamquam
1389 1084 1439 1104 suo
1464 1068 1674 1111 metropolitano
1689 1068 1823 1109 subditos,
1839 1076 1874 1106 ad
1889 1077 1949 1112 ejus

1149 1127 1242 1150 nutum
1256 1130 1271 1150 a
1287 1122 1403 1157 propriis
1416 1122 1536 1149 ecclesiis
1550 1122 1583 1150 ad
1595 1122 1697 1150 alienas
1711 1122 1875 1158 quandoque
1895 1123 1948 1151 mi-

1147 1175 1250 1203 grasse,
1272 1175 1420 1203 eorumque
1446 1168 1575 1196 ecclesias
1598 1168 1658 1195 aliis
1685 1168 1820 1203 episcopis
1851 1168 1949 1197 eadem

1149 1213 1311 1241 auctoritate
1328 1213 1409 1240 fuisse
1424 1212 1636 1240 commendatus.
1650 1212 1731 1248 (Vide
1747 1212 1847 1250 Regist.
1863 1213 1909 1241 tib.
1926 1221 1948 1250 ι,

1148 1268 1188 1295 ep.
1206 1259 1233 1292 8,
1250 1259 1292 1287 l5.
1306 1258 1352 1291 45,
1366 1259 1416 1291 79;
1432 1259 1476 1285 lib.
1490 1267 1518 1290 ιι,
1534 1267 1574 1294 ep.
1588 1258 1621 1286 57
1634 1263 1659 1286 et
1672 1258 1736 1293 45.)

1184 1305 1210 1333 5.
1231 1305 1295 1334 Post
1306 1306 1406 1340 primas
1417 1305 1449 1332 iis
1464 1305 1587 1334 ecclesiis
1597 1313 1676 1333 curas
1686 1306 1834 1341 impensas,
1845 1307 1949 1335 alteras

1148 1352 1236 1379 charis
1249 1352 1298 1378 sibi
1314 1352 1485 1379 monasteriis
1499 1351 1626 1379 servavit.
1649 1352 1743 1387 Itaque
1764 1357 1885 1389 egestate
1908 1354 1947 1381 la-

1149 1397 1308 1425 borantibus
1332 1396 1581 1427 muniﬁcentissime
1606 1398 1739 1426 subvenit.
1756 1399 1796 1426 Ab
1811 1400 1945 1435 episcopis

1148 1443 1253 1477 gravari
1264 1450 1294 1470 se
1304 1443 1449 1477 vexarique
1461 1449 1659 1478 conquerentes
1668 1445 1816 1472 monachos
1831 1445 1857 1472 in
1868 1453 1945 1474 suam

1149 1488 1259 1516 tutelam
1275 1488 1403 1523 suscepit,
1416 1489 1585 1516 inhumanum
1600 1497 1715 1517 censens
1729 1491 1768 1518 eis
1782 1491 1946 1521 interdicere

1148 1535 1204 1562 suis
1216 1535 1241 1562 in
1256 1536 1428 1564 monasteriis
1449 1536 1591 1564 missarum
1604 1537 1814 1565 celebrationem
1830 1541 1856 1566 et
1871 1545 1944 1566 mor-

1149 1585 1254 1608 tuorum
1269 1581 1445 1616 sepulturam.
1471 1580 1529 1616 ipse
1550 1581 1725 1616 spectandum
1741 1582 1902 1611 humilitatis
1919 1588 1946 1611 et

1149 1626 1282 1661 aequitatis
1306 1626 1459 1660 exemplum
1484 1626 1608 1654 omnibus
1631 1627 1789 1662 praesulibus
1813 1628 1945 1663 praebuit,

1148 1679 1211 1706 erga
1231 1673 1378 1699 monachos
1393 1672 1421 1700 S.
1440 1672 1575 1700 Theodori
1600 1674 1626 1700 in
1642 1674 1779 1702 territorio
1805 1675 1944 1704 Panormi~

1148 1722 1221 1745 tano.
1238 1717 1385 1752 Gregorius
1403 1725 1497 1746 servus
1509 1718 1556 1745 Dei
1572 1718 1712 1754 presbyter
1726 1724 1753 1747 et
1768 1719 1852 1748 abbas
1866 1720 1945 1756 hujus

1147 1763 1304 1790 monasterii
1326 1763 1418 1790 oblato
1437 1763 1528 1790 libello
1549 1763 1662 1798 supplici
1681 1769 1844 1799 conquestus
1858 1764 1945 1794 fuerat

1147 1806 1213 1834 lines
1239 1808 1437 1841 possessionum
1466 1815 1575 1835 suarum
1599 1800 1795 1837 ab‘actoribus
1817 1809 1944 1847 Ecclesiae

1148 1853 1277 1881 Romanae
1294 1853 1373 1881 fuisse
1388 1862 1526 1890 pervasos.
1546 1854 1717 1890 Quapropter
1735 1856 1815 1884 Petro
1836 1858 1943 1886 subdia-

1146 1906 1235 1932 cono,
1250 1899 1296 1933 qui
1320 1899 1392 1927 sedis
1415 1899 1569 1934 apostolicae
1595 1901 1703 1936 negotia
1725 1905 1753 1937 et
1781 1903 1943 1942 patrimonia

1147 1948 1209 1972 tunc
1233 1944 1258 1971 in
1281 1945 1334 1972 illis
1355 1944 1409 1972 oris
1424 1945 1549 1978 curabat,
1570 1946 1697 1981 praecepit
1711 1945 1740 1974 S.
1755 1946 1901 1982 Gregorius
1915 1953 1944 1985 ut

1145 1998 1189 2019 res
1201 1999 1268 2027 quas
1283 1992 1423 2026 repetebat
1436 1991 1529 2023 abbas,
1543 1992 1687 2020 restituere
1701 1991 1852 2028 festinaret,
1863 1995 1886 2021 si
1898 2002 1943 2025 eas

1146 2037 1282 2065 continuis
1295 2037 1372 2064 annis
1389 2036 1566 2072 quadraginta
1580 2038 1671 2072 quiete
1683 2039 1839 2067 coenobium
1853 2048 1943 2075 posse-

1145 2081 1215 2110 disse
1229 2082 1398 2116 probaretur.
1416 2081 1466 2110 Ubi
1480 2087 1490 2101 ο
1506 2082 1645 2117 privilegio
1660 2082 1786 2112 Ecclesiae
1800 2084 1939 2120 Romanae,

1144 2134 1276 2154 concesso
1288 2135 1302 2153 a
1313 2125 1475 2160 Iustiniano,
1485 2127 1522 2154 uti
1534 2128 1620 2155 noluit
1633 2137 1638 2154 :
1653 2136 1708 2163 quo
1718 2130 1844 2158 videlicet
1858 2131 1940 2159 abba-

1145 2178 1199 2201 tem
1213 2173 1246 2202 ad
1260 2174 1442 2201 centenariam
1456 2175 1655 2209 possessionem
1669 2177 1834 2210 probandam
1843 2186 1940 2214 cogere

1144 2218 1284 2253 potuisset.
1311 2220 1319 2253 (
1335 2218 1399 2246 Vide
1414 2218 1458 2246 lib.
1475 2228 1493 2251 ι,
1508 2229 1548 2254 cp.
1565 2220 1581 2247 9
1595 2226 1619 2247 et
1636 2221 1675 2248 12.
1698 2222 1739 2257 Cf.
1761 2222 1825 2250 Cod.
1838 2224 1870 2251 de
1884 2224 1936 2253 SS.

1144 2262 1229 2297 Eccl.,
1244 2265 1300 2300 lege
1317 2264 1351 2292 Ut
1364 2265 1460 2301 inter.)

1180 2310 1206 2336 6.
1228 2309 1306 2337 Aliud
1320 2314 1378 2338 erat
1392 2311 1420 2338 S.
1434 2310 1567 2339 Theodori
1579 2314 1770 2342 monasterium
1784 2317 1854 2351 apud
1870 2317 1937 2346 Mes-

1144 2363 1254 2389 sanam,
1280 2356 1306 2383 in
1329 2356 1401 2391 quod
1427 2357 1528 2384 recludi
1553 2357 1638 2386 voluit
1661 2361 1808 2390 monachos
1823 2361 1939 2391 civitatis

1145 2400 1226 2428 Tauri
1241 2400 1312 2436 apud
1328 2400 1436 2429 Brutios
1448 2409 1463 2428 a
1479 2401 1600 2438 barbaris
1614 2403 1731 2438 fugatos,
1745 2410 1771 2433 et
1792 2414 1841 2440 per
1855 2411 1937 2436 totam

1144 2446 1261 2473 Siciliam
1273 2446 1331 2473 sine
1342 2450 1447 2474 rectore
1459 2453 1595 2482 vagantes.
1605 2448 1662 2482 Qua
1674 2450 1708 2478 de
1721 2459 1750 2478 re
1761 2452 1868 2487 scripsit
1883 2458 1937 2481 tum

1144 2491 1177 2518 ad
1188 2491 1315 2524 Felicem,
1327 2492 1482 2528 episcopum
1494 2493 1704 2530 Messanensem,
1718 2501 1773 2524 tum
1785 2498 1817 2524 ad
1832 2499 1936 2526 Petrum

1143 2537 1335 2565 subdiaconum
1353 2539 1408 2572 jam
1434 2538 1569 2566 laudatum
1594 2539 1668 2575 (Lib.
1686 2549 1704 2574 ι,
1715 2550 1773 2577 ερρ.
1788 2542 1822 2569 40
1836 2548 1861 2570 et
1875 2543 1905 2570 4i
1916 2545 1934 2579 ).

1143 2582 1202 2609 Alia
1230 2583 1390 2611 sanctissimi
1419 2591 1493 2619 papa:
1526 2585 1640 2620 epistola
1675 2588 1798 2615 monachi
1828 2589 1936 2624 quidam

1143 2628 1307 2656 Surrentinae
1321 2629 1444 2657 ditecesis
1459 2630 1553 2658 eadem
1577 2632 1689 2666 vagandi
1704 2632 1813 2661 licentia
1833 2635 1935 2670 abrepti

1143 2679 1170 2701 et
1182 2675 1288 2709 peculio
1302 2676 1413 2711 insuper
1431 2676 1581 2712 studentes,
1594 2678 1627 2705 ad
1637 2678 1753 2707 ofﬁcium
1766 2686 1934 2709 revocantur.

1143 2720 1267 2748 Nonnulli
1281 2730 1389 2757 quoque
1402 2730 1435 2750 ex
1450 2723 1507 2750 istis
1526 2724 1678 2759 erronibus,
1689 2733 1769 2761 usque
1789 2727 1825 2753 ad
1838 2732 1935 2754 tantum

1142 2767 1213 2802 nefas
1228 2768 1414 2802 prosilierunt,
1439 2773 1467 2795 ut
1492 2776 1590 2796 uxores
1603 2769 1709 2805 publice
1722 2770 1879 2805 duxissent,
1903 2772 1935 2800 de

1143 2813 1239 2848 quibus
1253 2814 1346 2842 scribit
1364 2814 1398 2842 ad
1415 2814 1589 2843 Anthemium
1609 2816 1804 2854 subdiaconum
1830 2817 1933 2856 (Ibid.

1140 2894 1260 2959 ῧὲἳίιῖξῗ,
1274 2897 1345 2931 quod
1357 2904 1456 2924 novum
1469 2905 1522 2925 non
1533 2905 1594 2926 esse
1613 2897 1693 2927 docet
1707 2903 1772 2928 nota
1785 2908 1799 2928 ο
1813 2900 1849 2929 ad
1859 2908 1902 2937 ep.
1918 2903 1930 2930 l

1178 2970 1189 2984 ε
1208 2965 1274 2994 Vide
1289 2970 1381 2995 notam
1395 2974 1409 2994 ε
1423 2968 1457 2995 ad
1467 2975 1510 3004 ep.
1526 2968 1544 2996 ο
1553 2968 1602 2997 lib.
1616 2974 1636 2997 ι.
