4138 6458
353 426 451 486 361

850 430 908 489 8.
950 432 1275 492 GREGORII
1318 434 1529 495 MAGNI
1571 439 1753 510 VITA,
1796 442 1887 499 EX
1931 440 2093 503 Ε]υὸ
2130 418 2433 509 SCRIPTIS
2473 455 2865 515 ADORNATA.
2909 461 3033 520 LIB.
3078 466 3139 524 ll.

3522 477 3628 531 502

343 562 424 615 ep.
460 542 585 616 42),
619 552 675 600 ιιι
722 549 861 602 omni
908 549 1175 620 vigilantia
1220 555 1603 623 perquirantur,
1644 564 1698 610 et
1726 556 1780 611 in
1810 573 1923 611 mo-
1955 562 2003 620 Α
2029 564 2429 621 conversationis
2477 571 2557 625 via
2605 574 2869 630 meliorari
2912 577 3093 635 debeat
3135 579 3279 653 (Lib.
3311 601 3348 652 ι,
3378 604 3456 658 ep.
3501 588 3624 661 Μ).

342 641 594 695 nasteriis
624 641 783 711 digna
818 644 1145 699 coercitione
1191 647 1321 700 tanti
1354 645 1537 717 ﬂagitii
1568 665 1753 718 poenas
1778 649 1928 707 luere

340 741 623 800 cogantur.
654 730 831 801 Usque
859 732 995 788 adeo
1026 737 1338 792 monasticae
1363 738 1664 793 stabilitatis
1694 751 1951 825 assertor‘

340 822 462 892 fuit,
494 833 553 878 ιιι
588 824 795 880 clericis
833 825 885 879 in
927 828 1255 882 monasterio
1305 829 1580 885 conversis
1628 829 1829 885 nullam
1861 833 1927 887 ad

341 917 501 987 227
526 915 799 972 Ecclesias
820 917 872 971 in
891 917 1084 986 quibus
1107 918 1255 989 prius
1276 919 1636 977 militaverant
1655 924 1931 979 remeandi

339 1006 611 1062 licentiam
661 1007 1064 1078 relinquendam
1117 1010 1406 1077 censuerit,
1438 1020 1492 1066 et
1537 1015 1705 1070 multo
1755 1016 1931 1073 minus

341 1096 410 1151 ad
437 1097 569 1152 alias
598 1098 927 1165 transeundi,
960 1099 1063 1156 nisi
1088 1114 1185 1156 eos
1228 1101 1297 1156 ad
1324 1102 1627 1161 sacerdotia
1654 1121 1932 1165 assumen-

340 1188 440 1243 dos
463 1188 787 1258 judicaverit
814 1190 1122 1269 episcopus.

414 1300 626 1367 Quanta
653 1303 815 1358 fuerit
841 1304 1166 1360 sanctissimi
1195 1307 1463 1376 pontificis
1490 1310 1560 1365 de
1598 1312 1787 1367 ordine
1813 1327 1934 1366 mo-

342 1393 551 1449 nastico
596 1393 902 1450 sollicitudo
931 1403 987 1450 et
1014 1396 1288 1465 vigilantia
1319 1400 1515 1469 probat
1555 1402 1657 1456 alia
1688 1402 1754 1459 ad
1783 1418 1935 1457 eum-

338 1485 461 1540 dem
510 1486 855 1541 Anthemium
911 1486 1180 1559 Epistola,
1228 1506 1335 1559 qua
1384 1491 1490 1547 duo
1538 1495 1777 1564 prmcipit
1826 1510 1934 1550 non

338 1576 532 1642 leviter
558 1579 953 1647 praetereunda.
999 1579 1173 1636 Unum
1203 1590 1288 1637 est
1311 1592 1370 1638 ut
1392 1585 1648 1641 mulieres
1670 1601 1787 1655 quae
1808 1588 1935 1642 hos-

340 1665 472 1719 tium
505 1675 653 1721 metu
703 1668 770 1721 ad
811 1667 1272 1738 Eumorphianam
1321 1672 1551 1728 insulam
1580 1675 1937 1743 confugerant

336 1755 464 1810 inde
494 1766 897 1827 amoverentur,
926 1774 994 1814 ne
1023 1762 1303 1819 monachis
1329 1764 1470 1819 hanc
1516 1765 1747 1820 insulam
1778 1768 1931 1822 inco-

336 1846 574 1902 lentibus
603 1848 946 1904 occasionem
996 1850 1180 1920 lapsus
1217 1853 1545 1922 praeberent.
1578 1854 1819 1910 Alterum
1851 1865 1933 1912 est

2035 650 2141 708 Sed
2163 654 2216 710 in
2240 657 2399 713 rebus
2428 665 2733 720 monasticis
2756 665 2950 726 diutius
2970 688 3077 728 non
3107 650 3188 729 est
3211 650 3626 743 immorandum.

2105 772 2160 865 _8.
2214 773 2283 830 Ut
2325 778 2565 850 episcopi
2610 781 2793 845 viduas
2845 786 3094 844 honorent
3135 791 3288 860 jubet
3330 793 3629 865 Apostolus

2036 862 2207 930 (Tim.
2239 882 2292 931 v,
2322 867 2386 938 ’5)
2405 911 2419 935 ,
2445 871 2590 939 quod
2631 873 2792 929 etiam
2829 877 2897 931 de
2924 882 3315 950 suppeditanda
3344 862 3490 944 victu
3518 905 3624 947 eae-

2037 957 2275 1027 terisque
2307 959 2428 1016 vitae
2467 966 2783 1022 necessariis
2822 977 2903 1024 est
2943 971 3367 1043 intelligendum.
3417 979 3626 1039 Idcirco

2036 1048 2328 1120 Gregorius
2355 1070 2463 1109 non
2506 1055 2680 1113 solum
2708 1073 2803 1115 eas
2847 1062 3117 1133 episcopis
3149 1066 3171 1103 δ
3202 1073 3621 1139 commendavit,

2033 1144 2132 1199 sed
2161 1146 2299 1201 tueri
2338 1162 2556 1218 quoque
2602 1166 2668 1207 ac
2711 1152 2765 1207 in
2804 1162 3046 1224 egestate
3087 1158 3371 1217 sublevare
3413 1181 3630 1237 semper

2035 1232 2154 1304 ipse
2180 1238 2407 1293 curavit.
2437 1238 2609 1309 Hujus
2630 1253 2809 1300 autem
2837 1253 3077 1315 paterna:
3100 1264 3225 1319 erga
3264 1268 3357 1308 eas
3383 1232 3629 1316 caritatis

2036 1336 2409 1393 argumentum
2455 1339 2539 1386 est
2582 1333 2845 1404 imprimis
2892 1338 3118 1408 epistola
3163 1341 3234 1396 59
3275 1343 3397 1399 libri
3442 1363 3487 1412 ι,
3520 1366 3627 1418 qua

2036 1417 2268 1485 imperat
2304 1418 2591 1477 Anthemio
2640 1425 3002 1495 subdiacono,
3050 1432 3404 1489 ecclesiastici
3453 1417 3625 1506 patri-

2036 1507 2206 1561 monii
2243 1511 2479 1565 curatori
2518 1512 2571 1566 in
2601 1513 2916 1583 Campania,
2949 1527 3008 1574 ut
3038 1522 3185 1577 mille
3227 1525 3436 1583 modios
3468 1530 3630 1587 tritici

2037 1607 2091 1653 et
2112 1602 2385 1670 octoginta
2408 1606 2611 1662 solidos
2642 1608 2813 1664 tribus
2834 1621 3022 1681 eroget
3045 1614 3216 1671 viduis
3246 1621 3630 1678 necessitatem

2036 1691 2384 1759 patientibus.
2437 1696 2685 1752 Annuam
2745 1700 2908 1758 fuisse
2961 1703 3297 1775 largitionem
3357 1713 3496 1769 hanc
3560 1731 3631 1773 ex

2035 1793 2122 1849 ep.
2158 1779 2507 1852 59'ejusdem
2556 1787 2677 1843 libri
2707 1790 3045 1859 conjicimus.
3094 1794 3385 1855 Exordium
3431 1804 3628 1871 prioris

2039 1873 2280 1941 epistolas
2310 1890 2408 1930 nos
2437 1877 2617 1941 docet,
2664 1880 2798 1935 nihil
2828 1893 3019 1940 sancto
3045 1892 3102 1941 et
3130 1888 3220 1957 pio
3245 1892 3447 1959 pastori
3476 1897 3629 1953 cordi

338 1946 395 1993 ut
424 1947 550 1994 ante
581 1954 779 1995 annum
821 1943 995 1999 astatis
1024 1952 1278 1998 octavum
1306 1945 1576 2002 decimum
1623 1949 1758 2003 nulli
1803 1950 1933 2006 ado-
1966 1948 2011 2007 Β
2039 1963 2206 2031 magis
2236 1964 2401 2021 fuisse
2434 1983 2597 2037 quam
2642 1986 2938 2040 pauperum
2964 1943 3169 2045 curam,

338 2030 598 2054 1,.--Α-ι--
643 2033 705 2054 -J
737 2034 1086 2054 _._-__s.£-s_-u
1142 2036 1164 2054 ι.
1188 2037 1286 2054 ξιι.
1430 2040 1442 2054 ι
1561 2040 1573 2051 α
1648 2042 1659 2052 ο
1771 2042 1782 2054 ι
1878 2044 1889 2054 ο

333 2030 601 2088 lescentes
640 2033 708 2088 ad
737 2034 1093 2091 monasticum
1142 2036 1384 2092 habitum
1429 2040 1529 2094 hac
1560 2040 1612 2094 in
1646 2042 1840 2107 insula,
1876 2044 1932 2098 in

334 2120 625 2189 Palmaria,
659 2132 715 2178 et
756 2125 813 2178 in
838 2124 957 2179 aliis
984 2126 1172 2181 insulis
1195 2128 1614 2197 susciperentur.
1650 2128 1785 2193 Quia
1805 2170 1823 2197 ,
1851 2133 1934 2187 in-

332 2213 450 2280 quit
472 2214 728 2282 providus
750 2215 1012 2283 pontifex,
1044 2216 1177 2270 dura
1206 2227 1283 2271 est
1310 2220 1364 2272 in
1388 2220 1573 2274 insulis
1600 2225 1931 2293 congregatio

331 2306 736 2367 monachorum:
787 2308 891 2363 hoc
933 2316 1047 2376 est,
1076 2311 1201 2378 quia
1240 2310 1580 2366 durissimam
1629 2315 1795 2369 vitam
1845 2318 1931 2372 hic

328 2397 559 2465 agebant
600 2399 871 2464 monachi,
900 2407 1120 2470 propter
1157 2402 1298 2456 aeris
1326 2402 1724 2460 inclementiam
1755 2414 1809 2460 et
1837 2422 1930 2463 re-

327 2505 450 2545 rum
480 2490 545 2545 ad
574 2490 734 2545 vitam
774 2492 1154 2560 requisitarum
1186 2494 1486 2561 penuriam.
1520 2495 1809 2564 Perperam
1835 2512 1931 2553 au-

330 2589 440 2637 tem
465 2597 531 2638 ex
553 2581 659 2637 hoc
687 2582 807 2637 loco
833 2583 1052 2651 quidam
1093 2592 1325 2653 arguunt
1353 2584 1443 2641 hic
1467 2583 1745 2641 deﬁnitum
1771 2589 1931 2644 abso-

328 2672 441 2728 lute
474 2689 503 2726 a
532 2672 590 2727 S.
622 2672 886 2744 Gregorio
930 2683 1141 2743 tempus
1176 2674 1527 2744 professionis
1575 2680 1926 2746 monasticae,

328 2781 452 2820 cum
479 2766 673 2820 ibidem
693 2766 879 2835 jubeat
900 2781 1098 2836 pueros
1121 2768 1204 2821 his
1227 2768 1281 2821 in
1312 2770 1655 2824 monasteriis
1683 2779 1930 2839 repertos

327 2856 465 2909 infra
490 2872 689 2912 annum
710 2859 886 2912 aetatis
927 2856 995 2910 18
1024 2856 1251 2912 Romam
1291 2861 1609 2928 transmitti,
1641 2861 1929 2929 proculdu-

326 2947 418 3001 bio
450 2956 505 3001 ut
534 2949 586 3001 in
613 2951 957 3005 monasteriis
984 2953 1073 3005 ubi
1102 2954 1284 3008 mitior
1310 2963 1452 3009 esset
1486 2954 1769 3024 disciplina
1798 2970 1926 3025 pos-

325 3046 451 3091 sent
480 3038 701 3093 institui.
737 3040 930 3094 Verum
965 3041 1031 3096 de
1061 3043 1142 3096 his
1179 3043 1288 3111 jam
1317 3043 1551 3099 diximus
1590 3045 1727 3099 libro
1754 3046 1928 3114 primo

328 3127 490 3201 (Cap.
514 3129 568 3197 3,
597 3131 623 3202 ᾗ
654 3130 742 3201 ll)
773 3142 828 3187 et
849 3132 902 3186 in
927 3141 1053 3188 nota
1078 3134 1145 3188 ad
1176 3134 1315 3190 hanc
1337 3136 1622 3205 epistolam
1652 3135 1742 3190 50.

399 3243 478 3298 Ad
518 3244 867 3299 restauranda
894 3253 948 3300 et
971 3248 1329 3301 construenda
1359 3248 1520 3303 etiam
1564 3262 1703 3303 nova
1733 3264 1921 3303 mona-

331 3336 516 3401 steria,
544 3344 636 3390 aut
663 3336 745 3391 his
773 3337 823 3390 in
858 3338 1047 3393 insulis
1073 3346 1167 3392 aut
1204 3338 1257 3393 in
1285 3338 1672 3409 adjacentibus,
1701 3357 1825 3397 usus
1849 3349 1931 3398 est
1957 3314 2003 3377 Ο

327 3425 623 3496 Gregorius
669 3427 883 3484 Horosii
932 3430 1145 3486 abbatis
1193 3446 1389 3501 opera,
1423 3442 1480 3485 ut
1517 3447 1583 3485 ex
1611 3433 1774 3487 variis
1825 3434 1929 3490 hoc

328 3533 470 3571 anno
518 3519 729 3588 scriptis
767 3521 1008 3590 epistolis
1061 3521 1409 3592 intelligimus
1458 3522 1599 3596 (Lib.
1633 3541 1682 3591 ι,
1710 3542 1825 3595 epp.
1862 3523 1922 3578 51

327 3618 381 3662 ct
411 3608 533 3681 52).
588 3610 833 3666 Monachi
870 3613 922 3667 in
954 3614 1127 3668 insula
1155 3615 1356 3671 montis
1383 3613 1583 3670 Christi
1612 3618 1868 3686 degentes
1898 3633 1927 3672 a

327 3701 528 3768 regulae
576 3704 887 3758 monasticze
935 3706 1220 3783 praeceptis
1263 3707 1477 3776 penitus
1527 3708 1926 3761 exorbitarant:

326 3805 427 3844 nec
472 3792 562 3859 qui
618 3792 935 3848 habitabant
983 3796 1038 3849 in
1091 3795 1262 3850 insula
1314 3794 1584 3863 Gorgonia
1626 3796 1930 3863 religiosius

325 3883 476 3953 leges
503 3901 630 3940 suas
659 3887 946 3942 observare
990 3887 1321 3943 ferebantur.
1350 3887 1475 3943 Haec
1501 3895 1618 3942 erat
1646 3888 1929 3957 perturba-

328 3982 512 4029 torum
566 3983 620 4030 et
672 3976 979 4046 iniquorum
1026 3977 1241 4032 illorum
1288 3985 1592 4047 temporum
1647 3978 1925 4047 conditio,

327 4066 899 4136 circumstrepentibus
949 4068 1183 4138 undique
1233 4069 1415 4131 armis,
1448 4070 1589 4123 inter
1616 4084 1736 4139 quae
1783 4070 1927 4139 leges

326 4158 491 4212 etiam
542 4160 841 4214 sanctiores
891 4168 983 4215 aut
1013 4161 1173 4215 silent
1219 4170 1313 4217 aut
1341 4163 1431 4216 vix
1482 4162 1793 4217 audiuntur.
1849 4164 1925 4220 De

324 4249 556 4303 fratrum
600 4258 779 4305 tamen
810 4250 1022 4305 illorum
1052 4252 1433 4308 emendatione
1484 4269 1592 4307 non
1630 4253 1925 4323 desperans

327 4336 645 4407 Gregorius,
676 4338 905 4394 Horosio
935 4340 1115 4395 abbati
1151 4340 1261 4411 jam
1303 4342 1525 4397 laudato
1563 4342 1616 4396 in
1656 4342 1923 4398 mandatis

329 4427 479 4483 dedit
532 4437 589 4481 ut
634 4428 748 4483 haec
792 4431 1121 4485 monasteria
1169 4434 1415 4488 visitaret
1477 4442 1729 4503 tanquam
1779 4435 1922 4491 sedis

329 4520 639 4588 apostolica:
665 4529 689 4556 ει
721 4520 950 4591 legatus,
982 4531 1037 4576 et
1065 4539 1183 4592 quae
1212 4526 1555 4581 correctione
1590 4526 1748 4593 digna
1779 4526 1922 4581 inve-

327 4611 473 4664 niret
513 4626 575 4664 ea
615 4620 885 4680 satageret
927 4615 1244 4685 exstirpare,
1299 4626 1461 4687 atque
1506 4619 1803 4675 monachos
1849 4619 1917 4673 ad

327 4700 607 4756 meliorem
642 4702 846 4772 frugem
877 4716 1179 4762 revocaret.

399 4812 452 4866 7.
496 4811 680 4881 Neque
707 4830 834 4871 vero
858 4826 1080 4886 propter
1109 4818 1493 4874 nonnullorum
1528 4820 1921 4877 monachorum

325 4913 615 4973 corruptos
639 4920 821 4960 mores
843 4922 872 4959 a
898 4908 1051 4961 novis
1074 4908 1414 4964 monasteriis
1440 4911 1735 4967 excitandis
1757 4913 1921 4967 absti-

327 4994 560 5048 nendum
589 4995 849 5065 judicavit
878 5012 1063 5067 :nquus
1090 4998 1179 5053 ille
1203 5014 1380 5053 rerum
1409 5002 1723 5057 testimator.
1750 5002 1917 5068 Quin—

326 5085 493 5140 immo
540 5086 713 5142 eidem
758 5084 987 5143 llorosio
1019 5095 1073 5142 et
1111 5087 1435 5158 Symmacho
1472 5091 1736 5145 defensori
1783 5107 1919 5160 pra:-

328 5184 514 5252 cepit,
555 5192 616 5239 ut
662 5193 855 5255 prieter
904 5184 1290 5239 monasterium
1342 5200 1371 5238 a
1421 5183 1620 5239 Labina
1670 5185 1918 5253 religiosa

327 5272 528 5330 femina
559 5291 733 5346 nuper
760 5274 1082 5332 aedificatum
1112 5275 1165 5330 in
1196 5274 1417 5332 Corsica
1449 5276 1640 5343 insula,
1679 5277 1744 5330 ad
1776 5278 1919 5347 quod

331 5364 722 5421 instituendum
794 5368 1090 5424 monachos
1139 5363 1483 5435 anGregorio
1553 5369 1921 5437 postulaverat

325 5455 711 5529 Symmachus,
743 5460 890 5515 aliud
935 5461 989 5515 in
1029 5460 1155 5515 loco
1203 5459 1440 5528 ejusdem
1488 5461 1673 5515 insula:
1713 5461 1919 5516 munito

321 5548 578 5605 aedificari
611 5561 898 5609 curarent:
930 5551 1217 5621 Quatenus,
1242 5553 1431 5621 inquit,
1458 5553 1629 5607 insula
1665 5555 1779 5622 ipsa
1805 5570 1918 5623 qum

323 5645 695 5699 monasterium
738 5661 873 5699 nunc
904 5662 1061 5717 usque
1100 5662 1203 5700 non
1244 5644 1438 5709 habuit,
1467 5646 1623 5699 etiam
1672 5645 1724 5698 in
1766 5646 1917 5716 hujus

398 5803 419 5827 α
462 5791 691 5863 Scripsit
718 5793 776 5847 S.
807 5791 1099 5863 Gregorius
1125 5794 1193 5849 ad
1224 5795 1345 5849 illos
1387 5797 1684 5851 monachos
1710 5816 1720 5848 :
1754 5795 1917 5860 Quid-

329 5862 457 5932 quid
486 5862 795 5937 disposuerit
847 5862 1181 5937 (ﬂorosius)
1226 5866 1359 5937 uelut
1388 5884 1419 5919 a
1454 5885 1537 5925 me
1581 5868 1913 5937 dispositum,

326 5950 445 5987 cum
502 5934 674 5989 debita
723 5934 1008 5989 reverentia
1058 5934 1327 5989 custodite.
1382 5937 1531 6002 Quod
1579 5934 1772 6008 prohat
1819 5940 1915 6009 ipsi

1954 4694 2002 4753 D

2034 2062 2276 2109 actorum
2323 2066 2378 2111 et
2426 2068 2836 2128 procuratorum
2881 2066 3047 2136 ipsius
3083 2071 3415 2138 provinciam
3462 2074 3629 2132 fuisse

2035 2147 2397 2216 indigentibus
2430 2153 2727 2221 subsidium
2774 2155 2934 2225 ferre,
2968 2160 3036 2215 ad
3064 2163 3209 2232 quod
3258 2173 3313 2219 et
3358 2181 3540 2223 coram
3569 2177 3627 2224 et

2032 2242 2246 2311 scriptis
2265 2258 2361 2298 eos
2387 2244 2728 2303 hortabatur.
2758 2248 2828 2303 At
2857 2251 2901 2305 si
2931 2251 3111 2307 ofﬁcio
3140 2268 3238 2309 suo
3265 2257 3624 2328 negligentius

2032 2332 2423 2403 incumberent,
2456 2345 2511 2392 et
2553 2341 2882 2410 pauperibus
2930 2353 3129 2413 praesto
3181 2363 3286 2403 non
3337 2351 3624 2421 adessent,

2030 2427 2332 2483 acrioribus
2352 2428 2598 2500 Gregorii
2622 2428 3081 2506 increpationibus
3106 2440 3361 2497 stimulati
3392 2459 3502 2500 sua:
3528 2462 3623 2501 so-

2031 2520 2228 2574 cordia:
2257 2522 2441 2577 statim
2471 2538 2659 2594 pmnas
2687 2526 2909 2584 dabant.

2104 2631 2182 2685 Ex
2213 2634 2385 2689 tribus
2409 2634 2582 2691 viduis
2603 2638 2763 2695 modo
2789 2648 3229 2701 commemoratis
3249 2657 3364 2702 erat
3387 2647 3617 2722 Pateria,

2032 2722 2139 2776 tlu‘a
2168 2739 2262 2779 seu
2284 2726 2446 2780 amita
2475 2735 2569 2782 aut
2609 2738 2898 2787 matertera
2927 2731 2982 2788 S.
3015 2733 3259 2808 Gregorii
3285 2756 3297 2792 :
3330 2755 3488 2810 quam
3520 2744 3625 2799 etsi

2030 2815 2247 2870 viduam
2274 2832 2530 2888 expresse
2558 2835 2668 2877 non
2704 2823 2869 2894 dicat,
2902 2826 3076 2881 innuit
3108 2836 3304 2896 tamen,
3346 2832 3472 2887 dum
3502 2851 3624 2889 eam

2032 2907 2152 2963 aliis
2180 2909 2355 2965 viduis
2377 2924 2716 2981 annumerat,
2746 2925 2801 2971 et
2830 2917 2896 2971 de
2926 2918 3093 2989 ipsius
3120 2902 3245 2977 ﬁliis
3276 2922 3519 2993 loquens,
3552 2927 3622 2983 de

2031 2997 2149 3053 viro
2176 3006 2339 3055 tacet.
2373 3000 2534 3057 Tanti
2561 3004 2830 3073 pontificis
2868 3010 3119 3079 exemplo
3160 3012 3367 3069 discere
3398 3027 3625 3084 possunt

2031 3089 2273 3160 episcopi
2305 3094 2717 3164 consanguineis
2745 3106 2801 3151 et
2837 3101 3096 3168 proximis
3134 3104 3244 3162 suis
3292 3106 3423 3176 (etsi
3463 3107 3623 3164 ditari

2032 3182 2186 3236 bonis
2232 3181 2488 3240 Ecclesiae
2539 3202 2646 3241 non
2694 3189 2960 3263 debeant)
3013 3194 3393 3253 misericordiae
3440 3209 3624 3257 tamen

2032 3274 2240 3329 viscera
2280 3292 2387 3330 non
2428 3278 2705 3347 claudere,
2749 3282 2843 3337 sed
2884 3283 3024 3339 inter
3052 3287 3186 3342 alios
3215 3304 3480 3360 pauperes
3517 3294 3625 3350 illis

2032 3364 2212 3421 locum
2235 3367 2383 3422 dare.
2416 3368 2471 3423 Si
2495 3371 2587 3438 qui
2621 3379 2801 3427 autem
2841 3376 3240 3446 propinquitate
3270 3381 3368 3435 sibi
3396 3381 3624 3453 conjun-

2031 3467 2149 3515 ctos
2176 3475 2448 3531 pauperes
2476 3478 2507 3516 a
2538 3476 2597 3518 se
2626 3464 2927 3535 repellant,
2957 3462 3175 3524 videant
3209 3487 3277 3527 ne
3301 3474 3537 3543 superbo
3566 3474 3622 3531 id

2030 3551 2223 3622 pudori
2252 3553 2483 3609 adscribi
2519 3557 2708 3624 possit.
3076 3608 3083 3615 .

2102 3643 2236 3699 Cum
2265 3644 2525 3701 beneficia
2548 3648 2817 3716 conferre,
2848 3665 2955 3706 non
2985 3652 3251 3711 faenerare
3283 3666 3508 3726 cuperet
3540 3660 3624 3719 vir

2030 3736 2598 3805 munitioentissimus,
2650 3749 2704 3794 et
2744 3741 2957 3797 beatius
3006 3760 3125 3800 esse
3170 3746 3299 3802 dare
3349 3748 3623 3817 judicare:

2029 3842 2190 3896 quam
2220 3829 2486 3898 accipere,
2514 3846 2736 3885 munera
2766 3834 3046 3911 renuebat,
3072 3844 3130 3890 ut
3156 3851 3223 3890 ex
3247 3839 3364 3906 ejus
3389 3841 3621 3909 epistola

2029 3919 2097 3972 ad
2125 3919 2361 3994 Felicem
2391 3921 2790 3979 Messenensem
2840 3927 2943 3982 hoc
2971 3943 3113 3984 anno
3141 3932 3342 4001 scripta
3381 3932 3533 4006 (Lib.
3562 3952 3581 3991 ι
3600 3978 3619 4005 ,

2028 4028 2109 4081 ep.
2144 4010 2233 4081 66)
2266 4014 2602 4083 potissimum
2646 4015 2917 4073 discimus.
2978 4020 3240 4076 Nimirum
3280 4025 3620 4095 intelligebat

2027 4116 2087 4155 se
2109 4103 2231 4158 ideo
2262 4104 2313 4157 in
2336 4120 2545 4161 summo
2574 4105 2828 4163 Ecclesia:
2857 4108 3069 4182 fastigio
3098 4115 3472 4186 constitutum,
3498 4127 3557 4175 ut
3584 4133 3620 4174 a

2026 4211 2086 4250 se
2118 4197 2170 4251 in
2200 4199 2447 4255 subditos
2494 4200 2635 4257 dona
2682 4205 2901 4273 copiose
2931 4218 3235 4279 sponteque
3278 4210 3614 4284 deﬂuerent;

2025 4303 2155 4358 non,
2189 4290 2403 4347 inverso
2430 4293 2638 4360 ordine,
2669 4310 2700 4349 a
2739 4298 2964 4363 subditis
2993 4301 3061 4363 ad
3090 4317 3150 4358 se
3175 4302 3489 4365 retinerent.

2548 4410 2712 4481 223
2746 4410 2975 4469 CAPUT
3012 4414 3077 4469 v.

2027 4519 2383 4597 Assanitarum
2396 4547 2452 4597 :—
2477 4522 2601 4597 l.-S.
2626 4523 2851 4587 Gregorii
2896 4529 3236 4597 misericordia
3262 4534 3307 4580 in
3333 4533 3611 4597 haereticos,

2090 4595 2178 4642 per
2204 4583 2514 4652 prudentiam
2534 4583 2820 4652 temperata.
2850 4617 2907 4625 -
2932 4591 2978 4638 2.
3020 4591 3272 4648 Quomodo
3307 4605 3364 4641 se
3396 4583 3616 4652 gesserii

2088 4656 2206 4711 erga
2226 4646 2557 4711 Schismaticos
2572 4660 2657 4711 pro
2676 4650 2828 4698 tribus
2844 4646 3067 4711 capitulis
3086 4646 3454 4704 tumultuantes.
3471 4646 3615 4707 Dem;

2088 4707 2865 4777 [ratiotriuin_capitulnrumnum
2884 4707 2937 4759 ‘i'n
2963 4713 3213 4773 HiSpaniis
3240 4722 3463 4777 recepta;
3492 4722 3613 4770 etin

2093 4767 2280 4839 Galliis.
2302 4794 2362 4807 υ-
2381 4770 2431 4839 5ζ
2454 4770 2692 4839 Egempla
2708 4772 2958 4839 Charilaus
2981 4767 3296 4839 et_§equitatis
3316 4767 3542 4839 Gregorii
3563 4767 3614 4830 iii

2091 4828 2301 4893 ludaeos.
2330 4830 2452 4877 -——4.
2491 4828 2721 4893 Autliaris
2766 4828 3193 4893 Langobardorum
3244 4850 3330 4889 rex
3382 4828 3609 4893 moritur.

2092 4892 2237 4963 Liuius
2260 4904 2513 4963 successor
2536 4892 2774 4963 A‘gllull’us
2798 4892 3052 4963 catholiCis
3068 4898 3288 4963 favct.~—
3311 4902 3356 4949 ὅ.
3382 4901 3504 4959 Quid
3526 4919 3612 4963 pro

2092 4952 2199 5022 fide
2214 4962 2379 5022 et‘pro
2399 4952 2983 5022 disciplinarestauranda
3022 4958 3291 5022 Gregorius
3311 4952 3608 5015 decreverit.

2093 5040 2152 5049 —
2173 5018 2220 5065 6.
2253 5014 2375 5074 Quid
2394 5016 2620 5076 statuerit
2640 5014 2705 5076 de
2723 5014 3398 5074 subdiaconorumvcaalihatu.
3443 5014 3611 5076 Putida

2091 5073 2505 5126 heterodoxorum
2549 5073 2725 5139 fabella
2773 5079 3065 5139 exploditur.
3091 5084 3219 5131 —7.
3259 5073 3613 5135 DeSVenautio

2091 5140 2346 5210 monastici
2371 5143 2525 5210 status
2540 5138 2820 5210 desertore.
2844 5138 2903 5177 '—
2926 5145 2971 5191 8.
2996 5143 3129 5210 _Eum
3161 5145 3211 5196 S.
3256 5147 3527 5210 Gregorius
3554 5152 3611 5195 ad

2089 5199 2684 5273 pugnitentiamlhortatur.
2710 5200 3169 5273 Demmonachorum
3215 5199 3458 5273 conjugiis
3494 5211 3609 5271 quid

2087 5262 2411 5310 sentiendum.
2438 5260 2553 5321 (An.
2579 5260 2672 5313 590
2699 5271 2749 5311 et
2771 5260 2903 5326 59L)

2096 5364 2145 5416 1.
2189 5361 2303 5430 Qua
2334 5362 2599 5420 charitate
2625 5363 2916 5435 Gregorius
2944 5384 3072 5426 suos
3099 5380 3155 5426 et
3176 5355 3439 5427 Ecclesiae
3470 5369 3609 5426 filios

2022 5455 2492 5525 complecteretur,
2522 5457 2654 5513 satis
2679 5473 2952 5529 superque
2974 5460 3367 5529 demonstrant,
3394 5475 3515 5531 qua:
3541 5475 3610 5516 ex

2023 5549 2140 5618 ejus
2186 5548 2427 5619 epistolis
2457 5550 2629 5619 primo
2665 5552 3010 5632 pontificatus
3057 5569 3199 5607 anno
3239 5552 3453 5621 scriptis
3497 5552 3608 5632 jam

2022 5642 2279 5698 emimus.
2314 5641 2465 5699 Nunc
2489 5658 2619 5699 vero
2643 5643 2709 5699 de
2729 5630 2978 5714 ejusdem
3020 5646 3072 5700 in
3105 5645 3326 5709 alienos,
3361 5630 3610 5701 videlicet

2021 5793 2273 5847 collatam
2318 5792 2481 5850 fuisse
2522 5794 2683 5865 legati
2712 5807 2804 5851 aut
2832 5795 3017 5851 vicarii
3042 5794 3324 5864 apostolici
3371 5797 3611 5853 auctori-

2023 5874 2074 5918 ta
2081 5873 2187 5919 tem
2197 5904 2209 5916 .

2093 5934 2120 5974 ι)
2161 5934 2276 5992 Lib.
2303 5952 2342 6007 ι,
2372 5951 2494 6006 epp.
2530 5936 2596 5989 15
2623 5944 2677 5990 et
2706 5936 2790 5989 62.
