4138 6458
582 404 688 462 505

1044 401 1106 459 8.
1145 394 1469 457 GREGORl-i
1510 391 1726 451 MAGNI
1771 389 1954 455 VITA,
1994 387 2087 443 EX
2129 381 2287 440 EJUS
2328 381 2639 438 SCRIPTIS
2676 377 3074 435 ADORNATA.
3116 376 3247 429 LIB.
3287 375 3354 429 ll.

3767 367 3885 425 304

580 514 864 572 haereticos
890 517 986 568 aut
1012 509 1401 573 schismaticos,
1433 508 1542 562 imo
1566 504 1727 560 etiam
1758 502 1811 556 in
1834 499 2049 556 Judteos
2068 496 2170 551 mi—
2194 494 2246 553 Α
2274 490 2391 545 aliis
2403 489 2513 546 fere
2535 488 2827 560 provinciis
2847 502 2969 558 quae
2991 487 3232 541 Romano
3250 480 3564 552 imperatori
3580 495 3690 535 non
3718 494 3886 549 pare-

581 604 873 663 sericordia
898 644 914 670 ,
963 601 1204 673 quaedam
1255 600 1443 655 iisdem
1472 612 1539 652 ex
1576 592 1940 650 monumentis
1975 590 2169 658 deprov

581 696 811 752 menda:
837 694 929 749 ubi
965 691 1243 763 quomodo
1285 706 1344 745 se
1384 687 1613 759 gesserit
1659 699 1787 754 erga
1826 696 2014 739 omnes
2051 679 2174 734 illos

582 788 779 845 Christi
829 794 885 842 et
931 785 1051 855 ejus
1095 798 1307 855 sponsae
1344 782 1566 844 hostes,
1619 776 1780 834 simul
1804 772 2172 831 ostendemus.

582 875 1047 934 Mansuetudinem
1087 871 1364 929 severitati
1391 867 1781 940 praeferendam
1820 878 1970 929 esse,
2019 870 2080 916 ut
2121 860 2176 915 in

582 967 832 1025 haeresim
880 964 1016 1035 lapsi
1063 962 1133 1018 ad
1175 976 1360 1018 veram
1406 959 1565 1014 fidem
1619 961 1974 1019 revocentur,
2016 952 2179 1007 docet

581 1074 669 1130 ep.
702 1059 770 1113 ad
800 1056 1132 1112 Demetrium
1160 1052 1575 1123 Neapolitanum
1602 1050 1916 1121 episcopum
1955 1042 2104 1116 (Lib.
2136 1059 2175 1111 ι,

582 1164 666 1219 ep.
698 1147 832 1220 l4):
882 1147 1138 1216 ipsosque
1164 1143 1233 1198 ad
1262 1141 1697 1199 communionem
1723 1139 1884 1193 etiam
1909 1134 2181 1204 interposi-

584 1238 739 1293 tionis
768 1238 960 1291 animm
987 1234 1215 1306 periculo
1246 1231 1403 1287 facile
1430 1226 1824 1299 suscipiendos.
1872 1224 1949 1279 Ne
1997 1230 2178 1277 tamen

583 1343 795 1384 summa
857 1327 973 1381 haec
1020 1322 1347 1394 indulgentia
1410 1323 1463 1377 in
1525 1319 1744 1374 nimiam
1805 1314 2179 1371 remissionem

582 1418 900 1482 declinaret,
951 1414 1138 1470 aderat
1183 1411 1513 1468 moderatrix
1561 1407 1869 1479 prudentia,
1916 1419 2041 1473 qua:
2067 1416 2182 1456 ma-

584 1509 731 1565 xime
757 1507 927 1562 eluxit
952 1507 1007 1561 in
1033 1503 1387 1574 responsione
1414 1501 1483 1556 ad
1507 1498 1863 1571 qurestionem
1907 1494 1976 1550 de
2020 1492 2180 1547 unica

587 1606 684 1652 aut
711 1597 851 1651 trina
879 1595 1149 1651 mersione
1175 1592 1429 1664 baptismi
1458 1606 1490 1644 a
1519 1589 1577 1644 S.
1610 1586 1858 1643 Leandro
1878 1579 2183 1655 Hispalensi

584 1691 940 1762 propositam.
969 1689 1127 1743 Ritus
1153 1685 1296 1755 apud
1326 1683 1555 1738 Arianos
1584 1687 1836 1750 receptus
1865 1683 1983 1733 erat
2010 1674 2183 1728 tribus

587 1781 799 1837 vicibus
824 1780 879 1835 in
906 1776 1233 1835 conferendo
1261 1775 1529 1845 baptismo
1558 1785 1826 1841 mergere,
1866 1768 1963 1823 sed
1992 1764 2184 1821 ortho-

588 1870 745 1926 doxis
793 1869 951 1925 unica
994 1867 1292 1923 sufﬁciebat
1321 1863 1541 1919 mersio.
1574 1859 1758 1930 Nuper
1786 1857 1853 1913 ad
1902 1856 2064 1912 tidem
2095 1868 2186 1908 ca-
2216 1873 2264 1933 Β

592 1959 845 2015 tholicam
874 1956 1124 2013 conversi
1151 1952 1461 2023 Wisigothi,
1493 1958 1716 2005 auctore
1740 1945 2038 2017 praesertim
2072 1942 2181 1997 Re-

587 2047 822 2103 charedo
851 2060 978 2116 rege
1006 2053 1061 2101 et
1103 2044 1329 2100 doctore
1358 2041 1417 2097 S.
1459 2038 1725 2101 Leandre,
1773 2035 2061 2106 pristinum
2099 2039 2185 2087 ter

587 2140 868 2211 mergendi
893 2153 1101 2195 morem
1126 2136 1364 2192 retinere
1392 2132 1701 2203 cupiebant.
1719 2125 2016 2183 Obstahant
2036 2129 2185 2177 vete-

586 2228 679 2286 res
705 2229 979 2295 catholici,
1007 2227 1092 2283 sui
1117 2240 1335 2297 quoque
1362 2225 1499 2280 ritus
1527 2218 1953 2277 retinentissimi.
1983 2216 2059 2269 De
2084 2215 2188 2268 hac

590 2318 964 2375 controversia
993 2316 1270 2373 consultus
1315 2311 1578 2375 Leander,
1610 2309 1792 2366 sedem
1832 2303 2186 2377 apostolicam

593 2407 899 2464 adeundam
928 2405 1161 2470 censuit,
1191 2416 1367 2473 eaque
1395 2398 1700 2456 inconsulta
1730 2395 1862 2450 nihil
1892 2393 2189 2447 decernere

592 2506 678 2555 εει
705 2510 899 2561 ausus,
951 2494 1229 2564 antiquam
1259 2501 1286 2529 ⁸
1316 2499 1533 2563 patrum
1559 2501 1783 2545 suorum
1811 2488 2034 2539 secutus
2065 2494 2193 2535 (ΣΟΠ-

532 2660 537 2663 _
592 2590 957 2648 suetudinem.
1017 2586 1244 2657 Scripsit
1290 2585 1475 2654 itaque
1523 2581 1590 2636 ad
1654 2578 1975 2648 Gregorium
2027 2582 2083 2628 et
2136 2573 2189 2627 in

594 2692 883 2751 utramque
902 2687 1110 2751 partem
1126 2673 1599 2743 disseruit,varias
1629 2679 1742 2727 tum
1762 2684 1861 2740 pro
1886 2668 2047 2724 unica
2076 2671 2191 2718 tum

592 2787 694 2844 pro
721 2773 861 2826 trina
890 2758 1237 2826 immersione
1275 2766 1517 2822 rationes
1560 2776 1858 2834 exponens.
1888 2757 1970 2812 Ad
1998 2753 2193 2826 quresi-

594 2870 712 2915 tum
740 2858 1021 2930 respondit
1046 2856 1416 2913 sanctissimus
1454 2853 1729 2921 magister,
1781 2850 1915 2906 citra
1945 2845 2070 2900 fidei
2098 2859 2193 2915 pe-

592 2948 823 3006 ricuium
849 2989 865 3015 ,
921 2947 1242 3002 alterutrum
1299 2941 1770 3000 indiscriminatim
1826 2938 1991 2993 ritum
2040 2933 2193 3003 sequi

590 3038 777 3103 licere,
809 3038 935 3108 quia
963 3037 1057 3093 ubi
1086 3052 1195 3091 una
1222 3044 1305 3097 est
1334 3034 1466 3091 fides
1486 3076 1503 3102 ,
1551 3032 1685 3087 nihil
1731 3028 1902 3084 officit
1942 3025 2196 3081 Ecclesiae

590 3129 927 3186 consuetudo
956 3128 1190 3184 diversa.
1221 3125 1384 3181 Addit
1409 3134 1591 3179 tamen
1617 3141 1629 3175 :
1657 3120 1764 3178 Sed
1793 3120 1914 3190 quia
1945 3131 2082 3170 nunc
2108 3130 2197 3167 us-

592 3238 688 3291 que
712 3220 776 3274 ab
808 3219 1061 3274 haereticis
1086 3220 1264 3289 infans
1293 3217 1347 3269 in
1375 3214 1683 3285 baptismate
1732 3209 1880 3263 tertio
1917 3204 2189 3276 mergeba-

594 3318 700 3377 tur,
731 3309 960 3381 ﬂendum
989 3306 1127 3377 apud
1153 3323 1242 3361 vos
1270 3321 1380 3359 esse
1408 3320 1515 3357 non
1543 3316 1748 3367 censeo,
1789 3314 1873 3364 ne,
1907 3296 2027 3349 dum
2055 3308 2191 3347 mer-

595 3400 766 3453 siones
796 3404 1111 3464 numerant,
1155 3393 1474 3448 divinitatem
1515 3388 1777 3451 dividant;
1809 3386 2028 3453 dumque
2056 3380 2193 3453 quod

601 3486 862 3558 faciebant
885 3486 1110 3558 faciunt,
1135 3500 1189 3538 se
1215 3497 1409 3537 morem
1438 3487 1671 3533 nostrum
1698 3477 1879 3530 vicisse
1908 3472 2193 3544 glorientur

600 3573 740 3647 (Lib.
794 3590 830 3636 ι,
882 3590 964 3644 ep.
996 3573 1110 3645 45).
1142 3569 1623 3627 Prudentissimum
1669 3581 1801 3621 sane
1846 3578 2187 3634 responsum.

601 3664 777 3734 Atque
804 3666 996 3720 eadem
1039 3671 1120 3718 est
1155 3662 1296 3717 ratio
1325 3677 1421 3717 cur
1449 3659 1706 3715 fratribus
1736 3656 1934 3712 nostris
1964 3668 2135 3725 nuper
2162 3667 2196 3707 e

602 3774 769 3830 pravo
796 3757 1005 3814 Calvini
1031 3756 1286 3827 dogmate
1313 3754 1381 3811 ad
1408 3770 1509 3810 nos
1535 3752 1790 3817 reversis,
1822 3748 2056 3819 plurima
2085 3760 2194 3801 non

602 3849 995 3920 indulgeamus,
1008 3863 1129 3919 quae
1152 3848 1286 3904 alias
1306 3848 1448 3903 inter
1463 3846 1713 3920 ἀδιάφορα
1728 3842 1938 3900 censeri
1967 3841 2192 3912 possint.

669 3938 727 3995 2.
767 3938 971 3996 Eadem
1030 3938 1257 3995 lenitate
1306 3953 1404 4008 per
1447 3935 1788 4008 prudentiam
1841 3938 2197 4002 attemperata

604 4045 733 4086 usus
782 4037 866 4086 est
894 4029 1186 4100 Gregorius
1214 4042 1343 4099 erga
1370 4027 1779 4094 schismaticos,
1824 4041 1921 4081 eos
1964 4026 2199 4081 maxime

604 4123 699 4193 qui
723 4137 823 4192 pro
851 4122 1014 4177 trium
1041 4122 1401 4192 capitulorum
1431 4119 1745 4175 defensione
1774 4116 2106 4172 dissidebant
2132 4116 2199 4170 ab

607 4209 868 4266 Ecclesia.
915 4209 1021 4266 Pro
1063 4211 1355 4266 schismate
1397 4208 1502 4263 isto
1545 4208 1647 4263 soli
1677 4215 1807 4261 tunc
1835 4207 2052 4260 stabant
2079 4204 2201 4260 lstri

606 4297 851 4369 episcopi
880 4306 937 4354 et
960 4298 1172 4353 Veneti.
1204 4297 1463 4364 Quamvis
1490 4296 1633 4351 enim
1659 4296 1809 4365 prius
1847 4295 1901 4349 in
1945 4293 2120 4348 Africa
2149 4301 2204 4348 et

608 4388 664 4443 in
694 4387 907 4460 Illyrico
937 4387 1112 4443 acrius
1138 4387 1544 4456 conﬂagrasset,
1576 4386 1661 4441 bis
1686 4387 1739 4440 in
1766 4385 2057 4455 provinciis
2092 4383 2204 4453 jam

606 4478 845 4550 sopitum
870 4479 1034 4535 fuisse
1061 4493 1172 4535 non
1203 4487 1407 4534 temere
1434 4476 1775 4547 conjicimus,
1806 4491 1872 4531 ex
1900 4484 1982 4531 tot
2010 4476 2207 4545 episto-

609 4571 674 4626 lis
703 4580 817 4625 tum
846 4572 916 4626 ad
940 4569 1397 4642 lllyricanostum
1425 4569 1492 4625 ad
1520 4568 1805 4624 Africanos
1842 4568 2123 4638 episcopos
2172 4582 2205 4621 a

2276 581 2549 653 bant(quo
2560 580 2812 635 videlicet
2824 587 3072 646 cogente,
3089 576 3214 631 licet
3228 573 3452 643 Vigilius
3478 588 3617 643 papa
3645 572 3890 627 reluctao

2280 681 2456 741 retur,
2476 674 2729 728 damnata
2759 677 2887 725 sunt
2912 666 3144 736 capitula
3165 663 3303 733 hac)
3334 662 3404 717 de
3432 677 3623 717 eorum
3650 663 3886 717 damna-

2276 763 2427 817 tione
2458 762 2741 818 decretum
2770 758 2982 815 nonnisi
3014 756 3217 811 tardius
3261 753 3425 808 fuisse
3454 759 3759 822 receptum.
3808 750 3889 807 De

2278 850 2552 922 Hispaniis
2601 852 2654 906 id
2703 845 3146 905 luculentissimis
3169 842 3502 912 argumentis
3526 842 3726 912 probat
3750 840 3888 895 emi-

2279 944 2626 999 nentissimus
2664 939 2950 997 cardinalis
2990 935 3253 992 Henricus
3300 933 3580 999 Norisius,
3621 932 3889 987 disserta-

2279 1033 2429 1087 tione
2456 1030 2717 1086 historica
2764 1028 2832 1083 de
2860 1026 3069 1096 synodo
3096 1040 3148 1090 v,
3178 1038 3300 1092 cap.
3332 1021 3385 1085 9,
3424 1021 3451 1093 §
3483 1020 3537 1085 2,
3578 1021 3886 1090 praesertim

2280 1140 2350 1180 ex
2398 1122 2749 1179 conciliorum
2812 1116 3083 1187 Hispania:
3135 1114 3352 1169 silentio
3415 1110 3683 1182 synodum
3748 1111 3894 1165 hanc

2281 1211 2681 1281 suscipiendam
2708 1206 2897 1263 nullibi
2924 1203 3350 1264 decernentium,
3384 1209 3548 1268 atque
3588 1215 3653 1254 ex
3702 1197 3759 1253 S.
3797 1198 3895 1252 Isi-

2283 1300 2419 1356 doro
2468 1299 2558 1368 qui
2608 1306 2724 1352 tum
2782 1296 2837 1349 in
2888 1293 3137 1360 catalogo
3183 1291 3522 1361 Scriptorum
3564 1287 3772 1343 Eccles.
3826 1289 3894 1342 de

2286 1387 2575 1443 Theodoro
2615 1386 2996 1456 Mopsuesteno
3027 1382 3274 1451 loquens,
3322 1390 3437 1434 tum
3486 1380 3541 1433 in
3590 1379 3891 1441 Chronico,

2284 1478 2642 1535 Justinianum
2692 1478 3074 1547 imperatorem
3104 1473 3250 1543 quod
3301 1471 3590 1541 episcopos
3617 1469 3758 1523 intra
3792 1470 3895 1522 im-

2284 1571 2424 1641 perii
2464 1570 2618 1635 lines,
2668 1568 2735 1623 ad
2783 1568 2884 1622 tria
2930 1564 3168 1636 capitula
3209 1561 3513 1619 damnanda
3542 1562 3893 1631 compulerit,

2284 1661 2509 1717 liberius
2529 1658 2824 1728 redarguit.

2360 1752 2438 1806 De
2462 1750 2648 1807 Galliis
2676 1749 2817 1804 idem
2847 1748 3108 1819 probatur
3138 1746 3311 1801 Tomo
3341 1744 3405 1809 ll,
3455 1759 3551 1801 seu
3592 1744 3647 1798 in
3687 1757 3897 1813 appen-

2290 1842 2407 1897 dice
2427 1844 2494 1896 ad
2520 1855 2685 1911 opera
2714 1839 2771 1895 S.
2804 1839 3001 1894 Leonis
3022 1838 3183 1907 Papa:
3198 1836 3399 1905 magni,
3433 1836 3485 1889 in
3508 1835 3897 1890 observatione

2289 1935 2358 1990 ad
2398 1932 2662 1988 Judicium
2709 1930 3065 1986 Chrodoberti
3096 1927 3429 1983 Turonensis
3457 1927 3734 1996 episcopi;
3766 1940 3897 1995 pro-

2286 2026 2411 2081 latis
2460 2026 2622 2079 etiam
2667 2023 2845 2090 Vigilii
2876 2030 2932 2077 et
2964 2020 3164 2089 Pelagii
3204 2019 3515 2089 pontificum
3546 2016 3793 2086 epistolis
3842 2015 3896 2071 id

2288 2136 2400 2175 non
2429 2119 2660 2173 obscure
2690 2115 3132 2184 significantibus.
3182 2112 3326 2167 Sane
3356 2111 3447 2180 qui
3478 2110 3566 2164 diu
3600 2110 3815 2164 vixerat
3842 2109 3897 2163 in

2289 2212 2477 2267 Galliis
2504 2212 2561 2266 S.
2594 2208 2961 2264 Columbanus
2983 2247 3000 2274 ,
3053 2207 3127 2260 ita
3157 2205 3391 2261 sensisse
3419 2204 3554 2258 satis
3584 2203 3803 2272 aperuit
3844 2202 3896 2256 in

2288 2301 2517 2373 epistola
2539 2300 2603 2355 ad
2630 2298 2966 2355 Bonifacium
2995 2296 3060 2361 V,
3092 2296 3183 2350 ubi
3215 2296 3357 2348 inter
3385 2301 3583 2348 caetera
3613 2292 3732 2347 haec
3760 2307 3897 2345 con-

2289 2403 2372 2447 tra
2402 2390 2653 2460 Vigilium
2683 2403 2876 2458 papam
2907 2387 3183 2453 intorquet
3213 2402 3225 2438 :
3264 2383 3437 2455 Vigila
3468 2383 3661 2449 itaque,
3686 2397 3889 2453 quaso,

2291 2495 2448 2549 papa,
2498 2480 2619 2551 quia
2664 2481 2797 2550 forte
2841 2493 2946 2531 non
2992 2478 3117 2529 bene
3162 2474 3390 2546 vigilavit
3449 2472 3692 2544 Vigilius,
3744 2488 3895 2543 quem

2293 2582 2447 2643 caput
2474 2572 2713 2627 scandali
2740 2572 2830 2625 isti
2856 2569 3104 2633 clamant,
3129 2568 3215 2639 qui
3235 2566 3374 2620 vobis
3399 2566 3603 2635 culpam
3624 2566 3889 2636 inﬁciunt.

2292 2662 2413 2717 Etsi
2440 2678 2570 2719 vero
2616 2662 2687 2718 de
2730 2660 3050 2717 Columbani
3079 2658 3324 2713 doctrina
3351 2666 3406 2711 et
3432 2657 3621 2711 ritibus
3650 2663 3801 2711 mota
3829 2655 3899 2710 sit

2294 2756 2618 2827 quandoque
2659 2756 2711 2810 in
2752 2753 3039 2809 Gallicanis
3067 2749 3291 2822 synodis
3321 2747 3713 2810 controversia,
3755 2762 3893 2801 nun-

2294 2862 2459 2917 quam
2490 2854 2667 2900 tamen
2718 2844 2772 2898 in
2800 2842 3165 2911 suspicionem
3198 2840 3402 2894 erroris
3448 2846 3541 2892 aut
3587 2836 3895 2892 schismatis

2297 2938 2563 2996 adductus
2589 2947 2675 2994 est
2701 2936 2772 2992 ob
2801 2935 2961 2992 trium
2986 2932 3346 3004 capitulorum
3378 2930 3781 2987 damnationem
3810 2944 3897 2985 re-

2292 3030 2521 3101 jectam.

2370 3123 2427 3178 Si
2458 3123 2597 3179 intra
2627 3121 2798 3177 lineas
2828 3119 2962 3174 istas
2990 3132 3112 3174 sese
3140 3114 3534 3172 continuissent
3559 3112 3730 3169 Istrire
3760 3114 3897 3169 anti-

2300 3214 2473 3282 stites,
2518 3214 2757 3284 satisque
2793 3212 3109 3268 habuissent
3146 3210 3307 3265 toties
3344 3208 3641 3263 decantatas
3682 3205 3901 3267 damna.

2297 3305 2429 3360 tioni
2454 3320 2561 3358 non
2588 3302 2946 3367 subscribere,
2979 3298 3374 3356 communionis
3399 3306 3453 3352 et
3479 3294 3761 3351 charitatis
3789 3296 3898 3350 vin-

2295 3398 2477 3454 culum
2503 3412 2611 3452 non
2634 3395 3023 3464 abrumpendo,
3059 3393 3277 3448 minime
3306 3390 3633 3447 schismatici
3662 3388 3896 3444 audiris.

2295 3495 2434 3545 sent.
2462 3486 2531 3541 At
2554 3500 2824 3555 nunquam
2855 3482 3168 3538 tumultuari
3196 3488 3496 3546 cessarunt,
3526 3488 3581 3534 et
3610 3480 3665 3534 in
3698 3480 3895 3535 Roma-

2297 3594 2421 3634 nam
2450 3576 2634 3633 sedem
2664 3575 3002 3637 debacchari.
3035 3572 3144 3629 Eos
3184 3580 3359 3627 tamen
3390 3585 3689 3639 eorumque
3732 3571 3895 3641 229

2299 3668 2711 3739 antesignanum
2737 3666 2997 3723 Severum
3022 3664 3423 3734 Aquileiensem
3444 3677 3541 3716 seu
3564 3661 3897 3716 Gradensem

2299 3763 2613 3834 episcopum
2640 3762 2911 3830 relapsum
2942 3766 2998 3814 et
3025 3772 3299 3814 reversum
3344 3755 3411 3810 ad
3451 3754 3722 3824 ejuratum
3753 3753 3898 3823 prius

2300 3855 2536 3912 scbisma
2561 3852 2617 3908 S.
2649 3851 2942 3921 Gregorius
2969 3849 3163 3905 affectu
3194 3858 3419 3919 paterno
3448 3846 3515 3902 ad
3545 3860 3734 3915 pacem
3765 3846 3897 3899 invi-

2302 3946 2455 4015 tavit,
2485 3955 2542 4001 et
2570 3944 2637 4000 ad
2660 3943 2926 4016 synodum
2953 3942 3296 4012 imperatoris
3318 3940 3471 4009 jussu
3495 3936 3892 3993 celebrandam.

2300 4036 2536 4094 Joannes
2585 4036 2851 4090 Diaconus
2879 4032 3044 4089 refert
3075 4031 3227 4103 (Lib.
3276 4048 3313 4099 ι,
3361 4049 3444 4102 ep.
3494 4029 3595 4101 16)
3635 4029 3896 4085 Severum

2304 4137 2431 4185 tunc
2450 4128 2746 4197 apostolica
2768 4126 2928 4182 simul
2950 4125 3327 4197 imperialique
3368 4123 3611 4193 jussione
3632 4132 3901 4190 coactum,

2304 4229 2359 4275 et
2386 4220 2698 4275 imminente
2727 4217 3047 4287 Smaragdo,
3078 4217 3391 4271 Ravennam
3418 4215 3654 4281 venisse,
3687 4214 3780 4269 ubi
3811 4230 3903 4270 ve-

2304 4314 2439 4368 ritus
2483 4327 2606 4367 cum
2654 4310 2918 4379 Gregorio
2966 4310 3286 4383 synodalem
3334 4308 3518 4363 subire
3566 4305 3899 4373 conﬂictum,

2305 4402 2579 4458 mediante
2622 4401 2832 4457 Joanne
2878 4401 3195 4455 Ravennate
3223 4398 3501 4469 episcopo,
3546 4398 3614 4452 ad
3644 4397 3904 4451 unitatem

2307 4488 2563 4546 Ecclesia:
2588 4490 2768 4557 rediit,
2797 4506 2828 4544 a
2850 4504 2955 4558 qua
2976 4488 3139 4558 paulo
3169 4496 3290 4557 post
3314 4503 3438 4543 eum
3466 4486 3721 4542 resiliisse
3743 4494 3907 4541 testa-

2314 4590 2417 4649 tur,
2465 4582 2707 4653 subrepta
2736 4594 2951 4652 quoque
2991 4578 3233 4635 Mauricii
3262 4578 3487 4648 Augusti
3512 4577 3759 4648 jussione
3800 4592 3905 4645 qua

608 4661 667 4718 Se
697 4662 959 4733 Gregorio
997 4663 1198 4731 missiS.
1228 4663 1283 4718 in
1311 4661 1507 4733 quibus
1534 4661 1682 4717 nulla
1713 4659 2019 4717 schismatis
2047 4660 2205 4728 huius
2230 4633 2285 4693 Ῑ)
2311 4633 2658 4743 praecipiebat
2677 4633 3069 4725 utjschi‘smutici
3094 4633 3261 4724 redire
3289 4633 3633 4723 uiua-uit...
3657 4633 3905 4721 Ecclesia:

612 4755 673 4809 tit
695 4754 920 4811 mentio.
960 4752 1330 4811 Schismaticis
1357 4760 1540 4809 autem
1568 4768 1675 4808 non
1715 4766 2065 4808 accensemus
2091 4766 2207 4806 eos.

611 4843 723 4911 qui,
748 4843 849 4897 etsi
878 4842 1163 4898 concilium
1183 4841 1229 4897 ν
1246 4857 1356 4897 non
1384 4840 1713 4911 reciperent,
1737 4849 1792 4896 et
1813 4840 1972 4896 trium
2002 4840 2209 4911 capitu-

613 4934 791 4989 lorum
818 4932 1251 4989 condemnationi
1284 4931 1505 4987 minime
1537 4930 2001 5002 subscripsissent,
2026 4939 2206 4986 tamen

614 5025 683 5077 ab
710 5037 895 5077 eorum
941 5021 1319 5077 communione
1371 5022 1464 5090 qui
1505 5020 1771 5092 synodum
1800 5020 1940 5074 hanc
1978 5019 2209 5074 admise-

614 5119 758 5177 rant,
789 5120 845 5165 et
872 5110 1261 5165 conclamatam
1293 5110 1347 5165 in
1376 5125 1439 5165 ea
1470 5110 1632 5165 trium
1660 5110 2015 5181 capitulorum
2050 5110 2204 5166 dam--

616 5202 920 5269 nationem,
967 5202 1273 5257 nullatenus
1311 5202 1668 5259 abstinebant.
1702 5203 1862 5258 Certe
1905 5218 2004 5273 pro
2034 5203 2205 5257 schis-

615 5295 830 5351 maticis
869 5310 965 5351 eos
993 5310 1265 5365 nunquam
1293 5295 1482 5351 habuit
1509 5295 1567 5352 S.
1600 5294 1913 5366 Gregorius,
1961 5295 2054 5353 sed
2086 5295 2207 5351 illos

616 5384 828 5440 tantum
870 5386 963 5455 qui
991 5387 1277 5443 occasione
1301 5387 1503 5458 quinto:
1541 5388 1734 5459 synodi
1776 5387 2121 5453 secedebant,
2156 5395 2211 5441 et

615 5476 843 5531 aliorum
871 5477 1311 5534 communionem
1338 5478 1685 5549 respuebant,
1717 5488 1778 5533 ut
1814 5478 1952 5533 infra
1980 5476 2208 5534 manife-

617 5570 716 5625 stis
743 5570 1082 5627 documentis
1095 5570 1471 5627 ostendemus.

688 5659 901 5732 Quippe
927 5661 1321 5718 observandum
1349 5668 1451 5725 est,
1497 5661 1550 5715 in
1589 5657 1879 5731 Hispaniis,
1925 5658 2113 5716 Galliis
2153 5665 2212 5716 et

695 5823 721 5853 ⁸
761 5813 1028 5873 Himerius
1053 5815 1475 5873 Tarraconensis
1499 5815 1787 5885 episcopus
1814 5816 2085 5872 consuluit
2116 5815 2212 5870 Da-

623 5899 835 5942 masum
860 5902 1076 5959 papam.
1110 5888 1273 5955 Cujus
1300 5899 1579 5968 successor
1606 5885 1830 5944 Siricius
1853 5885 2068 5955 scripsit
2094 5886 2211 5955 epi-

2311 4760 2523 4814 minime
2550 4766 2872 4831 cogerentur.
2921 4757 3121 4813 Verum
3150 4772 3270 4826 qua:
3308 4757 3397 4812 hic
3438 4766 3624 4811 narrat
3647 4754 3904 4821 Joannes,

2311 4853 2460 4923 prius
2490 4853 2853 4919 contigerunt,
2900 4857 2959 4903 ut
2981 4858 3130 4920 patet
3158 4863 3227 4903 ex
3256 4847 3425 4903 Paulo
3454 4845 3691 4902 Diacono
3743 4846 3764 4917 (
3790 4844 3904 4899 Lib.

2309 4959 2366 4997 ιιι
2388 4944 2451 4996 de
2474 4932 2616 4997 ϐεδε.
2646 4941 2907 5012 Langob.,
2924 4957 2972 4995 c.
2998 4939 3112 5010 27).
3138 4938 3364 4994 Constat
3387 4939 3528 4993 enim
3552 4936 3907 5004 Smaragdum

2310 5034 2603 5089 exarchum
2626 5033 2738 5102 jam
2770 5032 2949 5088 locum
2978 5032 3207 5087 cessisse
3235 5030 3505 5097 Romano,
3526 5027 3743 5099 quando
3774 5027 3908 5083 Gre-

2314 5123 2495 5193 gorius
2522 5122 2778 5177 Severum
2807 5122 3000 5177 litteris
3028 5122 3139 5176 suis
3160 5119 3225 5174 ad
3251 5134 3439 5190 pacem
3460 5118 3823 5188 compellavit.
3854 5116 3908 5172 In

2312 5212 2379 5268 iis
2404 5227 2622 5282 quoque
2646 5213 2703 5267 8.
2731 5212 3027 5280 Gregorius
3053 5209 3298 5265 meminit
3333 5218 3444 5265 tum
3494 5208 3698 5263 reditus
3726 5208 3911 5263 Severi

2316 5304 2381 5359 ad
2426 5303 2743 5369 Ecclesiam,
2774 5312 2890 5357 tum
2920 5302 3167 5371 ejusdem
3189 5301 3410 5356 recidivi
3440 5300 3622 5369 lapsus
3666 5299 3722 5354 in
3769 5299 3911 5355 schi-

2315 5410 2431 5450 sma
2460 5412 2473 5447 :
2503 5391 2787 5461 Quantum,
2819 5392 3015 5461 inquit,
3044 5393 3434 5463 incorporatum
3474 5402 3522 5445 te
3559 5391 3675 5461 jam
3712 5390 3909 5460 pridem

2317 5486 2477 5557 fuisse
2520 5484 2575 5538 in
2619 5486 2818 5538 unitate
2844 5482 3099 5538 Ecclesiae
3123 5484 3285 5554 gavisi
3315 5484 3601 5553 fueramus,
3632 5480 3907 5535 abundan-

2309 5577 2410 5629 tius
2455 5590 2591 5627 nunc
2638 5574 2974 5628 dissociatum
3003 5590 3037 5626 a
3065 5573 3322 5627 catholica
3351 5572 3596 5627 societate
3633 5570 3909 5641 confundi-

2310 5682 2443 5720 mur.
2472 5663 2754 5720 Obturavit
2796 5680 2956 5721 aures
2985 5664 3273 5736 episcopus
3303 5662 3611 5721 schismatis
3657 5662 3907 5723 incentor

2312 5815 2506 5886 stolam
2548 5815 2874 5872 decretalem
2902 5815 2969 5873 ad
2996 5814 3326 5882 Himerium;
3356 5829 3523 5886 quam
3548 5812 3744 5885 legesis
3778 5821 3904 5868 tom.

2316 5885 2361 5939 ll
2391 5886 2777 5943 Conciliorum.
