4138 6478
676 373 991 400 cog/""Wr

372 459 483 517 505

841 454 897 511 S.
940 452 1269 511 GREGORII
1309 456 1524 515 MAGNI
1561 457 1748 531 Vl’l‘A,
1791 458 1887 517 EX
1925 458 2088 518 ωυὸ
2124 460 2425 520 SCRIPTIS
2463 466 2859 527 ADORNATA.
2903 469 3023 526 LIB.
3062 472 3127 527 ll.

3546 478 3650 533 506

364 590 490 632 cum
515 571 629 627 suis
657 569 847 635 sociis;
873 575 929 622 at
948 568 1016 623 de
1037 575 1264 638 paterno
1285 582 1413 637 erga
1441 567 1742 639 perduelles
1764 567 1959 626 aﬂ‘ectu
1985 574 2040 637 Α
2064 574 2256 629 naculo
2284 563 2497 644 semper
2524 578 2824 644 assideret,
2868 587 2922 634 et
2949 595 3111 650 quem
3142 582 3327 640 mallet
3354 599 3384 641 e
3426 585 3654 644 ducibus

361 666 499 722 nihil
527 663 736 719 remisit
778 659 1154 739 sanctissimus
1180 660 1283 728 vir,
1316 669 1380 716 ut
1406 675 1475 717 ex
1503 661 1621 717 aliis
1647 660 1815 731 ipsius
1839 662 1956 733 epi-

362 758 519 814 stolis
546 754 683 810 infra
713 752 1080 808 ostendemus.
1818 809 1826 813 g

435 848 487 901 5.
531 844 681 915 ipsos
728 842 887 896 etiam
926 840 1140 896 Judteos
1184 857 1294 896 non
1330 841 1504 897 solum
1550 840 1838 911 aequitatis,
1865 841 1961 899 sed

362 940 526 994 etiam
574 935 853 990 charitatis
879 932 1123 1001 Gregorii
1155 933 1448 1003 periculum
1488 934 1686 989 fecisse
1720 933 1832 1003 jam
1863 934 1961 990 de-

362 1035 748 1083 monstremus.
778 1023 967 1078 Petrus
989 1022 1389 1077 Terracinensis
1409 1024 1716 1094 episcopus,
1745 1022 1961 1079 Judzeos

362 1118 429 1171 de
456 1117 567 1171 loco
594 1116 648 1169 in
682 1123 707 1150 ⁸
733 1129 831 1184 quo
876 1113 944 1165 ad
989 1111 1325 1165 celebrandas
1352 1113 1655 1182 festivitates
1681 1129 1803 1167 suas
1833 1130 1959 1167 con-

362 1206 533 1259 venire
561 1210 953 1264 consueverant,
1000 1201 1295 1269 expulerat,
1333 1200 1605 1268 assignato
1646 1210 1825 1256 tamen
1854 1202 1960 1257 alio

364 1297 506 1360 loco,
538 1295 628 1349 ubi
661 1294 826 1348 libere
858 1300 1079 1362 possent
1107 1292 1382 1360 religionis
1427 1308 1590 1347 causa
1616 1295 1954 1363 congregari.

363 1385 433 1439 At
482 1384 644 1454 paulo
693 1390 814 1453 post
841 1381 1058 1436 eosdem
1106 1380 1229 1435 inde
1257 1395 1475 1449 quoque
1507 1382 1737 1450 migrare
1765 1398 1962 1452 coege-

363 1486 466 1530 rat.
518 1475 596 1529 De
636 1473 830 1541 injuria
859 1472 961 1526 sibi
993 1472 1129 1526 facta
1155 1469 1323 1525 Judaei
1355 1473 1638 1540 conquesti
1667 1482 1792 1527 sunt
1819 1475 1962 1544 apud

362 1582 584 1638 papam,
622 1566 714 1635 qui
751 1565 910 1620 Petro
939 1563 1217 1633 rescripsit
1242 1582 1255 1616 :
1280 1562 1339 1617 Si
1385 1564 1459 1616 ita
1488 1572 1585 1629 est,
1617 1569 1845 1620 volumus
1876 1576 1963 1620 tua

363 1660 668 1731 fraternitas
695 1656 759 1710 ab
788 1655 1091 1727 hujusmodi
1114 1672 1168 1708 se
1195 1654 1401 1726 querela
1447 1655 1760 1724 suspendat,
1808 1667 1857 1711 et
1893 1658 1965 1711 ad

359 1751 531 1805 iocum
574 1766 721 1820 quem
768 1766 882 1803 cum
930 1757 1020 1802 tua
1064 1749 1381 1802 conscientia
1438 1766 1536 1819 quo
1585 1761 1963 1822 congregentur

364 1845 538 1913 adepti
561 1852 700 1908 sunt,
724 1859 830 1907 eos,
861 1843 993 1896 sicut
1021 1857 1131 1894 mos
1148 1841 1244 1911 fuit
1270 1840 1463 1894 ibidem
1487 1841 1643 1894 liceat
1670 1845 1957 1898 convenire.

2062 663 2118 718 in
2147 664 2399 719 maritum
2428 666 2528 720 sibi
2568 674 2621 721 et
2666 667 2717 721 in
2763 670 2928 725 totius
2954 673 3128 739 gentis
3157 689 3338 744 regem
3367 675 3646 748 deligeret.

2061 752 2157 808 illa
2185 753 2368 809 habito
2397 770 2516 809 cum
2546 755 2839 825 majoribus
2866 768 2995 815 natu
3021 764 3246 820 consilio
3277 765 3647 824 Taurinatium

2063 843 2534 912 ducem,Agonem
2554 861 2650 900 seu
2671 846 2964 915 Agilull’um
2996 853 3236 923 nomine,
3268 856 3319 910 in
3349 860 3501 927 regni
3534 862 3654 915 tha-

2062 933 2296 1002 lamique
2337 944 2643 990 consortem
2694 937 2958 993 adscivit:
2992 943 3079 996 cui
3122 943 3407 1003 Mediolani
3453 952 3505 1003 in
3554 952 3656 1007 fre-

2064 1025 2249 1095 quenti
2280 1026 2445 1080 totius
2472 1026 2647 1093 gentis
2678 1038 2945 1084 conventu
2974 1031 3223 1101 imposita
3245 1046 3346 1105 est,
3370 1046 3429 1094 ut
3453 1041 3655 1097 habent

2062 1118 2355 1188 scriptores
2400 1119 2830 1178 Mediolanenses
2855 1165 2870 1189 ,
2923 1140 3125 1181 corona
3155 1144 3319 1186 aurea
3347 1148 3414 1188 ex
3444 1134 3652 1192 incluso

2063 1213 2241 1269 ferreo
2267 1215 2469 1271 circulo
2497 1218 2639 1273 dicta
2661 1220 2862 1287 ferrea;
2891 1235 3009 1288 quae
3027 1220 3375 1279 celeberrima
3397 1225 3653 1299 deinceps

2063 1308 2255 1361 evasit.
2314 1308 2489 1365 Tanto
2546 1309 2808 1367 beneﬁcio
2854 1313 2955 1367 sibi
3003 1314 3311 1369 devinctum
3361 1318 3652 1386 Agilullum

2064 1395 2432 1455 Theodelinda
2462 1402 2740 1458 catholicae
2786 1403 2909 1458 ﬁdei
2956 1403 3148 1461 ardore
3192 1407 3411 1462 incensa
3442 1410 3652 1480 impulit

2062 1486 2131 1541 ad
2161 1488 2405 1543 eamdem
2452 1490 2611 1546 ﬁdem
2640 1493 3069 1562 amplectendam
3094 1538 3109 1564 ,
3140 1498 3186 1554 si
3217 1496 3384 1554 Paulo
3415 1500 3651 1557 Diacono

2062 1580 2333 1638 credimus
2363 1582 2381 1653 (
2407 1581 2519 1637 Lib.
2560 1600 2633 1649 1v,
2672 1601 2718 1638 c.
2751 1584 2849 1656 6).
2890 1585 3052 1656 Regis
3079 1602 3210 1643 vero
3238 1591 3543 1659 exemplum
3572 1607 3655 1648 se-

2063 1672 2173 1727 cuti
2202 1686 2393 1741 magna
2422 1690 2489 1730 ex
2519 1682 2672 1744 parte
2696 1675 3053 1745 Langobardi,
3084 1677 3443 1735 Arianismum
3469 1680 3650 1750 ejura-

2064 1771 2207 1817 runt.
2241 1764 2395 1831 Quod
2435 1773 2615 1820 tamen
2646 1765 2713 1820 de
2741 1776 2990 1840 suscepta
3019 1767 3282 1823 catholica
3315 1768 3415 1824 ﬁde
3443 1769 3511 1825 ab
3533 1770 3654 1839 Agi-

2064 1853 2195 1909 Iullo
2244 1852 2443 1911 Paulus
2485 1856 2589 1922 ait,
2640 1858 2841 1913 tardius
2887 1860 3084 1913 factum
3115 1859 3460 1930 intelligimus
3491 1878 3556 1917 ex
3589 1862 3650 1921 S.

367 1940 482 1995 Eos
501 1940 638 1994 enim
658 1940 798 2011 quia
828 1939 1076 2008 religione
1118 1935 1414 1991 Christiana
1454 1937 1775 2001 discordant,
1806 1952 1960 1988 man-
1993 1948 2039 2007 Β
2064 1943 2382 2001 Columbam
2410 1946 2478 2001 ad
2505 1947 2835 2003 Bonifacium
2874 1964 3068 2019 papam
3107 1949 3354 2019 epistola,
3388 1967 3495 2006 non
3526 1962 3652 2009 ante

368 2031 661 2098 suetudine,
694 2029 1025 2099 benignitate,
1051 2028 1397 2092 admonendo,
1429 2029 1717 2092 suadendo,
1748 2028 1817 2083 ad
1839 2029 1959 2097 uni-

364 2132 521 2178 tatem
561 2123 685 2192 ﬁdei
716 2137 922 2175 necesse
956 2130 1033 2174 est
1080 2137 1433 2193 congregare:
1460 2138 1522 2175 ne
1566 2138 1692 2193 quos
1741 2121 1959 2176 dulcedo

362 2214 749 2285 prmdicationis
795 2221 845 2266 et
884 2220 1173 2282 prazventus
1223 2214 1387 2283 futuri
1427 2212 1625 2283 judicis
1674 2221 1839 2266 terror
1890 2212 1961 2265 ad

362 2306 675 2361 credendum
702 2304 919 2359 invitare
946 2312 1170 2374 poterat,
1216 2304 1370 2359 minis
1398 2312 1447 2357 et
1474 2303 1758 2359 terroribus
1788 2303 1958 2374 repel-

363 2395 561 2450 lantur.
592 2393 733 2465 (Lib.
754 2410 801 2459 ι,
832 2409 914 2463 ep.
951 2391 1067 2462 55.)

436 2484 573 2540 Huic
615 2484 897 2544 sententiae
923 2497 1147 2553 prorsus
1183 2496 1422 2538 consona
1476 2491 1605 2537 sunt
1648 2496 1769 2551 qum
1797 2482 1960 2552 paulo

362 2586 493 2651 post
539 2578 605 2631 ad
647 2575 928 2644 Virgilium
977 2574 1350 2630 Arelatensem
1374 2616 1390 2644 ,
1430 2583 1485 2630 et
1511 2576 1579 2629 ad
1609 2573 1957 2631 Theodorum

365 2673 752 2731 Massiliensem
774 2671 1092 2740 episcopum
1121 2670 1355 2740 scripsit,
1380 2670 1631 2725 videlicet
1653 2668 1871 2725 Judaeos
1891 2669 1962 2725 ad

364 2766 689 2836 baptismum
718 2761 1114 2831 suscipiendum
1136 2760 1256 2831 cogi
1286 2777 1393 2817 non
1413 2759 1672 2828 debere,h
1687 2776 1756 2817 ne
1782 2775 1963 2816 neces-

364 2857 526 2914 sitate
552 2856 731 2927 potius
754 2869 914 2923 quam
940 2854 1220 2908 voluntate
1247 2851 1543 2908 Christiani
1569 2853 1717 2920 facti,
1749 2854 1819 2909 ad
1844 2855 1959 2924 pri-

374 2948 572 3003 stinam
600 2945 1036 3017 superstitionem
1066 2944 1458 3008 relaberentur,
1492 2944 1709 3016 indeque
1742 2945 1961 3001 deterius

368 3045 690 3091 morerentur
713 3078 730 3105 ,
759 3034 895 3089 unde
931 3035 1099 3089 renati
1126 3050 1237 3089 esse
1263 3034 1587 3089 uidebantur.
1630 3035 1648 3103 (
1672 3033 1835 3102 Ibid.,
1876 3052 1959 3106 ep.

373 3126 495 3197 47.)

444 3217 828 3287 Delinquentes
856 3225 1040 3272 tamen
1064 3214 1298 3284 Iudaeos,
1329 3217 1564 3272 maxime
1590 3216 1635 3271 si
1665 3216 1959 3288 periculum

2063 2050 2263 2089 annum
2284 2036 2388 2091 607
2413 2039 2637 2108 scripta,
2658 2053 2765 2108 quo
2795 2048 3038 2110 tempore
3058 2055 3156 2095 rex
3176 2041 3647 2110 Langobardorum

2062 2130 2236 2183 adhuc
2265 2135 2383 2183 erat
2412 2128 2661 2194 Arianus,
2684 2129 2752 2184 de
2771 2144 2837 2186 eo
2860 2145 3090 2200 namque
3116 2132 3196 2186 sic
3223 2132 3462 2201 loquitur
3490 2150 3503 2186 :
3528 2132 3650 2188 Fer-
3721 2167 3725 2173 ν

2064 2235 2145 2279 tur
2188 2224 2327 2276 enim
2369 2221 2580 2286 dixisse,
2631 2221 2675 2274 si
2722 2229 2916 2275 certum
2950 2223 3128 2289 sciret,
3177 2230 3227 2275 et
3257 2222 3367 2292 ipse
3396 2222 3645 2278 crederet.

2061 2316 2191 2387 Ejus
2237 2315 2317 2371 rei
2362 2329 2524 2369 causa
2570 2313 2935 2368 Columbanus
2982 2312 3174 2366 librum
3206 2320 3392 2367 contra
3421 2312 3650 2370 Arianos

2061 2406 2383 2478 composuit,
2415 2412 2553 2461 teste
2588 2402 2745 2458 Jona.
2796 2400 3021 2475 Constat
3065 2403 3413 2459 nihilominus
3455 2404 3654 2473 Agilul—

2063 2499 2193 2564 tum,
2227 2498 2328 2553 etsi
2357 2496 2595 2552 nondum
2625 2494 2987 2550 orthodoxam
3014 2503 3332 2564 sequeretur
3360 2493 3539 2561 ﬁdem,
3568 2510 3654 2550 ca-
3726 2496 3727 2499 “

2063 2589 2280 2644 tholicis
2300 2588 2527 2643 multum
2550 2586 2765 2654 favisse,
2792 2586 2860 2641 ab
2904 2588 3022 2657 ipso
3043 2587 3194 2656 regni
3215 2587 3473 2655 exordio;
3504 2590 3653 2659 quod

2063 2680 2227 2735 etiam
2274 2686 2527 2750 expertus
2567 2686 2650 2733 est
2694 2677 2752 2733 S.
2800 2675 3166 2735 Columbanus
3192 2679 3261 2734 ab
3289 2679 3483 2736 eodem
3512 2680 3654 2737 beni-

2062 2782 2168 2837 gne
2195 2775 2473 2837 exceptus.

2135 2858 2189 2913 5.
2230 2856 2520 2928 Gregorius
2548 2858 2729 2913 audita
2756 2859 2900 2929 regis
2932 2859 3185 2915 Autharis
3212 2869 3409 2928 morte,
3438 2861 3654 2932 scripsit

2065 2948 2133 3003 ad
2178 2948 2457 3003 universos
2503 2947 2669 3003 Italiae
2713 2950 2994 3021 episcopos
3040 2948 3199 3024 (Lib.
3230 2967 3269 3017 ι,
3298 2968 3380 3023 ep.
3414 2950 3546 3023 44),
3593 2957 3657 3015 ut

2066 3038 2541 3107 Langobardorum
2593 3040 2845 3110 parvulos
2892 3041 2945 3095 in
2992 3042 3190 3096 Ariana
3237 3042 3537 3112 baptizatos
3586 3042 3655 3096 ad

2065 3129 2385 3184 catholicam
2442 3128 2600 3185 ﬁdem
2660 3131 2991 3198 conciliare,
3049 3133 3363 3189 imminente
3420 3134 3657 3189 maxime

2065 3223 2212 3291 gravi
2244 3224 2593 3289 mortalitate,
2634 3231 2916 3291 curarent;
2956 3234 3143 3295 postea
3192 3241 3324 3282 vero
3373 3227 3439 3281 ad
3474 3242 3655 3282 resar-

370 3308 514 3363 foret
542 3322 609 3362 ne
634 3307 969 3377 contemptui
995 3315 1138 3363 esset
1163 3307 1351 3377 religio
1373 3306 1964 3373 Christiana,coercere
1989 3318 2036 3381 ο
2068 3312 2315 3367 ciendam
2368 3313 2423 3367 in
2468 3313 2619 3368 Italia
2663 3312 2914 3370 Ecclesia:
2947 3315 3301 3386 disciplinam,
3351 3333 3471 3387 quas
3517 3318 3660 3373 inter

371 3400 695 3469 quantocius
759 3398 1055 3467 satagebat.
1113 3397 1250 3453 Hinc
1304 3399 1395 3453 ubi
1452 3399 1664 3469 accepit
1722 3398 1966 3455 Judaeum

372 3490 659 3561 quemdam
691 3488 942 3545 Ecclesiae
976 3488 1292 3545 Venafranae.
1342 3490 1639 3545 ministeria
1692 3506 1789 3546 seu
1836 3508 1968 3548 vasa

372 3599 528 3641 sacra
560 3582 746 3654 (quod
772 3583 979 3653 legibus
1010 3583 1396 3655 interdictum)
1427 3599 1789 3655 comparasse,
1834 3602 1969 3656 prae-

375 3664 671 3745 sertimque
700 3675 894 3731 calices
923 3674 1081 3743 duos,
1110 3675 1271 3743 jussit
1314 3675 1603 3731 Anthemio
1632 3677 1965 3734 subdiacono

377 3777 438 3823 ut
465 3775 764 3837 emptorem
792 3781 891 3837 per
916 3765 1153 3834 judicem
1179 3766 1465 3837 provinciae
1494 3766 1696 3823 faceret
1721 3769 1970 3825 conveni-

376 3860 443 3925 ri,
474 3866 531 3914 et
557 3857 625 3911 ad
648 3872 803 3911 sacra
846 3857 937 3911 illa
966 3857 1178 3913 cimelia
1206 3857 1538 3914 restituenda
1570 3868 1808 3927 cogeret,
1836 3860 1970 3915 rele-

375 3949 516 4017 gatis
546 3948 598 4002 in
642 3948 1016 4017 ptenitentiam
1046 3949 1275 4005 diacono
1313 3959 1370 4006 et
1412 3951 1531 4007 aliis
1567 3952 1777 4008 clericis
1803 3967 1969 4009 sacrae

377 4039 726 4109 supellectilis
755 4039 930 4108 impiis
961 4039 1348 4097 venditoribus.

453 4128 505 4182 4.
564 4128 718 4183 Nunc
765 4128 1242 4199 Langobardorum
1289 4146 1377 4188 res
1424 4132 1598 4202 primo
1651 4132 1969 4203 Gregoriani

378 4220 726 4293 pontificatus
755 4236 897 4276 almo
926 4230 1105 4290 gestas
1130 4223 1438 4278 summatim
1468 4225 1811 4296 attingamus.
1852 4226 1969 4283 Hoc

380 4328 520 4369 anno
547 4314 873 4368 exstinctum
923 4312 1085 4369 luisse
1130 4314 1409 4369 Autharim
1456 4330 1644 4371 eorum
1675 4333 1855 4388 regem
1885 4319 1967 4373 di-

380 4406 580 4460 scimus
623 4420 691 4459 ex
736 4420 822 4474 ep.
873 4404 941 4457 17
985 4406 1106 4462 libri
1134 4422 1171 4473 ι,
1204 4408 1415 4475 prolato
1444 4405 1671 4476 Regium
1701 4423 1872 4479 usque
1914 4411 1968 4464 in

380 4494 638 4549 extremis
677 4494 980 4549 Brutiorum
1013 4494 1205 4549 ﬁnibus
1230 4494 1707 4563 Langobardorum
1743 4497 1969 4566 imperio

382 4577 566 4655 (Paul.
595 4585 683 4638 lib.
717 4600 794 4650 ιιι,
829 4601 875 4638 c.
909 4584 1023 4653 54).
1056 4582 1224 4640 Paulo
1254 4594 1412 4641 antea
1440 4586 1692 4656 princeps
1739 4586 1969 4644 Arianus

380 4690 491 4729 sum
520 4682 680 4730 sectae
705 4676 1063 4747 propagandae
1092 4677 1206 4731 zelo
1236 4678 1508 4748 abreptus,
1537 4680 1716 4734 edicto
1738 4682 1968 4737 solemni

381 4765 753 4835 prohibuerat,
781 4782 849 4820 ne
874 4782 1093 4820 suorum
1124 4768 1401 4836 gentilium
1431 4770 1546 4834 ﬁlii,
1576 4770 1631 4823 in
1658 4770 1761 4826 ﬁde
1789 4773 1970 4828 catho-

381 4859 485 4914 lica
505 4859 923 4930 baptizarentur.
954 4859 1023 4912 At
1049 4875 1156 4914 non
1184 4860 1353 4916 multo
1378 4869 1501 4931 post
1530 4861 1694 4917 Deum
1716 4876 1973 4934 expertus

381 4960 467 5005 est
492 4950 781 5016 vindicem,
809 4956 862 5003 et
888 4963 989 5018 pro
1018 4949 1122 5003 hac
1150 4949 1307 5019 culpa
1353 4966 1385 5006 e
1430 4952 1566 5007 vivis
1594 4962 1679 5008 est
1703 4954 1966 5010 sublatus.

381 5038 522 5094 Eum
549 5055 760 5096 veneno
805 5039 1071 5095 interiisse
1116 5048 1297 5093 narrat
1323 5056 1502 5095 rerum
1537 5041 1972 5111 Langobardica-

380 5146 505 5188 rum
532 5132 763 5202 scriptor
805 5129 1002 5201 (Paul.
1034 5128 1189 5183 Diac.
1218 5128 1307 5184 lib.
1340 5146 1418 5197 ιιι,
1449 5149 1494 5183 c.
1526 5130 1650 5200 56),
1681 5142 1967 5204 postquam

381 5238 484 5278 sex
510 5222 664 5278 annis
687 5230 984 5292 regnasset.
1015 5218 1242 5289 Cognita
1271 5219 1388 5289 ejus
1436 5230 1630 5287 morte,
1661 5222 1971 5293 Langobar-

381 5312 576 5368 dorum
603 5313 768 5369 duces
797 5320 854 5368 et
882 5311 1170 5381 optimates
1197 5308 1417 5380 Papiam
1466 5320 1850 5379 convenerunt,
1903 5314 1971 5369 de

381 5418 699 5459 successore
742 5401 992 5473 eligendo
1031 5400 1396 5457 deliberaturi.
1428 5399 1631 5467 Quibus
1660 5402 1713 5456 in
1741 5404 1972 5460 comitiis

383 5493 625 5549 unanimi
674 5493 942 5549 sententia
998 5491 1275 5548 decretum
1323 5498 1409 5546 est
1455 5498 1515 5545 ut
1566 5489 1928 5548 Theodelinda
1951 5535 1967 5560 ,

382 5594 638 5659 spectatae
666 5586 963 5658 prudentiae
1006 5585 1325 5655 virtutisque
1352 5582 1555 5654 regina,
1594 5584 1745 5653 regni
1772 5585 1968 5655 guber-

458 5750 486 5779 ἰ
525 5740 633 5796 Cur
679 5739 730 5793 id
766 5738 967 5794 factum
1012 5740 1171 5796 docet
1217 5754 1306 5807 ep.
1363 5736 1570 5792 decima
1615 5737 1772 5808 hujus
1821 5740 1964 5795 libri.

383 5810 945 5882 Nimirumisynagoga
974 5810 1046 5864 ita
1072 5808 1453 5882 eratecclesiae
1469 5809 1744 5882 proxima,
1767 5818 1828 5867 ut
1847 5812 1968 5868 inde

384 5882 548 5939 facile
574 5878 891 5949 audirentur
908 5894 1071 5949 voces
1097 5878 1440 5949 psallentium
1461 5878 1784 5936 Iudaeorum.

463 5951 493 5991 δ
529 5950 663 6008 Vide
691 5950 853 6005 etiam
882 5947 973 6004 ιιι).
1006 5947 1192 6017 inept
1227 5947 1279 5999 ϐ.

2071 3403 2422 3457 barbarorum
2450 3403 2905 3459 heterodoxorum
2936 3403 3141 3473 gladios
3169 3405 3513 3475 pessumdata
3541 3405 3660 3461 fue-

2068 3503 2171 3561 rat,
2224 3504 2461 3550 mentem
2512 3495 2785 3566 applicuit.
2835 3495 2913 3551 De
2949 3496 3292 3553 sacerdotum
3321 3497 3658 3567 aliorumque

2071 3601 2138 3641 ex
2167 3586 2312 3640 clero
2337 3585 2611 3655 lapsorum
2638 3586 2950 3655 paenitentia
2974 3587 3253 3654 sollicitus,
3275 3587 3436 3657 jussit
3479 3604 3573 3645 eos
3601 3589 3659 3644 in

2068 3677 2409 3747 pauperrima
2436 3678 2781 3744 monasteria,
2800 3678 2888 3732 ubi
2916 3678 3177 3746 regularis
3205 3679 3546 3735 observantia
3574 3680 3658 3733 vi-

2070 3776 2242 3837 geret,
2271 3767 2492 3830 retrudi,
2526 3768 2711 3838 eisque
2757 3768 3075 3823 sulﬁcientia
3104 3769 3368 3839 stipendia
3406 3770 3660 3839 suppedi-

2073 3858 2197 3921 tari,
2222 3865 2280 3911 ut
2308 3872 2377 3911 ex
2406 3858 2471 3913 iis
2500 3858 2663 3912 etiam
2693 3856 2989 3912 subsidium
3019 3858 3087 3912 ad
3116 3858 3463 3913 victitandum
3492 3858 3661 3914 habe-

2070 3960 2193 4005 rent
2224 3951 2496 4015 mouacbi,
2529 3951 2622 4020 qui
2649 3951 2718 4007 de
2746 3964 2936 4006 eorum
2981 3951 3359 4009 emendatione
3393 3952 3659 4009 sollicitu-

2073 4043 2254 4099 dinem
2278 4051 2547 4112 gererent.

2142 4134 2413 4189 Ambitum
2443 4134 2497 4189 in
2528 4134 2737 4190 clericis
2775 4133 3131 4205 comprimere
3174 4134 3471 4204 satagebat.
3503 4133 3661 4192 llnde

2071 4226 2380 4281 Liberatum
2413 4225 2697 4280 diaconum
2726 4224 3033 4280 ambitionis
3074 4224 3265 4295 spiritu
3313 4223 3556 4282 inﬂatum
3604 4234 3662 4283 et

2072 4320 2362 4376 distentum
2387 4361 2403 4387 ,
2452 4319 2507 4372 in
2555 4318 2743 4372 ultimo
2791 4318 2932 4372 inter
2976 4324 3199 4373 caeteros
3249 4318 3507 4375 diaconos
3535 4319 3660 4376 loco

2072 4416 2216 4463 stare
2236 4407 2414 4477 jussit,
2445 4421 2553 4475 quo
2582 4405 2869 4460 humilitati
2894 4414 2950 4461 et
2976 4406 3297 4476 subjectioni
3325 4418 3660 4465 assuesceret

2075 4496 2214 4569 (Lib.
2248 4514 2285 4564 ι,
2317 4515 2400 4569 ερ.
2434 4495 2503 4550 83
2528 4504 2578 4549 et
2606 4494 2720 4565 84).
2751 4493 3045 4566 Episcopos
3073 4496 3141 4551 de
3166 4495 3392 4551 crimine
3420 4497 3660 4565 postula-

2075 4599 2179 4656 tos,
2230 4588 2284 4643 in
2331 4586 2561 4643 concilio
2588 4586 2655 4640 de
2684 4600 2836 4640 more
2862 4585 3116 4655 judicari,
3162 4599 3336 4654 neque
3363 4584 3467 4639 alia
3495 4601 3660 4655 quam

1998 4713 2047 4771 ο
2075 4679 2320 4752 synodali
2348 4678 2617 4771 sententia
2644 4676 2839 4771 deponi
2868 4676 3178 4771 praecepitl
3200 4674 3314 4771 Lib.
3348 4691 3422 4771 ut,
3454 4693 3535 4746 ep.
3568 4676 3657 4747 8).

2075 4771 2312 4826 Clericos
2338 4768 2650 4840 peregrinos
2677 4766 2881 4836 absque
2908 4764 3145 4836 episcopi
3172 4765 3255 4820 sui
3279 4764 3525 4821 cessione
3562 4781 3659 4823 seu

2073 4864 2267 4919 litteris
2290 4860 2605 4917 dimissoriis
2627 4874 2734 4914 non
2762 4856 3099 4927 recipiendos
3126 4863 3218 4910 aut
3242 4856 3658 4912 incardinandos

2073 4970 2192 5012 esse
2239 4953 2448 5011 statuit.
2498 4950 2574 5007 De
2619 4949 3075 5006 subdiaconorum
3118 4948 3371 5005 caelibatu
3402 4948 3528 5018 quid
3558 4948 3654 5005 de-

2070 5046 2341 5110 creverit,
2394 5032 2539 5099 nunc
2564 5042 2835 5098 morosius
2879 5039 3269 5111 explorandum
3321 5039 3472 5110 (Lib.
3502 5057 3542 5111 ι,
3571 5058 3651 5111 ep.

2070 5135 2158 5190 ss.
2187 5136 2207 5205 )

2143 5226 2304 5297 230
2328 5223 2381 5278 6.
2416 5222 2665 5291 Pelagius
2706 5234 2847 5293 papa
2874 5220 2938 5288 ll,
2984 5229 3112 5278 ante
3138 5221 3453 5289 triennium,
3482 5221 3656 5289 legem

2070 5317 2352 5373 caelibatus
2388 5314 2584 5370 Sicilire
2612 5313 2975 5382 subdiacouis,
3019 5324 3043 5352 ο
3082 5329 3236 5372 more
3271 5315 3527 5371 Romanae
3554 5314 3658 5370 Ee-

2072 5407 2273 5471 clesiae,
2324 5406 2691 5475 imposuerat;
2716 5403 3060 5475 jusseratque
3099 5406 3278 5478 utqui
3301 5405 3411 5475 jam
3443 5404 3657 5461 uxorati

2075 5506 2277 5566 essent,
2324 5500 2391 5553 ab
2414 5497 2679 5552 uxoribus
2700 5505 3110 5567 separarentur;
3132 5497 3279 5567 quod
3307 5498 3490 5551 durum
3515 5494 3654 5554 Gre-

2073 5589 2224 5658 gorio
2244 5589 2690 5659 incompetensque
2708 5588 2882 5643 visum
2911 5595 3012 5655 est,
3044 5602 3108 5644 ac
3126 5587 3371 5658 plurimis
3396 5587 3551 5659 pejus
3570 5602 3638 5645 ca

2146 5751 2167 5779 ο
2200 5740 2363 5794 Moris
2391 5739 2550 5808 hujus
2575 5739 2819 5794 meminit
2862 5737 2920 5793 S.
2949 5738 3060 5793 Leo
3100 5752 3187 5808 ep.
3212 5735 3301 5803 12,
3344 5754 3394 5792 c.
3435 5738 3506 5793 ιε
3538 5738 3656 5795 Nec

2070 5810 2397 5865 subdiaconis
2426 5807 2629 5880 quidem
2658 5810 2965 5864 connubium
2992 5807 3203 5880 carnale
3226 5809 3559 5875 conceditur;
3599 5819 3658 5865 ut

2071 5891 2118 5934 et
2147 5881 2233 5949 qui
2262 5878 2476 5948 habent,
2520 5881 2627 5933 sint
2652 5888 2895 5949 tanquam
2924 5894 3027 5933 non
3056 5878 3326 5941 habentes,
3359 5888 3408 5932 et
3435 5882 3521 5949 qui
3550 5895 3656 5935 non

2073 5948 2279 6013 habent,
2308 5958 2643 6013 permaneant
2670 5948 2979 6015 singulares.
