4138 6462
609 433 713 491 507

1084 431 1145 491 S.
1185 430 1510 488 GREGORH
1552 432 1768 489 MAGNI
1809 431 1988 499 VITA,
2036 430 2127 486 EX
2168 427 2330 486 Ε]υὸ
2367 427 2672 484 SCRIPTIS
2710 426 3104 483 ADORNATA.
3150 425 3280 481 LIB.
3322 424 3388 481 11.

3778 429 3892 489 508

604 547 767 604 dendi
809 545 1060 616 periculis
1100 545 1408 600 obnoxium.
1452 544 1567 599 Hoc
1601 546 1782 612 itaque
1806 544 2085 597 decretum
2112 542 2183 595 ita
2211 546 2259 602 Α
2287 539 2488 603 dierat,
2529 554 2597 592 ex
2642 552 2746 607 qua
2777 536 2911 591 duas
2954 535 3087 591 tilias
3130 534 3420 590 Barbaram
3466 545 3523 594 et
3554 537 3921 596 Antoninam'

604 638 929 707 temperavit
956 637 1383 707 sapientissimus
1405 635 1670 706 pontifex,
1694 644 1753 689 ut
1772 635 1973 689 sineret
2001 633 2187 702 conju-

601 738 757 797 gatos
788 727 1144 784 subdiaconos
1173 743 1370 782 uxores
1395 726 1647 791 retinere,
1678 741 1741 779 ea
1772 726 1889 793 lege
1915 733 1972 779 ut
2000 723 2067 778 ad
2102 738 2187 778 sa-

601 832 724 871 eros
762 817 977 871 ordines
1007 832 1277 884 nunquam
1303 816 1645 884 pervenirent
1682 833 1693 868 :
1732 812 1866 879 Quia
1896 816 2066 869 nullus
2090 816 2185 869 de—

600 905 682 959 bet
715 908 783 960 ad
804 908 1145 962 ministerium
1176 908 1360 960 altaris
1383 906 1661 960 ascendere
1678 906 1781 960 nisi
1801 907 1948 976 cujus
1971 909 2185 963 castitas

598 1009 721 1052 ante
752 1008 1042 1068 susceptum
1084 1000 1426 1053 ministerium
1464 999 1620 1068 fuerit
1661 996 1946 1068 approbata
1976 982 2116 1067 (Lib.
2145 1016 2184 1067 ι,

598 1104 682 1157 ep.
726 1088 813 1154 «14,
845 1099 894 1142 et
933 1088 1023 1144 lib.
1057 1106 1129 1153 tv,
1170 1106 1253 1159 ep.
1296 1089 1409 1159 54).
1464 1088 1541 1144 De
1578 1096 1775 1144 extero
1817 1090 2091 1159 prohibuit
2118 1106 2185 1147 ne

600 1180 855 1250 deinceps
894 1181 1137 1250 episcopi
1182 1181 1578 1237 subdiaconum
1630 1181 1799 1236 ullum
1850 1183 2181 1251 ordinarent,

600 1274 705 1327 nisi
747 1274 840 1340 qui
871 1274 1133 1329 victurum
1163 1289 1223 1330 se
1252 1284 1400 1329 caste
1429 1276 1787 1344 promitteret.
1815 1275 1907 1331 His
1936 1278 2183 1346 explodi-

600 1372 689 1418 tur
718 1364 909 1419 fabella
955 1381 1115 1434 quam
1146 1365 1551 1422 Centuriatores
1591 1366 2185 1438 Magdeburgensesex

602 1452 838 1507 conficta
870 1456 1084 1510 nomine
1112 1454 1167 1508 S.
1206 1454 1437 1510 Udalriei
1468 1455 1765 1526 Augustani
1804 1459 2041 1528 episc0pi
2070 1459 2185 1528 epi-

596 1542 737 1595 stola
759 1544 823 1596 ad
848 1543 1122 1598 Nicolaum
1149 1561 1343 1615 papam
1366 1546 1835 1617 deprompserunt,
1858 1551 2065 1605 scilicet
2087 1567 2183 1605 no-

598 1642 768 1687 strum
797 1631 1114 1704 Gregorium
1147 1639 1293 1707 prius
1324 1655 1521 1695 uxores
1557 1641 1927 1697 sacerdotibus
1956 1644 2179 1699 solemni

595 1726 817 1781 decreto
842 1728 1127 1792 ademisse,
1173 1739 1230 1784 at
1270 1746 1393 1787 cum
1424 1747 1492 1786 ex
1532 1733 1737 1802 piscina
1767 1750 1862 1789 sua
1888 1736 2064 1805 capita
2096 1737 2177 1790 in-

596 1818 821 1874 fantium
853 1822 920 1876 ad
946 1836 1043 1877 sex
1070 1822 1237 1877 millia
1268 1833 1513 1879 extracta
1542 1826 1705 1883 fuisse
1744 1842 1773 1880 a
1824 1827 2180 1896 piscatoribus

2290 629 2546 698 suscepit.
2574 627 2722 682 Tunc
2750 627 3006 695 temporis
3021 626 3229 696 aliquos
3252 628 3544 682 monachos
3565 645 3765 685 uxores
3786 647 3890 701 pu~

2290 724 2431 778 blice
2456 722 2671 776 duxisse
2694 720 2842 775 dolet
2869 718 2925 773 S.
2958 717 3247 787 Grigorius
3274 719 3367 774 lib.
3402 737 3437 785 ι,
3470 735 3556 791 ep.
3583 720 3675 790 ιίἳ,
3700 722 3890 791 jubet-

2291 830 2396 885 que
2428 824 2486 869 ut
2524 814 2591 868 ab
2620 814 2750 882 ipsis
2776 812 2976 877 avulsi,
3007 812 3061 865 in
3093 812 3478 867 monasterium
3510 814 3889 884 retrudantur,

2289 907 2365 960 uti
2388 906 2498 975 jam
2533 904 2956 960 observavimus.
2987 902 3305 973 Suspicatur
3330 913 3515 959 noster
3538 904 3888 960 Mabillonius

2286 996 2525 1052 ltalieam
2555 996 2717 1050 fuisse
2747 994 2999 1049 Venantii
3030 1003 3329 1063 parentem,
3364 1011 3471 1049 non
3505 1011 3729 1051 uxorem
3755 998 3891 1066 (Au-

2286 1088 2396 1143 nal.
2430 1086 2693 1142 Benedict.
2726 1103 2815 1141 an.
2842 1086 2967 1153 601,
2999 1104 3120 1157 pag.
3148 1084 3308 1155 266);
3343 1096 3417 1150 at,
3447 1087 3589 1156 quod
3620 1088 3753 1141 tanti
3784 1090 3885 1143 viri

2285 1198 2420 1253 pace
2448 1182 2692 1245 dixerim,
2732 1180 3039 1249 conjectura
3071 1179 3183 1234 haec
3214 1180 3321 1234 ruit
3362 1180 3499 1235 lecta
3531 1181 3887 1251 inscriptione

2285 1276 2526 1346 epistola:
2558 1276 2663 1328 123
2692 1274 2813 1329 libri
2844 1290 2919 1328 ιι.
2964 1273 3082 1328 Non
3123 1272 3345 1327 lirmiori
3377 1272 3728 1328 fundamento
3758 1275 3885 1328 niti-

2289 1375 2375 1420 tur
2416 1364 2736 1420 Cancellarii
2766 1364 2929 1417 Italia:
2958 1363 3145 1417 titulus
3170 1363 3262 1431 qui
3291 1363 3457 1431 gratis
3501 1363 3624 1417 huic
3654 1362 3884 1432 patricio

2286 1456 2582 1522 confertur,
2628 1473 2693 1510 ex
2739 1456 3006 1525 corruptis
3050 1456 3396 1525 epistolarum
3445 1456 3885 1525 inscriptionibus

2284 1567 2419 1621 quas
2457 1550 2659 1604 habent
2698 1549 2914 1604 codices
2956 1548 3103 1610 editi,
3155 1564 3263 1603 non
3293 1564 3423 1603 vero
3450 1564 3613 1603 manu
3644 1550 3879 1604 exarati.

2284 1642 2575 1697 Barbaram
2615 1650 2671 1697 et
2697 1641 3023 1695 Antoninam
3053 1648 3179 1695 ante
3202 1640 3449 1695 Venantii
3480 1640 3687 1709 lapsum
3719 1650 3879 1697 natas

2282 1734 2414 1787 nihil
2441 1734 2585 1803 cogit
2614 1734 2813 1787 dicere.
2838 1731 3135 1786 Venantius
3186 1730 3391 1799 aliquot
3419 1731 3575 1785 annis
3602 1738 3731 1784 ante
3758 1746 3879 1785 sus-

2284 1833 2499 1894 ceptum
2530 1840 2558 1877 a
2583 1823 2849 1891 Gregorio
2881 1821 3253 1892 pontificatum
3282 1838 3313 1877 e
3340 1823 3668 1877 monasterio
3689 1837 3880 1878 exces-

597 1907 953 1965 intellexisset
972 1952 987 1977 ,
1051 1913 1265 1981 hocque
1328 1914 1713 1971 infanticidium
1775 1918 1875 1973 sibi
1924 1919 2182 1975 tribueret
2212 1928 2257 1989 Β
2286 1923 2449 1970 serat.
2482 1914 2609 1983 Ejus
2638 1924 2775 1968 natm
2799 1914 2991 1969 litteris
3011 1912 3329 1982 Gregorium
3358 1914 3753 1983 compellarunt
3779 1930 3881 1968 un-

594 2003 728 2067 (non
767 2000 1043 2056 dubitabat
1091 2003 1231 2057 enim
1278 2011 1358 2058 tot
1384 2004 1615 2060 infantes
1645 2022 1713 2061 ex
1743 2005 1951 2063 furtivis
1996 2025 2176 2065 sacer-

590 2088 778 2144 dotum
811 2093 1253 2149 fornicationibus
1290 2104 1382 2150 aut
1432 2096 1710 2153 adulteriis
1739 2104 1915 2167 natos)
1944 2143 1957 2166 ,
1989 2101 2179 2158 decre-

591 2187 704 2235 tum
751 2198 907 2236 suum
940 2183 1203 2253 refixisse,
1248 2194 1302 2241 et
1331 2186 1398 2241 de
1425 2198 1576 2243 tanto
1605 2190 1808 2245 scelere
1839 2192 2176 2260 paenituisse.

665 2272 812 2338 Quot
842 2274 1005 2328 verba
1030 2275 1139 2343 hic,
1174 2285 1251 2330 tot
1282 2276 1467 2345 putida
1499 2286 1553 2332 et
1582 2279 1776 2333 stolida
1801 2280 1933 2349 legis
1956 2281 2176 2336 menda-

591 2362 700 2417 cia.
750 2364 863 2428 Qua
895 2367 1105 2421 ratione
1153 2368 1205 2421 in
1248 2368 1507 2436 piscinam
1552 2371 1731 2440 potius
1780 2371 2178 2441 pontificiarum

590 2453 785 2506 mlium
834 2453 1073 2525 projecta
1122 2456 1306 2512 istluec
1351 2458 1611 2514 infantilia
1644 2441 1861 2531 capita,
1916 2479 2075 2532 quam
2124 2466 2177 2519 in

591 2544 849 2608 Tiberim,
881 2557 975 2600 aut
997 2548 1047 2601 in
1074 2548 1287 2604 cloacas
1315 2550 1804 2623 publicas‘lCapita
1834 2555 2177 2611 inveniuntur

590 2643 646 2688 et
677 2647 1059 2705 numerantur,
1088 2639 1214 2710 quid
1243 2640 1312 2695 de
1342 2641 1560 2713 reliquis
1595 2645 1946 2701 cadaveribus
1977 2647 2174 2702 factum

592 2730 713 2781 est?
752 2728 913 2795 Quasi
962 2731 1476 2786 verisimilitudinem
1520 2734 1603 2789 vel
1658 2737 1930 2792 minimam
1981 2739 2176 2795 habeat

596 2818 879 2873 infantium
933 2821 1147 2875 illorum
1176 2823 1471 2893 parricidas
1498 2836 1727 2894 quorum
1757 2828 1890 2901 adeo
1920 2831 2177 2884 intererat

592 2916 799 2966 tantum
827 2912 1003 2967 scelus
1028 2916 1316 2982 oceultare,
1351 2918 1608 2988 projeetis
1634 2936 1703 2976 ex
1730 2924 1979 2980 condicto
2008 2926 2061 2980 in
2091 2927 2172 2995 pi-

590 3001 794 3056 scinam
826 3002 1153 3071 pontificiam
1184 3008 1488 3064 occisorum
1524 3012 1788 3082 capitibus
1812 3055 1826 3081 ,
1870 3016 2001 3071 illud
2034 3018 2173 3074 ultro

588 3092 743 3161 quasi
772 3108 869 3163 per
890 3094 1072 3150 ludum
1102 3098 1335 3155 voluisse
1364 3103 1672 3171 publicare?
1701 3106 1875 3173 Quam
1905 3110 2172 3179 perfrictas

588 3198 722 3239 vero
752 3182 943 3241 frontis
970 3194 1116 3253 sunt,
1154 3190 1245 3259 qui
1274 3192 1462 3246 volunt
1487 3192 1806 3264 Gregorium
1835 3200 2167 3268 pmnituisse,

2282 2006 2491 2060 decimo
2522 2009 2637 2074 ejus
2668 2003 3011 2075 pontificatus
3039 2020 3182 2059 anno
3208 2043 3222 2069 ,
3251 2021 3353 2058 una
3389 2003 3525 2060 forte
3548 2005 3838 2061 duodecim
3857 2047 3873 2073 ,

2282 2096 2448 2148 altera
2479 2096 2663 2150 decem
2708 2110 2972 2148 annorum
3016 2092 3157 2164 (Lib.
3192 2110 3266 2160 χι,
3304 2111 3387 2164 ep.
3419 2092 3488 2145 55
3514 2105 3563 2148 et
3592 2094 3702 2166 78).
3734 2095 3876 2162 Quid

2280 2200 2440 2253 supra
2470 2186 2612 2239 illam
2643 2186 2893 2239 mtatem?
2943 2183 3060 2238 Non
3103 2185 3272 2252 magis
3303 2184 3624 2239 abhorrebat
3665 2201 3695 2239 a
3745 2202 3875 2241 san-

2280 2277 2504 2332 ctissimi
2553 2275 2822 2345 pontificis
2856 2276 3077 2346 pietate,
3127 2276 3359 2344 virgines
3408 2278 3619 2332 nobiles
3660 2280 3761 2332 etsi
3803 2295 3872 2333 ex

2279 2368 2684 2437 iniquisnuptiis
2706 2376 2860 2422 natas
2876 2366 3171 2422 honorifice
3186 2366 3421 2422 salutare
3442 2382 3505 2423 ac
3518 2369 3676 2437 tueri,
3697 2384 3861 2438 quam

2279 2459 2346 2513 ad
2382 2474 2565 2513 earum
2607 2468 2859 2529 parentes
2888 2458 3216 2514 Venantium
3258 2468 3310 2513 et
3350 2458 3586 2516 Italicam
3616 2476 3873 2517 reveren-

2280 2555 2500 2610 tissimis
2544 2560 2599 2609 et
2628 2553 2811 2608 amicis
2837 2553 3019 2609 verbis
3045 2553 3304 2618 scribere,
3348 2552 3737 2623 Joannemque,
3768 2556 3869 2627 Sy.

2276 2658 2600 2703 racusanum
2629 2649 2964 2716 episcOpum,
2996 2648 3067 2703 ob
3088 2648 3331 2720 repulsas
3351 2646 3597 2703 Venantii
3628 2648 3863 2704 oblatio-

2276 2754 2371 2792 nes
2421 2739 2742 2807 redarguere
2784 2737 2920 2809 (Lib.
2968 2755 3040 2804 γι,
3088 2756 3168 2807 ep.
3219 2737 3333 2806 44).
3390 2736 3684 2808 Parumper
3714 2750 3867 2794 extra

2275 2838 2446 2884 metas
2488 2831 2858 2895 excurrimus,
2902 2830 3001 2883 viri
3050 2830 3343 2884 doctissimi
3384 2830 3723 2898 conjecturas
3770 2846 3867 2885 ex-

2273 2919 2580 2991 pendendo;
2623 2934 2764 2975 nunc
2804 2920 2870 2975 ad
2899 2919 2950 2973 id
2978 2919 3120 2975 unde
3149 2920 3373 2989 digressi
3400 2934 3602 2986 sumus,
3633 2921 3865 2976 redeun-

2274 3011 2425 3065 dum.

2346 3101 2397 3153 8.
2454 3100 2746 3169 Gregorius
2793 3100 2858 3155 ad
2889 3100 3212 3155 Venantium
3257 3101 3517 3171 propositi
3566 3102 3850 3158 monastici

2274 3191 2605 3245 desertorem
2654 3205 2867 3260 gravem
2918 3190 3197 3259 epistolam
3246 3192 3474 3263 scripsit,
3534 3201 3592 3247 ut
3634 3208 3758 3247 eum
3796 3193 3863 3247 ad

587 3275 734 3342 quod
775 3277 1121 3348 presbyteros
1161 3290 1217 3335 et
1246 3284 1521 3341 ministros
1548 3303 1733 3344 sacros
1760 3291 2169 3359 legicmlibatus
2198 3308 2243 3371 ρ
2274 3288 2641 3356 paenitentiam
2676 3288 3001 3352 hortaretur,
3034 3302 3155 3357 qua:
3184 3288 3339 3342 facile
3368 3288 3468 3356 legi
3509 3296 3706 3357 potest.
3752 3289 3859 3343 No-

592 3368 959 3435 adstrinxerit,
995 3389 1121 3428 cum
1143 3390 1244 3430 nec
1269 3377 1387 3448 ipse
1408 3379 1528 3434 talis
1559 3381 1689 3450 legis
1718 3398 1954 3455 unquam
1982 3398 2171 3444 auctor

588 3456 751 3512 fuerit
781 3460 1001 3531 (quippe
1027 3478 1148 3534 qua:
1175 3482 1389 3537 semper
1416 3470 1605 3527 saltem
1636 3475 1689 3529 in
1722 3474 1959 3533 Ecclesia
1984 3479 2199 3538 Latina.

587 3546 748 3641 fuerit
777 3553 1091 3625 observata,
1135 3560 1224 3613 ubi
1263 3562 1513 3630 vigebant
1552 3572 1828 3641 canones),
1880 3588 1979 3629 nec
2007 3576 2168 3631 ullum

586 3637 703 3738 fere
728 3643 808 3697 sui
841 3647 1181 3715 pontificatus
1220 3668 1421 3710 annum
1450 3658 1587 3714 elabi
1618 3637 1832 3730 siverit,
1884 3666 1935 3721 in
1965 3685 2073 3738 quo
2102 3670 2170 3727 de

587 3731 858 3827 majorum
887 3736 1210 3796 clericorum
1233 3744 1484 3801 caelibatu
1510 3749 1711 3821 aliquid
1735 3768 1843 3809 non
1872 3731 2166 3827 scripserit.

587 3818 730 3920 Lege
758 3830 1055 3920 praesertim
1098 3844 1386 3903 sequentes
1415 3818 1671 3909 epistolas
1723 3844 1813 3901 lib.
1862 3863 1900 3913 ι,
1946 3818 2068 3920 epp.
2106 3850 2171 3905 14

581 3921 638 3966 et
665 3913 766 4005 5s;
797 3916 889 3973 lib.
917 3935 989 3987 IV,
1018 3936 1142 3993 epp.
1177 3923 1245 3979 eo
1270 3934 1325 3981 et
1351 3925 1454 3996 36;
1486 3930 1579 3985 lib.
1626 3948 1701 3999 rx,
1734 3949 1819 4005 ep.
1854 3936 1954 4003 eo;
1980 3913 2078 3992 iis.
2111 3956 2163 4005 ι,

581 4018 669 4073 ep.
700 4004 801 4073 62;
832 4008 924 4063 lib.
944 4028 1014 4077 χι,
1038 4029 1123 4083 ep.
1152 4014 1238 4079 64,
1261 4018 1329 4071 ad
1359 4019 1681 4089 Secundam,
1713 4004 2027 4095 interrogat,
2056 4045 2169 4087 res-

580 4098 875 4167 pondendo
899 4143 915 4170 ,
965 4106 1053 4159 ubi
1099 4107 1167 4161 de
1209 4111 1418 4167 clericis
1446 4114 1672 4183 loquens
1714 4119 1911 4187 quibus
1939 4120 2164 4177 liberum

580 4198 667 4242 est
694 4204 890 4247 uxores
918 4196 1184 4266 accipere,
1219 4203 1456 4259 excludit
1482 4220 1577 4261 eos
1602 4210 1694 4277 qui
1721 4210 1888 4266 sacris
1930 4214 1983 4267 in
2014 4214 2163 4270 ordi-

580 4280 739 4426 nibgz
786 4291 912 4339 sunt
950 4290 1255 4359 constituti;
1304 4294 1535 4367 denique
1588 4298 1681 4355 lib.
1736 4317 1861 4369 xm,
1919 4320 2042 4377 epp.
2096 4307 2163 4363 35

581 4379 637 4425 et
724 4374 757 4426 '.

581 4379 637 4425 et
667 4373 757 4427 56.

648 4465 914 4563 Czeterum
943 4484 1121 4543 operte
1160 4482 1391 4546 pretium
1435 4494 1545 4541 non
1590 4495 1692 4552 est,
1734 4489 1977 4559 pluribus
2005 4508 2163 4563 argu-

577 4560 775 4614 mentis
804 4560 1037 4619 fabulam
1068 4567 1207 4624 hanc
1234 4572 1547 4643 explodere,
1572 4592 1691 4647 quae
1720 4583 1898 4638 statim
1930 4560 2158 4643 evanes-

2275 3386 2386 3432 tatu
2419 3381 2713 3447 p'rmsertim
2745 3378 2902 3446 digna
2930 3387 3053 3434 sunt
3077 3380 3237 3434 verba
3269 3380 3380 3435 haec
3409 3398 3420 3433 :
3452 3380 3686 3434 Ananias
3707 3398 3861 3450 pecu-

2273 3471 2391 3523 nias
2423 3470 2531 3524 Deo
2566 3481 2782 3536 voverat,
2816 3488 2942 3541 quas
2968 3481 3100 3542 post,
3152 3472 3408 3526 diabolica
3440 3474 3598 3527 victus
3643 3491 3860 3542 persua-

2272 3562 2433 3627 sione,
2473 3562 2731 3615 subtraxit
2778 3562 2914 3631 (Act.
2949 3562 3023 3629 v).
3073 3562 3180 3617 Sed
3223 3580 3323 3632 qua
3377 3573 3537 3617 morte
3585 3563 3859 3615 mulctatus

2272 3661 2369 3715 est,
2415 3652 2535 3706 scis.
2571 3651 2631 3705 Si
2671 3667 2792 3722 ergo
2822 3653 2910 3705 ille
2946 3654 3127 3705 mortis
3164 3653 3391 3722 periculo
3430 3654 3613 3724 dignus
3644 3654 3739 3724 [uit
3778 3656 3860 3725 qui

2270 3760 2355 3798 eos
2409 3761 2535 3814 quos
2587 3743 2802 3798 dederat
2850 3761 3086 3798 nummos
3125 3743 3237 3798 Deo
3281 3745 3530 3808 abstulit,
3589 3745 3861 3799 considera

2270 3846 2464 3906 quanto
2494 3837 2721 3906 periculo
2759 3837 2813 3889 in
2846 3836 3018 3890 divino
3040 3836 3242 3905 judicio
3272 3837 3458 3906 dignus
3491 3838 3617 3902 eris,
3645 3840 3729 3907 qui
3757 3854 3857 3891 non

2270 3946 2528 3995 nummos,
2561 3930 2651 3983 sed
2682 3931 3025 3998 temetipsum,
3062 3928 3172 3983 Deo
3201 3931 3561 3997 omnipotenti,
3590 3930 3668 3983 cui
3698 3938 3747 3983 te
3768 3930 3856 3983 sub

2268 4024 2565 4076 monac/tali
2588 4023 2763 4077 habitu
2788 4024 3083 4090 devorteras,
3106 4021 3443 4076 subtraxisti?
3469 4020 3755 4076 Considera
3767 4021 3857 4090 ju—

2272 4118 2465 4171 dicium
2486 4116 2606 4184 Dei,
2636 4116 2771 4186 quod
2799 4124 3075 4181 mereatur,
3109 4116 3194 4187 qui
3219 4115 3548 4184 semetipsum
3570 4112 3678 4167 Deo
3709 4114 3852 4173 νομὴ,

2266 4210 2609 4279 continuoque
2647 4207 2825 4260 mundi
2864 4206 3437 4273 desideriis'irretitus,
3493 4204 3734 4259 mentitus
3782 4213 3857 4256 est

2265 4299 2402 4370 quod
2463 4300 2596 4353 vovit
2644 4297 2780 4368 (Lib.
2830 4315 2877 4365 ι,
2925 4315 3005 4366 ep.
3057 4298 3168 4367 ⁸54).
3229 4297 3432 4364 Quibus
3495 4296 3678 4352 verbis
3727 4296 3850 4364 quid

2265 4393 2568 4464 expressius
2615 4393 2680 4446 ad
2710 4401 2953 4447 votorum
3001 4393 3418 4448 monasticorum
3464 4390 3848 4459 obligationem

2262 4481 2683 4537 adstruendam?
2718 4480 2923 4537 Incesta
2953 4482 3338 4537 monachorum
3366 4489 3421 4536 et
3452 4479 3850 4535 sanctimonia-

2266 4576 2389 4630 lium
2420 4576 2665 4646 conjugia
2704 4576 2793 4630 diu
2829 4582 2987 4630 antea
3016 4574 3237 4629 Siricius
3276 4589 3413 4644 papa
3463 4581 3716 4642 tanquam
3748 4585 3844 4640 pu-

577 4649 673 4751 cit,
704 4666 825 4705 cum
871 4658 1193 4755 expenditur
1217 4676 1326 4732 quo
1356 4673 1601 4738 tempore
1629 4672 1762 4728 vixit
1790 4674 1847 4730 s,
1881 4674 2160 4737 UdaIricus
2187 4695 2236 4755 υ
2262 4667 2415 4723 blieis
2445 4668 2651 4738 legibus
2690 4676 2744 4723 et
2783 4668 3148 4723 ecclesiastico
3188 4666 3295 4735 juri
3327 4666 3595 4721 contraria
3625 4663 3850 4719 damna-

577 4742 883 4813 episcopus.
911 4747 1096 4820 Neque
1118 4755 1259 4809 enim
1289 4771 1504 4815 coaevus
1528 4777 1647 4820 esse
1677 4769 1850 4834 potuit
1881 4778 1973 4824 aut
1997 4771 2159 4829 Nico-

576 4834 689 4889 lail
716 4847 809 4893 aut
828 4841 889 4894 Il.
926 4842 1041 4910 Qua
1072 4848 1137 4903 d'e
1168 4865 1227 4906 re
1254 4854 1613 4913 conshlendus
1635 4867 1717 4914 est
1739 4876 1845 4916 em.
1878 4864 2024 4919 card.
2057 4865 2159 4921 Ba-

574 4928 763 4983 ronius
790 4931 855 4984 ad
885 4944 971 4987 an.
1005 4936 1128 5004 591,
1162 4944 1311 4996 num.
1336 4943 1427 4999 21.

650 5019 701 5073 7.
736 5021 888 5079 Haud
919 5027 1115 5084 minori
1141 5033 1258 5088 zelo
1284 5033 1575 5105 Gregorius
1601 5045 1741 5099 cavit
1769 5049 2155 5105 monachorum

575 5116 813 5169 castitati
842 5126 896 5171 et
917 5117 1071 5174 famae
1098 5138 1257 5193 quam
1288 5128 1623 5202 clericorum,
1659 5147 1717 5192 ut
1745 5145 2159 5209 prmmonuimus

579 5220 701 5306 cap.
724 5209 990 5278 superiori
1010 5222 1157 5270 num.
1181 5214 1232 5271 6.
1258 5216 1322 5273 Et
1349 5220 1567 5291 quiderii
1589 5232 1889 5287 arctlssime
1912 5235 2159 5306 alligatos

571 5297 694 5356 illos
723 5310 854 5402 voto
882 5319 980 5359 seu
1020 5313 1298 5402 proposito
1328 5318 1589 5375 castitatis
1618 5324 1893 5392 perpetuae
1923 5297 2154 5402 censuit,

2265 4766 2367 4824 rat,
2394 4758 2636 4814 scribens
2674 4757 2741 4812 ad
2773 4758 3088 4821 Himerium,
3141 4757 3599 4813 Tarraconensem
3641 4756 3851 4825 episco-

2264 4865 2389 4920 pum
2416 4850 2541 4921 (Ep.
2576 4867 2612 4917 ι,
2644 4868 2689 4904 c.
2723 4851 2775 4916 6,
2799 4860 2924 4905 tom.
2956 4851 2984 4905 1
3013 4850 3320 4917 Concilior.,
3351 4869 3403 4921 p.
3434 4850 3614 4920 lOl9).
3647 4848 3850 4903 Suffra-

2263 4948 2459 5008 gantur
2478 4942 2672 4997 concil.
2703 4941 2959 4998 Chalced.
2989 4958 3110 4997 can.
3138 4941 3221 5007 16,
3255 4952 3306 4998 et
3331 4942 3640 5011 Carthagin.
3667 4958 3741 5008 iv,
3766 4942 3851 4997 cui

2263 5030 2577 5100 subscripsit
2606 5031 2933 5101 Augustinus
2961 5048 3081 5103 cap.
3114 5032 3235 5087 104.
3268 5033 3473 5089 Docere
3502 5042 3684 5087 tamen
3704 5032 3853 5087 vide-

2265 5130 2350 5175 tur
2396 5123 2739 5191 Auguvtinus,
2793 5125 3043 5195 conjugia
3087 5140 3276 5180 eorum
3324 5126 3415 5194 qui
3463 5125 3848 5180 continentiam

2257 5216 2525 5281 voverint,
2550 5216 2809 5271 adulteria
2838 5233 2944 5272 non
2967 5231 3106 5280 esse,
3132 5218 3377 5287 quamvis
3397 5215 3709 5272 eorumdem
3738 5216 3850 5285 lap-

2257 5320 2373 5361 sum
2405 5310 2595 5377 quovis
2625 5310 2891 5364 adulterio
2922 5310 3160 5379 pejorem
3192 5319 3409 5366 censeat
3440 5308 3581 5379 (Lib.
3615 5309 3679 5363 de
3706 5308 3848 5363 Bono

570 5398 628 5445 ut
659 5408 726 5447 ex
752 5394 921 5493 ipsius
949 5398 1014 5451 ad
1045 5394 1364 5460 venantium
1396 5412 1621 5479 epmma
1652 5412 1754 5468 hoc
1784 5431 1926 5475 anno
1954 5394 2155 5493 scrip“;
2254 5398 2456 5463 ridait.,
2486 5415 2602 5466 cap.
2637 5400 2722 5463 10,
2760 5400 2845 5467 11,
2882 5401 2991 5469 12).
3027 5400 3133 5456 Sed
3164 5404 3267 5457 hoc
3298 5402 3485 5456 vitium
3528 5403 3843 5456 nubentium

569 5493 722 5577 extra
750 5485 970 5543 dubium
1000 5493 1235 5560 ponitur.
1266 5492 1591 5572 Venantius,
1622 5506 1846 5573 patricio
1875 5485 2080 5577 genere
2101 5516 2152 5570 in

570 5572 771 5644 Sicilia,
814 5586 874 5634 ut
904 5581 1130 5652 videtur,
1174 5598 1347 5659 ortus,
1391 5592 1555 5648 vitam
1582 5572 1862 5665 amplexus
1878 5572 2007 5657 ierat
2035 5623 2153 5662 mo-

570 5670 861 5740 nasticam;
890 5688 1099 5743 verum,
1124 5680 1313 5736 relicto
1337 5693 1524 5751 postea
1546 5693 1896 5759 monasterio,
1916 5711 2153 5751 .uxorem

568 5759 795 5817 duxerat
825 5774 852 5802 ι
879 5770 1097 5824 nomine
1125 5771 1383 5841 Italicam,
1412 5786 1504 5830 aut
1533 5778 1599 5832 ad
1626 5782 1772 5849 prius
1817 5785 2031 5842 ductam
2060 5805 2150 5846 re-

641 5904 665 5931 “
700 5895 829 5954 Vide
850 5916 935 5969 ep.
970 5902 1088 5968 125,
1114 5906 1203 5959 lib.
1239 5923 1289 5959 rx
1321 5917 1374 5963 et
1397 5910 1487 5965 lib.
1519 5928 1595 5977 xi,
1623 5930 1745 5985 epp.
1771 5917 1842 5973 55
1871 5930 1925 5975 et
1951 5922 2037 5977 78.

2256 5503 2374 5545 esse
2402 5496 2700 5563 contendit,
2729 5510 2836 5549 non
2863 5496 3099 5565 ipsarum
3138 5495 3460 5565 nuptiarum,
3486 5508 3607 5564 qua:
3646 5502 3848 5549 sanctre

2260 5590 2386 5637 sunt
2417 5594 2471 5639 et
2512 5601 2783 5655 nunquam
2814 5587 3143 5642 damnandus.
3179 5588 3254 5643 lta
3278 5602 3409 5643 vero
3452 5589 3691 5657 loquitur
3718 5603 3843 5644 san-

2259 5686 2377 5732 ctus
2401 5676 2615 5745 doctor,
2646 5693 2713 5732 ne
2741 5678 3046 5733 Manichreis
3074 5680 3285 5749 nuptias
3314 5678 3692 5733 damnantibus
3719 5693 3842 5731 eon-

2256 5771 2455 5825 sentire
2482 5770 2749 5826 videatur.
2803 5770 2953 5827 Hanc
2996 5775 3353 5843 quaestionem
3381 5771 3484 5828 sibi
3516 5771 3846 5842 propositam
