4138 6470
852 274 893 282 ‘r
920 270 1053 289 WVA'V

360 356 459 405 CH

823 352 882 410 S.
923 354 1248 412 GREGORII
1287 358 1500 414 MAGNI
1544 358 1723 427 VlTA,
1767 359 1859 415 EX
1900 362 2068 416 EJIJb
2109 363 2413 417 bthll’TlS
2452 361 2843 417 ADORNATA.
2886 364 3019 417 LIB.
3057 365 3122 418 ll.

3510 361 3614 414 5L)

358 471 573 541 attingit
607 471 665 526 S.
700 469 1004 527 Bernardus
1027 468 1118 524 lib.
1152 470 1218 525 de
1255 438 1531 539 Praecepto
1558 478 1614 526 et
1641 472 1927 542 Dispensa-
1953 472 2003 530 A
2033 471 2317 526 commissi:
2354 474 2449 528 sibi
2488 476 2645 544 plebis
2680 474 3033 529 tantummodo
3074 490 3250 528 curam
3280 490 3487 545 gerere,
3517 490 3621 528 non

357 562 506 619 tione
529 577 647 631 cap.
679 560 766 628 l7,
797 568 852 615 at
872 560 1003 615 nihil
1031 559 1288 615 decernit.

426 655 545 711 Non
574 653 798 724 resipuit
821 652 1140 720 Venantius;
1174 666 1346 725 neque
1374 661 1553 710 tamen
1576 650 1642 710 ab
1662 654 1778 725 ejus
1804 656 1937 711 ami-

357 746 481 801 citia
498 743 690 799 resiliit
705 740 1015 812 Gregorius,
1039 759 1259 814 sperans
1281 744 1629 814 opportunius
1649 745 1935 816 aliquando

354 837 458 893 sibi
490 844 701 906 tempus
728 834 1053 899 adfuturum,
1080 836 1308 891 amicum
1338 827 1405 891 ad
1431 836 1800 906 paenitentiam
1831 837 1934 892 ite-

354 944 473 983 rum
503 925 841 981 adhortandi.
894 924 1037 981 Sane
1074 926 1255 982 audita
1293 935 1479 997 postea
1521 926 1665 996 gravi
1695 942 1797 996 qua
1841 926 1934 982 de-

355 1020 642 1076 cumbebat
667 1017 997 1089 aegritudine,
1030 1018 1096 1074 de
1125 1021 1239 1088 ejus
1274 1018 1447 1075 salute
1476 1021 1736 1078 sollicitus
1767 1021 1933 1091 scrip-

354 1110 426 1164 sit
470 1107 536 1162 ad
563 1107 823 1164 Joannem
843 1151 861 1178 ,
898 1107 1290 1180 Syracusanum
1326 1109 1664 1181 episcopum,
1695 1106 1850 1184 231
1879 1121 1935 1165 ut

354 1197 419 1252 de
448 1200 623 1252 anima
651 1198 763 1270 ejus
809 1199 1037 1270 cogitare
1077 1198 1276 1268 debeat,
1305 1200 1647 1267 exhortando,
1679 1204 1933 1274 rogando,

353 1291 455 1347 Dei
504 1290 729 1346 terribile
766 1292 1023 1363 judicium
1071 1293 1403 1362 proponendo
1427 1334 1441 1359 ,
1470 1292 1784 1362 ineffabilem
1822 1294 1933 1365 ejus

352 1380 761 1435 misericordiam
780 1378 1147 1451 promittendo,
1170 1389 1225 1433 ut
1241 1381 1311 1433 ad
1336 1379 1565 1434 habitum
1593 1398 1741 1435 suum
1766 1382 1933 1437 redire

351 1474 432 1526 vel
474 1474 529 1525 in
558 1472 802 1526 extremis
848 1471 1045 1539 debeat,
1093 1489 1157 1526 ne
1200 1474 1246 1527 ei
1276 1482 1435 1528 tanta:
1475 1474 1638 1545 culpa:
1665 1483 1838 1529 reatus
1876 1475 1931 1529 in

353 1576 547 1621 ceterno
567 1565 769 1637 judicio
797 1564 1013 1621 obsistat
1046 1564 1184 1635 (Lib.
1213 1583 1285 1633 ιι,
1318 1582 1403 1635 ep.
1431 1563 1542 1636 36).
1579 1565 1774 1621 Verum
1804 1566 1931 1635 quid

350 1658 475 1715 inde
499 1667 741 1714 secutum
770 1658 858 1723 sit,
886 1658 1211 1727 ignoramus.
1245 1656 1320 1712 De
1346 1657 1612 1712 Venantio
1636 1656 1808 1712 adhuc
1833 1671 1930 1727 po-

350 1760 465 1805 stea
506 1747 609 1805 erit
637 1749 921 1819 agendum.
960 1749 1112 1805 Nunc
1139 1764 1169 1804 e
1197 1747 1376 1805 Sicilia
1406 1749 1459 1803 in
1489 1744 1724 1803 Alricam
1758 1754 1929 1803 trans-

2038 570 2207 613 autem
2235 562 2389 614 etiam
2418 563 2532 617 illos
2562 566 2813 618 antistites
2843 580 2968 636 quos
2993 564 3247 618 catholica
3267 563 3395 633 ﬁdes
3423 564 3480 617 in
3508 560 3617 616 Ec-

2039 648 2207 706 clesia:
2248 654 2362 707 sinu
2405 660 2453 706 et
2497 654 2697 708 edocuit
2726 662 2773 707 et
2803 654 2996 726 genuit,
3028 655 3096 708 ad
3125 653 3389 709 obtinendi
3419 654 3620 709 culmen

2036 745 2286 814 primatus
2333 746 2528 798 anteire
2571 744 2758 815 (Ibid.,
2801 761 2884 815 ep.
2913 745 3025 816 77).
3073 744 3200 802 Haec
3224 744 3516 815 Gregorius
3544 745 3613 801 ad

2037 836 2319 907 episcopos
2343 834 2605 890 Numidia:
2634 836 2892 900 scribens,
2925 834 2953 875 ιι
2985 843 3039 891 et
3074 844 3218 892 ratas
3258 838 3459 893 habens
3486 837 3620 892 reli-

2035 942 2169 996 quas
2199 944 2383 983 eorum
2413 929 2849 994 consuetudines,
2884 942 3018 997 quas
3050 928 3149 985 sibi
3177 929 3378 985 servari
3406 926 3610 998 suppli—

2034 1031 2126 1073 ces
2152 1033 2183 1071 a
2211 1014 2425 1087 Pelagio
2450 1017 2494 1073 ll
2523 1017 2809 1088 petierant.

2104 1108 2157 1161 2.
2188 1110 2287 1175 Qui
2316 1109 2636 1165 Columbum
2663 1110 2975 1181 episcopum
3000 1117 3129 1165 tunc
3150 1111 3433 1180 primatem
3464 1116 3487 1149 ο
3514 1107 3615 1162 Nu-

2033 1194 2208 1253 midim
2234 1200 2397 1255 fuisse
2427 1214 2547 1255 cum
2600 1200 2830 1257 Baronio
2865 1200 2967 1273 (Ad
2994 1216 3082 1255 an.
3116 1199 3235 1265 592,
3284 1219 3337 1256 n.
3378 1200 3433 1272 4)
3465 1215 3613 1257 asse-

2032 1298 2174 1355 runt,
2200 1306 2229 1344 a
2253 1304 2380 1345 vero
2402 1304 2619 1359 prorsus
2641 1291 2911 1355 aberrant,
2938 1290 3358 1361 relellunturque
3379 1292 3445 1344 ab
3466 1290 3614 1360 ipso-

2031 1389 2143 1435 met
2177 1379 2435 1448 Gregorio
2464 1381 2530 1434 ad
2574 1378 2891 1436 Columbam
2934 1381 3203 1436 scribente
3234 1399 3247 1433 :
3282 1378 3466 1450 Itaque
3491 1394 3615 1447 erga

1980 1508 1990 1518 .
2031 1472 2301 1541 primatem
2327 1472 2516 1542 synodi
2555 1483 2655 1527 tuae
2682 1480 2789 1528 esto
2832 1472 3103 1527 sollicitus.
3134 1472 3216 1527 Ad
3258 1486 3380 1528 eum
3407 1472 3610 1541 scripta

2031 1572 2113 1619 est
2140 1565 2366 1635 epistola
2394 1564 2464 1617 49
2488 1566 2579 1621 lib.
2612 1583 2688 1633 ut,
2720 1568 2773 1621 in
2800 1568 2955 1637 cujus
2981 1567 3140 1623 titulo
3168 1567 3364 1635 legitur
3393 1584 3405 1618 :
3438 1566 3609 1620 Adeo-

2030 1655 2150 1711 dato
2198 1657 2453 1727 episcopo,
2496 1659 2705 1728 primati
2752 1658 3026 1726 provincia:
3053 1653 3351 1722 Numidiae;
3382 1669 3617 1724 eumque

2029 1745 2278 1800 hortatur
2305 1744 2361 1801 S.
2392 1745 2683 1815 Gregorius
2704 1755 2760 1799 ut
2779 1747 3011 1818 ofﬁcium
3039 1748 3314 1815 primatus,
3346 1745 3481 1817 quod
3508 1743 3618 1796 Deo

350 1842 646 1909 mittamus,
694 1840 785 1895 ubi
817 1838 1093 1910 pontiﬁcia
1138 1838 1195 1896 S.
1238 1839 1484 1911 Gregorii
1514 1840 1824 1909 auctoritas,
1875 1849 1929 1896 et
1958 1837 2008 1901 B
2034 1845 2241 1892 auctore
2270 1836 2452 1904 habet,
2498 1838 2701 1892 studeat
2743 1848 2850 1892 tota
2877 1839 3163 1892 intentione
3190 1839 3446 1909 sagaciter
3473 1834 3619 1890 exhi-

318 1988 332 2007 ,
349 1930 653 1987 sollicitudo
678 1930 981 2002 pastoralis,
1014 1930 1188 2001 primo
1213 1946 1354 1986 anno
1383 1945 1490 2001 quo
1517 1929 1815 1987 Romanam
1844 1945 1931 1987 as-

349 2020 531 2076 cendit
555 2019 762 2089 sedem,
790 2021 1157 2078 innatuerunt.

957 2150 1191 2210 CAPUT
1227 2134 1316 2210 Vi.

348 2263 771 2330 Ancumrgn.-_—
794 2265 837 2314 1.
861 2264 986 2322 Quid
1011 2264 1071 2330 de
1096 2265 1379 2330 primatibus
1401 2266 1533 2330 inter
1544 2266 1805 2330 Africanos
1828 2270 1936 2330 epi-

412 2337 594 2401 scopos.
621 2327 695 2398 S._
716 2326 991 2401 Gregorius
1024 2326 1407 2401 decreverit.:-
1518 2328 1645 2401 Num
1674 2326 1936 2401 Columbus

415 2385 531 2436 tunc
553 2385 793 2437 Numidiae
813 2385 989 2448 primas
1015 2394 1165 2436 esset.
1190 2413 1249 2423 —-
1266 2392 1313 2438 3.
1340 2388 1393 2438 S.
1420 2389 1646 2453 Gregorii
1674 2390 1867 2440 labores
1889 2393 1933 2439 in

415 2449 706 2493 Donatistas.
736 2452 842 2493 Ouo
858 2460 1179 2493 successn.—-
1196 2452 1242 2493 .t.
1269 2450 1498 2493 (tnasdam
1525 2458 1690 2493 nntntu
1707 2453 1854 2493 diana
1871 2453 1933 2493 de

412 2449 706 2499 Donatistas.
736 2452 842 2507 Quo
858 2460 1105 2498 successu.
1117 2474 1179 2485 -—-
1196 2452 1242 2499 4.
1269 2450 1498 2509 Quaedam
1524 2449 1690 2501 ﬁotatu
1707 2453 1854 2514 digna
1871 2453 1933 2501 de

415 2512 516 2583 reis
538 2513 781 2583 episcopis
799 2509 1086 2583 iudicandis.
1118 2510 1198 2559 De
1240 2512 1582 2583 ecclesiasticis
1618 2514 1935 2583 immunitati-

414 2573 521 2621 bus.
547 2569 621 2646 De
639 2569 1095 2646 li_t.i'bus'._quibus.
1112 2575 1372 2646 monachos
1391 2576 1583 2646 eximit.
1598 2602 1658 2646 τ-
1680 2576 1728 2646 5.
1756 2573 1937 2646 Pravas

411 2635 797 2706 consuetudines
818 2634 957 2706 tollit.
983 2660 1045 2671 -—
1065 2633 1112 2681 ϐ.
1142 2634 1581 2706 Demonachorum
1605 2639 1934 2706 testamentis.

416 2721 475 2731 —
498 2696 545 2743 7.
584 2696 660 2745 De
680 2697 819 2745 bonis
853 2695 1095 2757 lapsorum
1122 2702 1174 2747 et
1203 2696 1505 2757 dejectorum
1524 2698 1849 2748 sacerdotum.
1877 2725 1937 2734 -

412 2759 469 2869 ξὶ
487 2756 822 2880 ξὸῗιῗτίογυω
841 2756 1177 2806 dedicationes
1200 2756 1315 2808 tunc
1348 2760 1686 2819 percelebres.
1710 2759 1823 2822 (An.
1845 2761 1937 2811 590

423 2926 479 2984 ι.
504 2927 619 2985 Mos
648 2924 766 2985 erat
789 2928 928 2999 apud
952 2938 975 2967 ο
998 2926 1277 2985 Africanos
1303 2929 1609 3001 episcopos,
1638 2938 1697 2986 ut
1715 2932 1937 3003 singulis

352 3022 405 3077 in
432 3020 717 3092 provinciis
740 3022 879 3077 inter
899 3024 992 3077 θος
1014 3022 1136 3077 loco
1153 3022 1394 3092 primatis
1420 3031 1513 3078 aut
1537 3026 1935 3088 metropolitani

351 3113 662 3179 haberetur,
695 3112 785 3181 qui
814 3112 1151 3168 ordinatione
1171 3112 1311 3168 foret
1333 3114 1633 3184 antiquior;
1667 3116 1808 3170 unde
1828 3131 1933 3171 non

2036 1927 2171 1981 bere.
2224 1926 2387 1981 Paulo
2428 1927 2565 1982 infra
2604 1926 2794 1983 suadet
2821 1934 2881 1981 ut
2906 1926 3227 1982 Columbam
3270 1938 3382 1996 prae
3410 1923 3620 1981 eteteris

2036 2020 2333 2089 adjutorem
2378 2019 2634 2076 adhibeat
2663 2021 2716 2075 in
2747 2020 3013 2076 omnibus.
3048 2020 3326 2075 Adeodato
3361 2016 3621 2075 successit

2035 2113 2089 2168 in
2116 2114 2345 2184 primatu
2375 2112 2576 2181 Victor,
2611 2114 2679 2167 de
2707 2128 2814 2182 quo
2837 2113 2891 2167 in
2941 2112 3165 2183 epistola
3192 2109 3263 2164 28
3290 2110 3364 2164 lib
3409 2120 3505 2173 tu,
3552 2105 3619 2161 ad

2037 2202 2355 2258 Columbam
2394 2204 2594 2274 scripta
2629 2222 2641 2257 :
2683 2202 2879 2258 Victori
2922 2205 3074 2275 fratri
3108 2211 3157 2257 et
3186 2203 3485 2272 coepiscopo
3520 2214 3619 2253 no-

2036 2304 2164 2360 stro,
2195 2295 2281 2366 qui
2310 2296 2559 2365 primatus
2605 2290 2741 2349 inter
2793 2311 2883 2349 vos
2912 2297 3077 2349 locum
3109 2302 3242 2347 tenet
3269 2334 3284 2361 ,
3331 2292 3620 2345 curavimus

2034 2384 2379 2440 scribendum.
2414 2384 2490 2439 Ad
2520 2385 2840 2442 Columbum
2872 2394 3051 2440 tamen
3083 2386 3135 2439 in
3164 2382 3451 2455 prtecipuis
3495 2394 3621 2450 pro-

2035 2476 2223 2529 vincia:
2246 2474 2502 2529 Numidia:
2531 2477 2760 2544 negotiis
2806 2476 3043 2531 scribere
3071 2476 3212 2529 solet
3232 2481 3452 2530 sanctus
3479 2484 3617 2541 papa

2039 2567 2191 2638 quasi
2231 2568 2487 2623 vicarium
2520 2576 2715 2624 sancta:
2744 2569 2884 2624 sedis
2912 2584 3032 2622 eum
3057 2567 3444 2631 constituisset,
3474 2562 3621 2634 quod

2039 2659 2384 2713 nihilominus
2404 2658 2590 2714 nullibi
2614 2660 2809 2715 factum
2833 2660 3045 2728 legitur.

2108 2751 2159 2806 '5.
2189 2750 2453 2819 Singulari
2479 2750 2724 2820 Gregorii
2752 2765 2876 2821 erga
2902 2751 3171 2807 Ecclesias
3192 2750 3470 2806 Africanas
3494 2748 3618 2803 dili-

2038 2842 2215 2912 gentia
2239 2843 2531 2912 praestitum
2554 2850 2639 2897 est
2669 2849 2727 2897 ut
2750 2844 2899 2913 prius
2920 2842 3307 2897 tumultuantes
3330 2839 3621 2895 Donatistae

2038 2933 2254 2989 tandem
2285 2934 2641 3003 quiescerent.
2674 2932 2933 2995 Nimirum
2968 2934 3099 2989 satis
3129 2949 3235 2988 non
3275 2932 3374 2987 fuit
3398 2931 3620 3000 vigilan-

2039 3023 2249 3079 tissimo
2268 3023 2467 3093 pastori
2495 3022 2749 3077 adversus
2775 3022 2894 3077 illos
2915 3023 3070 3092 lupos
3098 3023 3152 3077 in
3182 3036 3397 3091 gregem
3423 3019 3623 3074 Christi

2040 3116 2337 3181 saevientes,
2373 3116 2505 3170 alios
2528 3114 2629 3170 sibi
2658 3113 2898 3169 subditos
2926 3124 3169 3184 pastores
3198 3113 3264 3169 ad
3291 3113 3620 3183 vigilantiam

352 3203 569 3274 primas,
599 3202 691 3258 sed
714 3220 891 3272 senex,
914 3212 1006 3258 aut
1031 3205 1216 3274 prima:
1238 3206 1379 3260 sedis
1402 3206 1683 3276 episcopus
1704 3207 1933 3262 vocaba—
1964 3209 2009 3271 C
2041 3215 2095 3261 et
2123 3207 2476 3262 constantiam
2507 3206 2762 3271 excitare,
2792 3205 3005 3276 scriptis
3034 3205 3098 3260 ad
3126 3220 3219 3260 eos
3248 3204 3492 3275 plurimis
3511 3198 3625 3271 epi-

352 3304 462 3349 tur.
513 3294 637 3349 Sola
668 3294 1104 3363 Carthaginensis
1133 3295 1380 3361 ecclesia,
1432 3295 1572 3351 inter
1601 3303 1823 3351 cmteras
1851 3297 1933 3351 di-

354 3404 631 3442 versarum
657 3388 1051 3459 provinciarum
1075 3387 1286 3455 Alricm,
1313 3404 1451 3460 pene
1475 3388 1800 3457 innumeras,
1830 3390 1938 3461 pri—

352 3485 499 3532 matu
529 3487 791 3549 perpetuo
830 3479 1115 3547 gaudebat.
1156 3478 1289 3533 Cum
1321 3481 1500 3551 itaque
1543 3480 1701 3535 sedes
1730 3483 1939 3551 episco-

353 3570 504 3642 pales
525 3574 684 3627 etiam
715 3572 769 3627 in
800 3573 1004 3642 exiguis
1033 3570 1335 3645 ignotisque
1360 3576 1492 3630 vicis
1516 3585 1697 3631 essent
1726 3576 1938 3631 institu-

353 3670 421 3716 ta:
455 3663 601 3730 (hinc
640 3664 821 3733 ignota
859 3663 972 3719 fere
1013 3665 1350 3734 obscuraque
1394 3665 1655 3720 Africanae
1685 3654 1939 3720 Ecclesia:

360 3754 598 3824 notitia),
649 3768 791 3825 saepe
840 3753 1000 3809 ﬁebat
1049 3763 1108 3809 ut
1148 3754 1395 3824 ignobilis
1426 3755 1605 3826 oppidi
1657 3758 1940 3826 episcopus

352 3845 575 3913 reliquis
620 3845 911 3914 provincia:
951 3862 1060 3900 suae
1109 3847 1375 3915 episcopis
1415 3854 1687 3915 tamquam
1739 3849 1941 3916 primas

349 3941 629 4004 praeesset.
674 3933 828 3999 Quod
856 3950 977 3988 cum
1004 3935 1355 4003 incongruum
1386 3934 1443 3990 S.
1474 3935 1739 4006 Gregorio
1771 3938 1940 3993 viéum

351 4023 539 4078 luisset
567 4025 647 4089 (ut
669 4030 859 4095 reapse
879 4024 1040 4094 erat),
1071 4024 1331 4094 optimum
1356 4039 1473 4079 esse
1490 4024 1747 4093 judicavit
1773 4027 1942 4094 primo

353 4118 474 4186 eligi
506 4117 787 4187 primatem
819 4134 923 4172 non
944 4133 1009 4171 ea:
1028 4117 1210 4171 ordine
1237 4114 1337 4171 loci
1367 4114 1505 4184 (Lib.
1541 4112 1576 4181 t,
1606 4132 1686 4187 ep.
1718 4117 1829 4187 74),
1858 4118 1940 4171 vi-

354 4208 549 4264 delicet
593 4216 685 4263 aut
722 4218 943 4280 propter
992 4208 1365 4278 antiquitatem
1413 4207 1800 4276 ordinationis,
1852 4218 1943 4264 aut

353 4307 577 4370 prapter
615 4300 756 4355 sedis
783 4298 1095 4368 dignitatem
1126 4299 1387 4365 concessi,
1422 4294 1513 4355 sed
1557 4298 1737 4355 habita
1768 4300 1944 4372 potius

354 4390 566 4446 morum
620 4406 683 4447 ac
730 4390 1040 4446 meritorum
1079 4390 1311 4445 ratione.
1364 4390 1612 4445 Secundo
1658 4388 1940 4462 primatem

354 4498 463 4536 non
504 4482 718 4551 passim,
763 4481 906 4536 sicut
933 4479 1100 4535 moris
1127 4484 1262 4545 erat,
1292 4495 1391 4550 per
1413 4480 1584 4543 villas,
1617 4478 1709 4536 sed
1756 4481 1808 4535 in
1839 4497 1942 4537 una

2040 3298 2191 3354 stolis
2210 3338 2223 3362 ,
2254 3295 2559 3366 inﬂictaque
2586 3297 2977 3366 negligentibus
3005 3302 3060 3351 et
3089 3294 3436 3351 mercenariis
3466 3305 3623 3361 poena

2041 3384 2179 3459 (Lib.
2211 3402 2247 3451 t,
2279 3403 2359 3457 ep.
2393 3386 2492 3452 77;
2521 3386 2609 3440 lib.
2636 3400 2696 3452 tt,
2726 3402 2806 3454 ep.
2839 3384 2938 3452 48;
2970 3385 3057 3440 lib.
3093 3400 3163 3450 tv,
3205 3400 3287 3454 ep.
3317 3380 3419 3448 55;
3446 3378 3536 3437 lib.
3566 3390 3624 3447 ν,

2040 3494 2119 3547 ep.
2154 3474 2208 3547 5)
2230 3495 2242 3543 ;
2266 3475 2360 3531 sed
2389 3477 2549 3530 etiam
2579 3473 2909 3531 Gennadium
2938 3474 3217 3544 patricium
3248 3480 3304 3528 et
3330 3471 3621 3527 exarchum

2042 3568 2249 3633 Africm,
2282 3569 2371 3637 qui
2398 3568 2579 3622 multis
2603 3568 2745 3623 bello
2770 3568 3027 3637 prasclare
3055 3566 3217 3634 gestis
3238 3566 3460 3621 illustris
3483 3570 3621 3627 erat,

2039 3660 2250 3727 rogavit
2279 3666 2337 3712 ut
2357 3659 2729 3713 haereticorum
2758 3667 2946 3713 contra
2974 3656 3272 3712 Ecclesiam
3301 3654 3622 3727 catholicam

2041 3754 2177 3808 colla
2199 3753 2585 3819 subrigentium
2607 3761 2832 3807 conatus
2850 3753 3249 3820 comprimeret,
3278 3762 3341 3805 ac
3367 3748 3627 3817 superbas

2048 3859 2235 3899 eorum
2266 3844 2502 3897 cervices
2534 3843 2852 3907 inﬂecteret,
2894 3856 3219 3909 omnemque
3247 3840 3509 3894 adimeret
3528 3852 3630 3892 no-

2043 3933 2200 3988 cendi
2230 3932 2498 3986 licentiam
2527 3928 2667 3994 (Lib.
2694 3945 2731 3995 ι,
2763 3947 2845 3999 ep.
2872 3928 2981 4001 74).
3008 3928 3197 3983 Postea
3229 3942 3352 3983 cum
3379 3924 3631 3981 rescivis-

2042 4030 2125 4079 set
2167 4021 2528 4087 Pantaleonis,
2564 4018 2753 4075 Africa:
2782 4017 3040 4089 praefecti,
3074 4017 3235 4071 nimia
3261 4017 3313 4070 in
3344 4015 3627 4087 haereticos

2042 4113 2366 4183 indulgentia
2383 4112 2580 4169 factum
2599 4126 2735 4176 esse,
2752 4120 2812 4166 ut
2826 4124 3014 4167 eorum
3030 4110 3253 4164 audacia
3266 4109 3321 4163 in
3336 4108 3452 4164 dies
3478 4119 3628 4163 cres-

2042 4212 2211 4272 ceret,
2254 4204 2749 4271 insolescerentque
2775 4203 2829 4257 in
2860 4201 3115 4257 Ecclesias
3142 4196 3423 4255 catholicae
3449 4213 3631 4255 sacer-

2042 4294 2215 4358 dotes,
2248 4294 2316 4348 ab
2346 4294 2423 4349 eis
2454 4293 2754 4363 baptizatos
2803 4292 2996 4346 iterum
3042 4289 3395 4360 baptizando;
3441 4289 3508 4344 de
3534 4304 3626 4345 so-

2043 4386 2222 4442 cordia
2247 4384 2557 4454 praefectum
2589 4383 2907 4454 increpavit,
2929 4394 3197 4452 quamque
3224 4382 3371 4449 gravi
3400 4389 3627 4451 peccato

2044 4477 2367 4547 subiaceret,
2396 4475 2709 4545 reserpendi
2731 4474 3071 4530 occasionem
3100 4470 3292 4527 haeresi
3321 4472 3630 4538 tribuendo,

357 4574 630 4629 civitatum
682 4570 921 4628 residere
945 4616 961 4641 ,
1012 4584 1120 4642 quo
1180 4572 1388 4627 facilius
1437 4570 1838 4629 Donatistarum
1888 4572 1941 4629 in
1970 4571 2020 4632 D
2049 4568 2319 4623 liberrime
2345 4566 2624 4621 admonvit
2645 4565 2784 4635 (Lib.
2814 4582 2887 4629 IV.
2915 4582 2995 4635 ep;
3024 4562 3138 4631 54)-

360 4663 536 4720 Africa
564 4663 917 4732 grassantium
949 4664 1152 4719 insidiis
1179 4671 1235 4718 et
1261 4663 1541 4719 conatibus
1571 4666 1821 4720 resistere
1851 4682 1943 4721 va-

359 4755 514 4809 leret.
543 4753 726 4810 Tertio
752 4752 1029 4824 prohibuit
1050 4770 1118 4809 ne
1142 4754 1197 4808 hi
1219 4755 1307 4823 qui
1334 4758 1399 4809 et
1424 4753 1714 4811 Donatistis
1736 4754 1802 4811 ad
1825 4757 1940 4827 epi-

359 4854 639 4916 scopatum
669 4854 1045 4917 pervenerant,
1086 4845 1329 4915 primatis
1369 4844 1682 4915 dignitatem
1723 4856 1945 4917 possent

361 4938 605 5009 adipisci.
656 4938 917 5009 Loquitur
954 4944 1133 4991 autem
1173 4935 1239 4991 de
1267 4935 1558 4992 Donatistis
1597 4938 1662 4992 ad
1705 4937 1859 4994 ﬁdem
1892 4948 1946 4995 et

360 5035 623 5090 unitatem
665 5028 919 5086 Ecclesia:
968 5027 1196 5083 reversis
1230 5045 1242 5080 :
1275 5022 1539 5099 Sufﬁciat,
1591 5030 1788 5100 inquit,
1838 5032 1945 5087 illis

436 5196 462 5225 λ
496 5185 788 5254 Lo‘quiinur
833 5183 1114 5255 de‘politia
1163 5181 1721 5255 ecclesiagt_ica_a_pud_
1757 5182 1945 5255 ortho-

361 5259 533 5312 doxos
559 5247 861 5322 observata.
890 5247 1043 5319 Quod
1069 5259 1273 5322 spectat
1296 5248 1363 5322 ad
1382 5247 1674 5322 Wanda‘los
1696 5251 1941 5315 Arianos.

363 5328 517 5383 suum
548 5325 599 5380 in
637 5314 812 5380 Africa
848 5314 1207 5393 patriarcham
1240 5321 1533 5393 habebant.
1555 5318 1942 5393 _Duos_eorum

365 5397 696 5465 patriarchas
742 5388 984 5449 nominat
1025 5391 1496 5465 Victor_Vitens_is,
1545 5388 1842 5465 Jocnnd‘um
1893 5399 1948 5446 et

363 5459 634 5538 Cyrylam,
659 5464 834 5538 quiut
856 5462 1307 5538 puto__s_ticcessive
1327 5461 1600 5538 sederunt:
1624 5459 1948 5538 ConsulatAur

365 5529 550 5608 Victor
578 5529 693 5591 Vit.-
716 5529 942 5608 (Hister.
976 5532 1225 5608 Wandal.
1256 5540 1504 5608 persecat.
1539 5529 1625 5583 lib.
1661 5548 1805 5608 nuc.
1834 5530 1946 5601 l8.)

440 5608 463 5645 ιι
494 5601 733 5661 Observa
775 5614 976 5660 sanctae
1014 5605 1156 5659 sedis
1198 5601 1504 5673 apostolicae.
1549 5601 1945 5673 auctgitatem,

366 5679 433 5733 ad
461 5692 626 5749 quam
646 5676 898 5749 videlicet
925 5670 1663 5749 pertinetremotissimarum
1688 5670 1947 5749 Ecclesia-

367 5742 495 5804 rum-
529 5745 851 5802 conﬁrmare
894 5742 1327 5800 consuetudines.
1381 5743 1453 5796 Ea
1498 5743 1669 5810 magis
1706 5742 1949 5798 eluxerat

369 5821 527 5888 longe
542 5825 699 5872 antea
721 5816 774 5868 in
798 5814 854 5869 S.
880 5814 1080 5881 Leone,
1101 5816 1192 5883 qui
1216 5822 1435 5881 rogatus
1452 5813 1701 5869 Ecclesiae
1719 5812 1951 5867 Alexan-

2121 4656 2358 4715 Tandem
2398 4657 2764 4728 frequentibus
2791 4658 2849 4713 S.
2882 4655 3126 4724 Gregorii
3155 4655 3374 4710 monitis
3407 4660 3522 4709 tum
3562 4655 3632 4710 ad

2051 4752 2356 4822 episcopos,
2388 4759 2501 4805 tum
2538 4750 2603 4804 ad
2632 4748 2916 4819 praefectos
2945 4750 2999 4800 et
3024 4746 3393 4815 magistratus,
3422 4752 3535 4799 tum
3564 4744 3632 4800 ad

2052 4845 2340 4914 ipsummet
2366 4842 2659 4911 Augustum
2685 4881 2699 4904 ,
2732 4839 2972 4893 habitum
2997 4845 3081 4891 est
3106 4837 3390 4891 concilium
3419 4838 3474 4892 in
3502 4852 3631 4907 quo,

2054 4937 2327 4991 annitente
2374 4934 2671 5003 prmsertim
2716 4930 3017 4995 Dominico,
3066 4928 3475 4997 Carthaginensi
3514 4930 3633 4999 epi-

2053 5042 2219 5096 scopo
2244 5025 2515 5094 totiusque
2543 5020 2734 5076 Africae
2758 5020 3009 5092 primate,
3040 5022 3391 5076 constitutum
3420 5029 3504 5075 est
3545 5023 3631 5075 in-

2051 5180 2216 5232 drinm
2255 5186 2375 5247 post
2400 5177 2718 5247 Romanam
2759 5177 3012 5232 secundm
3041 5178 3314 5247 privilegia
3343 5177 3634 5233 conﬁrma-

2052 5251 2129 5302 vit
2162 5267 2172 5300 :
2210 5246 2484 5319 Improbat},
2518 5247 2717 5313 inquit,
2747 5248 3085 5319 quorumdam
3107 5246 3405 5319 ambitioni,
3435 5257 3635 5302 servato

2052 5335 2283 5371 verorum
2306 5318 2682 5388 privilegiarum
2696 5317 2836 5389 jure,
2862 5317 3109 5372 sollicitus
3131 5318 3438 5371 obriavi.....
3467 5325 3637 5371 teneat

2055 5390 2354 5457 fraternitas
2382 5397 2470 5441 tua
2500 5405 2707 5443 suorum
2734 5390 3149 5442 consuetudinem
3187 5389 3507 5442 decesserunt
3531 5425 3544 5447 ,
3587 5396 3637 5440 et

2053 5459 2506 5529 comprovinciales
2525 5476 2644 5529 suos
2666 5461 3046 5529 episcopos..."
3075 5474 3303 5528 congrua
3322 5458 3420 5511 sibi
3449 5464 3630 5510 aucto—

2052 5526 2204 5581 ritate
2231 5530 2489 5598 disponat.
2523 5526 2581 5583 S.
2616 5526 2724 5583 Leo
2753 5526 2993 5598 ep.'7105.

2131 5610 2149 5633 "-
2184 5593 2426 5653 Numidia
2472 5616 2536 5652 ex
2582 5593 2801 5667 septem‘
2839 5597 3030 5652 Africa:
3072 5595 3375 5667 provinciis
3397 5593 3635 5649 secunda

2053 5678 2168 5739 erat
2186 5713 2201 5737 ,
2232 5680 2287 5724 et
2314 5677 2435 5739 post
2463 5662 2795 5737 provinciam
2820 5662 3259 5739 proconsularem
3289 5662 3444 5731 cujus
3470 5673 3635 5739 caput

2051 5733 2339 5807 Carthago,
2365 5733 2675 5794 recensetur
2696 5740 2751 5793 in
2772 5733 2959 5807 notitia
2993 5736 3202 5800 Africm,
3231 5749 3390 5801 quam
3412 5733 3633 5789 consule

2012 5856 2017 5867 ,
2054 5811 2105 5864 in
2139 5806 2275 5865 nove
2304 5809 2432 5864 edit.
2464 5810 2653 5865 histor.
2686 5806 3015 5862 Wandalicte
3043 5810 3311 5874 persecut.
