4138 6462
567 399 666 452 311

1042 398 1099 454 S.
1143 394 1474 453 GREGORII
1515 393 1732 452 MAGNI
1775 391 1958 458 VITA,
2001 391 2093 447 EX
2134 388 2302 446 EJUS
2341 387 2648 445 SCRIPTIS
2691 384 3087 444 ADORNATA.
3131 384 3260 440 LIB.
3298 382 3366 440 ll.

3740 378 3863 439 512

565 513 895 587 uestigandos
926 525 1044 567 esse
1082 511 1150 565 ab
1177 509 1445 580 episcopis
1473 507 1781 573 haereticos,
1812 513 1867 562 et
1907 518 2156 574 compes-
2181 505 2237 565 Α
2260 514 2506 566 noverat,
2551 511 2606 556 et
2654 515 2990 571 quaecunque
3019 508 3275 570 percepta
3304 498 3481 554 forent
3529 497 3732 569 injuste
3752 515 3862 555 ru-

567 607 770 664 cendos
798 603 939 673 (Lib.
985 620 1040 672 v,
1070 620 1152 674 ep.
1194 602 1284 674 5);
1315 602 1458 671 quod
1487 600 1764 656 decretum
1805 598 1897 668 qui
1936 597 2158 668 exsequi

567 697 924 766 negligerent,
955 695 1221 750 bonorum
1251 707 1316 748 ac
1343 692 1665 762 dignitatum
1708 690 2010 761 privatione
2039 703 2158 743 esse

565 787 900 860 plectendos.
954 784 1214 840 Laudavit
1261 799 1401 854 papa
1441 782 1702 838 Dominici
1748 781 1952 846 zelum;
1979 793 2158 848 neque

569 889 752 935 tamen
783 877 930 934 omni
965 892 1032 932 ex
1059 883 1214 946 parte
1240 874 1489 945 probavit
1516 874 1792 930 decretum
1819 873 1887 929 de
1915 871 2155 942 spolian-

566 972 648 1026 dis
675 970 764 1040 qui
795 968 1153 1038 negligentius
1176 968 1279 1022 hac
1304 967 1356 1020 in
1381 981 1441 1020 re
1466 966 1842 1021 incumberent
1863 965 2152 1036 episcopis.

568 1063 881 1136 Resipuisse
910 1060 1129 1116 tandem
1171 1059 1478 1114 Donatistas
1520 1067 1613 1112 aut
1643 1068 1666 1095 α
1698 1057 1966 1127 quievisse
1995 1058 2154 1128 232

564 1154 691 1212 inde
717 1161 1080 1216 autumamus,
1113 1149 1256 1220 quod
1281 1157 1500 1204 sanctus
1528 1147 1771 1218 pontifex
1800 1147 1867 1202 ad
1912 1147 2155 1202 Domini-

563 1263 688 1303 cum
708 1255 765 1302 et
790 1245 858 1301 ad
885 1245 1020 1300 alios
1045 1243 1238 1299 Africae
1265 1249 1377 1296 tum
1400 1241 1686 1310 episcopos
1717 1250 1829 1294 tum
1861 1241 2156 1309 imperato—

563 1340 637 1394 ris
684 1339 958 1393 ministros
1005 1335 1264 1405 deinceps
1317 1334 1650 1404 frequentius
1696 1333 1966 1405 scribens,
2028 1346 2159 1386 nus-

561 1444 726 1495 quam
754 1428 823 1483 de
865 1428 969 1482 illis
992 1425 1307 1483 coercendis
1332 1424 1561 1495 amplius
1590 1433 1734 1493 agat,
1759 1433 1883 1494 post
1903 1423 2154 1478 indictio-

565 1535 692 1576 nem
722 1537 831 1575 XIV.

631 1612 686 1666 4.
729 1612 862 1666 Cum
891 1620 1082 1666 caetera
1129 1624 1249 1680 quas
1269 1609 1501 1679 primum
1532 1607 1851 1678 Gregoriani
1875 1607 2157 1678 pontifica-

562 1711 652 1758 tus
675 1719 874 1759 annum
902 1702 1300 1766 commendant.
1346 1702 1532 1757 fhsiori
1580 1702 1720 1771 stylo
1766 1702 2020 1777 prosequi
2047 1713 2156 1754 non

567 1797 748 1866 liceat,
780 1797 1024 1867 quaedam
1049 1805 1255 1853 tantum
1276 1811 1344 1850 ex
1372 1795 1489 1864 ejus
1519 1794 1762 1865 epistolis
1791 1794 2029 1849 nondum
2059 1809 2152 1849 su-

2260 596 2410 651 sticis
2431 595 2643 651 abunde
2671 595 2900 650 restitui.
2935 594 3074 661 Quin
3119 595 3281 650 etiam
3323 595 3529 651 veritus
3559 611 3628 651 ne
3657 595 3862 651 Petrus

2260 685 2361 740 sibi
2390 685 2640 739 mandata
2674 686 2851 740 minus
2886 693 3106 740 strenue
3136 685 3405 756 impleret,
3430 687 3694 756 judicium
3722 689 3862 742 ulti-

2259 791 2405 830 mum
2432 777 2480 830 ei
2510 778 2889 842 comminatur,
2910 786 2964 831 et
2987 778 3069 832 his
3092 777 3272 832 verbis
3301 778 3583 848 epistolam
3608 779 3818 833 claudit
3845 798 3859 833 :

2269 867 2398 922 Vide
2425 879 2481 922 ut
2509 871 2682 924 omnia
2709 871 2898 942 absque
2929 871 3289 926 imminutione
3312 873 3595 936 custodias,
3641 875 3759 944 quia
3797 874 3865 926 de

2258 963 2338 1018 his
2378 979 2490 1033 qua:
2519 964 2608 1017 tibi
2635 981 2728 1035 pro
2756 965 3008 1018 servanda
3031 966 3242 1034 justitia
3273 966 3440 1020 scribo
3468 983 3560 1036 ego
3592 966 3860 1030 absolvar,

2258 1065 2308 1108 et
2335 1065 2385 1107 tu
2415 1056 2458 1108 si
2482 1056 2698 1126 negligis
2714 1055 2979 1128 obligaris.
3002 1055 3303 1110 Terribilem
3323 1057 3559 1110 Judicem
3579 1059 3862 1111 considera

2257 1148 2560 1213 venientem,
2606 1157 2655 1202 et
2682 1147 2745 1201 de
2792 1148 3016 1202 adventu
3061 1149 3202 1202 illius
3252 1165 3386 1202 nunc
3413 1157 3502 1202 tua
3531 1151 3860 1204 conscientia

2259 1239 2642 1305 contremiscat,
2671 1254 2735 1291 ne
2760 1248 2877 1291 tunc
2904 1239 3017 1292 sine
3060 1255 3219 1293 causa
3257 1239 3373 1310 jam
3405 1241 3598 1303 timeat,
3633 1257 3744 1293 cum
3771 1258 3862 1294 co-

2257 1347 2372 1383 ram
2400 1330 2490 1384 illo
2519 1331 2702 1385 etclam
2728 1340 2777 1384 et
2809 1339 2944 1386 terra
2977 1331 3257 1385 tremuerit.
3303 1331 3509 1385 Audisti
3535 1333 3670 1402 quod
3700 1333 3814 1385 volo
3840 1348 3858 1384 :

2256 1424 2370 1478 vide
2397 1424 2518 1495 quid
2541 1439 2691 1494 agas.

2333 1516 2385 1570 6.
2427 1516 2485 1570 In
2530 1516 2720 1571 eadem
2751 1516 2981 1587 epistola
3012 1516 3208 1586 legitur
3231 1514 3496 1572 Joannem
3526 1517 3861 1571 monachum

2258 1606 2419 1661 morti
2468 1606 2792 1676 proximum,
2853 1606 3141 1661 Fantinunt
3193 1607 3535 1662 defensorem
3578 1606 3863 1661 hmredem

2258 1697 2310 1750 in
2333 1711 2428 1751 sex
2451 1697 2661 1764 uncias,
2713 1699 2815 1752 hoc
2842 1706 2924 1752 est
2957 1699 3009 1752 in
3036 1697 3317 1752 dimidiam
3347 1698 3615 1753 bonorum
3646 1706 3862 1768 partem

2260 1789 2571 1844 instituisse.
2607 1790 2759 1854 Quod
2790 1805 2896 1843 non
2929 1790 3199 1860 improbat
3227 1789 3285 1844 S.
3324 1788 3637 1858 Gregorius.
3666 1789 3746 1843 Ne
3777 1799 3864 1842 ta-

569 1905 670 1960 pra
699 1889 945 1945 delibatis
972 1890 1322 1959 decerpemus
1344 1894 1532 1941 notatu
1561 1886 1825 1955 digniora.
1860 1884 2158 1955 Episcopos
2184 1879 2232 1942 Β
2261 1897 2385 1937 men
2431 1881 2556 1936 inde
2585 1880 2782 1936 inferas
2811 1881 3025 1938 licuisse
3072 1891 3198 1938 tunc
3244 1883 3525 1939 monachis
3555 1890 3860 1936 testamen-

565 1981 781 2036 nonnisi
805 1996 836 2035 a
857 1981 1062 2052 synodo
1088 1980 1316 2049 judicari
1367 1979 1572 2045 voluit,
1605 1978 1813 2032 etiamsi
1843 1977 2149 2044 graviorum

564 2088 827 2127 noxarum
855 2073 932 2127 rei
978 2072 1172 2137 forent,
1220 2081 1279 2126 ut
1309 2072 1362 2125 in
1408 2087 1568 2126 causa
1609 2071 1817 2136 Blandi,
1870 2069 2152 2125 llortensis

561 2164 821 2234 episcOpi,
849 2179 954 2217 non
978 2163 1206 2222 obscure
1233 2163 1557 2232 significavit
1583 2161 1724 2232 (Lib.
1756 2179 1792 2226 1,
1819 2180 1900 2231 ep.
1928 2161 2042 2231 55).

631 2254 796 2322 Septa
842 2253 1207 2308 ecclesiastica
1239 2261 1368 2307 tunc
1395 2253 1580 2307 habita
1631 2267 1730 2322 pro
1760 2252 1920 2321 asylis
1956 2251 2152 2320 probat

557 2344 786 2412 cpistola
816 2343 905 2398 57.
929 2344 1062 2409 Qum
1088 2358 1217 2398 vero
1243 2344 1361 2398 loca
1392 2358 1488 2413 per
1507 2351 1651 2412 septa
1680 2342 2029 2396 ecclesiastica
2060 2340 2152 2396 de-

558 2435 726 2490 beant
748 2435 997 2504 intelligi,
1039 2435 1240 2490 docent
1264 2443 1406 2488 nota:
1438 2434 1506 2489 ad
1528 2433 1669 2488 hanc
1695 2433 2000 2502 epistolam.

631 2524 763 2579 Cum
816 2540 847 2578 a
901 2526 1129 2595 strepitu
1179 2525 1379 2580 forensi
1427 2524 1655 2579 multum
1703 2524 2022 2579 abhorreret
2067 2523 2150 2579 vir

560 2616 951 2683 sanctissimus,
984 2617 1029 2671 si
1055 2632 1159 2686 qua
1190 2615 1434 2686 litigandi
1480 2621 1801 2672 oceurreret‘
1827 2614 2040 2670 occasio
2063 2614 2147 2670 in-

560 2719 645 2764 ter
664 2711 970 2781 episcopos,
1020 2711 1265 2775 clericos,
1299 2710 1618 2776 monachos,
1665 2710 1829 2764 etiam
1858 2710 2025 2766 laicos
2050 2725 2149 2765 no-

555 2800 714 2866 biles,
746 2800 1007 2855 suadebat
1037 2809 1094 2854 ut
1121 2816 1218 2870 pro
1243 2802 1619 2870 componenda
1645 2801 2017 2856 controversia
2045 2800 2146 2854 eli-

556 2900 812 2960 gerentur
841 2890 1030 2945 arbitri
1053 2891 1146 2960 qui
1171 2891 1316 2945 nullo
1338 2891 1424 2945 vel
1453 2891 1676 2945 minimo
1697 2899 1932 2962 sumptu,
1958 2891 2148 2960 prteci-

553 2983 630 3037 sis
652 2983 997 3039 dilationibus
1027 2982 1398 3048 frustratoriis,
1448 2983 1536 3051 jus
1583 2984 1776 3053 cuique
1823 2983 2147 3050 litigantium

557 3075 874 3130 tribuerent.
896 3074 1035 3145 Ipse,
1068 3076 1113 3130 si
1134 3090 1240 3144 qua
1264 3075 1498 3129 oriretur
1521 3076 1748 3143 qutestio
1777 3075 1845 3128 de
1877 3075 2069 3129 finibus
2091 3081 2146 3128 et

553 3167 749 3234 fundis,
777 3169 918 3223 inter
947 3175 1158 3223 actores
1186 3166 1438 3222 Ecclesia:
1473 3166 1729 3221 Romana:
1751 3167 1841 3236 qui
1866 3166 1982 3234 ejus
2011 3181 2148 3234 prac-

2259 1983 2371 2029 tum
2394 1973 2648 2036 condere,
2682 1973 2799 2041 lege
2839 1983 3022 2028 notam
3067 1989 3172 2044 qua
3221 1974 3398 2028 locum
3441 1974 3584 2028 hunc
3613 1973 3860 2028 illustra-

2257 2067 2453 2120 vimus.
2521 2062 2756 2119 Consule
2801 2079 3021 2134 quoque
3070 2072 3316 2120 nostrum
3368 2063 3739 2119 Mabillonium
3799 2065 3858 2118 in

2257 2158 2449 2211 Annal.
2482 2156 2682 2214 Bened.
2734 2158 2801 2213 ad
2831 2174 2921 2212 an.
2956 2156 3080 2225 599,
3132 2174 3280 2214 num.
3310 2157 3396 2224 51,
3435 2166 3490 2213 et
3510 2158 3578 2212 ad
3601 2173 3689 2212 an.
3725 2156 3858 2225 601,

2255 2265 2402 2304 num.
2429 2249 2482 2302 ί).

2325 2341 2378 2394 7.
2423 2340 2504 2394 Ex
2533 2340 2746 2396 laudata
2777 2339 3006 2410 epistola
3039 2348 3376 2410 compertum
3398 2340 3657 2396 habemus
3683 2356 3854 2410 quam

2252 2433 2482 2489 sollicite
2528 2432 2585 2487 S.
2637 2431 2929 2500 Gregorius
2980 2440 3215 2498 caveret,
3277 2448 3346 2487 ne
3384 2433 3419 2486 ii
3465 2446 3695 2501 quorum
3752 2436 3856 2486 mi-

2253 2523 2477 2578 nistcrio
2526 2522 2578 2575 in
2606 2519 2860 2576 Ecclesiae
2889 2523 3121 2592 negotiis
3170 2522 3439 2587 utebatur,
3499 2522 3553 2576 in
3599 2524 3856 2577 sacerdo-

2254 2625 2365 2672 tum
2417 2623 2472 2670 et
2501 2615 2732 2670 aliorum
2787 2615 3110 2671 clericorum
3164 2616 3434 2685 lapsorum
3464 2630 3495 2670 e
3542 2631 3640 2672 suo
3678 2617 3851 2686 gradu

2251 2705 2585 2775 dejectorum
2611 2705 2752 2761 bona
2785 2705 3124 2773 invaderent,
3170 2706 3310 2761 unde
3341 2722 3470 2762 sane
3498 2721 3661 2776 grave
3689 2723 3853 2762 scan-

2252 2797 2429 2853 dalum
2452 2797 2580 2852 oriri
2597 2799 2890 2868 potuisset;
2910 2798 3159 2853 nimirum
3192 2798 3264 2852 ita
3294 2796 3488 2866 dcjecti
3513 2798 3656 2852 haud
3685 2798 3850 2852 dubie

2251 2891 2534 2958 conquesti
2571 2888 2799 2945 fuissent
2826 2903 2885 2943 se
2914 2888 3036 2944 ideo
3065 2889 3186 2944 loco
3218 2897 3414 2955 motos,
3468 2898 3524 2944 et
3573 2889 3640 2942 ad
3665 2888 3843 2959 paeni-

2251 2981 2476 3034 tentiam
2515 2980 2568 3034 in
2622 2981 2950 3035 monasteria
2989 2981 3258 3049 detrusos,
3313 2990 3372 3036 ut
3400 2998 3496 3037 sua
3527 2982 3688 3049 bona,
3735 2998 3848 3038 sua:

2251 3070 2530 3125 facultates
2553 3069 2951 3140 pontiﬁciorum
2974 3073 3341 3127 ministrorum
3365 3073 3556 3144 przedte
3571 3084 3844 3144 paterent.

2251 3163 2504 3218 Decernit
2530 3177 2660 3230 ergo
2687 3161 2746 3217 S.
2777 3162 3072 3232 Gregorius
3103 3173 3160 3217 ut
3187 3181 3372 3220 eorum
3405 3167 3585 3233 bona,
3617 3168 3702 3222 vel
3730 3183 3848 3222 mo-

556 3260 646 3314 dia
678 3261 959 3324 curabant,
1013 3271 1073 3333 et.
1111 3261 1412 3315 vicinorum
1478 3275 1727 3329 agrorum
1783 3273 2142 3327 possessores,

2253 3255 2561 3310 nasteriisin
2584 3256 2775 3325 quibus
2797 3257 3168 3326 pmnitentiam
3199 3269 3382 3328 agunt,
3407 3258 3619 3326 cedant,
3644 3262 3731 3315 vel
3753 3277 3848 3316 eo-

562 3350 868 3419 hujusmodi
910 3350 1115 3419 judices
1156 3351 1277 3420 eligi
1318 3351 1553 3404 volebat.
1603 3349 1722 3414 Quo
1770 3349 1949 3402 animo
2007 3357 2151 3405 esset

561 3442 853 3510 erga'lites',
887 3456 993 3496 non
1017 3441 1191 3510 potuit
1233 3441 1426 3496 melius
1455 3440 1684 3511 prodere
1728 3455 1889 3509 quam
1919 3440 2003 3495 his
2027 3455 2148 3494 ver-

552 3533 683 3587 bis:
734 3530 860 3586 Non
911 3533 1077 3586 solum
1118 3549 1381 3604 nunquam
1426 3541 1565 3586 mota
1614 3533 1854 3586 suscitari
1883 3534 2150 3599 volumus;

553 3637 728 3674 verum
755 3622 911 3676 etiam
939 3639 1051 3693 qua:
1074 3639 1236 3692 prava
1258 3625 1388 3693 foris
1410 3624 1764 3690 admoventur,
1792 3627 1962 3693 sopire
1982 3624 2150 3678 modis

553 3713 789 3767 omnibus
814 3716 1120 3784 festinamus
1152 3714 1291 3785 (Lib.
1325 3732 1360 3781 1,
1394 3732 1474 3786 ep.
1496 3715 1572 3788 9).

626 3803 842 3871 Quanto
872 3805 1051 3860 studio
1099 3807 1395 3862 monachos
1425 3822 1456 3861 a
1501 3808 1804 3864 forensibus
1860 3808 2043 3878 litigiis
2094 3816 2150 3864 et

555 3897 872 3966 strepitibus
900 3907 1116 3953 curaret
1159 3899 1484 3954 submovere
1519 3909 1746 3956 testatur
1771 3901 1888 3970 ejus
1917 3900 2148 3971 epistola

555 3987 624 4041 69
655 4007 667 4041 :
701 4004 820 4044 cum
846 3990 990 4045 enim
1018 3988 1253 4046 Joannes
1284 3991 1450 4047 abbas
1481 3991 1581 4061 ipsi
1603 3994 1953 4062 suggessisset
1976 3992 2147 4061 pluri-

553 4094 641 4132 ma
664 4095 722 4134 se
743 4080 947 4135 habere
968 4095 1068 4150 pro
1095 4083 1427 4138 monasterio
1449 4097 1548 4136 suo
1578 4084 1812 4151 negotia,
1843 4083 2037 4152 quibus
2061 4082 2146 4136 in-

551 4167 776 4222 tendere
803 4171 894 4224 vix
937 4179 1120 4240 posset
1165 4172 1300 4227 citra
1347 4172 1610 4241 regularis
1662 4173 2015 4227 observantiae
2065 4173 2148 4228 di-

552 4258 856 4328 spendium,
888 4262 1151 4329 optimum
1175 4263 1346 4317 visum
1376 4271 1459 4317 est
1487 4263 1714 4331 provido
1736 4265 1873 4332 patri
1908 4274 1966 4317 ut
1985 4264 2146 4334 hujus

551 4352 866 4406 monasterii
899 4352 1082 4406 tuendi
1112 4361 1301 4408 contra
1334 4353 1610 4422 litigantes
1638 4369 1767 4409 cura
1797 4357 2145 4412 commenda-

551 4453 702 4500 retur
726 4443 752 4483 δ
785 4445 996 4501 cuidam
1025 4446 1248 4512 Fausto,
1296 4448 1526 4504 Romani
1568 4451 1889 4520 exprmtoris
1917 4453 2146 4508 Cancel-

551 4538 706 4603 lario,
738 4538 896 4609 eique
924 4541 1171 4594 salerium
1199 4556 1296 4610 pro
1321 4541 1562 4611 impensa
1594 4557 1758 4611 opera
1784 4543 2143 4599 constituere-

2253 3362 2369 3400 rum
2387 3347 2698 3416 parentibus
2712 3347 2936 3402 dentur:
2963 3350 3037 3402 ita
3060 3358 3229 3404 tamen
3261 3359 3315 3402 ut
3334 3367 3508 3405 eorum
3531 3353 3844 3422 stipendium

2251 3439 2336 3509 qui
2383 3440 2437 3490 in
2467 3440 2820 3507 paenitentiam
2874 3440 2982 3492 dati
3033 3442 3245 3511 fuerint,
3295 3442 3622 3512 sufﬁcientur
3663 3443 3845 3498 debeat

2251 3531 2555 3599 procurari;
2586 3530 2692 3597 vel,
2743 3531 2787 3584 si
2818 3546 2886 3586 ex
2914 3531 3281 3588 ecclesiastica
3311 3533 3510 3589 fuerint
3537 3534 3738 3589 familia
3768 3535 3844 3590 illi

2249 3618 2411 3689 lapsi,
2443 3635 2532 3676 res
2554 3635 2742 3675 eorum
2763 3623 3128 3679 ecclesiastico
3161 3623 3269 3694 juri
3297 3641 3402 3680 non
3433 3627 3836 3694 subtrahantur,

2249 3719 2462 3766 servata
2507 3713 2894 3781 paenitentibus
2923 3715 3261 3770 alimentaria
3293 3720 3573 3789 pensione.
3609 3718 3840 3778 Consule

2250 3811 2407 3857 notas
2436 3801 2501 3856 ad
2522 3803 2665 3858 hunc
2696 3803 2925 3858 laudatae
2948 3806 3190 3875 epistolae
3213 3807 3411 3865 locum.

2323 3894 2377 3950 8.
2419 3894 2631 3961 Quanta
2662 3896 2978 3951 celebritate
3027 3907 3152 3955 tunc
3189 3901 3275 3955 vel
3299 3903 3663 3960 oratoriorum
3687 3907 3841 3964 dedi-

2251 3987 2517 4042 cationem
2547 3986 2754 4053 fierent,
2789 3997 2843 4042 et
2871 4003 2992 4057 qua:
3021 3989 3106 4044 his
3127 3992 3180 4045 in
3211 3991 3359 4047 festis
3387 4005 3531 4051 esset
3557 3997 3609 4052 in
3641 4013 3848 4070 paupe-

2249 4094 2336 4134 res
2362 4076 2729 4133 munilieentia
2756 4079 2918 4135 docet
2946 4097 3034 4151 ep.
3058 4082 3147 4137 56.
3183 4083 3558 4143 Dedicationes
3586 4090 3843 4147 ecclesia-

2248 4184 2366 4223 rum
2398 4176 2454 4222 et
2491 4169 2855 4223 oratoriorum
2899 4172 3017 4227 sine
3051 4175 3219 4229 sacris
3247 4178 3488 4247 reliquiis
3533 4196 3652 4250 quas
3675 4183 3726 4239 in
3765 4183 3844 4240 eis

2249 4260 2614 4314 conderentur
2641 4261 2732 4314 vix
2757 4260 2978 4317 fiebant.
3009 4262 3222 4320 Nullum
3253 4277 3452 4338 autem,
3483 4273 3572 4328 ubi
3602 4276 3841 4331 colloca.

2249 4349 2486 4418 bantur,
2541 4360 2561 4387 ε
2611 4365 2808 4420 corpus
2855 4353 3005 4422 prius
3054 4356 3328 4412 humatum
3381 4361 3545 4418 fuisse
3591 4374 3842 4422 constare

2250 4440 2564 4510 oportebat;
2614 4455 2749 4497 sane
2778 4443 2996 4512 optimis
3027 4445 3095 4500 de
3123 4449 3320 4515 causis,
3373 4459 3431 4504 ut
3459 4454 3760 4522 explicatur
3789 4459 3842 4511 in

2249 4539 2362 4585 not.
2414 4530 2482 4584 ad
2521 4544 2608 4600 ep.
2660 4530 2731 4584 54
2774 4532 2866 4587 lib.
2893 4549 2930 4588 ι.
2985 4534 3041 4588 1η
3074 4536 3239 4591 ltalicc
3270 4541 3560 4608 provinciis
3588 4543 3841 4601 Romana:

551 4638 658 4684 ων,
692 4629 916 4702 Expedit
938 4633 1093 4699 enim,
1119 4632 1311 4702 inquit,
1338 4650 1494 4702 ρανυο
1525 4635 1846 4689 incommodo
1872 4652 1903 4688 α
1927 4637 2142 4706 strepitu
2172 4642 2226 4701 ι)
2248 4623 2361 4678 sedi
2408 4629 2663 4691 tanquam
2690 4627 3123 4696 metropolitanze
3151 4633 3351 4687 arctius
3372 4633 3639 4690 adstrictis
3669 4639 3839 4692 nullas

551 4739 825 4779 causarum
854 4740 1024 4778 servos
1071 4723 1171 4778 Dei
1223 4726 1419 4796 quietos
1458 4727 1696 4792 existere,
1731 4736 1786 4779 ut
1815 4735 1862 4780 et
1892 4728 2142 4782 utilitates

549 4814 699 4868 cella:
725 4832 813 4884 per
844 4817 1209 4888 negligentiam
1238 4834 1340 4871 non
1384 4827 1618 4888 pereant,
1664 4827 1712 4871 et
1741 4837 2001 4874 servorum
2043 4819 2144 4874 Dei

553 4915 744 4961 mentes
786 4908 855 4960 ad
885 4925 1010 4979 Opus
1039 4909 1370 4965 Dominicum
1422 4911 1685 4966 liberiores
1714 4915 1962 4968 existant.
2017 4912 2143 4970 Haec

553 4997 768 5052 videtur
815 4999 988 5068 prima
1017 5002 1601 5059 commendatariorum
1655 5004 1908 5060 abbatum
1947 5005 2139 5076 origo;

550 5089 640 5158 qui
665 5090 867 5145 utinam
893 5090 1028 5147 tales
1057 5091 1233 5148 forent
1261 5104 1319 5149 ut
1343 5109 1530 5151 servos
1558 5095 1655 5151 Dei
1685 5096 1752 5151 ab
1775 5095 2022 5151 omnibus
2045 5111 2142 5152 ne-

548 5179 711 5247 gotiis
735 5181 1054 5250 eximerent,
1080 5199 1189 5240 non
1215 5186 1270 5239 in
1299 5186 1420 5243 lites
1444 5187 1853 5256 immergerent.

623 5269 675 5325 5.
717 5268 774 5326 ln
803 5287 889 5342 ep.
922 5272 1011 5328 44.
1045 5274 1204 5331 Petro
1233 5277 1587 5346 subdiacono,
1611 5278 1870 5348 pleraque
1888 5276 2141 5334 Ecclesiae

549 5362 873 5431 patrimonia
891 5365 944 5420 in
973 5364 1159 5422 Sicilia
1188 5371 1418 5437 curanti,
1436 5370 1679 5439 praecipit
1704 5369 1995 5426 emendare
2017 5372 2139 5442 plu-

547 5453 712 5511 rimas
740 5457 1160 5514 consuetudines
1185 5461 1381 5528 quibus
1405 5460 1662 5516 Ecclesia:
1693 5461 1917 5518 colonos
1952 5464 2140 5520 vexari

619 5595 645 5623 ἰ
672 5585 815 5658 Lege
855 5587 1254 5646 Donatistarum
1291 5591 1570 5646 historiam
1616 5591 1920 5648 novissimae
1958 5592 2141 5665 Optati

621 5672 777 5712 erum
800 5659 1020 5715 editioni
1047 5661 1281 5715 additam
1309 5669 1364 5715 et
1387 5661 1680 5715 Drmfixam.
1715 5663 1767 5715 in
1799 5662 1923 5715 fine.

549 5672 777 5728 operum
800 5663 1020 5716 editioni
1047 5663 1281 5719 additam
1309 5669 1364 5716 et
1387 5663 1680 5730 prmftxam,
1715 5663 1767 5716 in
1799 5663 1923 5720 fine.
2004 5663 2021 5665 “

622 5726 650 5765 δ
691 5727 767 5801 De
787 5729 1091 5801 hujusmodi
1119 5738 1471 5800 procuratore
1503 5731 1646 5801 loqui
1679 5732 1891 5789 videtur
1917 5734 1974 5789 S.
2006 5734 2141 5790 Gre-

550 5797 768 5878 gornad
793 5795 1054 5878 Joannem
1080 5795 1340 5878 abbatem
1355 5795 1598 5878 scribens
1623 5803 1716 5858 lib.
1741 5819 1938 5878 111,_e_p.
1965 5805 2029 5878 ὃς
2071 5804 2140 5860 In

553 5877 724 5916 causis
752 5873 864 5924 istis
894 5879 1276 5938 procuratorem
1323 5873 1553 5939 institue,
1602 5883 1651 5928 et
1689 5883 1741 5927 tu
1771 5874 1838 5927 ad
1866 5875 2141 5932 lectionem

2253 4723 2379 4767 tunc
2415 4709 2583 4767 laetas
2630 4712 2792 4770 fuisse
2843 4717 3170 4787 templorum
3227 4726 3669 4781 consecrationes
3732 4745 3838 4784 non

2251 4801 2412 4858 audet
2436 4818 2676 4859 asserere
2693 4803 3288 4864 Mabillonius.lnl1auc
3314 4820 3493 4868 tamen
3517 4819 3840 4873 sententiam

2249 4896 2407 4950 valde
2435 4897 2754 4967 propendet,
2785 4913 2885 4954 nec
2914 4899 3204 4956 immerito.
3228 4903 3296 4955 At
3317 4903 3383 4959 de
3404 4906 3508 4962 hoc
3523 4921 3841 4978 argumento

2252 4989 2380 5044 alibi
2411 4990 2639 5046 fortasse
2665 4993 3026 5062 opportunior
3053 4995 3156 5050 erit
3177 4996 3390 5053 dicendi
3420 4999 3591 5060 locus.
3618 5002 3838 5061 Interim

2251 5079 2368 5150 lege
2396 5095 2482 5151 ep.
2515 5080 2584 5136 57
2606 5081 2700 5137 lib.
2734 5097 2788 5137 v.

2721 5195 2881 5266 233
2933 5195 3162 5252 CAPUT
3212 5197 3320 5254 v11.

2243 5282 2596 5359 Αιιρυῃειςτρε.
2620 5312 2681 5321 -
2703 5287 2751 5338 1.
2771 5289 2848 5359 D_e
2870 5292 3212 5359 causa_Natslis
3237 5297 3453 5359 episcopi
3475 5296 3834 5352 Salonium.—

2307 5350 2365 5427 ξε
2375 5349 2766 5427 ρδΔι-ριιὶαἱξοοίῐριιιςΔ
2784 5352 2930 5427 abeo
2951 5349 3521 5427 dejectusjpostoligm
3533 5349 3708 5427 sedem
3733 5349 3836 5427 "ap-

2307 5410 2476 5519 pellat.
2497 5437 2558 5446 —
2579 5415 2626 5461 5.
2655 5412 2776 5488 Quae
2822 5410 3374 5488 reSpondet-itﬁa'talis.
3407 5410 3836 5484 Resipiscit.i—:ri.

2337 5471 2397 5519 "0
2420 5481 2609 5519 mortuo
2633 5474 2686 5519 S.
2717 5476 2990 5519 (.reaortus
3005 5479 3070 5519 de
3090 5479 3323 5519 Ella’nndn
3360 5495 3653 5519 cumnam“:
3677 5498 3813 5519 omni

2337 5471 2397 5521 llo
2420 5481 2609 5523 mortuo
2633 5474 2686 5524 S.
2717 5471 2990 5536 Gregorius
3005 5479 3070 5527 de
3090 5479 3323 5542 eligendo
3359 5471 3834 5540 successore—curui.

2247 5604 2298 5649 et
2323 5594 2392 5647 ad
2419 5597 2704 5652 orationem
2722 5615 2871 5654 vaca.

2324 5675 2345 5704 ο
2387 5665 2443 5744 ld
2468 5668 2670 5744 centies
2695 5672 2893 5744 repetit
2920 5671 2980 5744 _S.
3013 5672 3322 5744 Gregorius,
3354 5679 3562 5736 scilicet
3589 5685 3840 5744 omnibus

2247 5735 2587 5816 in_epistolis,
2611 5737 2665 5791 in
2690 5735 2882 5816 quibus
2903 5742 2973 5798 de
3003 5735 3327 5814 templorum
3347 5735 3840 5816 consecration-ea

2247 5806 2597 5875 reliquiarum
2625 5806 2983 5870 collocatione
3003 5806 3133 5884 agit:
