4138 6452
347 429 375 445 ρ
420 427 449 440 α

348 430 449 479 ei.)

408 544 611 596 Electus
645 548 726 593 est
768 542 1043 592 Honoratus
1089 539 1471 589 archidiaconus.
1498 563 1558 574 —
1582 539 1627 589 5.
1674 537 1935 588 Mauricius
1961 534 2013 597 Α

409 610 678 669 imperator
694 607 858 655 mitius
880 602 1325 669 cum_scl_iisutaticis
1346 597 1931 669 agit.;-6.‘I..s_ngobardi

407 662 611 722 Romam
638 672 880 731 premunt.
903 690 964 731 -—_-
985 663 1034 712 7.
1058 664 1113 714 8.
1161 662 1432 731 Gregorius
1471 662 1781 731 Ezechielem
1818 672 1932 731 pro:

408 720 608 792 phetsm
639 720 884 792 'exponit.
937 725 1210 778 Luctuosus
1254 720 1419 774 Romae
1466 732 1634 776 status.
1677 724 1791 786 (An.
1819 720 1929 773 ’591

407 798 460 843 et
491 792 625 852 592.)

416 895 469 947 1.
510 889 663 948 Nunc
689 891 822 947 ordo
834 905 1015 946 rerum
1043 898 1455 960 temporumque
1475 887 1616 943 ratio
1630 886 1927 958 postulant,

342 995 405 1042 ut
426 986 492 1041 de
518 984 714 1051 Natali,
769 980 1087 1039 Salanitano
1115 982 1390 1052 episc0po,
1425 979 1701 1034 Dalmatiae
1727 986 1931 1034 metro-

341 1076 605 1146 politano,
663 1077 965 1146 loquamur.
1040 1072 1144 1140 Qui
1200 1088 1322 1129 cum
1374 1071 1625 1127 adversus
1662 1085 1931 1127 summum

343 1167 653 1237 pontiﬁcem
692 1166 786 1221 diu
837 1164 1195 1231 rebellasset,
1242 1164 1347 1219 hoc
1394 1162 1630 1219 secundo
1683 1158 1931 1232 Gregorii

340 1272 504 1322 anno,
531 1257 598 1312 ad
629 1256 899 1311 saniorem
921 1264 1182 1323 mentem,
1210 1254 1325 1324 ejus
1346 1254 1544 1309 invicta
1577 1252 1931 1322 magnanimi-

342 1355 454 1403 tate
473 1362 537 1405 ac
556 1347 813 1419 patientia
838 1347 1169 1415 debellatus,
1215 1346 1444 1402 leliciter
1484 1345 1704 1401 tandem
1747 1345 1925 1401 rediit.

340 1439 443 1497 Bic
481 1440 764 1512 episcopus
806 1439 1102 1506 ferebatur,
1165 1438 1424 1509 pastorali
1478 1453 1608 1493 cura
1650 1437 1928 1506 derelicta,

337 1532 471 1589 solis
517 1547 710 1588 vacare
739 1531 1017 1596 conviviis,
1079 1538 1153 1595 et,
1205 1529 1350 1598 quod
1377 1528 1593 1598 gravius
1641 1541 1753 1593 est,
1803 1544 1931 1586 vasa

336 1641 492 1682 sacra
539 1625 943 1696 pretiosamque
986 1621 1244 1679 Ecclesia:
1272 1621 1679 1692 supellectilem,
1711 1637 1839 1678 suos
1871 1632 1931 1678 ut

338 1717 573 1786 ditaret,
626 1716 959 1772 distraxisse.
1022 1715 1121 1771 Cui
1174 1714 1459 1783 sacrilegio
1512 1730 1635 1770 cum
1687 1715 1930 1771 obstaret

337 1806 646 1864 Honoratus
685 1804 1115 1872 archidiaconus,
1148 1807 1291 1877 quod
1318 1809 1434 1877 ejus
1461 1815 1607 1863 esset
1634 1821 1722 1863 res
1746 1822 1928 1864 sacras

337 1914 642 1967 asservare,
672 1897 879 1953 Natalis
907 1915 1059 1965 eum,
1092 1908 1151 1954 ut
1172 1899 1239 1954 ab
1269 1900 1373 1955 hoc
1400 1896 1580 1955 ofﬁcio
1600 1908 1925 1968 removeret,
1960 1919 2007 1979 Β
2034 1910 2161 1974 post
2186 1903 2359 1957 multa
2392 1921 2405 1957 :
2457 1901 2607 1966 Quod
2632 1902 2678 1956 si
2724 1901 2934 1973 quilibet
2964 1918 3028 1955 ex
3070 1910 3290 1973 quatuor
3314 1903 3632 1971 patriarchis
3708 1937 3735 1959 ε»

335 1993 560 2049 honoris
570 1992 769 2063 specie,
790 1992 916 2047 licet
930 1991 1274 2059 renitentem,
1290 1992 1661 2067 presbyterum
1677 1993 1929 2050 ordinare

336 2086 544 2151 voluit;
576 2100 751 2157 neque
781 2084 924 2140 enim
947 2084 1238 2156 presbyter
1276 2092 1404 2140 tunc
1424 2084 1790 2140 archidiaconi
1810 2101 1929 2140 mu-

338 2191 471 2232 nere
492 2175 639 2245 fungi
675 2182 922 2245 poterat,
976 2183 1035 2229 ut
1059 2175 1460 2230 observavimus
1498 2175 1733 2230 maxime
1762 2191 1829 2230 ex
1865 2174 1925 2231 S.

337 2268 522 2326 Leone
549 2279 605 2325 et
625 2268 804 2339 Apoll.
852 2267 1075 2323 Sidonio
1100 2267 1154 2322 in
1175 2268 1317 2323 notis
1346 2268 1413 2323 ad
1441 2254 1700 2338 epistolas
1722 2267 1929 2323 indica-

340 2369 443 2418 tas.
492 2362 829 2418 Sententiam
872 2377 1025 2417 suam
1077 2360 1145 2417 de
1194 2360 1460 2417 Honorati
1506 2358 1810 2429 dejectione
1860 2360 1929 2415 ab

338 2454 777 2511 archidiaconatu
793 2452 848 2508 in
868 2452 1158 2523 provinciae
1177 2466 1287 2507 suae
1311 2451 1539 2507 concilio
1554 2460 1722 2505 ratam
1740 2450 1931 2507 haberi

338 2554 396 2601 et
440 2545 605 2615 gestis
633 2543 908 2615 synodicis
936 2541 1244 2598 conﬁrmari
1266 2542 1493 2598 curavit.
1548 2540 1753 2608 Quibus
1798 2554 1931 2596 sane

337 2638 471 2693 nihil
492 2637 748 2707 iniquitts,
779 2635 911 2690 nihil
943 2634 1195 2689 insulsius
1231 2651 1245 2686 :
1305 2632 1497 2688 eodem
1536 2632 1681 2688 enim
1705 2631 1926 2699 judicio,

339 2730 406 2784 ab
429 2726 794 2784 archidiaconi
842 2724 1147 2780 ministerio
1184 2731 1438 2792 tanquam
1480 2722 1729 2792 indignus
1754 2722 1932 2791 repel-

337 2819 548 2874 lebatur
577 2816 917 2879 Honoratus,
958 2822 1013 2870 et
1054 2821 1114 2869 ut
1160 2813 1352 2882 dignus
1396 2811 1464 2866 ad
1492 2812 1931 2883 presbyteratum

338 2908 733 2963 assumebatur.
765 2906 926 2976 (Vide
955 2906 1045 2960 lib.
1069 2922 1107 2971 ι,
1139 2922 1255 2976 epp.
1289 2903 1358 2959 19
1386 2912 1435 2958 et
1463 2902 1567 2970 20;
1597 2902 1689 2960 lib.
1722 2920 1779 2971 ιι,
1810 2921 1928 2975 epp.

338 2999 431 3068 18,
458 2999 525 3054 19
556 3008 605 3053 et
629 2998 730 3066 20;
766 2997 853 3052 lib.
884 3013 959 3065 ιιι,
990 3015 1071 3065 ep.
1097 2995 1210 3067 52.)

405 3089 465 3145 2.
505 3090 580 3145 De
609 3091 660 3145 vi
704 3089 806 3145 sibi
853 3089 999 3143 illata
1023 3087 1136 3158 jam
1184 3087 1676 3159 expostulationem
1728 3087 1934 3143 fecerat

336 3179 664 3247 Honoratus,
714 3188 768 3236 et
793 3179 862 3234 ad
907 3179 1184 3248 Pelagium
1231 3192 1427 3248 papam
1470 3177 1811 3246 confugerat;
1838 3177 1932 3246 qui

338 3280 647 3342 utrumque,
684 3271 1148 3342 archiepiscopum
1179 3270 1430 3325 videlicet
1454 3268 1934 3325 archidiaconum-

338 3380 445 3435 que
471 3364 657 3419 adesse
679 3363 872 3419 saltem
897 3377 994 3432 per
1019 3370 1402 3432 procuratores
1417 3362 1673 3431 jusserat,
1694 3372 1753 3417 ut
1780 3362 1847 3418 de
1866 3376 1932 3419 ea

338 3457 713 3514 controversia
750 3454 1009 3522 judicium
1050 3455 1237 3509 ferret.
1293 3452 1535 3509 Natalem
1586 3461 1932 3510 cunctantem

339 3559 398 3606 et
418 3563 597 3604 moras
619 3554 926 3603 nectentem
968 3532 1164 3599 iterum
1193 3544 1260 3598 ad
1282 3558 1498 3599 causam
1523 3543 1807 3600 dicendam
1837 3559 1932 3599 vo-

339 3642 485 3697 cavit
522 3640 583 3696 S.
612 3640 905 3709 Gregorius
932 3640 1105 3710 primo
1134 3638 1216 3693 sui
1238 3637 1582 3708 pontiﬁcatus
1607 3652 1769 3704 anno,
1794 3652 1932 3708 prae-

338 3734 593 3806 cepitque
614 3742 673 3788 ut
699 3743 824 3789 ante
850 3733 1035 3789 omnia
1059 3731 1393 3787 Honoratum
1425 3730 1479 3784 in
1508 3731 1792 3800 pristinum
1811 3745 1933 3800 gra-

339 3826 468 3882 dum
499 3824 831 3880 restitueret.
855 3823 1011 3878 Anno
1028 3838 1158 3878 vero
1183 3821 1435 3891 sequenti
1462 3822 1823 3877 comminatus
1849 3830 1934 3877 est

342 3917 395 3973 ei
422 3915 571 3986 pallii
595 3914 975 3983 privationem,
1004 3912 1049 3967 si
1072 3914 1445 3983 obtemperare
1464 3912 1748 3980 abnueret,
1764 3928 1827 3968 ac
1838 3912 1934 3969 de-

338 4023 487 4065 mum
515 4003 1151 4071 excommunicationem,
1182 4012 1240 4057 ut
1264 4018 1295 4056 a
1332 4016 1563 4072 corpore
1592 4010 1648 4057 et
1674 4002 1935 4071 sanguine

344 4099 558 4157 Domini
588 4106 734 4154 esset
779 4097 1081 4161 abstentus,
1138 4094 1241 4150 nisi
1285 4094 1430 4149 male
1458 4102 1577 4149 acta
1599 4093 1931 4150 emendaret.

345 4194 423 4248 De
451 4192 783 4264 episcopatu,
832 4203 902 4243 an
957 4188 1010 4242 in
1037 4187 1155 4257 ipso
1196 4199 1517 4258 permanere
1542 4185 1783 4251 deberet,
1826 4184 1933 4242 alio

340 4284 706 4340 deﬁniendum
732 4280 938 4351 judicio
977 4277 1295 4334 reservavit.
1364 4274 1633 4331 Praeterea
1670 4275 1724 4330 in
1754 4275 1934 4332 locum

343 4377 609 4433 Honorati
636 4374 941 4430 ordinatum
979 4369 1420 4426 archidiaconum
1446 4367 1786 4439 depositione
1814 4369 1931 4438 ple-

345 4468 597 4525 ctendum
632 4467 864 4530 censuit,
898 4472 953 4521 et
975 4466 1021 4520 si
1043 4464 1182 4520 ultra
1206 4466 1313 4521 hoc
1332 4464 1387 4520 in
1417 4463 1596 4520 ofﬁcio
1626 4464 1934 4521 ministrare

344 4566 714 4631 pzaesumeret,
742 4571 910 4615 sacrae
935 4557 1329 4613 communionis
1358 4563 1634 4612 exsortem
1658 4570 1777 4613 esse
1802 4570 1935 4627 pro-

346 4649 633 4705 nuntiavit.

835 419 897 479 ε.
938 415 1273 475 GBEGORII
1312 415 1527 474 MAGNI
1567 416 1747 483 VITA,
1791 413 1885 470 EX
1918 408 2089 468 'EJUS
2127 404 2436 466 SCRIPTIS
2472 410 2871 470 ADORNATA.
2905 411 3037 469 LIB.
3074 390 3147 469 ll.

3522 415 3630 473 5M

2036 543 2136 585 nos
2162 526 2540 583 commendata
2566 529 2819 599 leguntur
2846 538 2902 586 et
2921 529 3165 597 laudata;
3196 529 3298 586 sibi
3340 529 3630 588 tribulatio-

2034 618 2184 674 nibus
2211 635 2388 691 presso
2418 619 2648 676 liberum
2676 637 2787 678 non
2816 638 2936 680 esse
2962 622 3184 680 lectioni
3207 638 3372 679 sacrte
3401 640 3625 696 operam

2032 711 2181 778 dare,
2230 719 2286 766 at
2315 726 2425 767 non
2469 712 2593 768 ideo
2619 713 2988 769 intermissum
3036 715 3434 786 praedicationis
3460 724 3643 788 ,opus.’

2031 801 2171 871 Quid
2198 803 2267 859 de
2314 803 2458 859 vasis
2487 804 2655 860 sacris
2679 804 2981 873 distractis,
3011 806 3140 875 quid
3169 806 3237 862 de
3255 806 3536 863 Honorato
3562 807 3631 864 ab

2031 898 2472 955 archidiaconatu
2517 898 2705 955 avulso
2756 900 3148 971 responderit,
3206 903 3509 959 subticetur
3561 905 3617 961 in

2030 991 2264 1061 epistola
2289 1005 2451 1061 quam
2479 990 2548 1046 ad
2575 989 2824 1046 eumdem
2850 988 3145 1059 Gregorius
3166 993 3502 1049 scribendam
3538 994 3629 1066 ju-

2031 1084 2254 1152 dicavit,
2284 1093 2345 1140 ut
2362 1084 2638 1141 hominem
2667 1091 3072 1155 exasperatum,
3109 1084 3177 1140 tle
3205 1087 3419 1144 sincera
3444 1096 3626 1147 tamen

2031 1175 2340 1232 obedientia
2365 1177 2745 1247 spondentem,
2788 1176 2878 1247 pia
2903 1172 3208 1233 humilitate
3234 1179 3526 1249 mitigaret,
3558 1196 3628 1239 ac

2030 1267 2085 1322 in
2110 1268 2305 1338 spiritu
2332 1268 2589 1335 lenitatis,
2639 1268 2718 1322 uti
2747 1266 2908 1323 docet
2931 1267 3251 1337 Apostolus,
3308 1271 3626 1329 instrueret.

2030 1358 2374 1414 Admiremur
2389 1374 2514 1414 eum
2537 1359 2612 1413 ita
2632 1357 2863 1425 blandis,
2896 1357 3206 1414 elﬁcac'tbus
3230 1367 3410 1415 tamen
3426 1362 3625 1430 verbis,

2035 1448 2217 1503 oleum
2244 1448 2403 1504 simul
2431 1459 2488 1504 et
2515 1447 2699 1504 vinum
2746 1447 2951 1503 Natalis
3001 1447 3312 1505 vulneribus
3342 1450 3631 1508 infunden-

2032 1548 2181 1596 tem:
2228 1539 2384 1607 Ecce,
2415 1540 2609 1610 inquit,
2659 1542 2961 1612 fraternitas
3007 1548 3099 1594 tua
3136 1557 3274 1613 (egre
3326 1543 3443 1598 tulit
3483 1560 3539 1599 se
3565 1546 3630 1600 de

2030 1631 2277 1685 conviviis
2301 1646 2414 1685 esse
2440 1631 2824 1701 reprehensam,
2849 1646 2964 1684 cum
2983 1647 3098 1701 ego,
3126 1631 3214 1700 qui
3235 1632 3334 1685 etsi
3363 1633 3496 1686 hanc
3526 1650 3632 1689 non

2031 1722 2160 1789 vita,
2187 1720 2356 1775 tamen
2380 1721 2491 1775 loco
2518 1719 2895 1791 transgredior,
2946 1717 3009 1772 ab
3032 1718 3269 1774 omnibus
3300 1721 3512 1791 corripi,
3562 1723 3627 1776 ab

2030 1812 2267 1868 omnibus
2297 1811 2562 1866 emendari
2583 1821 2799 1879 paratus
2830 1811 2930 1864 sim
2959 1809 3097 1879 (Lib.
3129 1826 3187 1877 ll,
3219 1827 3302 1882 ep.
3329 1810 3440 1882 52).
3471 1811 3634 1868 Addit

2032 1997 2236 2068 fecisset
2261 1994 2537 2065 (nimirum
2552 1994 2693 2050 sedis
2714 1994 3023 2063 apostolica:
3037 1993 3373 2064 despexisset
3380 1994 3628 2065 judicia),

2031 2090 2144 2142 sine
2192 2089 2498 2159 gravissimo
2540 2087 2791 2141 scandalo
2845 2098 2986 2141 tanta
3027 2090 3353 2143 contumacia
3402 2090 3630 2144 transire

2032 2182 2174 2236 nullo
2203 2180 2355 2236 modo
2376 2181 2646 2251 potuisset.
2693 2180 2886 2234 Tamen
2922 2190 3195 2251 postquam
3217 2182 3520 2252 fraternitas
3549 2197 3633 2235 ve-

2032 2283 2142 2328 stra
2164 2274 2233 2326 ad
2262 2289 2413 2327 suum
2442 2273 2676 2328 ordinem
2705 2272 2878 2339 rediit,
2906 2289 2999 2328 nec
3020 2289 3113 2343 ego
3134 2288 3261 2328 mete
3286 2288 3379 2327 nec
3399 2274 3635 2329 decesso-

2032 2369 2107 2422 ris
2127 2368 2229 2421 mei
2252 2366 2465 2436 injuria:
2493 2381 2687 2419 memor
2709 2382 2823 2420 sum
2846 2363 3059 2437 (Ibid.).

2104 2457 2353 2528 Magnam
2401 2457 2665 2528 Gregorio
2690 2457 2933 2513 laetitiam
2962 2457 3144 2513 attulit
3190 2457 3396 2514 Natalis
3456 2458 3632 2529 poeni-

2034 2549 2227 2615 tentia,
2284 2551 2351 2604 de
2402 2563 2509 2618 qua
2560 2548 2645 2603 his
2671 2548 2852 2604 verbis
2905 2549 3194 2604 certiorem
3223 2548 3484 2606 fecithoc
3513 2551 3632 2621 ipso

2034 2656 2179 2696 anno
2202 2639 2467 2705 Joannem
2499 2639 2869 2696 Ravennatem
2903 2657 2918 2693 :
2974 2639 3055 2694 De
3078 2644 3247 2713 fratre
3272 2650 3443 2697 autem
3470 2652 3519 2697 et
3547 2660 3637 2698 co-

2034 2731 2274 2800 episcopo
2314 2738 2494 2784 nostro
2534 2728 2722 2784 Natali
2764 2730 2915 2785 valde
2970 2732 3338 2798 contristabar,
3393 2734 3528 2804 quod
3572 2735 3638 2789 de

2032 2818 2126 2874 illo
2158 2819 2395 2891 quwdam
2452 2819 2673 2890 superba
2714 2836 3091 2891 cognoveram;
3147 2821 3239 2876 sed
3290 2824 3411 2893 quia
3465 2840 3635 2877 mores

2036 2924 2157 2963 suos
2206 2909 2316 2977 ipse
2364 2909 2610 2977 correxit,
2652 2925 2820 2963 meam
2871 2910 3338 2981 tristitiam‘simul
3383 2912 3636 2982 meipsum

2034 2998 2281 3054 vincendo
2310 3000 2608 3054 consolatus
2638 3007 2717 3054 est
2747 2997 2891 3070 (Lib.
2924 3015 2983 3067 ιι,
3010 3017 3092 3070 ep.
3125 2998 3243 3070 52).

2106 3089 2161 3145 4.
2201 3088 2379 3145 Natali
2407 3089 2568 3160 paulo
2596 3098 2721 3160 post
2749 3106 2780 3145 e
2806 3090 2941 3145 vivis
2969 3090 3208 3159 sublato,
3236 3089 3533 3161 Gregorius
3568 3090 3637 3147 ad

2037 3181 2367 3237 Antoninum
2396 3181 2789 3238 subdiaconum
2816 3181 3071 3252 scripsit,
3118 3190 3179 3237 ut
3205 3181 3275 3238 de
3303 3184 3638 3241 successoris

1960 3301 2007 3364 ο
2037 3272 2305 3364 electione
2354 3272 2621 3364 sollicitus
2670 3281 2835 3329 esset.
2895 3271 2960 3327 Et
3012 3273 3137 3343 quia
3178 3289 3243 3329 ex
3270 3275 3385 3344 ejus
3411 3276 3639 3346 epistola

2036 3356 2286 3433 quasnam
2327 3362 2657 3420 electionum
2691 3371 2821 3419 tunc
2874 3370 3018 3421 esset
3046 3364 3220 3420 forma
3271 3365 3401 3421 licet
3442 3366 3640 3423 intelli-

2034 3468 2179 3525 gere,
2205 3454 2451 3525 quietiam
2476 3469 2547 3512 ex
2588 3470 2654 3512 ea
2684 3455 2941 3525 decerpta
2976 3456 3081 3513 hoc
3108 3456 3229 3513 loco
3257 3458 3634 3526 subjiciemus.

2034 3545 2382 3620 Experientia
2414 3556 2520 3615 tua,
2553 3546 2748 3618 inquit,
2772 3549 2913 3602 omni
2942 3549 3198 3602 instantia
3228 3551 3470 3619 omnique
3495 3550 3638 3605 solli-

2034 3637 2263 3691 citudine
2290 3637 2486 3692 clerum
2507 3645 2557 3689 et
2578 3637 2823 3708 populum
2850 3637 3081 3709 ejusdem
3110 3639 3331 3692 civitatis
3359 3640 3641 3694 admonere

2036 3728 2263 3799 festinet,
2313 3737 2566 3799 quatenus
2596 3743 2700 3782 uno
2732 3744 2988 3782 consensu
3031 3729 3383 3784 ordinandum
3412 3730 3512 3784 sibi
3542 3731 3639 3784 de-

2037 3817 2188 3871 beant
2236 3818 2427 3887 eligere
2473 3817 2793 3872 sacerdotem
2815 3861 2830 3886 ,
2877 3820 3114 3890 factoque
3140 3821 3195 3873 in
3219 3836 3491 3884 personam
3521 3837 3637 3891 quin

2038 3908 2195 3978 fuerit
2221 3906 2381 3960 electa
2413 3906 2641 3975 decreto,
2670 3909 2739 3961 ad
2766 3925 2862 3963 nos
2890 3911 3241 3964 transmittere
3284 3911 3531 3978 studebis,
3580 3921 3639 3967 ut

2037 4012 2155 4049 cum
2180 4005 2359 4050 nostro
2382 4013 2654 4064 consensu,
2683 3999 2816 4052 sicut
2836 4000 3022 4068 priscis
3053 4000 3153 4071 fuit
3181 4001 3513 4070 temporibus,
3545 4020 3637 4059 or-

2038 4088 2262 4143 dinetur.
2292 4087 2436 4143 Illud
2461 4089 2665 4161 quidem
2687 4106 2797 4160 pra:
2828 4089 3063 4144 omnibus
3095 4089 3185 4144 tibi
3213 4107 3352 4146 curta
3378 4094 3467 4155 sit,
3497 4102 3553 4146 ut
3579 4093 3637 4148 in

2039 4180 2137 4234 hac
2161 4180 2407 4235 electione
2426 4197 2519 4234 nec
2550 4179 2691 4236 datio
2726 4180 3106 4253 quibuscunque
3123 4180 3288 4235 modis
3319 4182 3628 4237 interveniat

2037 4271 2388 4342 praemiorum,
2433 4286 2528 4325 nec
2568 4271 2915 4343 quarumlibet
2955 4288 3296 4341 personarum
3342 4276 3638 4344 patrocinia

2039 4363 2396 4419 convalescant
2423 4361 2563 4434 (Lib.
2597 4379 2674 4429 ιιι,
2701 4378 2782 4435 ep.
2815 4362 2929 4432 22).

2109 4454 2247 4520 Quid
2281 4468 2408 4509 vero
2437 4468 2581 4509 cura:
2609 4454 2985 4525 impenderent
3006 4468 3207 4514 sancue
3235 4457 3377 4515 sedis
3402 4457 3637 4521 ministri

2039 4555 2134 4603 aut
2158 4547 2342 4617 legati,
2366 4548 2543 4617 qualis
2567 4555 2686 4603 erat
2714 4547 3019 4607 Antoninus
3048 4549 3431 4614 subdiaconus,
3462 4556 3521 4603 ut
3548 4549 3635 4605 in-

2041 4648 2185 4696 tacta
2215 4646 2666 4696 conservarentur
2680 4638 2937 4697 Ecclesiae
2957 4642 3101 4697 bona
3122 4648 3338 4697 mortuo
3354 4640 3633 4710 episcopo,

418 4737 496 4793 De
516 4737 599 4793 liis
621 4734 913 4806 Gregorius
954 4736 1217 4792 certiores
1244 4734 1370 4792 fecit
1410 4737 1690 4794 universos
1717 4736 1934 4793 Dalma-
1967 4694 2018 4754 Ι)
2042 4729 2296 4786 discimus
2317 4745 2385 4785 ex
2414 4730 2497 4784 his
2526 4730 2704 4785 verbis
2732 4748 2746 4783 :
2780 4728 2859 4784 De
2887 4728 3036 4783 rebus
3058 4729 3136 4782 vel
3157 4738 3461 4784 ornamento
3492 4730 3635 4799 ejus-

348 4831 437 4885 tim
463 4831 748 4900 episcopos
795 4836 850 4883 et
881 4827 1173 4883 Antonium
1224 4827 1630 4897 subdiaconum,
1683 4829 1937 4885 ecclesia-

347 4925 469 4981 stici
501 4922 805 4995 patrimonii
836 4928 1104 4977 rectorem
1131 4921 1184 4976 in
1201 4920 1304 4976 hac
1333 4922 1632 4992 provincia,
1677 4924 1766 4978 cui
1783 4920 1939 4993 jubet

348 5016 512 5071 latam
543 5017 597 5071 in
615 5014 856 5070 Natalem
879 5022 934 5068 et
954 5012 1007 5067 in
1031 5012 1293 5067 intrusum
1316 5012 1383 5067 ab
1411 5026 1477 5068 eo
1499 5013 1935 5070 archidiaconum

348 5116 696 5175 sententiam,
727 5107 940 5177 utrique
965 5105 1253 5176 praemissis
1292 5104 1783 5173 adhortationibus,
1842 5107 1938 5162 de’

349 5199 619 5256 nuntiare.
644 5197 723 5254 Ne
746 5212 879 5253 vero
902 5193 1149 5262 Jobinus,
1175 5192 1371 5265 Illyrici
1399 5192 1703 5265 prtefectus,
1759 5194 1936 5250 Natali

346 5290 787 5363 patrocinaretur
839 5286 1070 5360 (sciebat
1096 5286 1239 5342 enim
1267 5300 1393 5340 eum
1421 5284 1771 5356 Optimatibus
1797 5300 1936 5356 quos

312 5382 609 5439 'conviviis
660 5380 962 5453 excipiebat
1000 5393 1120 5436 esse
1160 5378 1494 5450 pergratum)
1548 5377 1696 5433 illum
1725 5379 1937 5450 scriptis

344 5474 538 5529 litteris
560 5474 771 5542 rogavit
802 5489 873 5529 ne
900 5487 1060 5544 opem
1088 5486 1184 5528 reo
1212 5479 1401 5528 contra
1442 5469 1701 5541 justitiam
1747 5470 1931 5528 ferret.

345 5564 511 5637 (Vide
535 5564 624 5620 lib.
649 5581 690 5633 ι,
719 5582 836 5636 epp.
871 5563 939 5617 19
964 5572 1013 5619 et
1033 5562 1150 5635 20.)

415 5656 470 5711 3.
512 5653 716 5711 Natalis
766 5668 910 5724 aegre
933 5653 1055 5713 tulit
1082 5670 1277 5727 papam
1324 5653 1425 5710 sibi
1455 5666 1669 5725 poenam
1712 5664 1937 5708 excomv.

343 5747 733 5806 municationis
758 5760 879 5803 esse
906 5747 1314 5813 comminatum,
1367 5755 1423 5802 et
1468 5747 1523 5801 in
1550 5745 1633 5802 sui
1660 5743 1936 5801 defensio-

344 5856 471 5899 nem
497 5840 564 5895 ad
590 5854 717 5897 eum
736 5837 989 5908 scripsit:
1018 5838 1266 5894 convivia
1287 5853 1396 5897 non
1425 5837 1694 5895 dedecere
1718 5836 1934 5907 episco-

342 5948 495 6006 pum,
518 5947 639 6004 qusc
660 5932 716 5990 in
726 5945 885 5991 sacra
902 5927 1186 6001 Scriptura
1208 5938 1262 5989 et
1281 5928 1421 6003 apud
1439 5939 1649 5990 veteres
1668 5927 1934 5990 Christi»

2042 4823 2160 4878 dem
2203 4823 2454 4887 ecclesiae,
2500 4822 2726 4893 ﬁdeliter
2775 4838 2948 4876 rerum
2981 4822 3328 4876 inventarium
3372 4824 3531 4894 facito
3589 4832 3639 4877 te

2041 4923 2299 4987 praesente
2351 4911 2627 4968 conscribi.
2679 4912 2752 4966 Et
2779 4928 2844 4965 ne
2884 4911 3033 4967 rebus
3069 4913 3198 4983 ipsis
3237 4916 3398 4983 possit
3439 4915 3638 4987 aliquid

2041 5005 2294 5072 deperire,
2342 5003 2649 5073 Respectum
2694 5003 2974 5056 diaconum
3004 5012 3154 5075 atque
3182 5003 3502 5074 Stephanum
3524 5007 3635 5076 pri-

2042 5096 2303 5151 micerium
2327 5095 2646 5150 notariorum
2666 5102 2722 5147 ut
2742 5094 2977 5166 ipsarum
3000 5112 3172 5150 rerum
3192 5099 3402 5152 omnino
3423 5106 3632 5169 gerant,

2043 5187 2330 5242 custodiam
2357 5185 2653 5249 admoneto,
2695 5186 3039 5241 interminum
3077 5188 3153 5242 eis
3194 5188 3258 5241 de
3284 5190 3497 5259 propria
3544 5203 3636 5242 eos

2041 5282 2403 5352 satisfacturos
2425 5294 2537 5333 esse
2556 5278 2868 5345 substantia,
2895 5280 2944 5333 si
2958 5279 3235 5352 quidquam
3250 5279 3439 5334 exinde
3457 5294 3634 5332 eorum

2043 5373 2355 5445 negligentia
2386 5372 2540 5445 fuerit
2556 5371 2901 5425 imminutum.
2927 5370 3168 5439 Denique
3194 5369 3261 5425 de
3287 5368 3634 5439 suppeditan-

2043 5467 2125 5524 dis
2150 5465 2400 5522 omnibus
2427 5464 2493 5519 ad
2515 5463 2838 5519 electionem
2867 5461 3186 5517 necessariis
3214 5461 3289 5515 ita
3319 5459 3482 5530 235
3508 5471 3633 5512 mo-

2043 5566 2173 5615 net:
2203 5555 2447 5630 Expensa
2473 5572 2592 5611 vero
2631 5570 2748 5629 quae
2774 5554 3069 5609 necessaria
3098 5552 3273 5623 fuerit,
3315 5568 3408 5621 per
3430 5564 3635 5604 oecono-

2043 5670 2184 5707 mum
2223 5653 2308 5722 qui
2355 5660 2580 5722 tempore
2626 5649 2805 5704 mortis
2846 5645 3083 5717 prwdicti
3130 5644 3357 5716 episcopi
3400 5646 3634 5698 inventus

2040 5753 2120 5802 est
2146 5752 2405 5815 erogetur,
2449 5750 2699 5812 quatenus
2728 5739 2957 5795 rationes
2995 5752 3118 5792 suas
3174 5737 3348 5808 futuro
3394 5739 3635 5808 episcopo

2038 5840 2170 5911 ipse,
2186 5845 2243 5890 ut
2262 5837 2420 5901 novit,
2442 5841 2691 5903 exponat.

2112 5924 2233 5988 Non
2273 5926 2466 5985 leviter
2490 5921 2864 5997 praetereunda
2907 5921 3125 5982 fuerunt
3157 5919 3305 5990 hinc,
3356 5921 3631 5998 inquibus
