4138 6460
840 290 867 312 Ἰ

562 386 672 449 at:

1056 382 1117 440 S.
1156 379 1485 438 GREGORII
1527 376 1969 447 MAGNLVITA,
2016 373 2108 429 EX
2152 371 2313 429 EJUS
2351 372 2657 429 SCRIPTIS
2696 370 3094 427 ADORNATA.
3136 370 3266 427 LIB.
3309 370 3375 426 ΙΙ.

3742 366 3856 423 5ίῦ

566 514 713 566 tanta
741 505 918 561 elucet
939 501 1194 558 Romana:
1221 499 1365 555 sedis
1392 498 1716 563 auctoritas,
1761 496 1923 551 etiam
1955 496 2005 548 in
2030 509 2141 549 me-
2170 493 2226 549 Α
2250 491 2423 545 ofﬁcia
2455 498 2706 561 poterant
2730 490 2871 557 cogi.
2903 488 3162 557 Reliquas
3182 486 3368 555 copias
3391 485 3655 541 eduxerat
3678 500 3850 540 exar-
3881 468 3886 489 ¹

563 595 915 665 tropolitanas
939 598 1089 647 extra
1111 588 1318 644 Italiam
1361 588 1636 643 ecclesias.
1683 586 1982 655 Aliquando
2011 581 2146 639 Gre-

563 688 744 758 gorius
764 685 905 738 hanc
928 684 1253 739 electionum
1271 696 1453 737 curam
1475 680 1637 735 dabat
1658 680 1921 749 episcopis
1943 675 2082 751 (Lib.
2106 695 2146 744 ι,

561 790 644 845 ep.
678 771 773 837 57;
803 773 890 825 lib.
922 787 979 836 ιι,
1011 788 1096 841 ep.
1126 770 1218 840 58)
1238 812 1252 835 ,
1282 770 1569 840 aliquando
1596 770 1758 824 etiam
1780 769 2051 838 judicibus
2095 776 2149 822 et

561 865 977 933 magistratibus,
1004 871 1063 917 ut
1082 872 1397 931 argumento
1419 868 1501 915 est
1521 860 1747 930 epistola
1774 856 1842 911 15
1862 860 1953 912 lib.
1978 875 2052 922 ιιι,
2081 859 2150 913 ad

559 953 799 1009 Judicem
826 944 1131 1023 Campaniae
1161 968 1224 1007 ea
1254 952 1322 1007 de
1366 966 1424 1005 re
1448 950 1668 1019 scripta.
1700 948 1810 1003 Sed
1854 949 2001 1003 laicis
2032 949 2150 1002 nul-

560 1024 668 1097 lam
691 1044 743 1097 in
774 1043 914 1097 bona
944 1041 1195 1097 Ecclesize
1236 1050 1562 1112 potestatem
1596 1041 1832 1106 tradidit,
1868 1040 2006 1094 facta
2037 1041 2145 1094 sci-

560 1131 687 1187 licet
709 1133 836 1203 ipsis
862 1140 1068 1186 tantum
1095 1132 1248 1201 c0pia
1296 1131 1467 1201 plebis
1495 1128 1814 1184 Christiana:
1856 1128 1921 1183 ad
1950 1129 2151 1198 eligen-

560 1221 687 1278 dum
718 1224 1031 1292 episcopum
1055 1220 1441 1276 convocandzc.

632 1314 848 1371 Electus
867 1313 963 1368 fuit
983 1330 1013 1368 a
1035 1314 1179 1370 clero
1202 1314 1255 1369 in
1279 1310 1655 1369 Salonitanum
1681 1312 2149 1381 archiepiscopum

568 1406 878 1461 Honoratus
906 1406 1335 1469 archidiaconus,
1380 1404 1447 1459 de
1478 1418 1585 1472 quo
1606 1402 1716 1472 jam
1740 1418 1881 1473 swpe
1914 1402 2149 1468 dictum;

569 1498 714 1568 quod
747 1508 1055 1567 pergratum
1086 1498 1347 1567 Gregorio
1371 1497 1504 1552 fuit:
1532 1505 1868 1567 perspectam
1888 1496 2028 1551 enim
2058 1497 2153 1549 ha-

564 1590 725 1646 bebat
748 1590 905 1661 hujus
926 1590 1025 1645 viri
1054 1591 1398 1660 probitatem,
1423 1588 1809 1655 constantiam,
1832 1596 1886 1641 et
1913 1587 1965 1641 in
1990 1588 2152 1641 rebus

564 1681 813 1752 gerendis
860 1682 1217 1753 prudentiam.
1250 1674 1353 1735 Sed
1394 1679 1511 1750 ejus
1540 1677 1725 1735 sedem
1757 1679 1949 1733 invasit
1974 1677 2150 1732 Maxi-

567 1788 707 1840 mus,
741 1773 1061 1828 auctoritate
1088 1773 1407 1843 optimatum
1437 1770 1624 1838 t'retus,
1658 1778 1714 1824 ut
1743 1768 1877 1823 infra
1901 1786 2000 1823 suo
2028 1768 2151 1823 loco

2253 585 2404 649 chus,
2428 584 2620 652 quibus
2649 586 2808 637 aucto
2837 581 3115 649 exercitu,
3160 586 3443 648 receperat
3479 578 3658 635 subito
3698 579 3858 634 velut

2253 676 2454 746 impetu
2484 674 2723 729 Sutrium
2746 716 2759 740 ,
2794 671 3171 727 Polimartium
3189 715 3203 739 ,
3232 672 3487 735 Hortum,
3514 670 3811 725 Tudertum
3835 715 3852 733 ,

2254 764 2556 827 Ameriam,
2608 761 2909 818 Perusium.
2960 762 3095 817 Hinc
3143 764 3387 831 queritur
3436 760 3729 829 Gregorius
3779 762 3854 815 ad

2254 858 2566 912 Mauricium
2593 858 2835 912 scribens
2866 857 2884 927 (
2902 855 3086 921 Lib.v,
3115 855 3329 925 ep.40),
3374 854 3623 922 Romani,
3656 863 3715 909 ut
3745 853 3855 909 Pe-

2255 949 2456 1003 rusium
2479 956 2775 1014 teneretur,
2810 947 2972 1001 fuisse
2998 947 3243 1001 relictam
3268 964 3280 999 :
3308 946 3544 1001 maxime
3589 962 3719 1002 vero
3746 962 3850 1016 pa-

2254 1053 2371 1092 cem
2394 1053 2553 1107 quam
2576 1038 2691 1109 ipse
2706 1039 3085 1107 impetraverat
3106 1052 3137 1092 a
3158 1036 3549 1106 Langobardis,
3575 1035 3850 1091 Etruriam

2254 1130 2638 1195 obtinentibus,
2675 1138 2873 1184 temere
2899 1129 3154 1184 violatam
3178 1127 3339 1184 deflet
3366 1145 3549 1185 amare
3597 1129 3717 1200 pius
3748 1130 3845 1186 ille

2254 1219 2402 1288 pacis
2428 1219 2667 1287 angelus.
2694 1216 2768 1272 lta
2802 1235 2925 1274 cum
2952 1229 3100 1273 tanta
3134 1236 3257 1291 spes
3279 1219 3567 1277 affulsisset
3588 1221 3851 1291 pacanda:

2256 1310 2421 1364 totius
2448 1309 2635 1374 Italian,
2667 1326 2789 1365 cum
2822 1308 3060 1364 Ariulfus
3090 1311 3205 1380 ipse
3228 1310 3340 1379 jam
3364 1312 3413 1364 in
3438 1323 3617 1380 partes
3649 1308 3853 1365 Roma-

2256 1418 2448 1456 norum
2483 1403 2790 1461 inclinaret.
2818 1418 2991 1472 neque
3021 1419 3049 1456 a
3083 1419 3215 1471 pace
3240 1402 3559 1459 abhorreret
3586 1403 3856 1472 Agilullus

2254 1508 2371 1557 rex,
2402 1508 2434 1547 a
2481 1488 2867 1561 Theodelinda,
2910 1509 3028 1563 qua:
3064 1494 3313 1561 Gregorii
3364 1494 3851 1549 observantissima

2256 1595 2394 1649 erat,
2423 1587 2696 1655 mitigatus
2718 1630 2731 1652 ,
2764 1588 3005 1642 atrocius
3028 1587 3245 1652 bellum,
3272 1588 3341 1642 ob
3369 1588 3593 1642 Romani
3626 1588 3855 1642 exarchi

2257 1677 2558 1747 perﬁdiam,
2587 1678 2877 1733 recruduit.
2912 1677 3025 1733 Rex
3067 1680 3264 1733 etenim
3298 1679 3502 1733 illatam
3547 1695 3657 1733 sua:
3704 1678 3858 1749 genti

2258 1768 2399 1822 mala
2430 1768 2533 1824 fide
2560 1769 2809 1838 injuriam
2843 1769 3080 1836 ullurus,
3134 1768 3414 1825 Perusium
3444 1772 3659 1827 obsedit
3679 1786 3857 1841 expu-

566 1865 967 1934 diceturzquze
996 1866 1139 1921 enim
1190 1866 1277 1920 hic
1324 1864 1391 1919 de
1438 1872 1615 1919 morte
1672 1862 1875 1918 Natalis
1931 1860 2157 1931 ejusque
2189 1856 2572 1927 Bgnavitque,
2619 1868 2777 1929 capto
2828 1858 3153 1915 Maurisione
3196 1858 3668 1929 Langobardorum
3714 1861 3863 1919 duce

563 1958 889 2012 successoris
919 1957 1187 2012 electione
1209 1958 1503 2025 attigimus,
1529 1971 1625 2027 per
1643 1963 1981 2011 antecessum
2006 1954 2152 2008 dicta

560 2060 705 2115 sunt,
732 2060 789 2104 ut
819 2066 921 2104 una
951 2049 1251 2120 eademque
1273 2050 1429 2113 serie,
1454 2048 1713 2119 quidquid
1740 2047 1807 2102 ad
1828 2054 2147 2101 controver-

534 2144 695 2213 ~siam
743 2142 891 2197 illum
940 2143 1080 2197 inter
1128 2151 1183 2195 et
1231 2140 1565 2197 Honoratum
1605 2151 1808 2195 motam
1860 2138 2156 2211 pertineret

562 2243 899 2291 contractum
929 2234 999 2288 ob
1030 2232 1216 2287 oculos
1246 2241 1559 2302 poneretur.
1604 2230 1753 2285 Nunc
1798 2244 1905 2301 quo
1934 2245 2033 2284 nos
2062 2244 2153 2283 re-

563 2333 725 2381 vocat
753 2324 887 2379 ordo
913 2332 1218 2393 temporum
1248 2321 1549 2377 redeamus.

640 2414 690 2467 5.
734 2415 867 2470 Cum
898 2416 951 2469 in
984 2414 1132 2468 italia
1162 2429 1248 2467 res
1278 2412 1782 2483 imperiinutarent,
1811 2428 1878 2468 ne
1898 2413 2158 2468 schisma-

566 2503 655 2559 tici
686 2503 929 2559 Venetia:
958 2502 1011 2558 et
1041 2502 1205 2557 [striae
1233 2501 1612 2571 desperatione
1643 2502 1748 2555 acti
1787 2500 2158 2571 Langobardis

564 2593 895 2650 deditionem
946 2594 1203 2660 facerent,
1236 2593 1281 2648 si
1312 2593 1377 2647 ad
1405 2593 1725 2662 ejurandum
1753 2593 1983 2648 schisma
2012 2610 2158 2647 com-

562 2685 918 2757 pellerentur,
968 2680 1251 2737 Mauricius
1282 2683 1557 2753 Augustus
1604 2681 1925 2751 Gregorium
1976 2683 2160 2737 admo-

567 2776 684 2830 nuit
713 2781 771 2828 ut
800 2790 831 2829 a
860 2773 911 2827 vi
939 2781 994 2828 et
1022 2770 1305 2828 coactione
1354 2773 1567 2828 interim
1616 2773 1930 2829 abstineret.
1979 2774 2160 2844 Nuper

564 2864 798 2935 Gradus,
825 2863 1010 2921 Severi
1033 2866 1503 2921 schismaticurum
1526 2867 1843 2935 patriarcha:
1864 2865 2039 2929 sedes,
2076 2867 2161 2920 in-

565 2958 758 3013 cendio
786 2965 995 3012 vastata
1028 2957 1229 3023 fuerat;
1263 2954 1406 3026 quod
1439 2958 1608 3011 movit
1647 2953 1913 3011 Joannem
1940 2956 2153 3012 Raven-

568 3060 748 3106 natem
775 3068 807 3105 a
836 3060 1025 3109 sancto
1054 3050 1311 3123 pontifice
1342 3051 1643 3123 postulare,
1673 3059 1732 3104 ut
1759 3050 1887 3104 illuc
1917 3042 2154 3104 eleemo-

565 3159 726 3214 synas
755 3144 969 3198 mittere
998 3154 1211 3198 curaret
1241 3140 1378 3214 (Lib.
1416 3160 1469 3203 ll,
1502 3161 1583 3213 ep.
1618 3141 1739 3213 46);
1764 3141 1850 3196 cui
1881 3141 2159 3211 respondit

2263 1949 2352 2019 qui
2384 1948 2450 2003 ad
2482 1948 2758 2006 Romanos
2787 1949 3078 2006 defecerat.
3115 1949 3230 2023 (Cf.
3270 1950 3424 2006 Paul.
3458 1950 3610 2007 Diac.
3643 1952 3734 2007 lib.
3772 1971 3857 2021 tv,

2258 2055 2304 2092 ε.
2339 2035 2391 2091 8.

2339 2039 2391 2091 8.
2778 2062 2794 2076 ·

2330 2039 2579 2198 Le)genda
2612 2139 2694 2186 est
2722 2146 2786 2186 ex
2816 2130 3027 2201 integro
3053 2131 3163 2202 jam
3193 2132 3409 2188 laudata
3439 2135 3668 2205 epistola
3698 2133 3857 2207 (Lib.

2260 2222 2317 2286 ιι,
2365 2237 2447 2289 ep.
2500 2219 2611 2290 46),
2664 2234 2719 2276 ιιι
2770 2222 3085 2292 exploretur
3133 2234 3331 2294 quanta
3382 2225 3709 2281 calamitosis
3756 2227 3863 2282 illis

2261 2312 2595 2382 temporibus
2616 2319 2761 2368 esset
2784 2330 2936 2385 papae
2959 2330 3107 2382 cura,
3134 2324 3193 2370 ut
3216 2317 3644 2386 periclitantibus
3665 2319 3864 2373 civita-

2264 2400 2403 2455 tibus
2431 2401 2825 2468 subveniretur,
2873 2414 2930 2457 ut
2980 2403 3122 2459 bello
3152 2406 3295 2477 capti
3324 2405 3449 2460 data
3480 2422 3546 2461 ex
3596 2405 3855 2463 Ecclesia:

2263 2494 2453 2549 aerario
2488 2494 2716 2564 pecunia
2760 2495 3176 2563 redimerentur,
3213 2500 3447 2553 maxime
3488 2514 3618 2555 vero
3655 2509 3711 2554 ut
3752 2517 3858 2572 pax

2266 2583 2318 2637 in
2367 2590 2476 2637 tam
2524 2584 2819 2654 deploratis
2860 2585 3021 2640 rebus
3070 2588 3291 2641 omnino
3341 2589 3644 2646 necessaria
3690 2592 3861 2660 aequis
3956 2654 3961 2659 ,

2265 2674 2662 2731 Conditionibus
2706 2685 3140 2748 compararetur.
3192 2678 3271 2733 Ex
3319 2681 3438 2735 aliis
3486 2682 3727 2751 epistolis
3756 2684 3861 2739 hoc

2267 2782 2409 2821 anno
2439 2768 2839 2840 scriptisliquet
2866 2768 2917 2823 in
2948 2771 3111 2826 rebus
3146 2772 3357 2827 bellicis
3378 2790 3538 2844 quam
3570 2774 3857 2843 sollicitus,

2265 2874 2425 2928 quam
2449 2862 2653 2932 peritus
2682 2861 2823 2917 foret
2850 2860 3035 2935 (Ibid.,
3057 2881 3176 2935 epp.
3207 2864 3259 2931 5,
3288 2863 3375 2931 29,
3408 2864 3498 2933 30,
3528 2865 3641 2936 5i.)

2337 2952 2388 3004 7.
2430 2951 2487 3006 ln
2518 2968 2582 3008 ea
2612 2953 2679 3008 de
2709 2952 2815 3024 qua
2846 2953 3014 3010 locuti
3045 2972 3230 3013 sumus
3251 2958 3465 3026 Agilulfi
3489 2960 3858 3029 expeditione,

2267 3041 2601 3112 Langobardi
2633 3060 2739 3099 non
2769 3046 2941 3100 solum
2972 3062 3159 3116 agrum
3194 3046 3495 3104 Romanum
3528 3048 3751 3107 Perusio
3782 3053 3861 3107 vi-

2266 3136 2445 3191 cinum
2468 3137 2980 3208 depraedationibus,
3006 3142 3288 3209 incendiis,
3314 3144 3547 3199 (etedibus
3570 3144 3858 3214 foedarunt,

565 3228 825 3287 Severum
850 3232 1061 3286 abunde
1082 3233 1301 3297 habere,
1329 3230 1469 3288 unde
1490 3248 1715 3287 munera
1738 3232 1789 3285 in
1815 3231 2022 3286 aulicos
2040 3247 2159 3301 pro-
2188 3247 2237 3313 ρ
2269 3229 2361 3285 sed
2390 3227 2458 3283 ad
2507 3230 2675 3299 ipsius
2708 3226 2866 3286 Urbis
2906 3248 3089 3288 muros
3118 3236 3483 3290 castrametati
3530 3245 3672 3290 sunt.
3706 3233 3859 3294 Tunc

567 3320 836 3389 funderet,
869 3331 925 3378 et
950 3324 1001 3377 in
1024 3340 1149 3379 suas
1177 3340 1271 3378 eos
1298 3332 1478 3395 partes
1503 3332 1691 3378 contra
1721 3323 1902 3379 sedem
1932 3332 2153 3393 aposto-

569 3415 727 3469 licam
770 3416 1125 3482 pertraheret.
1184 3415 1606 3473 Misericordiam
1643 3417 1857 3488 quidem
1905 3406 2157 3475 Ecclesia:

569 3500 817 3561 hostibus
864 3506 1232 3576 denegandam
1278 3526 1383 3565 non
1415 3525 1535 3564 esse
1556 3552 1568 3571 ,
1599 3510 1693 3566 sed
1718 3511 1868 3582 prius
1912 3511 2157 3569 fidelibus

569 3584 948 3653 exhibendam.
1001 3595 1057 3652 ln
1089 3599 1335 3668 proximo
1366 3616 1493 3654 vero
1522 3615 1643 3655 esse
1672 3596 1975 3670 Civitatem,
2006 3603 2161 3672 cujus

573 3685 725 3741 multi
749 3688 896 3742 cives
928 3688 978 3742 in
996 3689 1360 3758 captivitatem
1384 3680 1620 3755 abducti,
1645 3691 1712 3746 ad
1734 3706 1869 3761 quos
1891 3692 2164 3748 redimen-

571 3777 670 3833 dos
700 3770 1015 3835 mittendum
1040 3796 1157 3836 esse
1178 3797 1299 3836 cum
1330 3783 1553 3851 pecunia
1575 3774 1858 3838 Claudium
1885 3768 2158 3840 abbatem.

646 3867 798 3926 Hanc
840 3869 1003 3926 Gradi
1052 3860 1533 3943 conflagrationem
1572 3878 1863 3950 contigisse
1892 3879 2162 3936 credimus

575 3959 790 4031 quando
821 3960 1083 4031 Agilnlfus
1112 3972 1302 4019 contra
1336 3974 1445 4021 tres
1463 3967 1625 4023 duces
1648 3970 1738 4039 qui
1765 3969 2166 4025 rebellaverant

572 4048 847 4121 profectus
876 4062 975 4107 est.
1010 4053 1087 4108 Ex
1117 4055 1199 4110 his
1229 4055 1497 4125 Minulfus,
1531 4058 1634 4114 dux
1658 4059 1852 4116 Insula:
1876 4060 1934 4116 S.
1961 4059 2163 4119 Iuliani

575 4139 700 4213 [sive
726 4140 781 4196 S.
811 4141 1001 4215 Julii],
1048 4146 1139 4215 qui
1168 4147 1234 4201 ad
1263 4146 1502 4204 Francos
1530 4149 1832 4214 defecerat,
1866 4166 2165 4224 eorumque

576 4240 758 4309 partes
805 4245 989 4303 aperte
1038 4234 1266 4304 foverat,
1322 4239 1496 4294 views
1545 4248 1600 4294 et
1650 4240 2007 4311 interemptus
2058 4254 2161 4301 est.

576 4312 854 4377 Gaidulf'us
881 4323 989 4395 (At.
1037 4326 1352 4399 Gandulfus]
1396 4327 1770 4398 Pergamensis
1816 4347 1913 4389 seu
1961 4333 2162 4417 Bergo-

578 4413 799 4481 mensis,
834 4413 1106 4471 deditione
1137 4416 1295 4484 facta,
1330 4420 1382 4472 in
1405 4420 1631 4489 gratiam
1658 4429 1738 4478 est
1762 4433 2038 4495 receptus;
2076 4413 2165 4481 Ul-

576 4501 675 4557 fari
702 4500 901 4572 autem,
934 4504 1160 4560 Tarvisii
1188 4507 1315 4575 dux,
1346 4511 1478 4565 urbe
1508 4520 1688 4581 capta,
1714 4513 1767 4568 in
1790 4516 2003 4572 vincula
2024 4533 2160 4573 con-

569 4592 773 4664 jicitur.
805 4597 910 4669 (Cf.
937 4584 1095 4653 Paul.
1128 4596 1275 4653 Diac.
1313 4601 1401 4656 lib.
1435 4619 1508 4671 tv,
1537 4620 1584 4659 c.
1616 4605 1693 4678 5.)

566 4684 569 4691 ’
649 4691 702 4743 6.
750 4688 864 4748 Hoc
895 4708 1039 4749 anno
1082 4680 1336 4762 Ariulf‘us,
1369 4684 1636 4754 secundus
1680 4710 1802 4770 post
1833 4702 2160 4762 Faroaldum

573 4774 682 4837 dux
711 4784 1144 4856 Beneventanus,
1199 4804 1386 4858 agrum
1432 4791 1731 4847 Romanum
1782 4796 1993 4863 invasit,
2039 4808 2093 4853 et
2133 4814 2164 4854 e

574 4870 816 4926 Romana
848 4874 1003 4943 plebe
1027 4877 1307 4947 plurimos,
1347 4890 1435 4934 aut
1470 4884 1658 4938 occidit
1686 4895 1776 4939 aut
1805 4887 2159 4953 detruncavit,

577 4964 751 5032 inquit
766 4964 1055 5051 Gregorius
1083 4968 1221 5038 (Lib.
1246 4989 1305 5039 ιι,
1330 4973 1540 5044 ερ.46),
1572 4978 1662 5046 qui
1688 4994 1797 5047 pra:
1825 4981 2085 5036 maestitia
2110 4983 2164 5036 in

578 5052 831 5109 cholicam
846 5058 1137 5113 molestiam
1153 5060 1374 5129 incidit;
1408 5065 1680 5121 choleram
1704 5070 1930 5125 tersitan
1959 5086 2055 5127 seu
2072 5070 2154 5125 bi-

573 5143 682 5200 lem
714 5140 1080 5233 quaintestina
1113 5150 1489 5211 laborarentet
1516 5161 1828 5216 stomachus
1856 5161 1942 5215 hic
1965 5162 2161 5233 signifi-

573 5232 980 5295 cat.Tristitiam
996 5244 1224 5311 augebat
1242 5244 1516 5305 Romanus
1527 5253 1813 5316 exarchus,
1828 5253 1920 5321 qui
1935 5232 2035 5308 etsi
2052 5255 2158 5310 bel‘

569 5331 623 5388 lo
643 5333 815 5403 impar
826 5342 995 5398 esset,
1022 5337 1140 5405 paci
1156 5324 1502 5397 nihilominus
1516 5349 1632 5397 toto
1645 5343 1762 5397 uisu
1777 5346 2147 5415 repugnabat,

570 5422 777 5478 lucrum
797 5440 864 5478 ex
888 5425 1117 5494 publicis
1138 5427 1533 5487 calamitatibus
1553 5448 1846 5504 aucupans.
1872 5433 2030 5492 Omni
2048 5436 2162 5493 fere

568 5512 818 5585 praesidio
856 5531 1021 5571 vacua
1062 5527 1199 5583 erat,
1240 5519 1409 5579 Roma
1442 5532 1496 5578 et
1521 5525 1611 5594 qui
1639 5526 1707 5581 ad
1753 5543 2031 5584 murorum
2060 5546 2156 5586 cu-

569 5600 797 5660 stodiam
827 5609 1000 5663 relicti
1032 5612 1245 5667 fuerant
1269 5623 1295 5652 ι
1325 5615 1705 5684 Theodosiani,
1739 5637 1860 5677 cum
1885 5623 2155 5695 stipendia

572 5713 679 5754 non
725 5701 1055 5772 acciperent,
1105 5704 1193 5762 vix
1239 5707 1307 5763 ad
1348 5711 1602 5769 excubias
1647 5715 1859 5788 aliaque
1902 5720 2157 5779 militaria

2269 3322 2327 3378 S.
2375 3320 2573 3377 Doctor
2613 3320 2946 3380 Ezechielem
2978 3326 3295 3397 prophetam
3349 3327 3668 3383 Christiana:
3716 3320 3862 3401 plebi

2269 3413 2579 3483 exponebat
2608 3414 2794 3469 eadem
2823 3415 2989 3483 animi
3015 3417 3421 3486 tranquillitate,
3470 3434 3535 3474 ac
3561 3419 3605 3473 si
3631 3420 3761 3475 nihil
3794 3421 3861 3489 ab

2269 3504 2422 3561 hoste
2446 3505 2629 3561 fuisset
2646 3508 3009 3563 metuendum.
3038 3508 3222 3581 Neque
3241 3520 3527 3581 postquam
3542 3513 3752 3583 accepit
3775 3529 3861 3568 re-

2268 3612 2386 3667 gem
2403 3598 2598 3653 Padum
2608 3598 2718 3669 jam
2733 3600 3008 3657 transiisse
3029 3612 3083 3657 et
3098 3604 3163 3657 ad
3187 3601 3345 3659 Urbis
3362 3605 3697 3662 obsidionem
3713 3607 3858 3663 festi-

2271 3706 2420 3757 nare,
2434 3700 2669 3761 coeptum
2682 3709 2817 3767 Opus
2834 3690 3141 3765 intermisil,
3156 3697 3300 3767 quod
3315 3699 3512 3753 merito
3548 3696 3860 3757 Bernardus

2270 3780 2583 3837 admiratur.
2625 3780 2730 3839 Sed
2772 3782 2839 3839 ab
2882 3785 2996 3855 ejus
3016 3786 3196 3841 verbis
3243 3784 3539 3844 referendis
3570 3789 3855 3861 abstineo,

2270 3886 2391 3953 quae
2417 3872 2467 3925 in
2499 3872 2811 3943 praefatione
2835 3876 2900 3931 ad
2931 3878 3180 3934 homilias
3204 3879 3254 3932 in
3299 3872 3645 3937 Ezechielem
3678 3882 3857 3953 legere

2271 3952 2417 4030 licet,
2450 3963 2522 4018 uti
2554 3975 2747 4021 czeteia
2772 3983 2892 4039 quae
2920 3967 2985 4023 ad
3010 3969 3127 4024 illas
3157 3970 3407 4027 homilias
3424 3974 3718 4044 pertinent.
3742 3952 3859 4029 7H0-

2270 4064 2352 4109 ste
2390 4064 2565 4111 tamen
2609 4055 2738 4112 Urbi
2782 4058 2999 4128 jamjam
3043 4060 3381 4131 imminente,
3432 4060 3594 4119 linem
3636 4066 3857 4121 concio-

2271 4148 2434 4203 nandi
2483 4148 2657 4205 facere
2710 4162 2931 4207 coactus
2960 4161 3042 4207 est
3072 4150 3129 4207 ut
3158 4154 3273 4226 ipse
3317 4154 3410 4209 ait.
3461 4152 3674 4211 Partem
3721 4157 3859 4214 hanc

2269 4238 2502 4296 homiliac
2529 4241 2725 4295 ultima:
2751 4251 2955 4308 attrxo,
2976 4246 3119 4313 quod
3144 4245 3194 4300 in
3224 4262 3287 4300 ea
3330 4249 3650 4305 miserabilis
3672 4248 3858 4304 Romae

2269 4324 2442 4387 status
2455 4333 2608 4402 quasi
2626 4334 2695 4388 ob
2719 4336 2906 4389 oculos
2926 4337 3132 4407 positus
3152 4339 3540 4409 conspit-iatur.
3566 4340 3701 4395 Ecce
3725 4342 3855 4410 Ιιωσ,

2268 4436 2322 4478 ut
2354 4425 2463 4481 Deo
2485 4426 2741 4498 largiente
2770 4432 3027 4498 potuimus
3047 4473 3062 4499 ,
3094 4449 3272 4486 coram
3302 4434 3441 4488 vobis
3460 4478 3474 4502 ,
3509 4438 3705 4507 fratres
3735 4436 3857 4490 cha-

2272 4520 2492 4583 rissimi,
2528 4521 2701 4575 rimati
2732 4539 2928 4577 sumus.
2964 4521 3132 4579 Nemo
3164 4537 3335 4580 autem
3364 4545 3447 4582 me
3476 4530 3854 4599 reprehendat,

2192 4630 2246 4691 ι)
2269 4613 2315 4667 si
2342 4614 2613 4683 post/iane
2653 4615 2962 4672 locutionem
3004 4635 3269 4673 cessavero
3307 4621 3469 4691 :quia
3500 4624 3631 4676 sicut
3680 4640 3857 4678 omnes

2268 4708 2509 4771 cernitis,
2560 4717 2752 4761 nostra:
2813 4708 3169 4765 tribulationes
3234 4723 3569 4766 excreuerant
3593 4730 3610 4767 :
3633 4714 3857 4785 undique

2267 4796 2455 4868 gladiis
2494 4799 2795 4870 circumfusi
2836 4817 3009 4856 sumus
3033 4844 3047 4869 ,
3079 4802 3307 4873 undique
3355 4804 3629 4858 imminens
3678 4808 3857 4861 mortis

2267 4889 2553 4959 periculum
2587 4893 2840 4947 timemus.
2892 4894 2997 4947 Alii
3026 4894 3350 4949 detruncatis
3395 4897 3465 4949 ad
3490 4914 3581 4951 nos
3614 4895 3855 4953 manibus

2268 4982 2503 5046 redeunt,
2530 4982 2621 5036 alii
2652 4985 2811 5055 capti,
2838 4986 2929 5039 alii
2954 4987 3249 5056 interempti
3269 4988 3597 5043 nuntiantur.
3629 4989 3750 5042 Jam
3773 5007 3859 5044 co-

2269 5089 2363 5143 gor
2394 5071 2625 5142 linguam
2657 5074 2719 5127 ab
2754 5077 3074 5146 expositione
3113 5078 3365 5146 retinere,
3406 5081 3525 5151 quia
3557 5081 3708 5135 taedet
3740 5082 3858 5135 ani-

2267 5182 2405 5219 mam
2426 5183 2592 5220 meam
2622 5171 2739 5222 vita:
2774 5186 2917 5225 mete.
2978 5169 3121 5224 Alibi
3154 5178 3381 5226 testatur
3425 5173 3569 5229 visos
3598 5189 3629 5227 a
3669 5190 3728 5228 se
3754 5174 3860 5228 Ro-

2268 5276 2451 5313 manos
2491 5276 2631 5314 more
2679 5278 2865 5316 canum
2911 5264 2963 5316 in
3007 5264 3154 5318 collis
3194 5263 3404 5335 funibus
3432 5267 3643 5339 ligatos,
3674 5268 3760 5339 qui
3790 5266 3861 5321 ad

2268 5346 2553 5405 Franciam
2583 5350 2900 5406 ducebantur
2929 5356 3131 5409 venales
3163 5352 3304 5429 (Lib.
3335 5373 3367 5409 ν
3389 5398 3402 5421 ,
3430 5375 3513 5428 ep.
3547 5358 3658 5429 40).
3688 5357 3732 5412 Ο
3761 5358 3859 5413 du-

2268 5455 2381 5493 ram
2428 5441 2643 5495 illorum
2694 5443 2968 5511 quondam
3021 5442 3176 5500 Orbis
3225 5446 3569 5502 dominorum
3619 5449 3853 5505 sortem!

2339 5532 2463 5588 Haec
2490 5532 2702 5602 Agilulfi
2730 5535 3029 5604 expeditio,
3079 5538 3219 5591 inter
3241 5553 3328 5593 res
3357 5554 3501 5594 anno
3528 5538 3635 5593 595
3675 5549 3857 5609 gestas

2265 5630 2453 5688 referri
2498 5631 2670 5696 solet,
2700 5632 2794 5686 sed
2824 5633 2889 5687 ad
2933 5648 3131 5689 annum
3184 5633 3289 5689 592
3317 5634 3498 5706 potius
3541 5638 3841 5710 pertinere,

2267 5726 2383 5783 haec
2416 5724 2549 5781 mihi
2597 5726 2945 5795 persuadent.
2996 5727 3261 5798 Agilulfus
3311 5728 3540 5786 Romam
3596 5732 3855 5801 tentavit,

645 5870 674 5901 ι
696 5861 786 5919 Sic
810 5864 936 5921 dicti
975 5869 1173 5925 milites
1197 5872 1421 5939 legionis
1444 5879 1561 5941 quae
1600 5877 1815 5934 nomine
1844 5878 2139 5939 Theodosii
2163 5886 2320 5942 unius
2348 5901 2417 5940 ex
2445 5885 2787 5955 imperatoris
2815 5884 2937 5941 filiis
2962 5886 3369 5955 insigniebatur.
