4138 6458
347 368 454 424 517

843 373 899 428 S.
943 372 1273 432 GliEGOllll
1309 376 1526 435 MAGNI
1573 380 1754 443 VITA,
1798 381 1890 436 EX

2005 380 2100 438 US
2137 383 2441 442 SCRIPTIS
2480 387 2870 445 ADOltN.\TA.
2915 390 3038 446 LIB.
3083 373 3155 449 it.

3507 405 3612 466 518

348 485 564 587 quando
594 485 662 538 ad
696 485 898 587 Pirusii
923 489 1375 587 erpugnatioiiem
1409 481 1491 548 est
1519 493 1824 564 profectus,
1865 501 1922 547 ut
1952 499 1998 554 A
2030 498 2175 565 cujus
2198 497 2389 552 doloris
2418 501 2504 564 sit,
2527 513 2691 556 uestra
2721 506 3024 573 fraternitas
3050 514 3194 564 tanto
3224 513 3390 570 verius
3411 527 3609 587 penset,

336 576 608 643 colligitur
628 592 691 631 ex
734 576 900 632 Paulo
928 577 1160 635 Diacono
1190 598 1202 633 :
1237 579 1428 637 Statim
1471 583 1650 639 Ticino
1681 599 1915 656 egressus

334 685 428 722 rex
452 710 466 733 ,
517 665 787 722 Perusiam
826 669 1037 738 petiit...
1073 671 1224 742 hujus
1271 669 1404 744 regis
1447 673 1667 728 adventu
1706 675 1759 728 in
1803 682 1918 727 tan-

334 771 439 814 tum
468 760 644 814 beatus
667 757 944 832 Gregorius
974 780 1110 832 papa
1134 764 1407 818 exterritus
1428 775 1522 830 est,
1547 774 1601 818 ut
1629 763 1693 818 ab
1716 765 1922 833 exposi-

331 852 471 905 tione
519 851 720 921 templi,
767 851 831 906 de
875 869 973 925 quo
1016 850 1258 908 Ezechiel
1305 849 1608 924 scripserat,
1655 853 1921 910 desisteret

335 939 476 1011 (Lib.
512 957 582 1003 iv.
616 959 663 997 c.
709 941 794 1014 8).
847 941 904 997 ld
945 942 1234 1012 contigisse
1261 944 1442 998 statim
1470 960 1534 999 ac
1565 961 1659 1000 rex
1711 946 1923 1016 accepit

337 1025 640 1097 Perusiam,
665 1045 786 1087 cum
817 1031 936 1088 aliis
957 1029 1177 1089 urbibus
1201 1032 1313 1103 jam
1345 1035 1690 1100 enumeratis,
1725 1036 1791 1091 ab
1821 1052 1916 1091 ex—

334 1124 501 1176 archo
527 1119 688 1178 fuisse
718 1123 1061 1194 occupatum,
1117 1123 1255 1179 idem
1305 1126 1540 1196 scriptor
1565 1125 1711 1181 clare
1739 1125 1914 1182 docet.

336 1213 404 1268 At
431 1211 733 1270 Romanum
757 1218 1047 1273 exarchum
1071 1215 1292 1274 Perusio
1314 1219 1545 1288 potitum
1586 1233 1704 1274 esse
1727 1219 1917 1273 saltem

334 1319 478 1357 anno
501 1305 736 1360 secundo
758 1305 1102 1375 pontiﬁcatus
1127 1305 1185 1361 S.
1211 1307 1478 1378 Gregorii,
1512 1308 1696 1362 scribit
1721 1307 1834 1377 ipse
1865 1307 1916 1361 in

333 1393 564 1463 epistola
591 1393 694 1452 hoc
716 1407 857 1452 anno
878 1395 1000 1452 data
1019 1441 1033 1466 ,
1063 1413 1182 1467 qua:
1211 1411 1332 1453 cum
1369 1398 1473 1453 alia
1496 1397 1606 1466 jam
1632 1412 1773 1468 smpe
1799 1398 1915 1452 lau-

330 1483 457 1540 data
498 1487 731 1544 conferri
764 1486 926 1544 debet
955 1487 1095 1560 (Lib.
1128 1505 1184 1555 ιι,
1213 1505 1295 1560 ep.
1329 1485 1432 1556 46;
1478 1488 1570 1544 tib.
1601 1505 1656 1558 v,
1682 1506 1762 1560 ep.
1803 1487 1912 1560 40).

799 1601 962 1674 235
997 1597 1225 1656 CAPUT
1263 1599 1394 1656 vni.

326 1690 522 1757 Ancum.
545 1721 604 1730 —
628 1695 668 1743 l.
695 1691 844 1757 Roma
887 1696 1010 1744 fame
1059 1694 1261 1744 laborat.
1287 1719 1348 1757 σέ-
1395 1692 1438 1744 2.
1469 1693 1609 1757 Quid
1637 1707 1808 1757 passus
1849 1697 1917 1757 sit

390 1754 659 1815 Gregorius
695 1756 758 1804 ab
796 1757 1105 1804 adversariis.
1130 1780 1190 1791 —
1217 1759 1260 1805 δ.
1291 1756 1468 1804 l'acem
1505 1757 1566 1804 ab
1587 1754 1917 1817 Lingobardis

390 1819 633 1879 impetrat.
658 1845 720 1854 —
741 1818 788 1866 4.
825 1818 861 1864 Α
889 1818 1016 1879 turpi
1056 1817 1193 1866 lucro
1217 1831 1358 1878 quam
1387 1817 1578 1866 alienus
1614 1817 1761 1866 foret.
1787 1843 1847 1854 —-
1868 1820 1912 1867 b’.

2025 590 2411 679 qttqntontegui
2434 589 2543 643 lucc
2557 593 2746 660 patior,
2772 598 2948 662 purius
2971 609 3112 651 amat
3141 591 3281 672 (Lib.
3302 619 3357 673 v,
3385 622 3465 677 ep.
3488 609 3600 679 42).

2096 672 2147 727 '5.
2192 673 2359 732 Paulo
2389 685 2513 747 post
2541 679 2756 736 admota
2785 687 2999 740 moeniis
3022 687 3182 744 Urbis
3215 672 3390 748 castra
3414 672 3605 754 reces-

2020 765 2090 819 sit
2116 764 2394 834 Agilulfus.
2429 767 2625 823 Pacem
2668 777 2792 827 tunc
2821 775 3038 844 tactam,
3067 780 3324 838 suadente
3354 783 3602 844 Theode-

2022 854 2186 918 linda,
2213 866 2392 912 narrat
2422 858 2621 916 Paulus
2651 859 2933 920 Diaconus.
2959 867 3039 922 Ad
3077 869 3192 940 ejus
3221 876 3446 932 consilia
3469 878 3606 936 Gre-

2020 946 2153 1039 gorii
2184 962 2374 1039 preces
2416 961 2760 1007 accesserunt
2787 963 2841 1009 et
2888 973 3142 1029 munera,
3185 964 3377 1032 quibus
3421 969 3604 1039 populi

2021 1035 2253 1092 Romani
2285 1037 2592 1095 libertatem
2623 1041 2898 1112 vitamque
2943 1046 3210 1118 redimere
3257 1035 3465 1108 solebat
3481 1035 3511 1124 ξ
3551 1065 3607 1110 ut

2021 1127 2133 1197 ipse
2179 1129 2451 1195 describit,
2485 1146 2664 1186 rerum
2712 1141 2911 1188 statum
2958 1135 3323 1196 Constantina:
3352 1145 3605 1214 Augustae

2021 1231 2337 1289 exponens:
2383 1220 2577 1293 Viginti
2623 1233 2792 1278 autem
2804 1225 2919 1296 jam
2950 1237 2999 1281 et
3041 1239 3232 1299 septem
3267 1251 3434 1290 annos
3462 1238 3605 1292 duci-

2020 1330 2151 1379 mus,
2173 1317 2310 1384 quod
2332 1316 2384 1368 in
2408 1318 2506 1370 hac
2531 1320 2658 1372 urbe
2678 1321 2809 1373 inter
2823 1319 3287 1392 Langobardorum
3309 1329 3509 1405 gladigs
3527 1335 3594 1386 vi-

2018 1403 2198 1458 vimus.
2233 1403 2426 1468 Quibus
2447 1423 2599 1478 quam
2641 1410 2803 1463 multa
2827 1411 2924 1464 hac
2946 1414 3009 1465 ab
3034 1413 3268 1469 Ecclesia
3289 1403 3604 1488 quotidianis

2019 1494 2194 1548 diebus
2216 1505 2515 1566 erogantur,
2549 1509 2605 1551 ut
2627 1501 2765 1553 inter
2803 1518 2890 1556 eos
2919 1504 3084 1558 virere
3111 1509 3389 1575 possimus,
3426 1527 3606 1582 sugge-

2019 1586 2184 1640 renda
2209 1602 2311 1640 non
2343 1597 2480 1642 sunt.
2507 1589 2615 1643 Sed
2637 1591 2856 1647 breviter
2885 1594 3075 1660 indico,
3106 1597 3226 1662 quia
3257 1601 3386 1653 sicut
3412 1604 3468 1654 in
3497 1601 3606 1656 Ra-

2018 1691 2197 1730 venna:
2217 1678 2446 1744 partibus
2472 1678 2797 1734 dominorum
2836 1685 3003 1753 pietas
3025 1687 3163 1755 apud
3203 1689 3426 1756 primum
3455 1705 3606 1745 exer-

2019 1765 2174 1819 citum
2233 1765 2408 1820 Italia:
2457 1770 2788 1824 sacellarium
2838 1773 3023 1840 habet,
3069 1778 3153 1846 qui
3204 1780 3376 1832 causis
3420 1795 3604 1851 super-

388 1857 474 1928 i'n'é'
494 1857 716 1937 iudicum
750 1857 956 1940 ἰίερίιιῖἷ
973 1857 1130 1939 ἱὸᾱέίὺ
1139 1857 1896 1928 ὲῖιιῖἷίἶξῖᾞῐοῐιῖἁῑᾱὲοηιιῆ

2021 1857 2339 1911 uenientibus
2385 1860 2716 1930 quotidianus
2743 1878 2997 1933 expensas
3029 1868 3218 1936 faciat,
3251 1869 3323 1922 ita
3352 1878 3401 1923 et
3428 1875 3480 1924 in
3505 1871 3604 1925 hac

389 1942 453 1988 ob
491 1942 766 1998 superbiam
789 1941 1005 2000 deponit.
1029 1965 1092 1977 —-
1113 1941 1161 1989 7.
1187 1941 1379 1990 Sanctae
1420 1940 1554 1989 sedis
1599 1943 1730 1990 vices
1757 1941 1913 1990 Maxi-

386 2005 546 2050 miano
565 2003 752 2052 tribuit.
775 2015 837 2038 -ι
859 2009 903 2050 θ’.
931 2002 1076 2053 Varia
1102 2003 1161 2050 ab
1187 2015 1248 2050 eo
1271 2003 1549 2063 constituta.
1571 2027 1633 2037 —-
1655 2007 1703 2050 tt.
1731 2002 1914 2063 Legum

383 2063 610 2112 amicitiae
634 2064 722 2112 fuit
762 2065 1230 2114 observantissimus.
1259 2091 1319 2100 ——
1348 2063 1420 2114 10.
1450 2062 1625 2112 Pacem
1665 2064 1792 2112 inter
1808 2062 1914 2112 Ma-

386 2128 646 2188 ministrum
690 2126 968 2188 episcopu
1013 2130 1066 2175 et
1107 2125 1372 2175 Eusebium
1416 2127 1644 2188 abbatem
1669 2125 1907 2188 conciliat.

387 2185 770 2235 Prndentissima
821 2185 1017 2248 uirique
1061 2189 1142 2238 dat
1182 2189 1379 2248 monita,
1403 2211 1466 2222 —
1490 2187 1566 2236 11.
1597 2185 1911 2248 Privilegium

383 2250 678 2298 Ariminensi
707 2245 1002 2298 monasterio
1023 2262 1329 2299 concessum.
1358 2246 1472 2309 (Au.
1499 2249 1586 2298 591
1619 2255 1670 2297 et
1694 2245 1828 2308 592.)

396 2350 448 2405 l.
491 2349 694 2407 Eodem
723 2367 865 2407 anno
906 2349 974 2406 ad
997 2353 1124 2408 belli
1157 2353 1461 2409 incendium
1487 2369 1595 2424 quo
1627 2353 1907 2410 Romanus

319 2460 454 2516 ager
478 2443 850 2514 conflagravit,
881 2446 1035 2500 famis
1066 2445 1335 2526 flagellum
1363 2447 1613 2511 accessit,
1646 2448 1716 2502 ob
1744 2462 1905 2516 quam

319 2535 643 2605 Gregorium
672 2537 987 2607 pricfectum
1029 2536 1206 2598 Urbis.
1238 2537 1544 2593 Castorium
1588 2539 1906 2606 magistrum

315 2628 570 2693 militum,
601 2637 656 2682 et
683 2644 951 2682 summum
989 2627 1324 2698 pontificem,
1349 2627 1686 2698 negligentiae
1715 2627 1902 2682 crimi~

315 2720 559 2776 nariausi
575 2729 700 2774 sunt
723 2719 865 2790 apud
887 2719 1186 2788 Augustum
1214 2735 1401 2773 eorum
1427 2718 1627 2772 inimici
1651 2727 1704 2772 et
1725 2718 1903 2772 aemuli

315 2825 623 2879 quanquam
636 2824 852 2863 onmem
869 2825 1053 2865 curam
1068 2808 1402 2862 adhibuisset
1416 2817 1599 2862 noster
1611 2807 1904 2876 Gregorius

317 2911 344 2937 ιι
375 2911 432 2954 ιιι
453 2900 590 2954 hanc
611 2899 887 2968 penuriam
917 2898 1217 2967 depelleret
1243 2916 1255 2950 :
1284 2913 1407 2952 cum
1439 2899 1583 2950 enim
1638 2897 1902 2966 superiori

315 3006 463 3045 almo
491 3005 672 3059 paucae
694 2990 764 3044 ob
786 2990 1127 3044 sterilitatem
1156 2985 1399 3045 collectas
1421 2997 1601 3043 essent
1618 2997 1828 3057 segetes
1851 2990 1902 3042 in

312 3080 470 3136 Italia
491 3121 504 3144 ,
530 3088 836 3150 opportuno
869 3088 1112 3150 tempore
1143 3095 1366 3150 operam
1395 3080 1546 3134 dedit
1574 3089 1632 3133 ut
1670 3097 1700 3134 a
1741 3079 1903 3137 Petro

311 3171 656 3228 Subdiacono
690 3171 829 3243 (Lib.
863 3190 902 3238 ι,
936 3191 1016 3244 ep.
1055 3174 1152 3245 72)
1202 3189 1396 3244 magna
1441 3174 1696 3228 frumenti
1743 3175 1898 3244 copia

214 3262 221 3271 '
311 3272 720 3333 compararetur
741 3266 795 3319 in
817 3263 1020 3328 Sicilia,
1045 3273 1138 3319 aut
1159 3265 1226 3320 ab
1248 3264 1735 3320 ecclesiasticorum
1761 3281 1897 3335 pra:-

311 3358 526 3412 diorum
549 3358 780 3424 colonis,
811 3358 1015 3429 absque
1048 3366 1228 3412 tamen
1258 3359 1547 3413 vexatione
1591 3359 1901 3428 suppedita-

309 3457 478 3505 retur.
505 3449 816 3520 Deindeque
842 3458 897 3503 ut
921 3448 1102 3505 multa:
1129 3449 1320 3518 quibus
1341 3449 1717 3520 deportaretur
1736 3464 1899 3504 naves

307 3543 569 3596 onerariae
597 3550 796 3612 praesto
821 3552 1022 3606 essent,
1055 3551 1371 3609 curaverat;
1404 3543 1498 3598 sed
1527 3545 1664 3598 hanc
1690 3552 1899 3612 egesta-

306 3633 376 3687 tis
405 3648 564 3702 quam
591 3649 745 3702 passa
777 3641 859 3688 est
882 3632 1020 3688 Urbs
1049 3634 1286 3703 assignat
1309 3650 1558 3701 causam,
1583 3634 1724 3704 quod
1750 3635 1898 3689 vide-

306 3723 435 3778 licet
469 3724 735 3780 frumenta
764 3723 856 3778 diu
885 3724 1066 3778 Roma:
1087 3725 1292 3779 servari
1315 3740 1421 3779 non
1463 3733 1689 3793 possunt
1717 3725 1896 3780 incor-

309 3824 490 3885 rupta.
529 3813 698 3869 Hoste
727 3824 906 3869 autem
931 3815 1265 3882 imminente,
1293 3815 1634 3883 obsessisque
1665 3817 1780 3880 viis,
1813 3817 1895 3869 in-

291 3917 524 3978 tegrum
579 3921 686 3960 non
734 3916 852 3962 erat
877 3908 1032 3962 novis
1071 3907 1296 3962 subinde
1327 3908 1719 3963 commeatibus
1764 3907 1895 3964 Urbi

306 3999 808 4124 sugieiiibsedibilis
858 4073 985 4122 tunc
1026 4065 1219 4122 enituit
1265 4067 1506 4136 Gregorii
1556 4067 1892 4134 constantia,

313 4171 424 4214 tum
477 4159 529 4213 in
581 4153 914 4229 perferendis
954 4171 1109 4228 (equo
1141 4158 1322 4214 animo
1363 4158 1663 4222 calumniis,
1698 4158 1893 4212 tumin

305 4251 594 4306 asserenda
625 4249 912 4306 illustrium
939 4250 1176 4306 virorum
1207 4251 1307 4306 sibi
1326 4251 1556 4306 amicitia
1579 4251 1896 4320 conjuncto-

305 4362 423 4399 rum
469 4343 730 4399 adversus
765 4345 1162 4399 obtrectatores
1208 4345 1539 4399 innocentia.
1595 4339 1905 4400 Obscurum'

301 4452 411 4489 non
457 4441 574 4489 erat
603 4433 903 4488 Romanum
943 4435 1235 4489 exarchum
1269 4450 1445 4489 rerum
1488 4431 1775 4490 infeliciter
1799 4447 1893 4503 ge-

301 4539 508 4582 starum
542 4527 794 4581 invidiam
826 4535 883 4581 ut
913 4543 941 4580 a
968 4543 1026 4583 se
1055 4527 1463 4597 deprecaretur,
1499 4528 1550 4581 in
1579 4526 1886 4598 prml'ectum

2020 1945 2146 1999 urbe
2176 1948 2228 2000 in
2259 1950 2428 2002 causis
2457 1950 2646 2004 talibus
2675 1969 2852 2007 eorum
2882 1957 3183 2011 sacellarius
3228 1975 3322 2030 ego
3367 1977 3500 2015 sum.
3532 1961 3602 2016 Et

2019 2043 2191 2090 tamen
2220 2039 2329 2092 lucc
2356 2035 2621 2106 Ecclesia,
2653 2059 2768 2113 qua:
2809 2061 2911 2099 uno
2939 2048 3214 2120 eodemque
3244 2061 3468 2122 tempore
3494 2055 3601 2108 cle-

2016 2129 2158 2195 ricis,
2191 2133 2542 2197 monasteriis,
2567 2134 2897 2204 pauperibus,
2943 2140 3151 2208 populo,
3195 2149 3348 2211 atque
3386 2144 3600 2213 insuper

2013 2216 2376 2288 Langobardis
2425 2229 2532 2273 tam
2573 2222 2736 2276 multa
2776 2225 3130 2281 indesinenter
3176 2229 3450 2298 expendit,
3483 2247 3600 2284 ecce

2013 2307 2180 2360 adhuc
2227 2325 2291 2362 ex
2334 2313 2565 2364 omnium
2608 2311 2959 2369 Ecclesiarum
3023 2320 3273 2388 premitur
3313 2322 3602 2392 afﬂictione

2013 2399 2152 2467 (Lib.
2177 2417 2228 2464 v,
2259 2418 2340 2469 ep.
2374 2402 2488 2473 si).

2081 2489 2133 2546 4.
2175 2490 2425 2547 Ecclesia:
2448 2493 2707 2550 Romanu:
2729 2495 3012 2555 facultates
3031 2501 3179 2571 (dum
3199 2504 3315 2572 ejus
3336 2507 3598 2576 patrimo-

2010 2581 2096 2634 nia
2126 2589 2180 2636 et
2207 2584 2407 2651 praedia
2432 2584 2631 2654 ubique
2652 2589 2845 2657 prtedte
2875 2597 3156 2664 paterent)
3187 2602 3268 2649 tot
3295 2598 3593 2654 necessita-

2010 2673 2175 2738 tibus,
2203 2673 2465 2742 Gregorio
2495 2691 2586 2731 eas
2617 2677 2988 2750 dispensante,
3010 2683 3304 2751 suffecisse,
3331 2688 3596 2744 miraculo

2004 2762 2218 2817 videtur
2255 2766 2595 2834 proximum,
2648 2771 2947 2837 praesertim
2993 2788 3117 2828 cum
3153 2774 3287 2830 nihil
3325 2777 3596 2846 antiquius

2006 2853 2251 2921 haberet,
2300 2871 2462 2925 quam
2493 2859 2639 2913 illata
2679 2861 2888 2917 colonis
2916 2871 2972 2918 et
2997 2866 3213 2922 rusticis
3261 2879 3292 2920 a
3333 2869 3594 2937 patrimo-

2007 2950 2218 3004 niorum
2256 2948 2514 3008 Ecclesia:
2540 2954 2841 3012 rectoribus
2862 2965 2920 3012 et
2958 2961 3256 3016 meonomis
3282 2962 3475 3015 damna
3505 2976 3596 3016 re-

2006 3043 2223 3112 sarcire,
2255 3054 2313 3099 ιιι
2359 3057 2520 3116 supra
2571 3047 2977 3105 observavimus
3000 3093 3014 3119 ,
3045 3059 3209 3120 atque
3233 3052 3287 3106 in
3318 3061 3592 3123 posterum

2005 3153 2219 3194 cavere.
2253 3135 2523 3204 Quantum
2563 3137 2632 3193 ab
2661 3139 2872 3208 injustis
2910 3143 3287 3198 exactionibus
3327 3145 3590 3200 abhorre-

1931 3234 1976 3298 C
2009 3239 2120 3299 ret,
2165 3230 2401 3286 indicant
2425 3232 2589 3286 verba
2618 3233 2732 3287 haec
2761 3247 2846 3304 ep.
2881 3233 2951 3286 44
2980 3235 3071 3290 lib.
3097 3253 3114 3292 ι
3136 3246 3155 3290 :'
3177 3235 3292 3292 Nos
3331 3239 3593 3295 sacculum

2005 3321 2253 3377 Ecclesiae
2283 3337 2349 3378 ea:
2382 3325 2540 3378 lucris
2569 3326 2802 3397 turpibus
2829 3327 3066 3382 nolumus
3110 3331 3395 3401 inquinari.
3449 3331 3589 3396 Quin

2002 3414 2164 3470 etiam
2198 3416 2249 3470 in
2277 3417 2510 3472 concilio
2539 3416 2785 3472 Romano
2811 3417 2975 3488 (Olim
3001 3437 3082 3490 ep.
3109 3419 3199 3487 ιιι,
3227 3420 3318 3475 lib.
3352 3437 3426 3488 tv,
3456 3437 3596 3476 nunc

2001 3506 2070 3558 ad
2099 3506 2290 3560 calcem
2317 3505 2478 3578 Epp.)
2509 3523 2618 3563 non
2647 3509 2822 3564 solum
2872 3519 3114 3566 rectores
3139 3513 3590 3581 patrimoniorum

2000 3593 2256 3650 Ecclesia:
2284 3597 2424 3651 ultra
2453 3613 2614 3666 quam
2639 3614 2737 3667 par
2755 3608 2900 3654 esset
2928 3599 3034 3655 illis
3059 3601 3452 3670 amplilicandis
3478 3611 3596 3658 stu-

2001 3689 2216 3756 dentes,
2260 3699 2315 3745 et
2346 3692 2553 3772 alienos
2579 3691 2711 3748 lines
2756 3694 3018 3763 appositis
3048 3695 3217 3749 titulis
3245 3695 3589 3763 invadentes,

1999 3786 2356 3840 auathematis
2374 3801 2533 3856 paena
2551 3787 2857 3843 multandos
2877 3789 3117 3854 censuit;
3140 3789 3235 3844 sed
3258 3790 3406 3858 ipsos
3425 3791 3588 3844 etiam

1999 3877 2301 3948 pontifices,
2333 3878 2377 3932 si
2404 3878 2456 3932 id
2485 3877 2621 3944 fieri,
2653 3886 2746 3932 aut
2785 3879 3161 3948 prateiperent,
3191 3883 3287 3934 aut
3312 3894 3422 3934 non
3459 3895 3588 3949 pro-

2000 3968 2267 4022 biberent.
3027 4021 3030 4025 .

2071 4057 2122 4112 5.
2161 4056 2358 4112 Verum
2404 4057 2522 4127 ejus
2546 4056 2798 4127 aequitas,
2831 4058 3140 4127 integritas,
3186 4065 3244 4114 et
3271 4058 3435 4112 animi
3461 4073 3578 4114 ma-

1998 4147 2222 4218 gnitudo
2250 4148 2438 4204 nullibi
2469 4149 2668 4203 clarius
2695 4147 2939 4214 elucent,
2985 4162 3148 4218 quam
3178 4149 3231 4204 in
3261 4148 3490 4219 epistola
3520 4148 3590 4205 ad

1997 4239 2413 4295 Constantinam
2435 4239 2750 4310 Augustam,
2770 4254 2834 4294 ea
2850 4240 3138 4296 occasione
3153 4239 3353 4310 scripta
3375 4237 3514 4308 (Lib.
3531 4255 3586 4305 ν,

1997 4349 2079 4404 ep.
2111 4331 2226 4401 41).
2259 4331 2392 4386 Cum
2417 4332 2696 4400 gentilium
2728 4348 2835 4387 non
2863 4348 3066 4403 paucos
3095 4333 3270 4388 adhuc
3309 4333 3363 4388 in
3413 4333 3590 4389 Sardi-

1997 4425 2084 4479 nia
2114 4425 2430 4494 superstites
2457 4440 2576 4479 esse
2604 4426 2978 4496 cognovisset,
3009 4433 3071 4479 ac
3112 4426 3300 4480 insulae
3328 4425 3587 4482 sacerdo-

1997 4525 2080 4570 tes
2102 4531 2210 4586 prm
2236 4523 2457 4586 torpore
2505 4516 2572 4571 de
2613 4531 2799 4572 eorum
2830 4517 3187 4572 conversione
3227 4527 3419 4586 parum
3465 4531 3587 4571 esse

304 4617 465 4674 Urbis
485 4619 763 4689 ipsumque
785 4633 1051 4673 summum
1084 4618 1390 4688 pontificem
1420 4618 1692 4684 rejecissc.
1726 4618 1798 4671 De
1821 4632 1886 4672 eo
1919 4612 1969 4672 D
1993 4609 2292 4674 sollicitos;
2319 4608 2446 4663 illuc
2468 4607 2756 4677 quemdam
2778 4609 3089 4678 episcopum
3105 4621 3173 4660 ex
3196 4606 3347 4660 ltalia
3369 4605 3588 4660 mittere

300 4710 382 4765 sic
414 4710 648 4778 loquitur
668 4709 725 4764 S.
755 4708 1044 4778 Gregorius
1068 4711 1118 4762 in
1145 4709 1372 4779 epistola
1399 4708 1463 4762 ad
1494 4707 1889 4773 Sebastianum,

303 4801 654 4856 Sirmiensem
682 4801 990 4870 episcopum
1027 4819 1038 4852 :
1076 4799 1222 4866 ρηω,
1257 4803 1421 4871 frater
1449 4801 1796 4863 sanctissime,
1828 4797 1890 4852 de

304 4893 459 4946 amici
490 4893 641 4946 vestri
664 4891 841 4945 domui
876 4889 1100 4944 Romani
1134 4909 1356 4962 persona
1387 4893 1438 4944 iu
1464 4892 1558 4944 Itac
1585 4901 1720 4944 terra
1749 4891 1889 4961 pati-

306 5001 456 5046 mur,
511 4983 648 5056 loqui
696 4981 907 5036 minime
949 4981 1192 5035 valemus.
1244 4981 1466 5035 Breviter
1516 4993 1686 5036 tamen
1743 4982 1888 5047 dico,

305 5072 423 5143 quia
477 5069 588 5141 ejus
635 5073 688 5124 in
731 5088 822 5124 nos
891 5070 1090 5122 malitia
1157 5069 1358 5139 gladios
1423 5068 1888 5140 Langobardorum

307 5163 452 5225 ririt;
477 5162 549 5217 ita
577 5163 970 5232 utbeniguiores
994 5161 1261 5214 videantur
1276 5161 1462 5225 hostes,
1497 5163 1578 5231 qui
1622 5178 1714 5214 nos
1738 5163 1894 5215 inter-

307 5257 500 5322 imunt,
531 5273 683 5326 quam
727 5253 1022 5324 reipublictc
1038 5253 1264 5324 judiccs,
1300 5255 1382 5323 qui
1417 5269 1511 5305 nos
1533 5253 1731 5306 malitia
1761 5269 1886 5317 sua,

308 5347 503 5412 rapinis
555 5354 707 5418 atque
750 5345 972 5415 fallaciis
1002 5346 1055 5398 in
1087 5345 1397 5414 cogitatione
1448 5355 1771 5398 consumunt.
1823 5337 1886 5397 Et

309 5454 408 5490 uno
428 5444 653 5506 tempore
676 5453 854 5490 curant
869 5439 1245 5507 episcoporum,
1270 5443 1420 5506 atque
1440 5435 1760 5492 clericorum.
1781 5435 1888 5490 Μο-

309 5529 652 5582 uustcriorum
673 5535 896 5598 quoque,
921 5537 967 5581 et
997 5528 1172 5598 populi
1203 5543 1377 5597 gerere
1397 5568 1410 5590 ,
1444 5536 1624 5580 contra
1665 5528 1885 5580 hostium

305 5621 527 5673 insidias
540 5620 821 5674 sollicitum
839 5621 1070 5690 uigilare,
1087 5630 1266 5674 contra
1283 5621 1468 5675 ducum
1485 5619 1723 5688 fallacias
1739 5627 1887 5690 atque

307 5709 538 5769 malitias
586 5722 877 5782 suspectum
929 5731 1128 5784 semper
1168 5715 1420 5778 existere,
1469 5711 1614 5782 cujus
1667 5707 1882 5776 laboris,

1998 4707 2300 4765 curaverat,
2331 4700 2482 4768 cujus
2511 4700 2890 4769 prmdicatione
2932 4698 3147 4768 plurimi
3189 4697 3254 4750 ad
3295 4695 3455 4750 fidem
3496 4712 3588 4754 ac-

1997 4800 2296 4858 cesserant,
2327 4801 2550 4862 accepto
2579 4793 2920 4862 baptismate,
2973 4789 3236 4857 idolisqne
3279 4787 3587 4844 sacriﬁcare

1997 4887 2288 4941 desierant.
2333 4885 2402 4938 At
2450 4885 2572 4954 quia
2603 4883 2820 4953 praetori
2861 4897 2958 4935 seu
2984 4879 3151 4948 judici
3200 4880 3349 4949 prius
3399 4880 3584 4936 nescio

1997 4979 2122 5048 quid
2154 4979 2310 5048 pretii
2343 4977 2652 5047 persolvere
2681 4975 2828 5030 soliti
2858 4983 3035 5040 erant,
3067 4982 3126 5030 ut
3151 4975 3462 5030 immolandi
3491 4991 3586 5032 co-
3653 4967 3660 4972 ”

1996 5075 2140 5144 piam
2173 5077 2657 5138 consequerentur,
2689 5065 2855 5137 judex
2902 5067 3006 5122 hoc
3033 5067 3178 5137 turpi
3207 5067 3358 5123 lucro
3397 5081 3585 5122 carere

1997 5164 2205 5229 nolens,
2237 5164 2399 5217 etiam
2427 5178 2457 5216 a
2492 5161 2799 5230 baptizatis,
2847 5174 2949 5216 nec
3004 5160 3234 5232 amplius
3278 5161 3369 5216 alii
3422 5176 3585 5232 quam
3639 5155 3648 5164 ’

1992 5271 2124 5310 vero
2155 5254 2266 5308 Deo
2292 5253 2669 5315 servientibus,
2704 5250 2844 5306 idem
2878 5251 3139 5306 tributum
3167 5252 3436 5322 exigebat.
3462 5251 3581 5316 Qua

1994 5345 2060 5400 de
2089 5361 2147 5400 re
2177 5351 2458 5413 correptus
2505 5343 2572 5398 ab
2601 5345 2878 5414 episcopo,
2928 5344 3284 5412 responderat
3331 5342 3432 5397 sibi
3480 5341 3581 5411 ipsi

1996 5446 2200 5491 tzmtuui
2241 5438 2482 5506 pecunia:
2510 5435 2795 5506 imperari,
2833 5445 2892 5490 ut
2922 5435 3022 5490 nisi
3066 5436 3266 5506 iniusta
3311 5435 3427 5488 hac
3466 5432 3582 5488 exi-

1992 5529 2199 5596 gendo,
2251 5528 2301 5583 id
2345 5528 2657 5600 persolvere
2704 5543 2812 5581 non
2863 5533 3066 5597 posset.
3116 5526 3247 5580 Tam
3296 5523 3582 5579 immensis

1993 5621 2153 5675 etiam
2186 5621 2238 5675 in
2268 5620 2490 5676 Corsica
2522 5619 2692 5674 insula
2723 5619 3098 5674 exactionibus
3136 5616 3582 5688 opprimebantur

1993 5711 2204 5779 incolae,
2237 5721 2296 5768 ut
2324 5712 2403 5768 eis
2422 5711 2600 5767 facere
2627 5709 2779 5776 satis,
2813 5711 2974 5765 etiam
3005 5707 3236 5764 venditis
3256 5708 3457 5773 liberis,
3487 5708 3580 5764 vix

377 5859 402 5885 ι
428 5845 504 5900 Ea
531 5847 599 5902 de
641 5859 700 5901 re
727 5846 908 5900 statim
935 5855 1058 5913 post
1084 5862 1235 5902 suam
1271 5845 1664 5902 ordinationem
1686 5842 1954 5900 Justinum
1984 5847 2179 5902 Siciliae
2215 5852 2502 5918 praetorem
2531 5841 3043 5902 commonefecerat.
3075 5837 3208 5900 Vide
3236 5839 3329 5898 lib.
3361 5858 3399 5911 ι,
3425 5839 3572 5914 ep.2.
