4138 6508
571 459 679 517 51⁵9

1058 460 1118 518 S.
1158 457 1485 515 GREGORII
1524 456 1739 514 MAGNI
1779 457 1963 524 VITA,
2004 459 2098 516 EX
2135 458 2299 520 EJUS
2338 463 2644 524 SCRIPTIS
2678 464 3075 523 ADORNATA.
3116 465 3246 523 LIB.
3284 465 3351 524 11.

3749 475 3869 531 τεο

574 584 825 647 possem;
864 589 964 631 nec
990 575 1292 631 minoribus
1319 573 1825 645 ἀθρορυιειιὶοηίὺιιε
1854 575 2153 631 vexabatur
2177 578 2234 639 Α
2256 580 2421 636 etiam
2452 580 2507 636 in
2533 580 2789 652 subjectis
2813 581 3102 653 episcopis.
3130 582 3277 639 Idem
3310 591 3537 639 testatur
3565 586 3633 640 ad
3657 586 3864 642 Domi-

568 671 770 729 Sicilia.
797 669 1035 737 Quorum
1064 668 1326 725 scelerum
1349 676 1405 723 et
1426 668 1831 723 latrociniorum
1858 666 2152 738 Gregorius

567 767 854 820 certiorem
876 763 1003 817 fecit
1030 761 1349 829 Augustam,
1380 769 1437 815 ut
1465 760 1531 815 de
1555 761 1658 827 bis,
1690 761 1971 830 explorato
1996 776 2152 816 com-

568 856 729 912 modo
753 864 1014 925 tempore,
1048 854 1365 908 Mauricium
1396 867 1742 907 commonere
1766 863 2000 908 curaret.
2041 849 2150 906 Oc-

567 955 920 1017 cupatautem
945 946 1047 1001 hac
1064 944 1116 998 in
1140 944 1393 1013 epistola,
1424 942 1568 1012 quod
1591 942 1917 1013 respondere
1940 949 2154 1023 poterat

565 1041 894 1109 imperator:
921 1036 1181 1092 Nimirum
1210 1037 1331 1106 quia
1359 1036 1412 1088 in
1436 1033 1609 1088 Italia:
1632 1034 1871 1105 expensis
1894 1035 2156 1087 transmit-

567 1132 766 1187 tebatur
804 1131 1053 1203 quidquid
1101 1130 1162 1183 de
1214 1128 1475 1199 prwdictis
1519 1128 1702 1182 insulis
1748 1126 2149 1199 aggregabatur.

565 1222 644 1275 Ad
664 1222 805 1291 quoi
835 1221 1206 1276 sanctissimus
1228 1235 1365 1289 papa
1392 1237 1404 1271 :
1433 1218 1540 1273 Sed
1566 1236 1680 1288 ego,
1710 1219 1902 1289 inquit,
1929 1235 2150 1289 suggero

564 1315 632 1367 ad
660 1316 775 1379 hoc,
802 1323 856 1366 ut
876 1315 973 1367 etsi
1002 1315 1172 1366 minus
1208 1329 1448 1382 expensa:
1476 1314 1530 1365 in
1576 1310 1735 1365 Italia
1779 1311 2089 1375 tribuantur,
2120 1329 2153 1365 a

563 1420 656 1459 suo
684 1414 856 1459 tamen
883 1406 1098 1473 imperio
1128 1420 1490 1473 oppressorum
1534 1406 1795 1473 lacrymas
1839 1412 2150 1473 compescat.

566 1495 710 1551 Nam
756 1508 806 1550 et
839 1497 1030 1550 idcirco
1073 1499 1293 1568 fortasse
1325 1504 1484 1549 tanta:
1511 1497 1672 1565 236
1700 1511 1941 1565 expensa:
1970 1495 2024 1547 in
2055 1494 2153 1547 hac

565 1600 703 1644 terra
731 1593 900 1647 minus
927 1592 994 1643 ad
1022 1590 1296 1643 utilitatem
1317 1590 1616 1658 proficiunt,
1662 1590 1784 1660 quia
1805 1604 1919 1639 cum
1949 1587 2152 1656 peccati

564 1684 739 1754 aliqua
775 1682 1099 1737 admixtione
1140 1682 1472 1753 colliguntur.
1506 1680 1829 1748 Prwcipiant
1856 1696 1977 1749 ergo
2015 1695 2154 1732 sere-

563 1773 763 1826 nissimi
807 1774 1003 1827 domini
1033 1773 1107 1826 nil
1136 1789 1251 1825 cum
1278 1780 1484 1841 peccato
1525 1770 1721 1840 colligi.
1756 1768 1825 1822 Et
1859 1771 1964 1823 scio
1994 1770 2115 1841 quia
2134 1810 2150 1837 ,

563 1866 659 1917 etsi
696 1882 879 1933 parum
927 1866 1222 1935 reipublicae
1269 1864 1568 1918 attribuitur
1606 1863 1936 1929 utilitatibus,
1983 1880 2047 1917 ea:
2091 1880 2151 1918 eo

2253 674 2435 730 nicum
2462 676 2777 746 episcopum
2805 677 3112 733 rescribens
3142 696 3156 731 :
3198 678 3277 731 De
3299 680 3660 734 ecclesiasticis
3683 684 3865 752 priri-

2255 763 2405 834 legiis
2424 764 2559 837 quod
2579 774 2747 819 vestra
2771 768 3074 837 fraternitas
3100 768 3298 833 scribit,
3323 768 3419 823 hoc
3440 772 3729 840 postposita
3754 772 3862 823 du-

2257 855 2503 911 bitatione
2523 866 2695 912 teneat
2720 876 2732 911 :
2758 860 2881 931 quia
2901 860 3032 913 sicut
3060 867 3238 913 nostra
3267 860 3613 932 defendimus,
3643 865 3719 915 ita
3751 865 3867 916 sin-

2256 949 2391 1020 gulis
2422 950 2699 1022 quibusque
2728 949 2977 1004 Ecclesiis
3006 968 3101 1005 sua
3138 952 3264 1022 jura
3292 968 3572 1007 servamus.
3598 952 3712 1006 Nec
3736 957 3861 1007 cui—

2256 1040 2394 1104 libet,
2420 1044 2621 1112 favente
2642 1043 2832 1111 gratia,
2860 1042 2999 1095 ultra
3021 1059 3177 1111 quam
3197 1051 3422 1097 meretur
3439 1045 3725 1114 impertiar,
3764 1061 3864 1098 nec

2255 1132 2350 1186 ulli
2389 1132 2484 1186 hoc
2527 1134 2665 1204 quod
2691 1134 2772 1187 sui
2798 1134 2928 1205 furis
2957 1142 3052 1200 est,
3083 1132 3279 1187 ambitu
3306 1136 3605 1189 stimulante
3633 1136 3856 1206 derogo,

2256 1224 2345 1277 sed
2406 1227 2597 1295 fratres
2643 1242 2783 1280 meos
2829 1243 2923 1297 per
2960 1228 3137 1281 omnia
3185 1228 3442 1282 honorare
3474 1229 3623 1298 cupio
3658 1227 3857 1299 (Ibid.,

2257 1334 2339 1388 ep.
2370 1315 2483 1387 47).

2328 1407 2381 1461 9.
2411 1406 2706 1477 Epistolam
2723 1408 2986 1467 Dominici
3008 1410 3075 1467 de
3096 1419 3349 1481 suscepto
3370 1411 3689 1483 pontiﬁcatu
3714 1427 3859 1467 con-

2257 1499 2665 1566 gratulatoriam
2687 1498 2994 1555 detulerant
3008 1502 3075 1557 ad
3096 1503 3413 1571 Gregorium
3435 1504 3657 1559 honoris
3685 1518 3859 1559 causa

2258 1589 2366 1644 duo
2388 1591 2646 1661 episcopi,
2678 1592 2872 1662 quibus
2899 1594 3007 1649 duo
3026 1596 3254 1651 comites
3274 1595 3407 1663 dati,
3430 1596 3691 1652 diaconus
3713 1614 3863 1654 unus

2257 1691 2315 1736 et
2333 1682 2470 1736 alter
2493 1684 2755 1739 notarius.
2778 1684 2914 1740 Cum
2934 1686 3153 1743 honoris
3172 1688 3319 1749 vices
3345 1688 3571 1744 reddere
3590 1705 3700 1744 non
3722 1705 3863 1760 pos-

2257 1784 2340 1830 set
2367 1776 2493 1845 (hoc
2522 1776 2666 1830 enim
2700 1792 2732 1831 a
2771 1793 3025 1849 suprema
3063 1780 3182 1849 ejus
3223 1781 3482 1850 dignitate
3507 1779 3700 1838 fuisset
3724 1784 3866 1838 alie-

2260 1866 2408 1937 num)
2439 1882 2680 1922 amorem
2705 1879 2855 1925 certe
2896 1871 3067 1926 amori
3104 1872 3372 1942 rependit,
3404 1874 3566 1928 etiam
3603 1888 3727 1929 cum
3756 1874 3863 1930 fce-

563 1959 777 2011 multum
800 1957 1088 2026 respublica
1119 1956 1415 2026 adjuvatur.
1452 1953 1622 2018 Quam
1647 1956 1740 2009 etsi
1782 1958 2004 2027 fortasse
2023 1971 2146 2009 conv
2185 1973 2229 2033 Β
2260 1972 2413 2024 nore,
2445 1974 2553 2013 non
2578 1960 2756 2017 minus
2783 1960 3038 2017 videlicet
3072 1963 3335 2019 sollicitus
3382 1964 3634 2020 amicitias
3690 1980 3863 2036 quam

564 2050 727 2120 tingat
772 2048 1011 2115 expensis
1053 2046 1340 2101 minoribus
1364 2047 1532 2100 minus
1557 2046 1815 2117 adjuvari,
1862 2047 2043 2100 nielius
2068 2055 2151 2101 est

562 2151 733 2195 tamen
762 2142 1113 2210 temporaliter
1142 2158 1236 2195 nos
1265 2158 1367 2194 non
1395 2144 1576 2207 vivere,
1602 2159 1757 2214 quam
1786 2160 1869 2197 vos
1897 2142 1965 2195 ad
1995 2150 2151 2196 teter-

560 2250 681 2288 nam
712 2234 869 2286 vitam
912 2232 1234 2288 obstaculum
1286 2234 1496 2305 aliquod
1537 2236 1787 2288 invenire.
1845 2232 1975 2297 Quae
2016 2235 2154 2288 enim

560 2335 773 2390 mentes,
796 2325 971 2395 qualia
1001 2326 1196 2378 viscera
1221 2334 1493 2393 parentum
1530 2342 1639 2378 esse
1661 2334 1898 2395 possunt,
1946 2340 2157 2393 perpsno

560 2418 686 2486 dite,
728 2416 933 2488 quando
983 2417 1118 2486 ﬁlios
1167 2432 1285 2470 suos
1340 2416 1636 2470 distrahunt
1674 2434 1737 2470 ne
1799 2424 2151 2488 torqueantur.

562 2508 713 2564 Nunc
735 2508 802 2563 ad
825 2524 912 2565 res
941 2511 1341 2566 ecclesiasticas
1366 2520 1768 2566 convertamur.

632 2600 685 2654 6.
729 2601 948 2656 Ineunte
975 2602 1078 2657 hoc
1099 2617 1242 2657 anno
1270 2601 1508 2657 secundo
1537 2600 1850 2671 Gregoriani
1875 2600 2156 2670 pontifica-

2255 2050 2597 2119 episcopatus
2613 2050 2736 2120 jura
2753 2066 2989 2108 servare.
3012 2052 3067 2107 id
3086 2070 3184 2124 pro
3205 2062 3355 2110 certo
3369 2055 3693 2127 habebitqui
3715 2057 3863 2112 hanc

2254 2140 2323 2195 ad
2352 2140 2691 2197 Dominicum
2720 2144 3004 2213 epistolam
3033 2144 3243 2214 legerit.
3268 2144 3478 2211 Quanta
3502 2146 3646 2201 enim
3671 2148 3864 2201 chari-

2256 2229 2381 2283 tatis
2429 2228 2720 2298 fragrantia
2748 2232 2833 2286 his
2860 2231 2915 2286 in
2950 2234 3131 2288 verbis
3163 2252 3176 2287 :
3211 2232 3368 2288 Hanc
3409 2245 3625 2289 matrem
3680 2244 3863 2289 custo-

2255 2321 2470 2394 demque
2525 2324 2770 2377 virtntum
2822 2323 3234 2395 (dilectionem),
3275 2328 3602 2381 sanctissime
3654 2330 3856 2398 frater,

2254 2414 2562 2468 inconcussa
2610 2416 2893 2469 stabilitate
2941 2426 3224 2471 teneamus.
3257 2414 3437 2472 Nulla:
3467 2420 3519 2471 in
3561 2418 3711 2472 nobis
3738 2435 3861 2472 eam

2255 2502 2587 2559 subdolorum
2633 2506 2823 2576 lingua:
2862 2507 3200 2571 imminuant,
3250 2508 3407 2563 nulla:
3451 2510 3647 2580 antiqui
3679 2510 3851 2563 hostis

2252 2596 2461 2650 insidia'
2484 2604 2836 2665 corrumpant.
2863 2596 2994 2651 Haec
3015 2615 3237 2669 namque
3264 2599 3430 2652 divisa
3444 2600 3638 2669 jungit,
3661 2609 3711 2653 et
3738 2616 3861 2655 con-

564 2701 668 2759 tus,
693 2691 1014 2747 Laurentius
1046 2692 1303 2747 Romana:
1336 2692 1587 2747 Ecclesia:
1630 2691 2041 2746 archidiaconus
2069 2690 2148 2759 (is
2248 2686 2435 2755 juncta
2457 2686 2696 2740 custodit.
2715 2686 2846 2741 Hac
2868 2689 3088 2742 humilia
3113 2690 3225 2743 sine
3248 2698 3443 2744 tumore
3463 2690 3700 2761 subrigit.
3724 2690 3774 2743 11
3784 2708 3859 2744 me

562 2784 702 2840 forte
722 2785 815 2855 qui
832 2786 885 2839 in
912 2785 1088 2840 locum
1112 2784 1280 2855 ipsius
1305 2784 1529 2840 Romam
1552 2784 1874 2839 revertentis
1896 2782 2156 2837 Constan-

562 2876 789 2947 tinopoli
810 2875 1067 2933 suﬂectus
1088 2875 1264 2930 fuerat
1285 2890 1315 2928 a
1338 2873 1555 2943 Pelagio
1572 2874 1733 2944 papa)
1758 2874 1827 2927 ob
1848 2871 2153 2943 superbiam

560 2976 616 3024 et
643 2968 747 3022 alia
776 2967 1054 3037 depositus
1085 2975 1186 3021 est.
1219 2964 1350 3034 Ejus
1393 2965 1571 3019 locum
1602 2963 1810 3033 accepit
1850 2962 2155 3017 Honoratus

561 3060 614 3116 in
643 3059 851 3131 synodo
874 3059 1319 3129 presbyterorum
1350 3056 1812 3123 diaconorumque
1841 3053 2080 3106 omnium
2101 3060 2159 3107 et

562 3151 795 3207 universi
820 3150 952 3207 cleri
979 3150 1084 3217 (Ad
1104 3149 1296 3203 calcem
1327 3147 1454 3217 Ep.,
1481 3147 1604 3201 olim
1631 3146 1699 3199 ad
1727 3147 1843 3198 init.
1868 3142 1957 3197 lib.
1982 3142 2070 3215 ll);
2097 3151 2158 3197 nt

561 3246 740 3317 palam
771 3246 974 3300 faceret
1002 3260 1245 3300 summus
1280 3242 1524 3315 pontifex
1566 3248 1826 3312 quantum
1866 3240 1968 3294 sibi
1997 3236 2151 3293 cordi

2255 2787 2427 2830 erecta
2466 2778 2577 2832 sine
2606 2778 2891 2850 dejectione
2925 2778 3199 2836 submittit.
3232 2781 3335 2836 Per
3371 2784 3504 2836 lianc
3545 2784 3859 2839 universalis

2256 2869 2507 2925 Ecclesia:
2534 2873 2727 2935 unitas,
2777 2889 2891 2943 qua
2943 2882 3019 2927 est
3072 2891 3317 2944 compago
3364 2874 3595 2944 corporis
3639 2873 3855 2941 Christi,

2257 2962 2614 3030 equuations
2640 2964 2826 3015 mentis
2857 2964 3048 3034 gaudet
3086 2966 3140 3017 in
3170 2965 3407 3035 singulis,
3439 2980 3554 3018 cum
3583 2966 3650 3019 sit
3671 2967 3720 3018 ei
3745 2966 3859 3020 dis-

2257 3051 2498 3119 parilitas
2528 3052 2588 3105 in
2618 3052 2916 3107 diversitate
2954 3052 3314 3108 membrorum.
3353 3054 3454 3108 Per
3495 3055 3626 3108 lianc
3667 3056 3855 3109 eadem

2260 3141 2486 3195 membra
2499 3151 2548 3195 et
2564 3144 2733 3196 alieno
2756 3145 2946 3215 gaudio
2964 3146 3016 3198 in
3034 3147 3140 3199 suis
3161 3145 3352 3215 afﬂicta
3373 3148 3640 3215 exsiliunt,
3658 3158 3708 3200 et
3725 3149 3856 3201 alie-

2260 3232 2340 3284 nis
2369 3231 2673 3287 maeroribus
2703 3233 2863 3287 etiam
2890 3236 2944 3287 in
2992 3236 3100 3288 suis
3130 3235 3249 3289 (tcta
3279 3237 3665 3290 contabescunt.
3703 3235 3855 3291 Teste

561 3345 705 3392 esset
734 3336 983 3403 indignos
1025 3352 1056 3389 a
1085 3351 1243 3390 sacro
1270 3335 1572 3389 ministerio
1601 3347 1913 3398 removere;
1942 3333 2158 3401 sapien-
2181 3350 2230 3413 ο
2260 3325 2394 3377 enim
2415 3326 2663 3393 magistro
2682 3328 2932 3396 gentium,
2958 3327 3079 3381 dum
3099 3329 3143 3381 si
3164 3328 3288 3399 quid
3306 3331 3499 3398 patitur
3519 3347 3678 3383 unum
3707 3347 3856 3383 mem-

562 3428 767 3482 tissime
793 3427 1000 3482 scilicet
1024 3426 1333 3495 intelligens
1363 3424 1733 3495 rempublicam
1773 3425 1936 3479 etiam
1980 3423 2158 3478 eccle-

562 3520 855 3587 siasticam,
873 3520 948 3572 uti
969 3520 1203 3589 prtemio,
1226 3519 1301 3573 ita
1317 3534 1468 3589 paena
1489 3519 1742 3573 contineri
1773 3517 1905 3589 (Cic.
1930 3517 1998 3570 ad
2022 3515 2159 3570 Bru-

565 3612 715 3681 tum).

635 3704 690 3759 7.
730 3702 936 3760 Eodem
978 3718 1123 3759 anno
1151 3702 1297 3759 sedis
1337 3703 1652 3774 apostolicae
1684 3702 1825 3758 vices
1854 3702 1908 3757 in
1936 3710 2161 3757 cunctas

563 3794 763 3852 Siciliae
795 3795 1063 3851 Ecclesias
1112 3794 1383 3850 commisit
1410 3803 1601 3850 sancto
1623 3793 1969 3857 Maximiano,
1998 3794 2162 3863 Syra-

564 3900 767 3941 cusano
795 3885 1078 3956 episcopo,
1111 3885 1178 3941 de
1207 3901 1315 3956 quo
1351 3885 1462 3955 jam
1496 3886 1704 3954 egimus
1739 3904 1750 3938 :
1780 3900 1943 3956 quam
1990 3884 2163 3953 digni-

564 3985 731 4032 tatem
780 3994 890 4033 non
931 3978 1052 4033 loco
1089 3977 1303 4043 tribuit,
1337 3976 1431 4031 sed
1472 3994 1747 4049 personm;
1781 3992 1846 4032 ex
1886 3984 2161 4031 transacta

563 4069 673 4123 vita
698 4070 865 4138 probe
889 4069 1213 4138 intelligens,
1240 4069 1363 4140 quid
1379 4069 1441 4123 de
1463 4069 1787 4140 subsequenti
1809 4068 1920 4138 ejus
1949 4083 2162 4121 conver-

564 4161 767 4213 satione
793 4176 1103 4229 prtesumere
1124 4160 1299 4213 liceret
1323 4158 1464 4228 (Lib.
1493 4176 1547 4223 ιι,
1581 4176 1662 4228 ep.
1700 4159 1775 4227 7).
1809 4157 2040 4225 Maiores
2078 4165 2162 4211 ta-

566 4268 694 4307 men
724 4266 918 4307 causas
946 4250 1389 4320 difﬁcilioresque
1426 4250 1757 4305 dirimendas
1783 4248 1849 4303 ad
1879 4264 1939 4305 se
1961 4248 2159 4304 deferri

564 4341 754 4396 voluit.
787 4338 866 4394 Ex
886 4340 1116 4411 epistola
1162 4340 1233 4395 ad
1261 4341 1510 4396 eumdem
1564 4340 1728 4410 paulo
1785 4349 1909 4409 post
1963 4340 2164 4410 scripta

567 4435 769 4505 (Ibid.,
803 4433 907 4506 Ep.
958 4435 1050 4508 24)
1096 4437 1265 4505 liquet
1320 4451 1482 4505 quam
1529 4436 1741 4491 curiose
1788 4436 2161 4507 investigaret,

566 4526 790 4595 quinam
819 4526 1135 4598 episcOpatu
1176 4526 1322 4594 fungi
1353 4526 1684 4595 (ubicunque
1726 4527 1980 4593 laterent)
2009 4529 2159 4597 digni

566 4619 904 4690 viderentur,
928 4627 988 4674 ut
1014 4634 1110 4676 eos
1137 4619 1203 4674 ad
1233 4617 1562 4689 pastoralem
1612 4634 1798 4674 curam
1828 4621 2051 4689 provehi
2077 4636 2163 4675 saa

568 4719 797 4777 tegeret.

641 4799 693 4853 8.
727 4801 873 4857 inter
900 4810 1096 4858 caetera
1126 4799 1507 4858 observatione
1536 4800 1692 4870 digna
1727 4815 1847 4870 quae
1877 4801 1980 4856 hoc
2018 4816 2161 4858 anno

568 4892 872 4961 constituit,
913 4908 1021 4947 non
1067 4892 1242 4948 obiter
1290 4890 1721 4963 praetereuntium
1752 4893 1853 4947 hoc
1909 4892 2164 4948 adversus

569 4983 793 5038 iteratas
819 4982 1188 5039 ordinationes
1226 4984 1505 5040 decretum
1535 5001 1547 5036 :
1584 4983 1729 5037 Sicut
1762 4984 2051 5053 baptizatus
2078 5000 2163 5037 se-

568 5076 675 5131 mel
703 5078 889 5143 iterum
914 5075 1169 5145 baptizari
1190 5094 1294 5131 non
1323 5076 1489 5141 debet,
1525 5076 1598 5131 ita
1617 5078 1701 5148 qui
1732 5085 2059 5141 consecratus
2088 5085 2169 5131 est

569 5169 746 5233 semel,
778 5168 831 5221 in
861 5168 1039 5222 eodem
1081 5170 1265 5222 iterum
1307 5168 1487 5223 ordine
1532 5185 1637 5222 non
1679 5171 1811 5223 valet
1839 5170 2153 5222 consecrari.

571 5258 679 5314 Sed
698 5259 743 5313 si
760 5257 872 5329 quis
896 5256 1113 5328 forsitan
1131 5273 1244 5311 cum
1265 5256 1360 5311 levi
1383 5258 1533 5328 culpa
1549 5257 1618 5310 ad
1632 5257 1978 5312 sacerdotium
2002 5259 2158 5322 venit,

569 5367 663 5418 pro
710 5348 863 5420 culpa
892 5349 1185 5419 paenitentia
1214 5348 1375 5402 indici
1407 5348 1573 5416 debet,
1603 5357 1653 5401 et
1681 5358 1851 5401 tamen
1896 5346 2023 5401 ordo
2053 5364 2162 5402 ser-

570 5444 680 5497 vari
712 5440 854 5515 (Lib.
900 5458 957 5508 ιι,
989 5459 1071 5511 ep.
1103 5440 1217 5509 46).

644 5534 865 5590 Attente
884 5549 1101 5604 quoque
1132 5533 1356 5603 legenda
1380 5544 1505 5591 sunt
1524 5534 1687 5589 verba
1704 5534 1819 5588 haec
1840 5534 2013 5590 sancti
2034 5549 2169 5604 pon—

572 5621 731 5679 tilicis
758 5642 769 5677 :
801 5625 948 5679 Absit
987 5625 1081 5679 Itoc
1110 5642 1141 5678 a
1171 5642 1268 5690 me,
1318 5632 1372 5677 ut
1420 5632 1616 5678 statuta
1665 5626 1928 5695 majorum
1976 5642 2164 5679 consa-

573 5714 866 5769 cerdotibus
895 5716 1021 5769 meis
1056 5716 1111 5769 in
1150 5716 1380 5787 qualibet
1409 5713 1647 5769 Ecclesia
1687 5716 1974 5788 infringam
2003 5733 2020 5771 :
2048 5717 2169 5787 quia

575 5805 699 5858 mihi
728 5807 978 5877 injuriam
1006 5808 1162 5876 facio,
1194 5808 1241 5861 si
1273 5809 1497 5878 fratrum
1524 5824 1750 5862 meorum
1772 5809 1898 5879 jura
1928 5807 2168 5880 perturba

579 5895 720 5968 (Lib.
777 5914 833 5961 ιι,
882 5914 965 5967 ep.
1017 5894 1126 5966 52).
1165 5897 1370 5964 Quibus
1399 5899 1633 5953 OStendit
1673 5914 1831 5968 quam
1887 5900 2170 5969 religiosus

581 5990 758 6048 cultor
783 5988 925 6046 foret
940 5988 1200 6045 instituta:
1220 6004 1252 6045 a
1274 5988 1490 6047 Christo
1514 5990 1834 6061 episc0palis
1863 5992 2169 6061 potestatis,

2261 3417 2410 3471 brum
2457 3419 2843 3488 compatiuntur
2886 3430 3076 3474 caetera
3121 3421 3379 3489 membra,
3426 3432 3475 3476 et
3516 3425 3561 3477 si
3598 3425 3857 3495 gloriatur

2260 3526 2420 3564 unum
2447 3510 2728 3565 membrum
2767 3513 3091 3583 congaudent
3134 3515 3309 3568 omnia
3347 3513 3595 3580 membra,
3629 3532 3717 3570 vos
3753 3534 3855 3571 non

2263 3602 2467 3674 ambigo
2498 3603 2561 3656 de
2587 3611 2767 3657 nostra
2808 3605 3189 3673 perturbatione
3232 3605 3585 3677 ingemiscere,
3616 3623 3734 3659 cum
3761 3623 3856 3661 nos

2263 3698 2473 3750 omnino
2503 3707 2698 3749 certum
2726 3698 2793 3750 sit
2844 3697 2907 3750 de
2956 3706 3122 3751 vestra
3168 3714 3295 3768 pace
3335 3698 3580 3769 gaudere.
3625 3697 3693 3752 Et
3734 3707 3856 3768 post

2264 3791 2469 3845 multa:
2502 3790 2606 3845 Per
2635 3791 2903 3844 charitatis
2932 3807 3230 3863 compagem
3271 3801 3319 3846 et
3358 3803 3447 3847 tua
3484 3802 3606 3848 sunt
3637 3810 3752 3866 qua
3790 3795 3853 3849 de

2265 3902 2344 3938 me
2366 3885 2565 3955 loquor,
2588 3894 2637 3938 et
2652 3901 2765 3939 mea
2785 3901 2899 3956 qum
2922 3892 2969 3939 te
2991 3903 3143 3957 agere
3168 3888 3494 3957 concupisco.

2339 3977 2423 4030 10.
2460 3976 2526 4031 Ut
2548 3977 2614 4032 de
2635 3978 2795 4032 rebus
2824 3979 3135 4034 monasticis
3159 3978 3226 4033 ad
3254 3980 3548 4035 secundum
3574 3979 3855 4049 pontiﬁca-

2267 4077 2354 4124 tus
2372 4068 2687 4138 Gregoriani
2708 4086 2905 4125 annum
2928 4072 3320 4141 pertinentibus
3342 4087 3510 4143 pauca
3534 4071 3852 4141 delibenius,

2268 4160 2400 4215 nihil
2428 4168 2614 4215 notatu
2638 4162 2805 4230 magis
2827 4162 3046 4232 dignum
3070 4164 3226 4218 nobis
3254 4165 3489 4219 occurrit
3512 4178 3674 4233 quam
3703 4180 3853 4236 papa:

2268 4250 2573 4307 sollicitudo
2623 4252 2689 4305 ad
2735 4253 3169 4322 componendum
3207 4253 3485 4311 dissidium
3515 4255 3657 4309 inter
3686 4253 3852 4308 Maxi-

2268 4341 2508 4395 mianum
2538 4342 2851 4413 episcopum
2881 4343 3307 4415 Syracusanum,
3344 4353 3401 4401 et
3440 4345 3731 4401 Eusebium
3760 4345 3855 4401 ab.

2269 4432 2469 4486 batem.
2495 4431 2717 4498 Quanta:
2745 4435 3045 4491 sanctitatis
3072 4437 3213 4491 foret
3231 4435 3590 4492 Maximianus
3613 4434 3723 4504 jam
3745 4452 3853 4490 nou

2270 4522 2439 4577 semel
2467 4539 2497 4576 a
2528 4524 2683 4580 nobis
2709 4526 2927 4580 dictum.
2962 4526 3176 4582 Sancta:
3204 4526 3352 4583 sedis
3376 4528 3523 4585 vices
3571 4529 3673 4599 ipsi
3701 4543 3852 4583 com-

2269 4614 2459 4669 missas
2480 4631 2510 4669 a
2540 4614 2799 4684 Gregorio
2818 4656 2833 4680 ,
2885 4618 3103 4674 ineunte
3129 4620 3233 4674 hoc
3262 4635 3405 4675 anno
3433 4636 3594 4690 supra
3623 4635 3855 4675 comme-

2192 4741 2246 4802 Ι)
2271 4708 2617 4761 moravimus.
2642 4707 2826 4762 Virum
2859 4716 3037 4765 tamen
3059 4720 3325 4775 sanctum,
3354 4720 3411 4767 et
3438 4712 3490 4766 in
3512 4714 3714 4767 intimis
3744 4713 3851 4767 fere

2269 4796 2521 4866 primum,
2555 4797 2982 4866 redarguendum
3013 4802 3221 4856 censuit
3255 4811 3474 4857 sanctus
3514 4802 3755 4873 pontifex
3785 4804 3852 4857 ob

2268 4888 2546 4955 inﬂictam,
2572 4889 2757 4943 leviori
2783 4906 2850 4945 ex
2880 4907 3041 4946 causa
3068 4900 3125 4946 et
3166 4907 3232 4947 ex
3274 4893 3437 4947 animi
3467 4894 3849 4960 commotione,

2268 4978 2500 5034 Eusebio
2547 4979 2727 5034 abbati
2754 4983 3391 5039 excommunicationem.
3424 4970 3501 5039 Ea
3540 4985 3608 5039 de
3636 5000 3697 5040 re
3735 5001 3852 5039 mo-

2268 5071 2501 5126 nendum
2541 5085 2664 5124 eum
2692 5072 2897 5140 putavit
2925 5087 2955 5126 a
2994 5072 3157 5129 Petro
3203 5074 3538 5131 subdiacouo
3578 5077 3633 5130 in
3672 5076 3853 5132 Sicilia

2226 5186 2229 5189 ν
2268 5177 2365 5233 pro
2378 5161 2608 5230 negotiis
2621 5161 2875 5217 Romanae
2888 5163 3029 5220 sedis
3044 5173 3257 5233 agente,
3280 5166 3345 5220 ad
3367 5181 3527 5235 quem
3544 5168 3617 5222 ila
3634 5168 3851 5223 scribit:

2265 5252 2437 5323 JEgre
2466 5254 2558 5307 tuli
2586 5255 2723 5326 quod
2754 5254 3149 5327 (Maximianus)
3179 5256 3424 5312 damnum
3452 5256 3736 5314 Eusebium
3764 5277 3855 5315 ea;-

2267 5347 2677 5411 communicavit,
2710 5347 2869 5400 virum
2898 5356 3058 5402 tanta:
3097 5350 3267 5402 celatis
3304 5359 3353 5403 et
3384 5359 3543 5405 tanta:
3586 5354 3855 5423 aegritudi-

2269 5438 2371 5491 nis.
2409 5436 2558 5492 Unde
2579 5454 2785 5492 necesse
2805 5446 2879 5492 est
2903 5448 2959 5491 ut
2986 5439 3153 5492 eidem
3181 5440 3371 5494 domno
3401 5442 3640 5513 episcopo
3670 5454 3856 5498 secrete

2272 5531 2439 5594 dicas,
2468 5540 2719 5603 quatenus
2749 5533 2803 5585 in
2838 5533 3162 5603 proferendis
3201 5534 3467 5602 sententiis
3496 5553 3728 5605 preceps
3758 5553 3856 5591 non

2273 5625 2359 5690 sit,
2392 5626 2513 5697 quia
2535 5641 2707 5680 caustc
2733 5642 2844 5697 qua:
2889 5643 2981 5694 per
3017 5628 3327 5705 sententipm
3374 5628 3673 5683 decidenda:
3719 5637 3855 5700 sunt,

2275 5734 2480 5772 necesse
2506 5726 2581 5771 est
2608 5727 2662 5771 ut
2686 5719 2830 5788 prius
2853 5718 3087 5773 studiosa
3107 5729 3156 5773 et
3178 5722 3596 5792 frequentissima
3622 5723 3855 5777 conside-

2275 5811 2477 5865 ratione
2504 5820 2864 5865 mensurentur
2891 5808 3028 5874 (Lib.
3056 5828 3109 5876 ιι,
3136 5830 3217 5883 ep.
3247 5812 3361 5881 32).
3386 5813 3523 5868 Nota
3546 5814 3721 5869 damni
3747 5825 3763 5868 t
3786 5826 3858 5871 tu-

2276 5900 2387 5955 lum
2418 5901 2485 5956 ab
2516 5901 2632 5970 ipso
2662 5916 2800 5974 papa
2824 5901 3045 5957 honoris
3080 5918 3240 5959 causa
3288 5906 3404 5961 seni
3428 5921 3745 5962 concessum
3770 5906 3857 5960 an-

2277 5988 2409 6044 bati.
2433 5987 2543 6045 Nec
2571 5989 2702 6046 satis
2729 5989 2830 6045 fuit
2848 5988 3111 6062 Gregorio
3134 5992 3514 6051 Maximianum
3538 5997 3739 6067 alloqui
3767 6014 3859 6069 per
