4138 6456
303 442 403 496 521

808 436 869 492 S.
913 432 1243 488 GREGORII
1284 430 1496 487 MAGNI
1533 429 1713 491 VITA,
1758 425 1849 481 EX
1889 422 2053 479 EJUS
2091 418 2395 476 SCRIPTIS
2433 414 2830 474 ADORNATA.
2874 415 2999 472 LIB.
3040 415 3084 471 ll

3463 411 3569 468 322

300 556 521 611 Petrum
551 553 647 609 sed
672 552 869 608 litteris
888 566 1011 607 eum
1039 548 1317 604 admonuit
1340 554 1400 601 ut
1425 546 1594 602 lenire
1622 552 1678 599 et
1698 557 1882 599 conso—
1910 541 1963 601 Α
1986 537 2200 606 dignum
2240 534 2468 588 moribus
2517 544 2668 605 atque
2710 542 2887 603 aptum
2932 529 3233 587 monasticis
3279 524 3573 595 disciplina

300 647 400 701 lari
449 644 740 699 Eusebium
792 650 936 697 tanta
982 643 1156 713 furore
1196 646 1573 709 exasperatum
1622 634 1883 690 studeret.

301 737 416 791 Hac
443 736 495 791 in
518 734 744 805 epistola
774 733 842 788 ad
864 731 1173 786 Maximiani
1198 737 1434 785 mentem
1475 732 1714 792 revocat,
1744 738 1885 793 quo-

299 830 403 886 ties
422 843 545 883 eum
574 824 935 889 admonuerit,
961 831 1022 877 ut
1040 822 1093 876 in
1118 818 1435 891 proferenda
1464 814 1727 872 sententia
1752 827 1887 884 prte-

297 936 429 991 ceps
458 934 565 973 non
595 923 740 972 esset
762 914 903 986 (Lib.
921 930 978 977 ιι,
996 931 1079 985 ep.
1097 911 1212 981 '54).
1237 910 1459 964 Miratur
1486 923 1609 967 eum
1639 906 1711 960 ita
1740 903 1888 959 furo-

297 1025 360 1065 re
384 1009 651 1065 exarsisse
682 1008 735 1061 in
764 1006 1039 1070 abbatem,
1063 1002 1216 1071 cujus
1256 1001 1476 1069 antiqua
1522 996 1884 1062 conversatio,

296 1110 432 1157 aetas
453 1102 612 1170 longa
641 1107 697 1156 et
722 1096 981 1167 aegritudo
1010 1095 1260 1150 diuturna
1289 1092 1529 1162 episcopi
1557 1092 1792 1145 animum
1818 1088 1887 1143 ab

301 1194 381 1247 ira
436 1192 722 1247 deﬂectere
767 1187 1097 1244 debuissent.
1131 1183 1354 1247 Quilibet
1382 1184 1519 1237 enim
1557 1183 1612 1235 in
1645 1197 1703 1235 eo
1734 1181 1888 1251 fuerit

298 1302 556 1351 excessus,
580 1272 774 1353 inquit,
794 1283 910 1352 ipsa
939 1278 1261 1350 aegritudinis
1284 1276 1491 1346 aﬁlictio
1520 1275 1566 1328 ei
1596 1273 1766 1327 debuit
1793 1288 1885 1343 pro

300 1380 508 1450 ﬂagello
539 1379 886 1449 suﬁicere.....
917 1374 1008 1428 sed
1038 1374 1260 1443 fortasse
1287 1369 1404 1423 ideo
1437 1366 1682 1421 excedere
1708 1367 1765 1419 in
1796 1363 1889 1418 tali

300 1486 521 1541 persona
548 1467 826 1538 permissus
844 1481 921 1531 es,
952 1472 1007 1516 ut
1026 1461 1228 1515 cautior
1253 1461 1307 1513 in
1337 1455 1600 1512 vilioribus
1622 1456 1740 1525 ﬁas.
1766 1452 1885 1509 Uti-

300 1576 428 1615 nam
460 1560 575 1614 haec
600 1556 924 1613 sanctissimi
954 1552 1194 1609 doctoris
1235 1550 1442 1605 monita
1471 1549 1540 1602 ob
1566 1546 1754 1601 oculos
1783 1546 1882 1600 ha-

299 1652 493 1707 berent
517 1664 731 1720 semper
757 1648 810 1703 in
840 1646 952 1701 suis
972 1658 1097 1714 erga
1119 1642 1357 1697 subditos
1376 1638 1592 1709 judiCiis
1620 1636 1888 1692 antistites

301 1751 358 1798 et
402 1750 661 1797 rectores.
709 1734 1112 1806 Obtemperavit
1160 1733 1536 1797 Maximianus,
1570 1737 1625 1785 et
1654 1727 1887 1783 Eusebio

300 1832 737 1889 communionem
765 1844 830 1884 ac
870 1828 1099 1897 gratiam
1126 1822 1578 1887 reddere.voluit;
1610 1820 1705 1877 sed
1742 1818 1886 1874 acci-

1987 625 2245 680 communi
2271 641 2521 679 consensu
2543 625 2871 695 congregatio
2897 632 3002 677 tota
3028 619 3339 693 poposcerit,
3362 624 3413 671 te
3430 618 3574 670 volu-

1986 735 2101 773 mus
2120 715 2516 788 ordinare(Lib.
2540 733 2600 784 ιι,
2613 715 2821 786 ερ.41).
2837 718 2914 770 De
2926 714 3044 769 aliis
3063 709 3355 783 privilegiis
3376 707 3429 762 in
3450 720 3575 777 gra-

1985 809 2116 864 tiam
2140 808 2527 864 monachorum
2549 806 2688 863 datis
2708 805 2848 861 infra
2867 806 3152 875 loquemur
3172 800 3310 874 (Lib.
3340 813 3419 868 ιιι,
3443 815 3491 853 c.
3514 797 3571 867 2,

2008 914 2065 954 ”’
2090 898 2170 967 9)’
2610 964 2838 1023 CAPUT
2874 964 2967 1020 ιιι.

1988 1084 2181 1137 Ancon.
2201 1111 2260 1121 -—
2283 1087 2325 1136 l.
2352 1085 2486 1135 Duos
2524 1081 2938 1143 ιιιθιιοοιιοιὶιιιιιοεξΔ
2956 1081 3160 1143 castigat
3203 1078 3255 1128 S.
3283 1077 3574 1137 Gregorius,

2051 1160 2196 1197 causa
2226 1147 2450 1196 Thebani
2488 1141 2721 1208 episcopi.
2748 1167 2808 1208 -τ
2833 1146 2877 1192 2.
2902 1141 3200 1208 Episcopum.
3226 1150 3575 1208 percussorem

2054 1212 2456 1259 excommunicat.
2484 1199 2545 1242 —;
2584 1209 2630 1255 5.
2656 1199 2731 1255 De
2779 1199 2976 1253 Isauritis
3022 1199 3267 1250 monachis
3311 1214 3336 1248 a
3384 1199 3572 1246 Joanne

2051 1271 2145 1321 (ΖΡ,
2172 1272 2298 1320 male
2335 1269 2526 1319 habitis.
2568 1267 2797 1329 Epistolas
2835 1267 2888 1329 S.
2914 1264 3136 1329 Gregorii
3158 1262 3221 1329 ad
3243 1259 3480 1329 Joannem
3516 1270 3579 1306 ea

2050 1335 2114 1383 de
2138 1347 2280 1383 causa
2301 1333 2508 1391 scriptae.
2524 1359 2584 1368 ——
2607 1322 2655 1378 ὶ.
2683 1328 2943 1391 monachos
2966 1322 3303 1391 post‘oblaiam
3324 1322 3437 1391 fidei
3459 1331 3579 1390 con:-

2052 1381 2316 1445 fess'ionem
2355 1381 2580 1442 absolvit.
2624 1392 2699 1441 De
2734 1389 2924 1437 Joanne
2966 1381 3253 1447 presbytero
3296 1381 3572 1447 ab__haeresi

2049 1443 2258 1519 quoque
2272 1455 2583 1504 absoluto.—
2608 1457 2652 1519 ὅ.
2682 1452 2896 1519 Joannes
2932 1443 3025 1519 QP.
3046 1443 3574 1519 haeresimhobjiciens,

2052 1503 2108 1566 in
2126 1503 2352 1567 cii-orem
2393 1503 2588 1566 incaute
2615 1503 2828 1561 labitur.
2850 1537 2911 1547 —-
2949 1513 3000 1561 6.
3040 1508 3246 1558 Joannis
3281 1503 3580 1567 Ravennatis

2051 1563 2517 1639 fastum'comprimit
2540 1577 2591 1625 S.
2619 1575 2909 1639 Gregorius.
2929 1573 3050 1639 —_7.
3067 1571 3149 1639 De
3176 1567 3448 1639 Domitiano
3457 1563 3580 1639 Alc:

2052 1625 2469 1701 litinarvie'piscbpo.
2498 1638 2590 1696 Qui
2618 1625 2847 1701 pradicet
2869 1631 3429 1701 Persisjrritoheouatu.
3455 1625 3578 1673 Eum

2051 1690 2327 1753 consolatur
2350 1690 2546 1751 δέησιυέ
2571 1690 2809 1762 pontifex.
2834 1696 2951 1758 (An.
2972 1694 3064 1744 592
3089 1701 3142 1743 et
3163 1690 3298 1751 593.)

2061 1830 2114 1883 1.
2155 1829 2367 1896 Quanta
2430 1823 2721 1893 Gregorius
2794 1819 3059 1877 cbaritate
3117 1810 3580 1881 complectebatur
3648 1876 3659 1881 _

298 1940 431 1998 pere
459 1923 795 1980 detrectabat
821 1896 1007 1976 abbas.
1040 1917 1194 1973 Unde
1235 1917 1383 1971 illum
1430 1914 1498 1969 ad
1526 1912 1759 1969 olIicium
1797 1926 1889 1967 re-

2003 1921 2225 1991 )plimos
2266 1919 2570 1988 episcopos,
2624 1921 2774 1968 tanta
2820 1909 3112 1967 severitate
3155 1896 3444 1960 coercebat
3486 1914 3583 1954 eos

298 2032 498 2072 vocare
544 2014 750 2070 studuit
795 2012 855 2068 S.
904 2009 1196 2079 Gregorius
1237 2008 1340 2062 hac
1389 2005 1616 2076 epistola
1651 2022 1664 2056 :
1697 2001 1887 2056 Credat

299 2110 425 2162 mihi
480 2108 708 2162 charitas
755 2113 873 2168 tua,
929 2103 1051 2174 quia
1079 2100 1229 2156 valde
1279 2100 1614 2154 contristatus
1668 2112 1782 2150 sum
1825 2094 1888 2148 de

301 2200 513 2252 tristitia
562 2188 668 2262 tua,
721 2212 781 2248 ac
816 2195 863 2249 si
911 2195 967 2246 in
1025 2202 1069 2245 te
1117 2191 1367 2261 injuriam
1394 2190 1505 2259 ipse
1542 2186 1885 2259 pertulissem.

301 2288 411 2343 Sed
439 2304 551 2340 cum
572 2283 896 2354 postmodum
935 2282 1121 2352 agnovi
1144 2282 1265 2350 quia
1293 2280 1450 2332 etiam
1478 2277 1727 2331 reddente
1755 2292 1890 2329 reve-

299 2378 608 2432 rendissimo
634 2378 742 2430 viro
770 2378 933 2446 fratre
961 2381 1008 2427 et
1029 2373 1328 2443 coepiscopo
1359 2378 1536 2425 nostro
1558 2368 1888 2424 Maximiano

301 2473 526 2543 gratiam
546 2480 696 2542 atque
719 2471 1150 2534 communionem,
1184 2476 1273 2521 tua
1321 2467 1529 2533 dilectio
1568 2465 1631 2519 ab
1662 2481 1722 2519 eo
1745 2481 1886 2519 com-

302 2562 561 2616 municari
584 2559 809 2625 nolebat,
836 2560 1047 2631 cognovi
1077 2567 1127 2613 et
1164 2557 1294 2611 illud
1332 2558 1475 2627 prius
1498 2556 1695 2627 justum
1733 2555 1892 2624 fuisse

301 2652 440 2721 quod
467 2653 659 2722 factum
686 2661 783 2705 est.
815 2650 1092 2706 Serrorum
1114 2649 1213 2703 Dei
1233 2648 1496 2702 humilitas
1516 2648 1570 2701 in
1598 2646 1892 2718 aﬂlictionis

306 2754 533 2813 tempore
561 2741 703 2796 debet
731 2760 1003 2814 apparere.
1034 2739 1135 2805 Qui
1156 2759 1274 2795 vero
1302 2758 1357 2795 se
1380 2748 1563 2795 contra
1588 2739 1892 2809 prwpositos

303 2853 426 2891 suos
446 2838 667 2907 erigunt,
694 2837 923 2907 profecto
945 2836 1253 2901 ostenditur,
1302 2835 1422 2905 quia
1466 2834 1597 2886 servi
1638 2831 1737 2885 Dei
1784 2846 1894 2884 esse

305 2937 659 2984 contemnunt.
689 2928 760 2982 Et
786 2928 990 3000 quidem
1021 2929 1175 2999 237
1208 2928 1387 2981 abillo
1422 2927 1517 2980 hoc
1544 2926 1681 2997 quod
1701 2927 1894 2995 factum

305 3027 406 3083 est,
434 3020 641 3072 minime
664 3020 779 3088 ﬁeri
809 3017 1006 3085 debuit,
1051 3035 1085 3071 a
1124 3026 1172 3071 te
1203 3028 1367 3071 tamen
1400 3034 1516 3070 cum
1557 3016 1695 3070 omni
1725 3014 1896 3068 debuit

307 3111 595 3166 humilitate
615 3112 835 3182 suscipi;
859 3121 907 3165 et
936 3128 1138 3165 rursum
1159 3129 1273 3165 cum
1298 3112 1520 3181 gratiam
1540 3109 1806 3175 reddebat,
1829 3108 1897 3161 ad

307 3214 427 3250 eum
454 3215 566 3252 cum
588 3202 878 3270 gratiarum
909 3202 1112 3254 actione
1142 3200 1317 3255 debuit
1345 3202 1564 3255 occurri.
1598 3197 1748 3263 Quod
1776 3200 1899 3270 quia

308 3288 386 3341 ita
413 3304 446 3340 a
474 3297 521 3341 te
560 3290 756 3358 {actum
793 3306 897 3343 non
928 3301 1027 3358 est,
1071 3292 1140 3343 ad
1184 3292 1279 3344 hoc
1324 3308 1573 3362 cognosco
1603 3292 1722 3362 quia
1751 3289 1897 3344 nobis

310 3380 520 3433 omnino
549 3379 894 3450 lacrymarum
922 3398 1048 3451 opus
1076 3391 1172 3435 est.
1210 3380 1331 3436 Non
1359 3382 1707 3452 enimgrande
1732 3390 1810 3435 est
1828 3382 1893 3435 iis

311 3486 406 3523 nos
430 3487 540 3525 esse
567 3471 801 3539 humiles,
825 3490 858 3526 a
883 3473 1067 3538 quibus
1104 3474 1431 3541 honoramur,
1462 3476 1581 3544 quia
1606 3484 1655 3528 et
1683 3475 1778 3528 hoc
1798 3490 1898 3527 ste-

312 3561 512 3615 culares
540 3563 751 3632 quilibet
772 3565 1003 3634 faciunt;
1044 3564 1134 3617 sed
1162 3564 1266 3617 illis
1294 3566 1518 3617 maxime
1547 3564 1763 3617 humiles
1788 3579 1900 3616 esse

313 3653 580 3718 debemus,
628 3670 661 3707 a
715 3655 894 3725 quibus
945 3654 1119 3724 aliqua
1160 3656 1404 3723 patimur.
1444 3654 1587 3708 Nam
1614 3654 1901 3709 Psalmista

314 3745 442 3797 dicit
471 3761 489 3798 :
525 3744 655 3799 Vide
683 3746 1021 3800 humilitatem
1050 3763 1218 3799 meam
1247 3747 1310 3800 de
1348 3747 1571 3800 inimicis
1600 3748 1743 3799 meis.
1783 3743 1900 3799 Nos

317 3836 464 3906 cujus
506 3838 623 3892 vita:
648 3854 844 3903 sumus,
874 3840 960 3908 qui
989 3838 1205 3905 humiles
1233 3855 1344 3893 esse
1371 3840 1528 3891 etiam
1556 3837 1787 3907 patribus
1809 3854 1902 3890 no-

317 3927 522 3980 lumus?
543 3926 795 3993 Proinde,
817 3928 1147 3982 dilectissime
1165 3929 1263 3997 fili,
1288 3944 1414 3998 rogo
1443 3938 1499 3980 ut
1527 3928 1694 3982 omnis
1722 3928 1909 3980 amari-

321 4018 441 4071 tudo
485 4018 548 4071 de
591 4018 747 4073 corde
792 4027 878 4073 tuo
927 4026 1173 4083 transeat,
1224 4035 1289 4071 ne
1314 4020 1533 4088 fortasse
1562 4017 1682 4086 linis
1712 4017 1903 4070 vicinus

318 4110 407 4174 sit,
436 4117 483 4163 et
514 4110 751 4181 antiquus
782 4109 943 4162 hostis
972 4125 1064 4179 per
1085 4109 1408 4179 iniquitatem
1441 4106 1733 4172 discordiae,
1770 4106 1905 4160 viam

319 4201 469 4271 regni
489 4199 703 4259 caelestis
729 4198 1058 4253 intercludat.
1091 4197 1359 4268 lntegram
1383 4197 1495 4253 fere
1536 4197 1677 4251 hanc
1702 4197 1905 4265 episto-

322 4293 429 4346 lam
451 4292 608 4361 plene
634 4306 851 4346 auream
872 4289 962 4344 hic
985 4289 1348 4345 recudendam
1369 4287 1813 4348 existimavimus,
1838 4302 1908 4341 ex

322 4399 429 4454 qua
451 4382 657 4437 discant
677 4397 865 4437 omnes
892 4380 1250 4436 humilitatem
1270 4387 1325 4434 et
1349 4392 1476 4448 erga
1498 4377 1729 4446 majores
1743 4378 1904 4432 etiam

325 4475 559 4545 iniquius
606 4482 824 4543 agentes
872 4473 1248 4529 reverentiam.
1294 4472 1364 4527 At
1396 4487 1526 4527 vero
1556 4486 1624 4526 ne
1650 4469 1910 4526 Eusebius

326 4567 495 4621 libera
542 4569 645 4622 hac
698 4566 1064 4636 increpatione
1100 4565 1324 4621 forsitan
1372 4566 1807 4631 exacerbaretur,
1837 4559 1909 4616 ad

1987 2015 2079 2085 qui
2120 2028 2217 2068 sua
2243 2018 2516 2082 potestate
2567 2023 2677 2062 non
2728 2005 2795 2059 ad
2845 2001 3273 2061 aedificationem,
3306 1995 3420 2061 sed,
3452 2006 3582 2047 con-

1987 2104 2207 2175 temptis
2237 2098 2617 2157 ecclesiasticis
2644 2095 2866 2164 regulis,
2906 2092 2973 2147 ad
3003 2088 3424 2147 destructionem
3455 2089 3575 2136 ute-

1986 2195 2214 2260 bantur;
2246 2191 2389 2262 quod
2421 2191 2473 2244 in
2502 2190 2620 2259 ipso
2652 2186 2797 2241 tertii
2839 2183 2964 2238 anni
3002 2181 3085 2237 sui
3111 2176 3454 2249 pontificatus
3479 2186 3577 2226 ex-

1989 2285 2144 2341 ordio
2175 2290 2362 2338 contra
2390 2280 2674 2343 Joannem,
2698 2275 2883 2346 primae
2901 2272 3234 2333 Justinianzn,
3265 2274 3321 2322 et
3349 2264 3579 2318 alterum

1989 2376 2277 2443 Joannem,
2306 2374 2535 2428 Larissa:
2563 2370 3050 2439 archiepiscopum,
3089 2358 3497 2419 demonstravit.

2063 2467 2391 2530 Hadrianus,
2416 2462 2722 2517 Thebarum
2745 2458 3055 2528 episcopus,
3090 2466 3212 2507 cum
3238 2449 3375 2505 duos
3402 2445 3585 2500 diaco—

1996 2574 2100 2613 nos
2118 2559 2546 2617 exauctorasset,
2565 2564 2729 2605 unum
2753 2546 2898 2618 quod
2922 2543 3135 2600 violata).
3162 2536 3422 2595 castitatis
3442 2538 3586 2589 esset

1994 2662 2140 2710 reus,
2172 2645 2401 2699 alterum
2428 2642 2652 2711 propter
2678 2636 2918 2692 fraudem
2960 2634 3013 2688 in
3042 2644 3223 2687 rerum
3252 2622 3584 2683 ecclesiasti-

1995 2752 2182 2794 carum
2203 2732 2665 2790 administratione
2686 2729 2899 2795 factam,
2920 2726 2987 2781 ab
3009 2730 3236 2791 utroque
3252 2720 3427 2774 fuerat
3444 2711 3587 2785 apud

1997 2830 2310 2887 Mauricium
2338 2828 2636 2895 Augustum
2657 2829 3005 2893 provocatus,
3040 2829 3147 2872 tam
3173 2817 3243 2871 de
3262 2809 3586 2885 pecuniariis

1997 2936 2157 2991 quam
2187 2920 2255 2974 de
2281 2916 2644 2974 criminalibus
2666 2913 2862 2969 causis.
2893 2910 3211 2981 Imperator,
3244 2910 3459 2960 servato
3488 2913 3582 2955 ca-

2001 3027 2204 3067 nonum
2243 3010 2452 3071 ordine,
2504 3004 2785 3061 constituit
2823 3010 2940 3058 uta
2969 3000 3198 3066 Joanne,
3239 2994 3467 3050 Larissa:
3494 3006 3586 3045 ar-

2000 3103 2383 3172 chiepiscopo,
2441 3098 2745 3153 Thebarum
2775 3092 3226 3163 metropolitano,
3275 3083 3585 3157 pecuniaria

2002 3194 2369 3251 controversia
2395 3191 2765 3253 dirimeretur;
2787 3186 2854 3240 de
2882 3182 3195 3239 criminibus
3223 3186 3402 3233 autem
3430 3173 3584 3242 obje-

1928 3315 1975 3378 c
2005 3287 2131 3351 ctis,
2183 3285 2251 3339 ad
2298 3298 2358 3338 se
2405 3280 2696 3336 referretur
2722 3273 2981 3378 quidquid
3022 3265 3587 3378 habita‘inguisitione

2004 3378 2276 3450 cognitum
2305 3384 2359 3430 et
2388 3372 2731 3442 exploratum
2780 3367 2987 3423 fuisset.
3032 3363 3159 3419 Haec
3186 3360 3458 3416 Hadriano
3487 3358 3588 3412 im-

1998 3448 2155 3538 pacta
2202 3466 2461 3534 legimus,
2510 3461 2659 3532 quod
2710 3458 3063 3529 Stephanum,
3116 3451 3439 3522 turpissima:
3467 3448 3591 3502 vita:

1997 3561 2307 3625 diaconum,
2329 3559 2450 3613 loco
2487 3570 2596 3609 non
2628 3551 2917 3633 movisset,
2960 3555 3015 3603 et
3051 3544 3194 3615 quod
3241 3543 3471 3598 infantes
3494 3540 3592 3595 ba-

1999 3654 2189 3724 ptizari
2218 3649 2583 3722 prohibuisset
2610 3655 2798 3715 postea
2828 3643 2946 3698 sine
2973 3640 3296 3709 baptismate
3322 3642 3587 3689 mortuos.

2003 3744 2164 3816 (Vide
2189 3742 2276 3796 lib.
2311 3757 2389 3806 ιιι,
2416 3757 2533 3808 epp.
2562 3738 2595 3789 6
2621 3745 2668 3790 et
2696 3735 2776 3805 7.)

2074 3833 2362 3888 Larissaeus
2386 3828 2844 3895 archiepiscopus,
2876 3824 3092 3891 insuper
3112 3818 3294 3874 habita
3323 3812 3589 3884 imperiali

2002 3924 2260 3994 jussione,
2303 3921 2369 3975 de
2409 3927 2640 3986 utroque
2681 3912 3061 3969 controversiae
3108 3909 3284 3979 capite
3326 3904 3601 3976 judicium

2008 4012 2159 4077 tulit,
2210 4017 2264 4065 et
2306 4006 2634 4063 Hadrianum
2664 4000 3065 4066 condemnavit,
3095 4004 3591 4070 provocantemque

2005 4104 2073 4157 ad
2104 4101 2402 4169 Augustum
2433 4095 2778 4151 nihilominus
2806 4092 2861 4148 in
2888 4092 3242 4148 arctissimam
3288 4085 3589 4143 custodiam

2004 4192 2250 4249 detrusit.
2291 4190 2550 4259 Suscepta
2591 4185 2707 4256 ejus
2734 4182 3118 4257 appellatione,
3150 4177 3436 4234 Mauricius
3463 4190 3583 4245 quas

2007 4294 2155 4356 gesta
2176 4290 2330 4340 erant
2358 4281 2591 4351 expendi
2611 4278 2783 4335 voluit
2802 4277 2869 4331 ab
2892 4275 3169 4330 Honorato
3191 4272 3441 4335 diacono,
3466 4283 3594 4323 san-

2008 4389 2095 4433 cte
2122 4377 2264 4432 sedis
2290 4371 2662 4445 apocrisiario,
2689 4377 2746 4424 et
2766 4369 2832 4422 ab
2851 4361 3221 4422 Sebastiano“
3245 4361 3587 4429 antigrapho,

2009 4470 2201 4541 quibus
2229 4467 2424 4522 auditis
2449 4480 2573 4520 eum
2602 4460 2852 4518 absolvit.
2878 4459 2948 4513 At
2977 4457 3159 4513 nescio
3175 4456 3368 4524 quibus
3394 4452 3598 4505 machi-

2010 4540 2317 4615 nationibus
2346 4557 2689 4626 impetratum
2729 4560 2811 4607 est
2854 4558 3044 4621 postea
3074 4558 3131 4601 ut
3153 4546 3221 4600 de
3247 4546 3352 4599 hoc
3380 4540 3599 4607 negotio

327 4672 453 4711 eum
476 4657 905 4723 demulcendum,
932 4665 1148 4712 centum
1163 4656 1214 4712 ei
1234 4655 1436 4712 solidos
1454 4671 1485 4710 a
1509 4656 1672 4710 Petro
1693 4654 1910 4711 subdia-
1939 4680 1989 4740 Β
2010 4650 2245 4706 Joannes
2261 4688 2277 4714 ,
2319 4648 2505 4718 primae
2556 4642 2869 4699 Justiniana:
2924 4640 3207 4709 episcopus
3223 4675 3239 4699 ,
3291 4631 3600 4702 apostolicae

327 4762 469 4803 cono
488 4748 559 4802 ad
580 4748 696 4819 ejus
720 4748 1031 4804 monasterii
1056 4748 1363 4804 necessaria
1405 4747 1705 4817 erogandos
1749 4762 1906 4803 cura-

328 4840 435 4905 vit;
467 4840 614 4910 quod
641 4856 901 4896 summam
922 4841 1022 4897 viri
1048 4842 1242 4911 probat
1266 4840 1422 4896 simul
1449 4847 1505 4896 et
1532 4840 1908 4896 liberalitatem

330 4937 388 4987 et
414 4931 773 5003 prudentiam.

406 5021 492 5076 ll.
527 5022 646 5078 Alio
692 5022 855 5079 modo
894 5020 1196 5092 composuit
1221 5020 1367 5075 rixas
1415 5021 1555 5075 inter
1597 5019 1911 5090 episcopum

334 5111 721 5167 Ariminensem
752 5120 809 5167 et
835 5112 1128 5167 monachos
1151 5110 1463 5165 monasterii
1485 5108 1581 5164 SS.
1606 5109 1833 5163 Andreae
1859 5114 1916 5163 et

336 5204 559 5259 Thomas
605 5203 745 5275 apud
792 5203 1110 5269 Ariminum,
1159 5202 1353 5272 quibus
1386 5200 1621 5271 amplum
1650 5197 1916 5254 concessit

334 5294 690 5366 privilegium,
725 5304 782 5349 ut
806 5295 887 5349 his
908 5294 1088 5349 verbis
1125 5292 1390 5356 Castor-io,
1433 5289 1755 5344 Ariminensi
1797 5288 1915 5358 epi-

334 5404 523 5458 scopo,
550 5387 905 5457 significavit:
935 5385 1348 5440 Fraternitatem
1378 5392 1516 5436 tuam
1544 5382 1834 5447 hortamur,
1862 5387 1919 5432 ut

334 5478 551 5533 abeunte
575 5476 757 5532 abbate
790 5477 1093 5531 monasterii
1132 5476 1315 5546 ipsius,
1348 5472 1581 5527 Ecclesia
1608 5480 1715 5535 tua,
1749 5469 1803 5522 in
1824 5468 1917 5522 de-

333 5568 618 5624 scribendis
637 5568 1061 5638 providendisque
1086 5565 1348 5637 acquisitis
1375 5561 1758 5634 acquirendisve
1776 5560 1915 5629 ejus-

338 5660 452 5712 dem
484 5659 780 5714 monasterii
819 5658 966 5711 rebus
984 5699 1000 5726 ,
1033 5656 1177 5710 nulla
1214 5672 1269 5709 se
1300 5655 1569 5709 occasione
1597 5651 1914 5722 permisceat.

336 5748 584 5805 Abbatem
631 5766 751 5806 vero
791 5749 957 5804 eidem
981 5748 1293 5804 monasterio
1313 5763 1417 5802 non
1446 5747 1625 5810 alium,
1654 5743 1744 5799 sed
1772 5759 1920 5815 quem

415 5898 439 5930 ³
463 5889 544 5949 De
570 5889 676 5947 hac
702 5902 838 5946 voce
863 5886 1086 5945 consule
1111 5894 1265 5943 notas
1288 5886 1355 5943 ad
1383 5884 1543 5955 epist.
1567 5880 1639 5936 28
1666 5880 1758 5939 lib.
1785 5897 1821 5937 ι.

2015 4743 2157 4799 sedis
2180 4741 2429 4804 vicarius,
2461 4742 2817 4806 cognosceret
2842 4748 2905 4786 ac
2928 4730 3195 4799 judicaret
3225 4743 3237 4778 :
3273 4723 3397 4789 Qui,
3428 4723 3599 4776 divino

2016 4833 2339 4903 humanoque
2368 4830 2489 4901 jure
2534 4833 2842 4892 contempto,
2894 4820 3166 4886 abruptam
3203 4817 3259 4869 in
3288 4813 3602 4869 condemna-

2020 4924 2157 4977 tione
2186 4918 2451 4973 Hadriani
2472 4916 2776 4970 sententiam
2801 4908 3033 4981 protulit.

2091 5009 2383 5080 Gregorius
2408 5006 2491 5060 his
2521 5005 2587 5058 ad
2615 5018 2675 5057 se
2703 5000 2887 5055 relatis
2915 4996 3244 5052 Hadrianum
3275 4994 3474 5065 injuste
3496 4993 3600 5049 de-

2022 5102 2257 5173 positum
2283 5099 2336 5152 in
2364 5096 2643 5168 pristinam
2665 5092 2977 5161 dignitatem
3006 5088 3257 5155 restituit,
3281 5101 3511 5156 eumque
3537 5099 3604 5140 ac

2017 5194 2133 5263 ejus
2166 5189 2461 5246 Ecclesiam
2490 5202 2520 5240 a
2545 5185 2667 5255 jure
2695 5182 2938 5238 Larisaci
2966 5180 3205 5252 episcopi
3238 5177 3404 5249 (quod
3424 5178 3540 5263 jam
3568 5190 3599 5228 a

2018 5262 2238 5352 Pelagio
2274 5278 2321 5335 ll
2368 5276 2720 5333 constitutum
2766 5271 2961 5342 fuerat)
2998 5270 3161 5326 eximi
3188 5268 3378 5323 voluit.
3409 5262 3601 5317 Joanni

2019 5386 2220 5441 tamen,
2252 5370 2491 5442 ejusdem
2516 5369 2663 5425 urbis
2689 5367 2943 5438 episcopo
2960 5407 2975 5432 ,
3006 5378 3218 5435 poenam
3246 5353 3589 5415 excommuni

2020 5468 2248 5526 cationis
2292 5466 2411 5536 ejus
2456 5459 2879 5535 praevaricationi
2923 5464 2980 5513 et
3015 5448 3417 5527 pmsumptioni
3451 5444 3604 5500 debi-

2026 5568 2135 5614 tam
2161 5557 2396 5622 remisit;
2426 5569 2489 5610 ea
2516 5554 2725 5623 legeeut
2766 5549 2868 5604 nisi
2898 5547 3192 5602 abstineret
3236 5543 3292 5596 in
3329 5544 3606 5608 posterum

2026 5651 2096 5706 ab
2124 5648 2272 5705 omni
2293 5646 2662 5717 iurisdictione
2689 5642 2745 5696 in
2770 5638 3069 5695 Ecclesiam
3106 5632 3418 5690 Thebanam
3445 5640 3605 5683 exer-

2029 5741 2218 5806 cenda,
2247 5738 2364 5809 ipso
2415 5728 2557 5793 facto
2597 5728 2981 5789 communione
3026 5738 3181 5784 sacra
3203 5725 3459 5785 careret,
3508 5728 3612 5771 nec
