4138 6462
601 464 707 534 3‘23

1086 463 1144 525 Β.
1186 462 1512 524 GREGORII
1553 462 1764 520 MACM
1812 454 1996 528 VITA,
2044 463 2133 520 EX
2176 461 2342 521 EJUS
2378 461 2686 524 SCRIPTIS
2723 460 3118 518 ADORNATA.
3165 457 3296 519 LIB.
3337 451 3404 518 ll.

3773 459 3884 518 5‘24

587 591 736 649 illam
759 603 1011 664 unquam,
1035 594 1262 658 excepto
1303 583 1491 648 mortis
1516 582 1764 648 articulo,
1796 581 1898 637 nisi
1920 581 2067 664 prius
2083 581 2172 651 ju-
2198 579 2251 644 Α
2277 581 2438 638 fuisse
2469 596 2664 636 nomen
2694 579 2932 638 creditur
2970 580 3268 653 presbyteri
3297 577 3456 652 hujus
3496 589 3550 636 et
3591 595 3883 652 monacmj

586 680 728 740 dicio
782 679 1013 744 Romani
1067 675 1339 749 pontilicis
1392 672 1794 740 absolveretur,
1849 673 2177 750 perciperet.

587 773 721 850 Cum
749 771 989 850 Joanne,
1037 772 1224 842 prima:
1263 767 1609 848 Justiniante,
1668 766 1912 836 severius
1964 774 2180 838 actum;

584 845 826 922 rescissis
851 845 997 917 enim
1022 861 1138 930 ejus
1183 845 1465 915 sementim
1505 859 1760 926 decretis,
1793 859 1908 930 ipse
1962 857 2182 927 triginta

585 955 794 1012 dierum
824 955 1004 1026 spatio
1032 968 1197 1009 sacra:
1227 951 1623 1014 communionis
1651 967 1862 1023 expers,
1892 951 2070 1022 jussus
2099 957 2206 1012 est,

584 1046 959 1124 paenitentiam
986 1059 1167 1115 agere.

653 1137 913 1192 Hadriani
945 1145 1288 1193 accusatores
1337 1151 1458 1192 cum
1489 1150 1556 1191 eo
1600 1135 1654 1190 in
1677 1133 1906 1204 gratiam
1950 1133 2178 1192 rediisse

583 1227 742 1286 docet
772 1228 1003 1300 epistola
1033 1227 1103 1282 39
1133 1227 1226 1284 lib.
1269 1244 1344 1294 ur,
1399 1227 1466 1283 ad
1497 1228 1780 1299 episcopos
1819 1227 2128 1292 Corinthios
2158 1247 2172 1283 :

583 1322 678 1376 vix
700 1321 846 1376 enim
867 1320 1116 1377 dubitare
1143 1321 1270 1376 licet
1292 1329 1472 1375 utrum
1494 1319 1634 1374 idem
1658 1320 1727 1375 sit
1747 1319 2046 1376 Hadrianus
2069 1321 2177 1390 epi-

581 1427 780 1490 scopus
808 1411 874 1467 de
900 1426 1008 1484 quo
1036 1410 1151 1472 haec
1181 1411 1291 1480 agit
1317 1411 1565 1481 epistola.
1597 1409 1687 1466 Sic
1734 1410 1936 1466 illatam
1964 1413 2176 1484 episco-

580 1519 673 1574 po,
707 1505 914 1574 totique
941 1503 1097 1560 simul
1123 1503 1296 1559 ordini
1321 1503 1616 1576 episcopali
1648 1503 1788 1559 ultus
1815 1513 1897 1559 est
1920 1503 2172 1573 iniuriam

581 1586 640 1654 S.
668 1595 991 1667 Gregorius;
1022 1604 1077 1652 et
1106 1596 1198 1666 qui
1235 1595 1522 1667 episcopos
1550 1611 1737 1650 omnes
1770 1596 1916 1668 (ipso
1955 1595 2170 1666 quidem

581 1688 828 1743 Romano
860 1686 1118 1758 pontiﬁce
1175 1702 1283 1742 non
1310 1688 1563 1757 excepto)
1596 1687 1878 1742 secundum
1916 1687 2171 1743 rationem

580 1780 885 1838 humilitatis
926 1780 1148 1852 a’qitales
1201 1795 1312 1838 esse
1374 1779 1583 1849 putavit
1631 1776 1769 1848 (Lib.
1810 1793 1896 1846 rx,
1941 1795 2020 1856 ep.
2054 1776 2168 1848 59),

579 1888 701 1928 cum
731 1873 886 1944 culpa
930 1869 1076 1926 nulla
1118 1870 1172 1926 in
1200 1885 1296 1936 eos
1322 1868 1752 1924 animadvertere
1799 1876 2040 1940 cogeret,
2071 1884 2163 1923 su-

2288 691 2410 731 cum
2437 674 2728 746 Gregorius
2757 675 3079 746 accepisset,
3109 672 3278 731 semel
3307 683 3362 729 et
3388 674 3581 729 iterum
3610 671 3678 728 ad
3705 672 3887 726 Joan-

2285 783 2408 825 nem
2430 769 2665 840 scripsit,
2700 776 2757 822 nt
2785 767 3023 823 criminis
3052 766 3346 844 perpetrati
3373 766 3655 821 veritatem
3688 765 3887 834 explo-

2284 868 2449 937 raret.
2493 860 2561 914 At
2590 859 2679 915 ille
2707 859 3050 918 dissimulans
3095 857 3397 928 respondit,
3448 871 3507 912 se
3553 871 3659 926 qua
3701 855 3770 910 de
3821 869 3886 909 re

2284 953 2715 1023 interrogaretur
2758 952 2975 1026 penitus
3011 951 3296 1018 ignorare;
3345 951 3528 1020 sicque
3567 948 3787 1016 violata:
3829 950 3883 1006 in

2283 1045 2549 1101 monacho
2575 1053 2630 1101 et
2659 1045 2944 1102 sacerdote
2982 1044 3257 1114 religionis
3299 1042 3553 1100 invidiam
3593 1042 3884 1114 deprecari

2279 1137 2486 1205 volens,
2518 1137 2728 1209 culpam
2753 1137 2980 1210 augebat
3005 1154 3018 1190 :
3047 1137 3243 1190 etenim
3267 1135 3351 1192 vel
3373 1134 3542 1206 ipsam
3564 1135 3884 1190 cumulabat

2280 1227 2587 1296 mendacio,
2611 1226 2695 1282 vel
2718 1243 2776 1283 se
2797 1225 3006 1284 veterni
3028 1231 3083 1280 et
3111 1226 3376 1281 socordiae
3397 1225 3674 1294 arguebat.
3708 1225 3883 1279 Nimi-

2279 1333 2426 1383 rum,
2462 1326 2520 1372 ut
2549 1318 2736 1388 objicit
2763 1315 3087 1386 Gregorius,
3135 1316 3261 1389 quid
3287 1316 3510 1370 deterius
3539 1332 3650 1371 esse
3683 1325 3874 1385 potest,

2278 1425 2432 1478 quam
2453 1417 2508 1462 ut
2532 1419 2758 1481 agantur
2780 1408 2906 1466 talia
2929 1417 3110 1462 contra
3131 1425 3304 1463 servos
3326 1407 3443 1472 Dei,
3475 1416 3523 1462 et
3542 1409 3654 1477 ipse
3676 1409 3881 1462 nesciat

2276 1500 2362 1571 qui
2391 1508 2564 1570 presto
2589 1500 2702 1554 est?
2727 1496 2854 1564 Qua:
2875 1516 2991 1554 vero
3012 1495 3178 1570 potest
3203 1511 3315 1554 esse
3336 1501 3558 1567 pastoris
3585 1501 3880 1565 excusatio,

2275 1577 2319 1644 si
2350 1591 2502 1662 lupus
2532 1607 2648 1646 oves
2676 1591 2927 1660 comedit,
2957 1598 3006 1645 et
3033 1600 3216 1662 pastor
3243 1591 3442 1645 nescit?
3469 1590 3593 1646 Haec
3623 1589 3884 1661 prml'atus

2274 1699 2434 1764 papa,
2460 1682 2725 1740 Joannem
2749 1683 2818 1739 ad
2847 1683 3064 1740 saniora
3093 1684 3318 1740 consilia
3350 1694 3587 1756 revocat,
3617 1694 3672 1739 et
3696 1685 3762 1739 ad
3788 1699 3885 1740 ca-

2274 1775 2843 1847 nones-observandos
2867 1777 3150 1842 hortatur,
3181 1777 3272 1850 qui
3302 1777 3588 1856 episcopos
3621 1785 3881 1847 pastores

2273 1881 2396 1921 esse
2425 1867 2636 1932 volunt,
2665 1883 2774 1922 non
2799 1883 3168 1938 percussores.
3203 1865 3356 1924 Nova
3387 1869 3529 1922 enim
3557 1877 3608 1921 et
3635 1866 3886 1920 inaudita

527 2015 530 2018 .
577 1978 820 2033 premam
848 1977 1012 2032 quam
1037 1961 1319 2017 obtinebat
1357 1968 1677 2031 potestatem
1709 1960 1760 2014 in
1792 1955 2168 2036 delinquentes
2203 1967 2241 2026 Β
2272 1963 2347 2010 est
2368 1955 2468 2010 ista
2495 1957 2800 2028 prtedicatio
2819 1973 2934 2032 qua
2955 1957 3244 2015 verberibus
3271 1959 3429 2033 exigit
3452 1959 3628 2028 ﬁdem,
3653 1957 3837 2028 inquit
3865 1973 3878 2008 :

581 2069 838 2112 exercere
891 2043 1156 2124 sollicitus
1209 2051 1329 2118 fuit,
1384 2052 1452 2107 ad
1502 2051 1899 2120 quantumlibet
1944 2037 2168 2120 gradum

577 2145 632 2202 in
681 2146 995 2219 episc0patu
1044 2153 1332 2216 provectus
1371 2153 1537 2212 esset,
1583 2153 1638 2200 et
1689 2146 1741 2200 in
1786 2145 1976 2214 quovis
2025 2143 2172 2212 orbis

577 2236 868 2310 Christiani
907 2239 1028 2300 loco
1054 2237 1289 2300 sederet.

650 2349 706 2419 2.
736 2345 869 2418 Ejus
895 2361 1114 2417 quoque
1140 2344 1556 2415 magnanimitas
1585 2345 1693 2400 hoc
1721 2358 1861 2398 anno
1893 2344 2094 2400 exarsit
2118 2345 2173 2422 in

579 2439 875 2503 Andream,
904 2437 1256 2504 Tarentinum
1277 2436 1610 2507 episcopum.
1634 2434 1790 2492 Illum
1818 2436 2173 2492 concubinam

579 2531 1008 2606 288habuisse
1027 2537 1364 2598 compertum
1392 2538 1528 2595 erat,
1545 2538 1602 2585 et
1623 2537 2066 2601 postsusceptum
2089 2544 2176 2584 sa-

579 2640 732 2683 crum
759 2625 1006 2681 ordinem
1035 2639 1158 2680 eam
1186 2624 1360 2679 adhuc
1380 2623 1666 2684 retinuisse
1686 2621 2005 2693 quihusdam
2031 2632 2172 2692 gnata

583 2715 1022 2786 funeratsuspicio.
1037 2713 1304 2770 Praeterea
1322 2714 1609 2784 pastoralis
1631 2714 2054 2770 mansuetudinis
2076 2714 2177 2766 im~

581 2825 810 2875 memor,
841 2809 1122 2864 mulierem
1145 2807 1434 2878 quamdam
1472 2806 1700 2862 fustibus
1728 2806 2018 2862 crudeliter
2047 2805 2176 2861 caedi

576 2901 830 2972 iusserat,
862 2917 982 2972 qum
1011 2901 1338 2972 migraverat
1363 2915 1396 2956 e
1441 2900 1548 2954 vita
1591 2907 1713 2969 post
1759 2906 1882 2955 octo
1930 2914 2174 2965 menses;

579 3007 745 3062 quam
773 2992 846 3048 ob
893 2992 1153 3048 stevitiam
1184 2991 1375 3048 statuit
1400 2987 1694 3060 Gregorius
1744 3006 1866 3046 eum
1920 3007 2017 3061 per
2046 2992 2178 3046 duos

578 3099 796 3142 menses
824 3084 880 3140 in
910 3084 1226 3154 pmnitentia
1256 3083 1632 3153 transigendos
1659 3099 1690 3138 a
1719 3085 2007 3142 missarum
2028 3084 2176 3145 cele-

578 3176 830 3232 bratione
871 3192 1177 3247 suspensum
1221 3175 1405 3232 feriari
1433 3175 1634 3230 debere
1663 3173 1802 3246 (Lib.
1835 3191 1911 3239 ιιι,
1943 3193 2024 3246 ep.
2058 3175 2174 3246 45).

580 3265 722 3333 Quia
761 3281 893 3322 vero
922 3282 1030 3321 non
1057 3267 1134 3320 ita
1163 3275 1372 3322 certum
1401 3274 1540 3330 erat,
1566 3265 1739 3334 ipsum
1762 3267 1964 3322 carnali
1992 3281 2051 3320 se
2078 3263 2172 3319 ﬁa-

577 3357 714 3425 gitio
737 3357 1056 3424 maculasse,
1088 3373 1211 3412 cum
1240 3357 1296 3412 in
1325 3357 1488 3412 rebus
1508 3355 1684 3414 dubiis
1709 3355 2002 3412 absolutum
2019 3358 2169 3429 judi-

577 3449 717 3502 cium
742 3446 886 3503 ferre
913 3463 1024 3504 non
1051 3447 1230 3512 liceat,
1261 3446 1512 3503 eumdem
1562 3462 1673 3504 sua:
1711 3448 2056 3504 conscientiae
2093 3448 2174 3502 di-

579 3539 901 3594 mittendum
947 3547 1010 3594 ut
1047 3538 1116 3594 ab
1165 3553 1230 3594 ea
1272 3537 1635 3607 judicaretur,
1690 3539 1934 3604 censuit;
1979 3540 2171 3594 simul-

579 3646 688 3700 que
716 3631 1030 3698 admonuit,
1062 3641 1123 3686 ut
1154 3631 1201 3687 si
1229 3632 1364 3688 tanti
1394 3628 1579 3701 ﬂagitii
1608 3631 1709 3686 sibi
1738 3631 1987 3696 conscius
2013 3632 2170 3698 foret,

577 3722 868 3778 sacerdotii
918 3723 1127 3778 honore
1181 3723 1461 3789 abdicato,
1513 3737 1790 3792 nunquam
1838 3724 1905 3778 ad
1959 3740 2171 3780 sacrum

576 3828 712 3884 opus
751 3812 1010 3868 accedere
1039 3820 1413 3883 praeumeret.
1448 3811 1519 3868 Ut
1547 3813 1856 3882 hujusmodi
1903 3817 2172 3885 suspicio-

573 3905 753 3969 nibus,
785 3903 982 3976 quibus
1011 3906 1174 3962 etiam
1221 3905 1548 3975 optimorum
1600 3907 1978 3976 episcOporum
2029 3908 2172 3963 fama

577 4005 764 4068 potest
807 3997 1079 4063 laborare,
1111 3997 1394 4053 tolleretur
1422 3996 1655 4060 occasio,
1707 3998 1832 4052 olim
1862 4009 2172 4069 praeceptum

575 4091 704 4160 fuit,
755 4088 1003 4144 Ennodio
1055 4097 1194 4144 teste
1225 4089 1446 4161 (Opusc.
1477 4090 1566 4159 7),
1599 4098 1659 4144 ut
1687 4106 1877 4146 omnes
1929 4092 2171 4160 episcopi

573 4179 880 4239 cellularios.
899 4179 1182 4245 haberent,
1203 4181 1493 4236 occasione
1512 4180 1745 4236 fortasse
1773 4182 2167 4238 calumniarum

581 4267 778 4337 quibus
830 4277 1059 4324 vexatus
1109 4284 1281 4339 nuper
1322 4269 1502 4325 fuerat
1527 4263 1880 4340 Symmachus
1924 4286 2080 4341 papa,
2115 4282 2173 4326 ut

571 4361 685 4430 jam
729 4361 964 4418 diximus
1017 4362 1073 4416 in
1129 4362 1273 4417 notis
1329 4359 1395 4417 ad
1446 4361 1665 4420 decreta
1691 4361 1749 4437 S.
1782 4360 2034 4432 Gregorii
2064 4364 2167 4420 col.

495 4512 505 4522 ,
578 4453 739 4522 i989,
767 4461 896 4509 nota
925 4471 978 4526 g.
1599 4507 1601 4509 ,

653 4545 708 4600 5.
739 4543 797 4600 in
827 4544 1130 4600 coercenda
1167 4544 1331 4602 etiam
1379 4543 1632 4611 Joannis,
1674 4546 1992 4614 patriarcha:
2028 4546 2168 4604 Gon-

573 4633 1062 4708 stantinopolitani,
1094 4637 1298 4692 saevitia
1321 4642 1376 4692 et
1401 4635 1755 4703 immanitate,
1787 4646 2008 4707 paterna
2034 4637 2170 4696 Gre-

578 4729 715 4796 gOrii
761 4729 934 4798 pietas
976 4728 1171 4784 eodem
1219 4727 1334 4783 fere
1382 4738 1629 4798 tempore
1677 4729 1970 4796 laboravit;
2021 4730 2168 4800 quod

574 4818 708 4875 satis
734 4819 924 4888 prohat
953 4819 1162 4874 nullum
1187 4819 1500 4889 episcopum
1529 4834 1678 4886 esse,
1724 4829 1784 4875 ut
1829 4821 1956 4876 alibi
1984 4821 2165 4886 docet,

575 4909 667 4978 qui
695 4908 838 4964 sedis
866 4911 1178 4981 apostolica:
1205 4910 1461 4980 potestati
1488 4919 1545 4964 et
1563 4913 1920 4980 castigatiuni,
1944 4911 1989 4966 si
2010 4912 2166 4982 culpa

577 5000 781 5069 exigat,
813 5015 920 5056 non
949 5001 1264 5070 subjiciatur
1290 5001 1442 5072 (Lib.
1473 5019 1546 5070 ix,
1574 5020 1655 5075 ep.
1689 5004 1814 5076 59).
1845 5004 1927 5061 Ex
1953 5005 2167 5060 Isauriae

578 5091 860 5146 monachis
886 5106 1024 5146 unus
1043 5093 1304 5162 dignitate
1324 5095 1610 5151 sacerdotii
1638 5097 1883 5166 insignis,
1913 5098 1971 5153 in
1991 5099 2167 5154 eccle-

571 5183 654 5238 sia
701 5180 809 5237 CP.
849 5181 1078 5240 fustibus
1103 5199 1274 5242 cursus
1318 5184 1510 5242 fuerat.
1556 5187 1712 5244 Tanti
1753 5188 2010 5246 facinoris
2045 5206 2169 5248 reus

574 5274 854 5330 ferebatur
872 5274 1085 5344 juvenis
1113 5276 1328 5345 quidam
1357 5275 1580 5336 Joannis
1607 5280 1888 5337 familiaris
1907 5323 1923 5348 ,
1972 5281 2169 5338 multo-

575 5382 697 5422 rum
725 5368 990 5424 scelerum
1013 5369 1234 5426 infamia
1256 5373 1389 5428 satis
1414 5382 1604 5442 notus;
1635 5375 1746 5445 qui,
1782 5384 1839 5430 ut
1857 5377 1932 5431 ait
1958 5376 2165 5445 Grego-

573 5459 710 5524 rius,
739 5458 914 5516 adhuc
941 5459 1011 5516 de
1043 5459 1154 5517 Deo
1182 5462 1312 5518 nihil
1338 5464 1634 5530 didicerat,
1675 5466 1768 5534 qui
1793 5467 2000 5524 viscera
2030 5469 2162 5524 cha-

572 5549 747 5604 ritatis
775 5551 1052 5606 nesciebat
1082 5551 1222 5623 (Lib.
1258 5570 1342 5622 ιιι,
1370 5571 1454 5624 ep.
1483 5553 1604 5625 53);
1631 5555 1724 5624 qui
1745 5556 1983 5613 insidiari
2014 5575 2153 5630 quo—

532 5720 535 5723 .
573 5639 705 5696 tidie
747 5641 1081 5700 diversorum
1132 5645 1396 5701 mortibus
1442 5661 1540 5717 per
1581 5647 1795 5703 occulta
1837 5656 2156 5710 testamenta

570 5729 888 5802 dicebatur,
936 5750 1039 5791 nec
1076 5735 1246 5792 Deum
1287 5746 1536 5796 metuens
1553 5779 1569 5806 ,
1598 5723 1718 5796 'uec
1757 5739 2005 5801 homines
2033 5759 2160 5800 eru-

569 5818 818 5878 bescens.

642 5906 796 5966 lianc
831 5914 942 5971 vim
980 5925 1037 5972 et
1075 5917 1420 5986 ignominiam
1449 5922 1742 5981 Athanasio
1784 5925 1983 5982 illatam
2029 5929 2168 5997 (hoc

2271 2047 2318 2102 si
2339 2057 2513 2102 autem
2533 2065 2761 2103 canones
2782 2066 2886 2103 non
2909 2049 3204 2120 custoditis,
3235 2059 3284 2104 et
3303 2050 3562 2122 majorum
3584 2052 3737 2104 vultis
3763 2059 3884 2105 sta.

2275 2147 2388 2192 tuta
2416 2141 2718 2207 convellere,
2751 2158 2854 2196 non
2884 2159 3138 2215 cognosco
3168 2143 3254 2215 qui
3279 2143 3424 2198 estis.
3460 2143 3543 2198 Ad
3561 2154 3876 2202 extremum

2274 2229 2467 2285 suadet
2499 2240 2559 2285 ut
2587 2231 2872 2288 emendato
2913 2231 3115 2304 juvene
3153 2234 3320 2289 totius
3348 2234 3476 2296 mali
3505 2233 3744 2298 artiﬁce,
3793 2252 3878 2288 re-

2273 2307 2547 2392 jectisque
2575 2321 2692 2390 ejus
2721 2321 2980 2390 consiliis,
3013 2324 3312 2379 monachos
3341 2339 3371 2378 a
3399 2338 3459 2381 se
3485 2324 3626 2378 male
3658 2325 3879 2379 habitos

2276 2403 2328 2463 in
2357 2411 2468 2466 suis
2508 2412 2785 2468 or‘dinibus
2827 2413 3118 2484 suscipiat,
3166 2413 3351 2484 eisque
3389 2429 3578 2485 pacem
3611 2415 3872 2484 prmbcat.

2274 2498 2567 2556 Sabiniano
2590 2517 2824 2574 quoque,
2860 2519 2957 2560 suo
2984 2506 3125 2575 apud
3156 2504 3470 2561 Mauricium
3500 2507 3702 2577 legato,
3732 2523 3873 2576 prae-

2278 2592 2424 2662 cepit
2449 2602 2505 2649 ut
2529 2593 2598 2649 de
2619 2595 2810 2650 eodem
2842 2598 3058 2666 negotio
3092 2599 3447 2670 patriarcbam
3473 2599 3553 2653 sui
3581 2599 3743 2654 oliicii
3776 2599 3876 2653 ad-

2277 2696 2542 2744 moneret.
2567 2689 2721 2746 Ilium
2743 2693 2926 2747 statim
2953 2709 3056 2748 non
3082 2695 3484 2772 obtemperasse
3505 2697 3637 2751 satis
3667 2695 3876 2751 indicat

2279 2778 2380 2832 alia
2405 2780 2631 2852 epistola
2658 2782 2724 2836 ad
2747 2782 2966 2839 Narsem
3002 2786 3285 2855 patricium
3316 2806 3326 2838 :
3363 2785 3440 2841 De
3468 2806 3645 2857 causa,
3671 2790 3868 2860 inquit,

2277 2876 2712 2945 presbyterorum,
2741 2893 2990 2955 quacum
3021 2881 3182 2950 fratre
3201 2897 3312 2936 meo
3333 2891 3381 2934 et
3407 2883 3727 2955 coepiscopo,
3761 2885 3872 2939 viro

2280 2969 2705 3024 reverendissimo
2724 2950 2931 3025 Joanne
2949 2973 3273 3041 patriarcha,
3298 2976 3488 3048 agitur,
3511 2976 3702 3046 ipsum,
3725 2987 3871 3048 puto,

2279 3057 2633 3114 adversarium
2653 3061 2898 3129 patimur,
2920 3079 3069 3134 quem
3091 3066 3282 3117 asseris
3304 3065 3431 3120 velle
3450 3083 3671 3121 canones
3695 3079 3842 3123 custo

2280 3145 2410 3204 dii’e.
2460 3150 2721 3208 Cliaritati
2762 3164 2934 3208 autem
2976 3165 3079 3210 tua:
3107 3157 3323 3214 breviter
3371 3161 3538 3230 fateor
3566 3163 3688 3230 quia
3731 3165 3874 3218 omni

2281 3244 2466 3297 virtute
2506 3253 2557 3297 et
2586 3247 2725 3300 omni
2772 3250 2998 3317 pondere
3040 3251 3273 3306 eamdem
3302 3270 3542 3321 causam,
3581 3256 3874 3312 auxiliante

2197 3323 2243 3383 C
2276 3336 2626 3406 omnipotente
2649 3337 2780 3405 Deo,
2802 3342 3009 3413 exigere
3027 3353 3242 3412 paratus
3263 3361 3396 3398 sum.
3424 3342 3487 3398 In
3509 3363 3608 3415 qua
3630 3347 3674 3399 si
3695 3347 3872 3404 videro

2275 3426 2382 3479 sedi
2414 3429 2715 3503 apostolica:
2743 3447 2967 3486 canones
2996 3448 3096 3488 non
3119 3436 3335 3499 servari,
3369 3435 3510 3490 dabit
3546 3440 3870 3509 omnipotens

2274 3513 2417 3569 Deus
2446 3519 2569 3589 quid
2610 3531 2792 3575 contra
2820 3533 3197 3595 contemptores
3229 3527 3338 3598 ejus
3367 3529 3560 3599 faciam
3611 3531 3762 3603 (Lib.
3793 3550 3869 3600 Iv,

2272 3621 2353 3675 ep.
2377 3605 2492 3680 52).
2525 3607 2880 3667 Athanasium
2902 3613 3127 3684 ejusque
3155 3617 3335 3672 socios
3359 3617 3428 3674 de
3450 3619 3870 3678 Manichaeorum

2273 3701 2464 3759 haeresi
2494 3703 2783 3762 infamatos
2811 3723 2931 3764 esse
2956 3709 3118 3766 docet
3145 3712 3373 3782 epistola
3396 3712 3465 3768 14
3485 3714 3607 3770 libri
3633 3718 3790 3771 sexti.

2343 3814 2395 3870 4.
2439 3815 2579 3883 Quid
2610 3827 2796 3889 postea
2824 3820 3027 3878 iactum
3057 3824 3129 3878 sit
3158 3824 3306 3882 disce
3331 3842 3399 3881 ex
3425 3827 3616 3882 eadem
3642 3829 3867 3898 epistola

2274 3919 2329 3966 et
2369 3927 2434 3966 ex
2474 3911 2542 3966 66
2572 3913 2814 3982 ejusdem
2852 3914 2973 3972 libri
3001 3959 3016 3983 ,
3047 3930 3208 3986 quam
3241 3919 3503 3989 integram
3533 3921 3622 3976 hic
3649 3922 3868 3976 exhibe-

2274 4019 2428 4070 mus,
2461 4014 2520 4060 ut
2545 4021 2666 4075 qua:
2695 4016 2839 4064 esset
2883 4008 3126 4079 Gregorii
3168 4012 3451 4081 prudentia
3491 4015 3544 4068 in
3575 4016 3867 4070 tractandis

2275 4092 2582 4160 hujusmodi
2606 4099 2836 4166 negotiis
2856 4101 3202 4157 ostendamus
3233 4120 3246 4156 :
3275 4102 3555 4176 Gregorius
3579 4107 3868 4162 Athanasio

2273 4185 2569 4256 presbytero
2607 4187 2668 4240 de
2713 4186 2945 4246 Isauria.
3002 4193 3150 4250 Sicut
3189 4195 3253 4247 de
3287 4195 3362 4250 eis
3409 4211 3536 4265 quos
3575 4195 3640 4250 ab
3669 4198 3867 4250 unitate

2272 4274 2524 4333 Ecclesia:
2553 4279 2808 4337 hwretica:
2837 4285 3108 4353 pravitatis
3147 4301 3294 4340 error
3335 4285 3556 4342 abscidit
3589 4287 3869 4358 afﬂigimur

2271 4378 2322 4421 et
2349 4369 2612 4437 dolemus,
2646 4373 2719 4426 ita
2751 4374 2830 4428 bis
2862 4392 2988 4446 quos
3017 4377 3156 4434 intra
3203 4379 3372 4431 sinum
3409 4395 3560 4432 suum
3597 4379 3868 4434 cat/nolim:

2271 4458 2398 4527 fidei
2437 4463 2692 4529 professio
2737 4465 2965 4524 continet
3004 4467 3425 4537 congaudemus;
3453 4479 3504 4522 et
3531 4479 3586 4522 ut
3613 4472 3868 4539 pastorali

2268 4549 2617 4604 sollicitudine
2640 4553 2849 4614 illorum
2891 4572 2987 4610 nos
3029 4566 3225 4625 Oportet
3255 4559 3603 4628 impietatibus
3631 4560 3855 4625 obviare,

2272 4639 2348 4694 sic
2373 4641 2474 4708 piis
2505 4642 2687 4698 Irarum
2714 4646 3122 4717 professionibus
3152 4651 3391 4721 congruit
3419 4653 3648 4722 favorem
3667 4653 3865 4722 impen-

2274 4731 2413 4798 dere,
2440 4742 2490 4788 et
2511 4737 2716 4790 sincera
2737 4755 2848 4794 esse
2867 4756 2980 4810 qua:
2999 4743 3208 4809 sapiunt
3229 4742 3515 4798 declarare.
3543 4746 3708 4813 Atque
3729 4745 3864 4808 ideo,
3933 4777 3940 4805 ς,

2271 4823 2392 4878 dum
2422 4825 2512 4880 tibi
2532 4826 2822 4886 Athanasio
2849 4829 3164 4900 presbytero,
3192 4835 3496 4888 monasterii
3516 4836 3684 4888 sancti
3713 4835 3860 4897 Mite,

2271 4916 2357 4967 cui
2396 4924 2472 4970 est
2510 4916 2809 4972 vocabulum
2857 4919 3144 4986 Tamnaco,
3192 4923 3330 4995 quod
3371 4925 3426 4978 in
3481 4924 3746 4996 Lycaonia
3788 4937 3865 4980 est

2270 5008 2536 5077 provincia
2562 5011 2924 5076 constitutum,
2976 5015 3240 5072 contraria
3282 5017 3500 5087 integra:
3527 5019 3652 5086 ﬁdei
3683 5021 3866 5090 fuisset

2270 5106 2385 5150 orta
2413 5100 2671 5167 suspicio;
2722 5110 2778 5154 ut
2821 5104 3160 5173 professionis
3187 5114 3290 5158 tua:
3316 5110 3564 5175 potuisset
3591 5110 3863 5180 integritas

2275 5203 2546 5258 apparere,
2570 5191 2638 5244 ad
2657 5194 2998 5262 apostolicam
3018 5196 3189 5249 sedem
3207 5197 3290 5250 cui
3307 5199 3644 5267 prtesidemus
3664 5202 3863 5272 elegisti

2274 5294 2534 5335 recurrere
2551 5322 2565 5346 ,
2616 5297 2853 5342 asserens
2895 5286 3051 5340 etiam
3092 5294 3138 5338 te
3175 5289 3514 5355 corporaliter
3547 5289 3864 5346 verberatum

2271 5370 2445 5441 aliqua
2464 5372 2660 5442 injuste
2681 5390 2741 5427 ac
2763 5374 3007 5430 violenter
3027 5376 3229 5447 fecisse.
3253 5376 3325 5430 Et
3347 5395 3643 5450 quanquam
3665 5397 3727 5434 ea
3750 5397 3862 5450 qua:

2267 5463 2314 5517 vi
2340 5464 2666 5533 impulsionis
2691 5467 2824 5536 fiunt
2853 5483 3109 5522 canonum
3137 5468 3348 5524 minime
3376 5485 3594 5526 censura
3622 5471 3859 5542 recipiat,

2263 5565 2315 5612 et
2336 5557 2458 5628 jure
2487 5557 2774 5634 habeantur
2797 5561 3025 5630 inﬁrma,
3055 5562 3177 5631 quia
3201 5561 3311 5631 ipse
3330 5578 3393 5617 ea
3419 5562 3650 5620 diuoluit
3669 5563 3756 5634 qui
3779 5565 3859 5616 iit-

2255 5648 2454 5719 justum
2485 5652 2639 5722 fateri
2662 5652 2878 5723 fierique
2904 5652 3190 5722 compellit;
3236 5653 3328 5708 sed
3363 5656 3527 5725 magis
3555 5655 3654 5708 illa
3686 5655 3825 5708 susci

2261 5742 2459 5812 piendo
2483 5752 2634 5798 estet
2657 5744 3014 5813 amplectenda
3039 5745 3317 5816 confessio,
3350 5761 3464 5816 qua!
3485 5763 3550 5800 ea:
3573 5755 3856 5813 spontaneo

2272 5837 2532 5891 voluntate
2560 5845 2877 5893 monstratur
2905 5838 3203 5906 procedere,
3235 5837 3365 5891 sicut
3395 5838 3534 5906 apud
3556 5855 3648 5892 nos
3676 5838 3856 5906 fecisse

2276 5930 2611 6000 ιίὶφιοδερνὶε.
2636 5923 2721 5983 Ne
2747 5928 2872 6000 quid
2899 5936 3074 5982 tamen
3104 5928 3249 5984 nobis
3268 5929 3566 6001 ambiguum
3595 5929 3852 5999 potuisset
