4138 6492
243 5835 263 5895 t‘

344 441 452 497 325

715 486 725 504 .
824 447 884 504 S.
927 445 1256 502 GREGORII
1297 445 1516 503 MAGNI
1555 445 1738 516 VITA,
1778 444 1870 508 EX
1912 447 2078 512 EJUS
2116 454 2423 514 SCRIPTIS
2461 453 2858 518 ADORNATA.
2899 452 3030 518 Lm.
3071 456 3136 517 ΙΙ.

3522 462 3632 522 32.

337 560 562 614 existere
581 600 595 625 ,
629 561 959 616 sanctissimo
986 559 1181 615 Joanni
1205 561 1467 630 quondam
1492 564 1650 634 fratri
1685 572 1737 616 et
1763 567 1937 635 coepi-
1968 569 2015 628 Α
2044 571 2126 624 nis
2162 579 2240 625 est
2267 573 2544 642 integritas
2571 576 2952 645 amplectenda.
2986 574 3133 631 Nam
3155 577 3203 632 si
3227 573 3370 630 credi
3409 575 3635 646 ﬁdeliter

335 667 493 720 scopo
513 661 714 715 nostra,
742 651 1341 720 Constantinopolitance
1360 654 1586 707 civitatis
1608 654 1848 721 antistiti,
1872 654 1940 708 de

335 751 384 796 te
411 744 744 812 prcevidimus
772 743 1097 799 scribendum
1123 743 1345 816 (lndict.
1375 745 1465 812 Η,
1495 763 1576 815 ep.
1604 744 1718 816 53),
1749 756 1804 799 ut
1827 747 1938 802 suis

331 850 430 889 nos
460 836 584 906 quid
613 845 786 889 actum
823 846 958 890 esset
982 837 1216 907 epistolis
1243 837 1572 909 informaret.
1605 835 1707 901 Qui
1737 853 1876 910 stepe
1902 855 1940 894 α

332 926 486 982 nobis
510 927 830 995 admonitus,
863 929 1150 983 rescribens
1183 927 1402 1000 (Indict.
1436 928 1523 994 l3,
1556 945 1639 998 ep.
1666 929 1756 1002 l8)
1784 932 1938 986 inno-

332 1021 466 1086 tuit,
498 1020 726 1074 codicem
767 1020 908 1090 apud
937 1031 985 1074 te
1015 1022 1176 1091 fuisse
1205 1022 1469 1075 inventum
1495 1023 1552 1075 in
1579 1037 1683 1091 quo
1709 1021 1937 1092 plurima

331 1110 735 1167 continebantur
757 1112 1036 1179 hceretica;
1066 1123 1118 1167 et
1141 1111 1205 1167 ob
1226 1113 1322 1166 hoc
1347 1129 1404 1168 se
1423 1114 1667 1168 adversus
1695 1113 1936 1169 dilectio-

329 1217 447 1257 nem
470 1211 614 1258 tuam
634 1206 796 1276 fuisse
823 1216 1151 1261 commotum.
1181 1203 1346 1270 Quem
1370 1206 1496 1278 quia
1525 1207 1596 1261 ad
1624 1223 1718 1262 nos
1738 1207 1939 1262 studuit

328 1312 427 1366 pro
458 1297 816 1370 satisfactione
843 1300 1216 1365 transmittere,
1249 1299 1453 1369 priores
1482 1299 1594 1370 ejus
1623 1308 1796 1370 partes
1824 1300 1935 1354 sol-

329 1386 475 1440 licita
497 1386 715 1441 lectione
737 1389 1106 1458 percurrimus.
1130 1385 1202 1442 Et
1228 1390 1477 1458 quoniam
1497 1390 1776 1461 manifesta
1796 1391 1852 1444 in
1872 1406 1933 1445 eo

328 1478 587 1536 Inereticee
614 1480 886 1547 pravitatis
922 1497 1116 1534 venena
1159 1484 1473 1551 reperimus,
1521 1499 1586 1536 ne
1625 1483 1796 1538 denuo
1837 1483 1932 1538 de-

331 1566 526 1622 buisset
563 1567 684 1640 legi,
735 1574 1005 1624 vetutmus.
1049 1569 1158 1625 Sed
1202 1573 1324 1642 quia
1363 1571 1498 1626 hunc
1546 1579 1594 1626 te
1631 1573 1934 1644 simpliciter

330 1668 552 1715 testatus
578 1677 631 1715 es
661 1662 876 1733 legisse,
906 1671 955 1716 et
985 1663 1055 1716 ad
1081 1663 1456 1734 amputandam
1485 1665 1741 1737 ambiguis
1761 1667 1933 1736 suspi-

330 1752 499 1806 cionis
522 1753 796 1806 materiam
819 1751 1047 1807 libellum
1063 1754 1211 1808 nobis
1234 1771 1394 1808 manu
1417 1763 1503 1807 tua
1519 1756 1800 1825 porrexisti
1814 1772 1934 1826 per-

327 1847 598 1916 scriptum,
629 1847 684 1901 in
715 1863 812 1919 quo
835 1847 992 1918 fidem
1023 1857 1162 1901 tuam
1192 1864 1477 1918 exponens,
1510 1864 1688 1902 omnes
1716 1863 1932 1919 genera-

2038 662 2308 733 confitenti
2329 663 2629 736 despicitur,
2661 677 2961 722 cunctorum
2985 670 3042 722 in
3066 667 3278 722 dubium
3306 667 3439 737 fides
3460 666 3633 720 addu-

2039 753 2206 820 citur,
2253 763 2408 824 atque
2436 771 2635 810 errores
2664 758 2922 828 mortiferi
2964 775 3029 812 ex
3067 761 3278 812 incauta
3310 757 3634 812 districtione

2039 855 2370 916 generantur.
2401 845 2472 902 Et
2499 849 2619 913 hinc
2644 865 2750 904 non
2769 851 2937 906 solum
2957 860 3189 906 errantes
3211 867 3330 906 oves
3356 849 3427 904 ad
3454 850 3632 904 caulas

2038 936 2250 990 minime
2277 934 2582 992 Dominicas
2607 949 2942 1005 revocantur,
2990 942 3080 994 sed
3111 942 3270 996 etiam
3307 941 3631 1010 introposita:

2039 1028 2224 1098 ferinis
2260 1027 2498 1084 dentibus
2525 1030 2795 1085 lanianda
2831 1031 3106 1086 crudeliter
3133 1042 3478 1102 exponuntur.
3515 1030 3632 1086 Hoc

2037 1134 2181 1190 ergo,
2215 1121 2380 1192 frater
2403 1121 2729 1187 charissima,
2758 1122 3014 1176 subtiliter
3038 1124 3430 1194 perpendamus,
3461 1133 3510 1177 et
3538 1122 3629 1178 sub

2037 1219 2292 1278 prtetextu
2309 1211 2520 1267 haeresis
2537 1213 2696 1284 afﬂigi
2721 1213 3014 1284 quempiam
3037 1213 3284 1268 veraciter
3305 1204 3630 1284 profitentem

2038 1301 2195 1371 fidem
2215 1304 2526 1359 catholicam
2541 1319 2644 1358 non
2669 1305 2922 1372 sinamus,
2947 1321 3032 1372 ne,
3055 1304 3191 1376 quod
3213 1302 3370 1371 absit,
3393 1305 3630 1362 lueret-tn

2035 1393 2154 1461 ﬁeri
2179 1392 2272 1446 sub
2298 1393 2676 1452 emendationis
2697 1397 2863 1465 magis
2891 1394 3059 1464 specie
3080 1393 3461 1463 permittamus.

2109 1482 2160 1537 5.
2218 1482 2372 1550 Quod
2420 1493 2601 1538 autem
2651 1484 2757 1540 illis
2806 1483 3262 1540 obtrectatoribus
3307 1484 3628 1552 contingere

2036 1573 2201 1641 solet,
2234 1581 2293 1627 ut
2319 1573 2570 1630 haeresim
2597 1573 2940 1643 objicientes,
2972 1574 3026 1628 in
3056 1574 3362 1644 oppositum
3391 1571 3632 1630 ferantur

2035 1677 2302 1729 errorem,
2324 1662 2430 1718 hoc
2453 1661 2647 1717 Joanni
2676 1661 2782 1718 CP.
2815 1665 3058 1720 evenisse
3089 1673 3320 1720 testatur
3341 1662 3400 1718 S.
3428 1661 3633 1733 Grego-

2033 1753 2146 1808 rius
2172 1753 2256 1808 his
2285 1753 2500 1808 verbis:
2530 1755 2664 1809 Ante
2691 1756 2999 1821 triennium,
3027 1765 3242 1827 cogente
3261 1770 3421 1816 causa
3444 1771 3629 1810 mona-

2035 1844 2249 1898 chorum
2277 1843 2538 1913 Isauriae,
2585 1847 2670 1916 qui
2697 1846 2936 1902 heretici
2973 1847 3386 1910 accusabantur,
3413 1849 3632 1918 satisfa-

326 1936 448 1991 liter
477 1942 717 2006 hcereses,
749 1941 824 1993 vel
847 1940 1095 2011 quidquid
1124 1940 1371 1995 adversus
1400 1940 1672 1996 catholicae
1700 1941 1825 2011 ﬁdei
1852 1942 1932 1997 vel
1961 1949 2012 2014 Β
2036 1938 2180 1990 δίεπε
2202 1937 2327 1990 mihi
2348 1937 2610 2004 quondam
2633 1941 2797 2009 frater
2817 1949 2867 1994 et
2888 1941 3228 1996 consacerdos
3249 1958 3390 1999 meus
3411 1944 3630 2000 domnus

324 2031 664 2100 professionis
686 2031 1036 2101 integritatem
1057 2038 1152 2098 est,
1178 2031 1502 2102 apertissime
1523 2032 1885 2088 condemnasti
1911 2051 1926 2100 ;

323 2128 376 2174 et
399 2130 587 2176 cuncta
612 2139 728 2198 qua:
758 2132 956 2178 sanctis
983 2135 1205 2196 quatuor
1233 2125 1550 2180 universales
1579 2125 1767 2197 synodi
1797 2127 1930 2181 reci-

325 2213 497 2281 piunt,
530 2224 578 2267 te
605 2231 806 2284 semper
830 2215 1083 2286 recepisse
1107 2233 1169 2270 ac
1196 2217 1444 2288 recipere,
1474 2226 1660 2290 etquae
1686 2219 1930 2274 condem-

325 2313 458 2358 nant
486 2304 886 2370 condemnasse,
920 2306 1364 2380 condemnareque
1392 2311 1657 2381 professus
1687 2326 1776 2377 es;
1812 2327 1930 2365 eam

323 2411 524 2466 quoque
544 2397 799 2467 synodum
818 2413 932 2468 qua:
950 2398 1241 2454 Iustiniani
1261 2401 1592 2472 imperatoris
1614 2401 1928 2474 temporibus

326 2481 392 2541 de
421 2489 582 2542 tribus
614 2490 854 2558 capitulis
896 2493 1039 2559 facta
1069 2501 1177 2558 est,
1219 2502 1271 2546 et
1299 2494 1562 2564 suscipere
1585 2503 1638 2549 et
1664 2496 1929 2551 custodire

323 2581 643 2652 promisisti,
674 2591 723 2635 et
752 2583 1041 2651 prohibitus
1069 2600 1099 2636 a
1127 2582 1277 2638 nobis
1306 2586 1533 2640 codicem
1562 2588 1732 2654 ipsum
1760 2589 1928 2659 legere

323 2673 381 2725 in
403 2689 502 2740 quo
522 2673 783 2744 pestifera:
804 2673 1008 2745 fiaudis
1038 2677 1177 2729 virus
1199 2675 1446 2731 innexum
1469 2687 1565 2744 est,
1592 2677 1928 2732 libentissime

323 2764 669 2829 consensisti;
726 2765 1010 2834 reprobans
1061 2767 1220 2820 etiam
1271 2776 1422 2838 atque
1467 2767 1818 2823 condemnatis
1865 2785 1929 2823 ea

322 2849 501 2906 omnia
544 2871 658 2926 qua:
697 2863 881 2910 contra
922 2857 1191 2911 catholica:
1230 2859 1358 2928 fidei
1396 2859 1746 2929 integritatem
1774 2861 1828 2913 in
1866 2877 1926 2914 eo

324 2943 465 2995 dicta
488 2943 562 2996 vel
585 2944 804 2999 latenter
832 2948 1026 3000 inserta
1047 2957 1188 3014 sunt,
1222 2965 1316 3002 nec
1336 2964 1452 3002 eum
1481 2955 1530 3002 te
1562 2948 1729 3020 legere
1758 2949 1926 3006 denuo

321 3036 629 3103 promisisti.
689 3037 807 3091 Hac
854 3039 1059 3093 ratione
1098 3042 1350 3111 permoti,
1383 3039 1654 3115 postquam
1683 3045 1838 3098 etiam
1863 3061 1928 3098 ex

322 3127 533 3198 probati
557 3146 587 3181 a
612 3137 658 3183 te
680 3128 841 3185 libelli
864 3134 1079 3204 pagina,
1107 3133 1238 3202 ﬁdes
1263 3142 1350 3186 tua
1373 3133 1520 3188 nobis
1539 3135 1794 3190 catholica
1817 3134 1926 3190 Deo

323 3219 643 3274 custodiente
671 3222 980 3291 percluruit,
1025 3223 1088 3277 ab
1136 3227 1278 3278 omni
1315 3233 1363 3279 te
1393 3225 1650 3282 luere!ij
1674 3228 1928 3296 perversi-

323 3309 447 3362 tatis
475 3311 677 3364 macula
698 3311 857 3382 juxta
885 3315 1260 3385 professionem
1289 3324 1433 3369 tuam
1457 3316 1673 3370 liberum
1702 3333 1811 3371 esse
1837 3317 1929 3371 de—
1954 3342 2004 3406 Β

325 3401 588 3456 cernimus
613 3411 764 3474 atque
787 3403 1120 3474 catholicum,
1151 3413 1201 3458 et
1221 3407 1440 3460 sincera:
1467 3405 1593 3476 ﬁdei
1611 3407 1665 3460 in
1691 3405 1927 3462 omnibus

325 3495 672 3564 professorem
712 3503 862 3566 atque
892 3513 1179 3567 sequacem,
1229 3496 1420 3551 Christi
1463 3499 1590 3551 Jesu
1637 3497 1928 3554 Saluatoris

325 3585 502 3653 gratia
528 3583 776 3638 claruisse
802 3588 1238 3656 pronuntiamus;
1271 3584 1489 3641 liberam
1519 3605 1716 3660 quoque
1745 3589 1931 3643 tribui-

326 3688 441 3725 mus
472 3672 733 3727 licentiam
763 3676 832 3728 ad
864 3686 1004 3730 tuum
1034 3679 1405 3733 monasterium
1434 3680 1488 3732 in
1519 3689 1605 3734 tuo
1639 3691 1684 3734 te
1711 3683 1824 3736 loco
1851 3681 1930 3735 vel

328 3767 512 3820 ordine
535 3767 873 3821 nihilominus
903 3786 1152 3822 remeare.
1184 3769 1266 3822 De
1289 3749 1383 3824 hoc
1403 3787 1598 3842 quoque
1619 3781 1668 3825 et
1695 3773 1922 3826 dilectis-

324 3859 456 3912 simo
489 3860 642 3930 fratri
684 3870 890 3921 nostro,
938 3860 1534 3932 ConstantinOpolitanw
1565 3866 1786 3918 civitatis
1824 3883 1925 3919 an-

326 3950 479 4002 tistiti
501 3986 516 4009 ,
547 3950 632 4018 qui
664 3951 717 4002 in
745 3951 1038 4020 supradicti
1068 3955 1236 4005 sancti
1262 3952 1488 4007 Joannis
1514 3955 1624 4008 loco
1654 3955 1927 4010 ordinatus

325 4048 425 4106 est,
457 4053 635 4092 nostra
659 4040 891 4093 volumus
917 4042 1112 4110 scripta
1137 4043 1507 4096 transmittere.
1532 4043 1640 4098 Sed
1659 4046 1779 4113 quia
1801 4061 1926 4099 con-

325 4128 542 4182 suetudo
564 4145 668 4183 non
695 4137 792 4194 est,
823 4138 878 4181 ut
917 4130 1223 4199 priusquam
1251 4115 1321 4184 ad
1342 4147 1435 4185 nos
1456 4132 1566 4201 ejus
1590 4133 1750 4203 239
1769 4150 1926 4204 syno-

323 4217 442 4272 dica
472 4218 754 4291 deferatur,
785 4218 1061 4274 debeamus
1082 4221 1308 4276 scribere
1337 4239 1355 4276 :
1382 4222 1577 4276 idcirco
1607 4224 1918 4280 distulimus.

322 4310 432 4366 Sed
460 4319 732 4383 postquam
763 4328 824 4366 ea
846 4310 995 4366 nobis
1025 4313 1199 4366 delata
1220 4313 1408 4385 fuerit,
1441 4315 1490 4368 ei
1510 4315 1648 4383 hcec,
1680 4314 1803 4370 dum
1829 4333 1923 4386 op-

320 4413 598 4474 portunum
627 4406 801 4475 fuerit,
825 4404 1188 4460 indicabimus.

391 4494 529 4551 Huic
569 4497 785 4565 negotio
823 4495 999 4552 afﬁnis
1027 4503 1111 4554 est
1156 4511 1319 4567 causa
1355 4495 1579 4554 Joannis
1621 4498 1921 4570 presbyteri

315 4585 808 4665 Chalcedonensis,
859 4603 1025 4658 quem
1071 4589 1264 4644 eodem
1315 4597 1562 4658 tempore
1609 4589 1677 4643 ab
1720 4590 1919 4658 ignaris

317 4687 630 4734 accusatum
678 4680 745 4733 de
798 4679 990 4734 haeresi
1044 4679 1509 4740 Marcianistarum
1537 4722 1553 4747 ,
1601 4679 1686 4733 vel
1733 4681 1913 4750 potius
1948 4711 1996 4770 ῃ

315 4772 787 4849 Marcionitapum,
815 4771 1021 4842 judices
1047 4773 1114 4827 ab
1145 4773 1337 4828 eodem
1366 4771 1574 4827 Joanne
1604 4769 1709 4825 CP.
1741 4772 1912 4841 depu-

315 4865 419 4930 tati
474 4865 669 4936 injuste
723 4864 1135 4922 damnaverunt.
1188 4863 1256 4917 At
1301 4879 1441 4935 papa
1491 4863 1634 4920 facto
1686 4865 1914 4920 concilio

313 4955 565 5020 eumdem
595 4955 846 5022 absolvit,
879 4954 1113 5020 maxime
1135 4953 1257 5022 quia
1286 4954 1498 5008 libellus
1526 4955 1592 5007 ab
1618 4955 1735 5022 ipso
1763 4954 1912 5007 obla-

311 5054 400 5118 tus
448 5045 570 5118 fidei
618 5045 910 5099 sinceritati
948 5060 1039 5113 per
1083 5045 1258 5098 omnia
1289 5044 1646 5096 concordaret.
1691 5045 1765 5098 De
1808 5044 1909 5100 hac

311 5138 578 5210 sententia
607 5135 872 5202 Joannem
924 5135 1298 5205 presbyterum
1341 5135 1407 5206 ab
1440 5135 1656 5188 haeresis
1684 5135 1910 5189 crimine

307 5228 536 5306 liberum
561 5229 943 5313 pronuntiante
963 5226 1180 5294 scripsit
1199 5223 1488 5302 Gregorius
1508 5233 1571 5277 ait
1595 5226 1905 5280 Mauricium

270 5342 276 5350 ‘
309 5325 611 5402 Augustum
644 5333 701 5394 et
727 5324 792 5398 ad
823 5321 1187 5388 TllCOCllzlalll
1219 5316 1369 5390 (Lib.
1403 5335 1475 5386 νι,
1507 5336 1585 5388 ep.
1617 5317 1683 5371 l6
1711 5327 1761 5372 et
1790 5317 1902 5389 l7).

303 5397 593 5494 smnus
623 5430 840 5500 (Lupoque
861 5413 1048 5500 judicii
1078 5409 1236 5482 hujus
1258 5410 1541 5465 certiorem
1575 5407 1699 5466 fecit
1728 5409 1902 5478 ipsum
1936 5405 1941 5410 ’

303 5491 568 5563 Joannem
592 5491 696 5562 Gl).
730 5491 1091 5578 [intriarcham
1123 5501 1286 5569 (Ibid.
1311 5519 1391 5572 ep.
1425 5500 1536 5570 15).
1569 5500 1626 5554 ln
1648 5516 1711 5556 ea
1737 5516 1898 5570 quam

306 5599 374 5676 ad
403 5598 578 5678 ipsum
613 5598 828 5674 scripsit
855 5597 1082 5666 epistola
1112 5594 1169 5650 S.
1219 5593 1418 5647 Doctor
1454 5600 1641 5661 aperte
1681 5598 1902 5648 damnat

302 5703 402 5758 eos
424 5677 520 5762 Qui
546 5689 683 5756 falso
710 5686 920 5756 abrepti
962 5687 1113 5756 zelo,
1148 5685 1381 5740 haereses
1407 5684 1572 5738 etiam
1604 5684 1811 5746 invitis,
1844 5693 1901 5738 et

303 5779 666 5846 mnam
715 5778 872 5836 fidem
903 5776 1279 5847 profitentibus
1308 5775 1620 5830 obtrudunt.
1655 5774 1896 5830 Nolanda

301 5880 428 5923 sunt
461 5885 569 5938 prm
592 5868 800 5923 caeteris
827 5868 987 5920 verba
1017 5867 1129 5919 lucc
1164 5883 1176 5916 :
1212 5864 1358 5920 Sicut
1391 5866 1746 5922 haereticorum
1768 5881 1893 5936 pra-

303 5961 436 6015 vitas
458 5963 566 6016 α’ιο
591 5969 742 6014 recta
766 5959 888 6029 fidei
919 5956 1323 6025 comprimenda,
1359 5960 1431 6009 ita
1459 5977 1588 6012 certe
1613 5958 1895 6030 tranfessio-

2031 2028 2263 2082 Joannes
2296 2029 2497 2084 litteras
2525 2031 2702 2095 misit,
2736 2030 2918 2102 quibus
2946 2031 3204 2089 nitebatur
3233 2035 3499 2094 ostendere
3535 2050 3626 2104 eos

2031 2120 2312 2191 Ephesince
2332 2122 2517 2193 synodi
2541 2123 2929 2193 definitionibus
2959 2127 3370 2193 contradixisse,
3414 2136 3463 2184 et
3491 2127 3628 2182 velut

2031 2227 2100 2265 ex
2139 2211 2317 2266 eadem
2354 2213 2553 2284 synodo
2583 2223 2725 2268 certa
2759 2216 2907 2270 nobis
2934 2216 3115 2288 quibus
3146 2218 3244 2287 ipsi
3270 2217 3578 2284 obsisterent
3607 2253 3626 2284 ,

2031 2305 2261 2374 capitula
2283 2305 2576 2360 destinavit.
2612 2305 2762 2360 Inter
2781 2307 2889 2360 alia
2911 2315 3082 2362 autem
3103 2309 3350 2378 scriptum
3372 2309 3480 2362 illic
3500 2324 3625 2364 con-.

2033 2393 2314 2460 tinebatur,
2345 2394 2408 2447 de
2435 2394 2564 2448 Adi:
2591 2396 2792 2464 anima,
2820 2396 2942 2466 quia
2971 2397 3026 2450 in
3053 2406 3264 2466 peccato
3291 2407 3493 2452 mortua
3523 2413 3628 2451 non

2035 2485 2208 2555 fuerit,
2232 2499 2291 2538 eo
2311 2483 2448 2556 quod
2469 2483 2709 2539 diabolus
2725 2486 2785 2539 in
2805 2501 2894 2540 cor
2910 2486 3131 2554 hominis
3149 2502 3253 2545 non
3273 2486 3624 2556 ingrediatur;

2033 2584 2081 2630 et
2107 2578 2152 2629 si
2179 2577 2294 2647 quis
2322 2577 2417 2630 hoc
2444 2576 2682 2644 dixisset,
2713 2578 2994 2632 anathema
3021 2587 3170 2633 esset.
3206 2576 3336 2642 Qua
3356 2595 3470 2632 cun;
3499 2578 3628 2632 mihi

2031 2666 2221 2720 relecto
2269 2667 2514 2737 fuissent,
2569 2666 2721 2721 ualde
2775 2670 3108 2724 contristatus
3154 2685 3266 2722 sum
3320 2667 3470 2738 (Lib.
3522 2675 3650 2733 vu,’

2031 2775 2114 2830 ep.
2155 2758 2269 2829 54).
2319 2757 2474 2814 Hunc
2507 2758 2730 2814 Joannis
2779 2774 3018 2815 errorem
3059 2760 3276 2818 bteresis
3323 2757 3628 2830 Pelagiana:

2035 2851 2308 2906 surculum
2346 2851 2870 2920 Pelagianorumque
2909 2851 2964 2905 id
2996 2851 3502 2921 pseudo-Ephesius
3538 2867 3628 2921 sy-

2033 2943 2176 2997 nodo
2205 2943 2370 2998 fctum
2393 2943 2598 3004 refellit
2626 2943 2968 2998 doctissimus
2988 2942 3152 3014 Papa,
3187 2955 3298 2999 tum
3319 2945 3376 3000 in
3401 2944 3622 3000 laudata

2032 3033 2284 3102 epistola,
2317 3042 2430 3088 tum
2457 3034 2548 3088 lib.
2583 3049 2639 3089 Ix
2667 3048 2752 3102 ep.
2789 3033 2876 3099 49,
2909 3034 2998 3088 imi
3021 3034 3256 3103 capitula
3283 3034 3384 3090 sub
3410 3034 3629 3090 nomine

2033 3124 2224 3195 synodi
2250 3123 2533 3194 Ephesium
2554 3125 2623 3179 ad
2649 3139 2709 3178 se
2730 3140 2797 3179 ex
2826 3125 2974 3194 regia
3003 3125 3136 3180 urbe
3165 3126 3504 3192 transmissa,
3536 3140 3626 3180 as-

2032 3217 2164 3270 serit
2193 3231 2313 3272 esse
2342 3217 2571 3286 ipsumet
2601 3215 2886 3285 Pelagii'et
2906 3216 3146 3273 leestii
3165 3232 3329 3287 prava
3349 3218 3620 3286 dogmata.

2039 3309 2113 3363 De
2149 3309 2428 3364 monachis
2454 3309 2671 3364 Isauria)
2706 3309 3032 3364 consulenda
3073 3310 3298 3366 historia
3327 3310 3625 3370 monastica

2034 3401 2267 3460 Qrientis
2296 3403 2388 3457 lib.
2423 3419 2492 3470 iv,
2525 3417 2572 3458 c.
2604 3403 2691 3468 t7,
2723 3418 2778 3472 p.
2811 3400 2941 3468 755,
2976 3402 3067 3457 ubi
3102 3417 3198 3459 eos
3229 3403 3407 3473 potius
3436 3403 3491 3458 in
3518 3401 3624 3473 Ly-

2033 3496 2224 3550 caonia
2254 3494 2452 3550 vixisse
2480 3494 2694 3562 dicitur,
2726 3509 2890 3564 quam
2920 3494 2973 3549 in
2999 3493 3224 3550 lsauria.
3259 3493 3418 3550 Certe
3447 3494 3540 3549 lib.
3572 3509 3626 3549 tv

2033 3585 2379 3655 Dialogorum
2432 3601 2483 3641 c.
2543 3585 2644 3652 58,
2704 3585 2994 3656 Gregorius
3046 3586 3292 3642 meminit
3345 3585 3624 3655 cujusdam

2033 3675 2309 3730 Athanasii
2336 3676 2669 3746 presbyteri,
2715 3686 2772 3730 et
2800 3685 2859 3730 ut
2886 3676 3155 3745 conjicere
3182 3677 3338 3744 licet,
3371 3675 3626 3734 monachi

2033 3766 2346 3836 Lycaoniae,
2369 3767 2413 3819 si
2443 3766 2572 3820 ﬁdes
2599 3767 2669 3821 sit
2696 3767 2940 3836 plurimis
2966 3766 3096 3822 Mss.
3135 3766 3240 3822 hoc
3264 3767 3386 3822 loco
3411 3767 3466 3822 in
3493 3777 3624 3824 nota

2031 3855 2341 3924 designatis.
2390 3855 2459 3909 At
2495 3855 2697 3909 lsauria
2729 3865 2785 3910 et
2813 3855 3081 3926 Lycaonia
3110 3857 3298 3911 vicinae
3322 3865 3476 3912 erant
3497 3873 3625 3926 pro-

2030 3946 2247 4012 vinciat;
2291 3944 2435 4000 unde
2464 3960 2581 4005 non.
2601 3945 2796 4000 mirum
2826 3961 2987 4000 unam
3031 3962 3131 4016 pro
3171 3947 3276 4001 alia
3309 3955 3622 4016 usurpatam

2028 4036 2215 4094 fuisse.

2100 4129 2286 4184 Exstat
2311 4129 2452 4183 libro
2477 4144 2526 4194 ιι,
2564 4143 2650 4198 ep.
2685 4127 2771 4194 3'7,
2807 4127 2876 4181 ad
2904 4126 3130 4194 Heliam,
3162 4129 3536 4200 presbyterum
3563 4138 3619 4185 et

2027 4221 2279 4274 abbatem
2329 4220 2383 4274 in
2427 4219 2666 4285 lsauria,
2712 4218 2866 4288 cujus
2903 4219 3218 4290 discipulum
3261 4219 3619 4291 Epiphaniam

2026 4313 2265 4377 nomine,
2297 4311 2356 4367 S.
2381 4312 2672 4380 Gregorius
2695 4312 2980 4368 diaconum
3003 4312 3264 4370 Ecclesia:
3283 4315 3444 4372 Rom.
3469 4316 3616 4371 ordi-

2024 4408 2190 4462 navit.
2235 4406 2469 4461 Petierat
2510 4404 2693 4460 Helias
2733 4405 2802 4460 50
2844 4406 3046 4461 solidos
3082 4406 3149 4461 ad
3180 4408 3498 4463 monasterii
3526 4409 3616 4464 sui

2024 4497 2356 4563 necessaria;
2405 4497 2500 4553 sed
2546 4497 2692 4550 misit
2743 4495 2812 4550 ἠ
2858 4497 3379 4554 beneficentissimus
3436 4509 3610 4567 pater.

2025 4591 2216 4647 Utrum
2261 4592 2316 4645 in
2365 4590 2460 4645 illo
2508 4590 2838 4646 monasterio
2881 4591 3141 4660 degerent
3168 4591 3242 4644 illi
3269 4589 3521 4645 monachi
3549 4590 3618 4645 de

2024 4683 2242 4738 haeresis
2270 4681 2494 4737 crimine
2518 4681 2829 4747 insimulati,
2861 4675 3084 4750 prorsus
3106 4680 3368 4734 incertum
3399 4687 3498 4736 est.
3535 4678 3616 4734 Ex

2021 4773 2458 4830 connnemoratis
2481 4771 2778 4839 intelligere
2795 4770 2923 4825 licet
2941 4769 3202 4825 Joannem
3222 4768 3327 4824 GP.
3354 4786 3459 4825 non
3483 4771 3615 4826 satis

2019 4886 2049 4923 a
2093 4867 2379 4935 Pelagiana
2421 4864 2612 4918 lmresi
2640 4859 2850 4918 cavisse
2892 4861 3068 4931 (quod
3097 4861 3164 4916 de
3189 4860 3393 4916 Graecis
3420 4876 3614 4931 quam-

2017 4957 2260 5028 plurimis
2306 4956 2469 5010 etiam
2510 4954 2760 5022 constat)
2809 4961 2864 5008 et
2912 4953 2964 5006 in
3016 4953 3238 5008 historia
3281 4954 3612 5022 scientiaque

2019 5045 2391 5102 Ecclesiastica
2420 5058 2608 5113 parum
2633 5043 3016 5105 eXercitatum,
3063 5044 3260 5114 quippe
3291 5046 3378 5113 qui
3409 5061 3610 5116 suppo-

2014 5138 2180 5191 sititia
2221 5146 2276 5188 et
2324 5133 2610 5196 haeretica,
2664 5147 2765 5201 pro
2802 5133 3050 5201 genuinis
3096 5133 3381 5204 Ephesinae
3419 5136 3606 5211 synodi

2013 5229 2147 5286 actis
2191 5225 2440 5296 imperite
2471 5223 2742 5278 laudabat.
2787 5222 2906 5278 Non
2933 5225 3099 5280 semel
3137 5241 3260 5281 cum
3301 5227 3404 5282 hoc
3448 5226 3607 5295 regia:

2011 5317 2159 5372 urbis
2202 5313 2506 5386 patriarcha
2555 5311 2868 5368 luctandum
2913 5311 3177 5383 Gregorio
3225 5313 3352 5379 fuit,
3407 5322 3466 5367 ut
3504 5327 3603 5367 suo

2009 5409 2218 5463 dicetur
2247 5407 2386 5460 loco.

2078 5497 2130 5552 6.
2165 5494 2610 5565 Quandoquidem
2635 5494 2702 5548 de
2730 5493 3000 5563 episcopis
3021 5492 3184 5550 ofﬁcii
3211 5493 3293 5548 sui
3323 5493 3602 5546 immemo-

2004 5594 2154 5648 ribus
2183 5608 2214 5645 a
2244 5590 2506 5656 Gregorio
2537 5587 2802 5656 correptis
2831 5595 2887 5642 et
2914 5585 3212 5644 emendatis
3242 5582 3390 5654 loqui
3429 5581 3597 5650 cmpi-
3669 5663 3671 5666 q

2003 5697 2153 5746 mus,
2187 5694 2366 5748 opera:
2395 5682 2627 5748 pretium
2658 5687 2743 5734 est
2770 5677 2840 5732 de
2867 5676 3074 5733 Joanne
3092 5718 3107 5742 ,
3140 5675 3455 5738 Ravennate
3482 5672 3598 5741 epi—

2002 5787 2197 5841 scopo,
2227 5779 2451 5841 propter
2478 5769 2673 5826 fastum
2704 5779 2760 5825 et
2789 5770 3110 5824 insolentem
3139 5767 3287 5838 pallii
3318 5781 3470 5822 usum
3494 5765 3599 5823 hoc

2003 5865 2165 5918 etiam
2211 5878 2354 5917 anno
2401 5863 2729 5932 reprehenso
2772 5876 2943 5930 pauca
2991 5859 3254 5928 subjicere
3305 5856 3457 5927 \Lib.
3504 5871 3590 5923 ιιι,

1999 5971 2082 6024 ep.
2118 5952 2225 6022 56).
2280 5951 2379 6008 llic.
2427 5954 2786 6007 exarchorum
2829 5951 3096 6006 Ravennae
3145 5949 3592 6016 cottnnorantium
