4138 6452
589 407 694 462 327

1064 402 1121 459 S.
1163 398 1490 458 GREGORII
1528 398 1746 456 MAGNI
1791 397 1971 463 Vl'l'A,
2017 397 2110 453 EX
2151 396 2317 455 EJUS
2353 396 2658 456 SCRIPTIS
2702 399 3103 456 ADORNATA.
3147 399 3277 454 Ll-B.
3321 397 3386 454 ll.

3778 400 3887 455 328

587 518 908 575 auctoritate
954 514 1150 581 fretus,
1194 514 1452 569 nonnulla
1499 514 1600 570 sibi
1638 529 1796 584 supra
1829 527 2172 570 communem
2200 518 2252 578 Α
2277 521 2432 568 verat
2462 513 2751 582 Augustus.
2773 514 2911 580 Quin
2934 514 3097 569 etiam
3120 514 3237 582 ejus
3263 513 3445 569 tutelae
3473 513 3892 569 commendarat

583 609 1124 679 metropolitanorum
1162 605 1607 662 consuetudinem
1636 607 1945 676 usurpanda
1981 605 2168 661 existi-

581 702 765 758 mavit.
818 699 952 756 Cum
1002 700 1148 755 enim
1203 699 1384 754 caeteri
1447 698 1612 768 pallio
1675 707 1829 754 extra
1885 699 2170 753 missarum

583 805 608 832 ι
640 801 852 864 tempus
879 807 988 848 non
1029 798 1312 846 uterentur
1331 831 1346 855 ,
1381 789 1496 859 ipse
1525 789 1580 843 in
1611 789 1811 844 litaniis
1838 788 2175 846 solemnibus

587 898 644 944 et
662 883 1140 956 supplicationibus
1160 882 1390 954 publicis
1406 922 1422 947 ,
1455 896 1521 936 ex
1548 881 1875 951 paenitentiae
1897 879 2176 950 disciplina

581 979 840 1039 institutis
858 1020 875 1046 ,
923 992 1065 1033 novo
1094 975 1242 1031 cultu
1272 974 1524 1045 palliatus
1550 972 1866 1039 incedebat,
1899 972 1988 1042 qui
2018 971 2073 1026 in
2100 970 2177 1027 ci-

581 1086 711 1127 nere
742 1070 921 1142 potius
949 1076 1006 1123 et
1031 1067 1084 1121 in
1115 1065 1290 1121 cilicio
1333 1073 1462 1119 tunc
1501 1062 1774 1119 debuisset
1818 1062 2177 1117 humilitatem

578 1163 842 1236 proﬁteri.
875 1160 990 1215 Hoc
1018 1158 1342 1228 improbavit
1370 1155 1662 1224 Gregorius
1691 1154 1968 1210 modestia:
1995 1168 2178 1210 sacer-

578 1255 774 1310 dotalis
812 1251 1118 1322 praacipuus
1146 1257 1406 1314 assertor,
1437 1247 1591 1315 cujus
1617 1246 1747 1300 illud
1775 1246 1933 1316 plane
1955 1259 2178 1300 aureum

520 1346 522 1348 ’
578 1346 777 1402 dictum
798 1384 814 1409 ,
855 1342 988 1396 nihil
1019 1341 1072 1395 in
1104 1339 1342 1410 episcopi
1373 1339 1584 1394 cervice
1613 1337 1946 1408 splendidius
1973 1336 2180 1406 fulgere

581 1450 743 1504 quam
771 1432 1154 1487 humilitatem.

649 1526 728 1580 Ad
755 1524 1145 1594 archiepiscopi
1185 1523 1267 1578 sui
1315 1522 1618 1592 exemplum
1665 1522 2039 1591 superbientes
2071 1520 2180 1574 Ra-

577 1619 826 1674 vennatis
850 1617 1104 1673 Ecclesia:
1131 1615 1348 1681 clerici,
1381 1614 1406 1652 δ
1439 1614 1703 1684 mappulis
1733 1614 1809 1667 uti
1841 1612 2007 1682 (quod
2035 1612 2182 1666 solus

577 1711 678 1767 sibi
703 1709 1024 1766 vendicahat
1051 1707 1227 1763 clerus
1257 1706 1557 1776 Romanus)
1589 1711 2069 1775 prmsumpserunt.
2104 1704 2182 1759 De

580 1803 665 1859 his
690 1802 980 1871 Gregorius
1003 1800 1070 1854 ad
1099 1799 1364 1856 Joannem
1393 1798 1632 1854 scribere
1669 1796 1996 1866 quantocius
2024 1810 2180 1851 cura-

2272 606 2475 662 liberos
2517 621 2645 661 suos
2687 605 2862 662 adhuc
2910 607 3254 673 immaturos,
3298 605 3426 660 dum
3473 621 3616 681 anno
3667 606 3888 675 imperii

2273 697 2482 754 decimo
2531 699 2717 768 quinto
2763 698 3066 769 periculose
3114 706 3432 768 :egrotaret,
3475 707 3538 753 ut
3581 699 3657 752 ait
3705 698 3892 753 Simo-

2275 795 2441 852 catta,
2461 789 2552 859 qui
2581 789 2634 843 in
2657 787 2947 844 Domitiani
2968 788 3156 844 laudes
3175 788 3434 844 latissime
3459 787 3723 844 excurrit.
3750 787 3890 842 Cum

2275 878 2538 944 Cosroes,
2569 879 2857 935 Persarum
2887 894 3018 946 rex,
3047 878 3340 950 profugus,
3370 877 3616 934 Mauricii
3644 893 3751 948 ope
3799 895 3887 932 re-

2279 986 2443 1041 gnum
2465 982 2866 1042 recuperasset,
2897 988 2962 1027 ac
2991 973 3154 1043 paulo
3176 980 3300 1043 post
3328 971 3393 1025 ad
3421 969 3742 1041 Gregorium
3774 970 3894 1024 An—

2279 1063 2589 1118 tiochenum
2619 1063 2982 1133 patriarcham
3010 1078 3228 1118 crucem
3273 1076 3492 1117 auream
3521 1060 3750 1130 gemmis
3776 1060 3888 1114 ful-

2280 1161 2495 1222 gentem
2542 1153 2778 1209 misisset
2816 1155 2870 1208 in
2914 1154 3119 1224 templo
3159 1153 3215 1208 S.
3267 1153 3478 1222 Sergii,
3527 1151 3889 1220 offerendam,

2280 1243 2523 1312 ejusdem
2555 1246 2808 1316 martyris
2834 1245 3112 1301 basilicam
3156 1244 3401 1314 plurimis
3431 1244 3585 1299 donis
3634 1251 3894 1299 ornasset

2283 1337 2461 1406 (quod
2492 1336 2610 1406 ejus
2640 1352 2743 1406 ope
2770 1351 2938 1406 regno
2967 1351 3024 1391 se
3051 1336 3358 1393 restitutum
3388 1336 3654 1400 crederet,
3688 1335 3886 1402 conju~

2281 1439 2512 1496 gemque
2553 1444 2706 1484 suam
2735 1427 3140 1484 dilectissimam
3183 1437 3239 1482 et
3276 1427 3483 1498 prolem
3529 1436 3890 1482 consecutam

2283 1532 2404 1574 esse
2435 1527 2486 1573 et
2509 1518 2929 1590 valetudinem),
2955 1532 3149 1587 magna
3179 1533 3304 1589 spes
3334 1517 3528 1586 injecta
3556 1517 3735 1571 fuerat
3765 1517 3892 1570 fidei

2284 1609 2600 1663 Christiana:
2621 1610 2765 1680 apud
2782 1609 2974 1665 Persas
2989 1607 3402 1665 disseminandaa
3418 1624 3481 1662 ac
3503 1608 3892 1678 prepagandm.

2287 1699 2457 1768 Hujus
2501 1701 2579 1755 rei
2627 1701 2796 1769 gratia
2829 1700 3165 1756 Domitianus
3201 1699 3268 1754 ad
3313 1713 3497 1768 regem
3543 1707 3890 1768 perrexerat,

2285 1809 2445 1864 quem
2471 1793 2581 1862 jam
2614 1794 2714 1848 sibi
2739 1793 2983 1864 pluribus
3011 1793 3332 1847 devinxerat
3377 1788 3686 1854 beneﬁciis;
3744 1791 3897 1845 hunc

577 1897 656 1950 vit
725 1910 822 1964 per
884 1893 1188 1948 Castorium
1245 1891 1303 1946 S.
1365 1890 1619 1946 Ecclesiae
1674 1889 1830 1944 Rom.
1885 1888 2176 1944 notarium.
2212 1887 2430 1963 Benim
2463 1887 2775 1957 episcopum
2827 1887 2943 1954 regi
2973 1885 3197 1954 fugienti
3246 1894 3300 1940 et
3342 1883 3547 1939 extorri
3595 1882 3894 1938 Mauricius

575 1986 812 2042 Joannes
835 1986 951 2040 hzec
975 1983 1257 2054 privilegia
1279 1982 1381 2038 sibi
1401 1996 1620 2050 sumque
1639 1979 1893 2036 Ecclesiae
1907 1995 1938 2033 a
1954 1980 2177 2034 summis

577 2078 922 2147 pontificibus
945 2090 1206 2131 concessa
1226 2073 1528 2144 respondit,
1562 2081 1618 2127 et
1639 2087 1668 2126 a
1691 2070 1955 2140 Gregorio
1979 2069 2176 2125 contir-

575 2169 711 2223 mari
766 2167 1046 2239 poposcit;
1115 2164 1261 2234 quod
1317 2164 1484 2220 etiam
1542 2163 1850 2232 ﬂagitarunt
1903 2161 2177 2216 Romanus

575 2259 870 2325 exarchus,
908 2256 1222 2326 prmfectus,
1270 2263 1325 2309 et
1353 2254 1445 2308 alii
1471 2253 1618 2308 urbis
1649 2253 1919 2308 Ravennae
1960 2249 2177 2306 nobiles

576 2349 692 2403 viri.
730 2348 800 2403 lis
829 2361 961 2416 ergo
988 2361 1197 2401 morem
1226 2359 1421 2414 gerens
1447 2341 1693 2414 pontifex
1723 2342 1940 2408 annuit,
1973 2349 2032 2396 ut
2065 2341 2176 2395 Ra-

579 2455 766 2495 vennae
795 2438 1271 2508 archiepiscopus,
1302 2437 1476 2492 donec
1501 2435 1702 2506 aliquid
1731 2436 1930 2491 certius
1957 2441 2179 2491 consta-

579 2540 662 2586 ret
681 2530 750 2585 de
775 2529 1068 2600 privilegiis
1094 2529 1196 2598 ipsi
1225 2526 1530 2592 concessis,
1564 2526 1730 2597 pallio
1759 2533 2003 2581 uteretur
2029 2526 2083 2579 in
2115 2525 2180 2579 li-

581 2621 739 2677 taniis
776 2628 1014 2690 quatuor
1062 2629 1270 2675 tantum
1314 2620 1521 2675 dierum
1567 2619 1918 2684 solemnium;
1970 2618 2182 2674 scilicet

578 2711 636 2767 S.
659 2709 885 2766 Joannis
914 2711 1188 2781 Baptistte,
1220 2709 1277 2765 S.
1314 2708 1457 2764 Petri
1484 2709 1735 2779 apostoli,
1767 2709 1823 2764 S.
1858 2709 2182 2780 Apollinaris

578 2801 740 2870 hujus
762 2800 1014 2858 Ecclesia:
1040 2801 1289 2871 patroni,
1319 2808 1374 2854 et
1411 2799 1465 2854 in
1496 2799 1864 2854 anniversaria
1892 2813 2004 2854 suae
2031 2799 2180 2855 ordia

580 2893 816 2947 nationis
844 2891 1364 2947 commemoratione
1396 2889 1538 2961 (Lib.
1562 2907 1614 2954 ν,
1647 2907 1730 2961 ep.
1757 2889 1869 2958 ll).

650 2984 769 3040 Non
789 2982 1202 3054 placuit'Joanni
1229 2981 1492 3052 judicium
1515 2981 1639 3047 hoc,
1669 2989 1729 3035 ut
1757 2979 2031 3049 conjicere
2056 2979 2185 3035 licet

580 3094 653 3134 ex
681 3077 910 3149 epistola
941 3077 1008 3131 ad
1038 3076 1286 3132 eumdem
1315 3084 1505 3146 postea
1528 3076 1746 3145 scripta,
1780 3074 1835 3129 in
1864 3089 1970 3143 qua
1998 3075 2182 3143 queri-

584 3179 671 3226 tur
695 3172 752 3226 S.
785 3170 1078 3238 Gregorius
1106 3171 1174 3224 de
1203 3169 1459 3224 irrisoriis
1498 3177 1554 3224 et
1591 3168 1936 3223 mordacibus
1961 3166 2184 3222 Joannis

2287 1974 2501 2029 obviam
2555 1975 2778 2031 honoris
2828 1990 2991 2030 causa
3032 1974 3276 2040 miserat,
3306 1981 3364 2028 ut
3391 1988 3513 2027 eum
3542 1987 3894 2041 quocumque

2281 2065 2445 2120 vellet
2473 2064 2786 2119 deduceret.
2837 2063 3097 2119 Cosroem
3126 2063 3491 2118 Christianum
3524 2070 3655 2115 tunc
3683 2060 3893 2115 factum

2281 2156 2448 2211 fuisse
2497 2163 2720 2210 narrant
2759 2154 2996 2210 Joannes
3044 2155 3371 2210 Biclarensis
3411 2155 3465 2208 in
3511 2153 3806 2217 chronico,
3840 2160 3897 2207 et

2282 2247 2483 2303 Paulus
2529 2248 2796 2304 Diaconus
2824 2250 2920 2304 lib.
2951 2265 3022 2315 tv,
3053 2265 3100 2304 c.
3136 2249 3222 2304 l7.
3254 2261 3273 2288 ε
3301 2248 3372 2304 At
3389 2264 3524 2304 vana
3553 2249 3739 2319 specie
3766 2249 3896 2303 reli-

2283 2341 2460 2410 gionis
2491 2339 2709 2396 delusos
2738 2340 2900 2396 fuisse
2925 2342 3220 2410 scriptores
3245 2346 3366 2409 hos,
3398 2341 3467 2396 ob
3497 2340 3642 2408 regis
3670 2339 3895 2393 muniﬁ-

2283 2433 2522 2488 centiam
2551 2448 2678 2502 erga
2700 2433 3129 2488 Christianorum
3179 2433 3409 2503 templa,
3440 2447 3673 2500 eumque
3699 2447 3731 2485 a
3757 2446 3892 2500 gen-

2283 2523 2455 2576 tilium
2498 2523 2647 2580 cultu
2694 2539 2802 2578 non
2843 2524 3132 2579 recessisse
3163 2524 3503 2579 manifestum
3534 2531 3637 2588 est,
3669 2531 3788 2577 tum
3821 2537 3891 2577 ex

2283 2610 2485 2666 Graecis
2536 2612 2924 2683 scriptoribus,
2972 2614 3066 2682 qui
3114 2622 3266 2682 gesta
3319 2612 3560 2669 Mauricii
3610 2614 3890 2684 prosecuti

2283 2712 2439 2768 sunt,
2491 2713 2602 2759 tum
2633 2705 2930 2774 prmsertim
2961 2721 3026 2760 ex
3060 2703 3305 2773 Gregorii
3355 2705 3583 2774 epistola
3631 2706 3888 2762 consola-

2284 2793 2424 2848 toria
2452 2792 2520 2846 ad
2541 2792 2903 2849 Domitianum
2935 2795 3038 2849 hoc
3064 2811 3206 2850 anno
3231 2797 3431 2865 scripta
3459 2815 3471 2849 :
3503 2794 3886 2868 Imperatorem

2283 2867 2402 2940 vero
2434 2885 2735 2952 Persarum,
2765 2887 2958 2958 inquit,
3007 2888 3104 2942 etsi
3133 2904 3236 2942 non
3267 2888 3425 2958 fuisse
3463 2905 3768 2944 conversum
3791 2891 3886 2944 do-

2285 2976 2384 3042 leo,
2411 2993 2498 3030 vos
2519 2986 2693 3030 tamen
2722 2979 2769 3030 ei
2798 2977 3148 3031 Christianam
3177 2979 3337 3047 ﬁdem
3362 2979 3681 3048 prwdicasse
3713 2982 3885 3033 omni-

2289 3067 2440 3122 modo
2481 3069 2656 3124 exulto
2681 3085 2698 3122 :
2723 3071 2845 3140 quia
2869 3071 2966 3123 etsi
3005 3070 3094 3123 ille
3137 3070 3206 3123 ad
3235 3070 3398 3124 lucem
3440 3072 3611 3124 venire
3640 3088 3745 3124 non
3778 3089 3885 3125 me-

2288 3158 2410 3221 ruit,
2425 3168 2594 3212 vestra
2617 3167 2789 3212 tamen
2810 3160 3061 3213 sanctitas
3079 3161 3466 3229 prwdicationis
3481 3176 3589 3215 sua:
3607 3162 3884 3229 prmium

583 3261 922 3317 sermonibus
953 3258 1124 3328 (Ibid.
1153 3277 1234 3329 ep.
1266 3260 1394 3328 15).
1450 3259 1520 3314 Ut
1549 3266 1730 3313 autem
1761 3272 1978 3313 omnem
2009 3270 2175 3326 expo-
2213 3286 2258 3348 Ο
2290 3247 2510 3302 habebit.
2544 3247 2688 3302 Nam
2715 3259 2763 3303 et
2793 3249 2868 3302 1E
2877 3252 3044 3319 thiops
3090 3253 3144 3305 in
3186 3250 3426 3304 balneum
3451 3252 3597 3321 niger
3623 3253 3808 3318 intrat,
3835 3263 3885 3306 et

586 3353 820 3408 stulandi
861 3351 1200 3407 occasionem
1245 3350 1488 3412 tolleret,
1536 3349 1750 3419 scripsit
1778 3348 2184 3417 archiepiscopo

587 3442 994 3511 exploraturum
1023 3455 1081 3495 se
1111 3455 1210 3509 per
1237 3439 1662 3509 Apocrisiarium
1691 3454 1848 3494 suum
1875 3437 2185 3494 Constant-i-

557 3555 560 3560 ·
590 3531 774 3601 nopoli
804 3539 1076 3599 agentem,
1106 3538 1285 3584 utrum
1313 3529 1556 3584 nonnulli
1578 3544 1645 3584 ex
1664 3527 1962 3598 majoribus
1982 3535 2184 3584 metro-

589 3623 805 3693 politis,
847 3623 933 3691 qui
979 3623 1198 3674 tricenos
1239 3630 1287 3673 et
1325 3619 1684 3691 quadragenos
1713 3619 1804 3672 sub
1835 3636 1891 3673 se
1918 3621 2183 3689 episcopos

589 3712 868 3781 habebant,
894 3717 950 3766 in
977 3711 1176 3765 litaniis
1199 3726 1322 3766 cum
1351 3711 1516 3780 pallio
1538 3711 1776 3765 solerent
1800 3710 2104 3775 ambulare;
2128 3717 2184 3764 et

587 3807 632 3864 si
658 3807 748 3876 qui
779 3806 1171 3876 reperirentur,
1222 3819 1280 3859 se
1320 3803 1550 3858 libenter
1578 3803 1837 3874 episcopo
1871 3802 2179 3857 Ravennati

587 3914 971 3956 concessurum
1016 3896 1160 3968 pallii
1204 3895 1256 3950 in
1298 3897 1500 3952 litaniis
1539 3896 1783 3964 gestandi
1822 3895 2175 3965 privilegium.

585 3992 677 4047 Sic
718 3997 1098 4061 exasperatum
1135 3989 1351 4058 placare
1380 3996 1607 4044 conatus
1653 3998 1737 4044 est
1782 3989 1997 4045 humilis
2044 4005 2178 4059 pon-

584 4082 739 4138 tifex.
771 4081 994 4137 Joannis
1022 4088 1204 4134 tamen
1237 4079 1365 4134 vitia
1406 4093 1749 4148 nequaquam
1793 4078 2176 4134 dissimulanda

587 4171 945 4232 existimavit,
977 4169 1069 4225 sed
1101 4171 1275 4239 ipsum
1305 4169 1492 4223 sedulo
1522 4169 1589 4223 de
1613 4169 1677 4224 iis
1699 4169 2007 4233 admonuit;
2039 4184 2177 4238 pne-

584 4264 772 4319 sertim
793 4261 934 4331 quod
956 4261 1139 4316 amicis
1157 4261 1511 4331 praesentibus
1531 4260 1881 4325 blandiretur,
1910 4261 2171 4330 obloque-

585 4361 735 4408 retur
776 4351 1114 4415 absentibus;
1159 4353 1302 4420 quod
1351 4353 1404 4406 in
1445 4367 1630 4407 servos
1661 4352 1822 4422 240
1866 4351 2066 4407 fureret
2109 4367 2173 4408 ac

584 4445 762 4511 turpia
785 4451 1089 4509 evomeret;
1114 4444 1259 4512 quod
1275 4444 1556 4514 disciplina
1578 4444 1647 4499 ad
1666 4445 1827 4500 vitam
1851 4445 2171 4501 clericorum

583 4535 990 4591 custodiendam
1012 4534 1160 4588 nulla
1181 4543 1342 4601 esset,
1369 4535 1464 4590 sed
1492 4535 1864 4591 tantummodo
1885 4551 1945 4591 se
1963 4537 2172 4592 clericis

580 4628 691 4685 suis
710 4627 984 4682 dominum
1011 4626 1310 4680 exhiberet.

652 4698 704 4751 7.
728 4697 996 4763 Quantum
1014 4697 1209 4751 talibus
1229 4695 1495 4766 episcopis
1512 4696 1774 4752 infensum
1797 4712 1856 4752 se
1873 4695 2165 4766 Gregorius

579 4790 887 4858 exhibebat,
918 4797 1126 4843 tantum
1167 4802 1295 4857 erga
1345 4788 1581 4857 optimos
1603 4796 1849 4857 pastores
1875 4789 2164 4859 benignum

579 4895 639 4934 se
667 4879 1078 4947 ol’liciosumque
1106 4877 1410 4948 prmbebat;
1461 4877 1603 4946 quod
1635 4879 1866 4932 maxime
1894 4892 2018 4946 erga
2061 4879 2166 4933 Do-

577 4970 858 5026 mitianum
887 4969 1139 5023 Melitinae
1180 4970 1231 5023 in
1261 4969 1512 5023 Armenia
1542 4969 1852 5039 episcopum
1884 4976 1938 5023 et
1967 4977 2168 5024 metro-

578 5063 873 5132 politanum
901 5061 1288 5129 comprobavit.
1320 5060 1369 5115 ls
1395 5059 1635 5114 Mauricii
1667 5061 2007 5130 imperatoris
2031 5075 2165 5114 con—

579 5153 906 5221 sanguineus
953 5159 1090 5216 erat,
1121 5151 1203 5204 vir
1248 5152 1510 5220 prudens,
1559 5151 1874 5219 industrius,
1905 5150 2073 5206 verbo
2112 5157 2168 5205 et

574 5261 742 5316 opere
772 5243 1208 5314 potentissimus,
1251 5252 1306 5297 et
1347 5244 1414 5297 ad
1455 5259 1543 5299 res
1591 5245 1855 5299 maximas
1899 5242 2166 5312 gerendas

573 5336 993 5401 eflicacissimus,
1026 5334 1199 5403 inquit
1245 5332 1524 5403 Evagrius.
1571 5334 1704 5389 Hinc
1733 5334 1801 5388 ad
1839 5333 2068 5403 plurima
2109 5341 2164 5388 et

572 5429 885 5498 gravissima
910 5426 1123 5496 negotia
1151 5427 1294 5480 hunc
1323 5426 1389 5480 ad
1391 5427 1629 5495 jutorem
1651 5426 1908 5483 adhibere
1932 5441 2162 5482 consue-

644 5569 669 5596 α
699 5558 1004 5626 Quinetiam
1046 5559 1097 5612 in
1142 5558 1284 5614 Eccl.
1318 5557 1502 5614 Graeca
1527 5556 1777 5627 Episcopi
1807 5560 2002 5626 quibus
2031 5577 2162 5628 cpn-

569 5643 752 5684 cessus
779 5638 866 5685 est
894 5629 1042 5701 Pallii
1076 5644 1232 5701 usus,
1266 5628 1394 5701 illud
1425 5645 1532 5701 non
1565 5638 1678 5701 toto
1708 5628 1885 5684 Missa:
1915 5640 2161 5701 tempore

569 5707 804 5771 gestant,
826 5699 928 5771 sed
949 5715 1116 5771 usque
1145 5699 1222 5771 ad
1241 5699 1613 5771 recitationem
1637 5698 1937 5768 Evangelii,
1971 5698 2043 5756 ex
2063 5701 2158 5757 Isi—

567 5768 702 5821 doro
745 5767 922 5823 Pelus.
961 5767 1053 5822 lib.
1099 5785 1133 5821 ι.
1184 5767 1280 5836 Ep.
1324 5767 1447 5822 156.
1495 5768 1642 5824 Idem
1677 5767 1907 5826 testatur
1936 5772 2156 5829 Simeon

569 5835 933 5893 'l‘hessalonic.
965 5838 1056 5892 lib.
1080 5837 1146 5892 de
1173 5835 1398 5906 Temple
1425 5847 1479 5893 et
1507 5839 1684 5896 Missa.

642 5906 667 5944 δ
692 5907 767 5962 De
802 5907 888 5963 his
927 5908 1044 5976 lege
1082 5907 1299 5962 Gardin.
1333 5907 1479 5964 Bona
1511 5910 1599 5965 lib.
1638 5927 1670 5964 ι.
1718 5910 1915 5967 Rerum
1949 5913 2152 5985 Liturg.

2197 4661 2249 4720 D

2289 3341 2436 3409 niger
2464 3342 2746 3412 egreditur,
2789 3342 2879 3396 sed
2911 3351 3082 3397 tamen
3132 3342 3400 3397 balneator
3429 3359 3662 3397 nummos
3690 3345 3885 3413 accipit

2289 3427 2436 3498 (Lib.
2472 3446 2546 3495 ιιι,
2577 3448 2658 3500 ep.
2702 3431 2828 3503 67).
2880 3433 2971 3488 Sic
3017 3434 3339 3488 sanctissimi
3387 3433 3626 3504 episcopi
3669 3435 3885 3503 sibique

2287 3520 2525 3574 amicitia
2545 3521 2972 3590 conjunctissimi
2990 3523 3203 3580 labores
3221 3524 3400 3579 irritos
3425 3524 3619 3580 blande
3645 3540 3707 3581 ac
3723 3527 3880 3595 inge-

2286 3611 2438 3668 niose
2479 3614 2790 3670 consolatus
2838 3625 2921 3672 est
2970 3616 3292 3685 Gregorius,
3325 3616 3391 3669 ad
3437 3616 3554 3685 ejus
3591 3617 3881 3687 epistolam

2284 3705 2638 3774 respondens,
2679 3722 2785 3776 qua
2815 3722 2967 3763 suam
2995 3708 3062 3761 ad
3093 3707 3284 3762 Persas
3311 3707 3701 3776 profectionem
3739 3725 3882 3779 prae-

2283 3795 2569 3851 dicationis
2611 3801 2784 3867 gratia
2833 3798 3010 3854 fructu
3040 3797 3281 3853 caruisse
3308 3797 3498 3852 dolens
3540 3797 3881 3854 Domitianus

2284 3891 2638 3950 indicaverat.
2674 3893 2792 3964 (Cf.
2825 3892 2993 3965 Evag.
3034 3892 3156 3946 Vita
3194 3891 3424 3946 Mauric.
3454 3891 3546 3946 lib.
3577 3907 3651 3959 tv,
3677 3909 3724 3947 c.
3771 3893 3877 3965 ﬂ;

2280 3983 2371 4038 lib.
2396 4000 2472 4054 γι,
2501 4001 2547 4038 c.
2584 3983 2652 4039 15
2680 3992 2730 4039 et
2750 4001 2891 4055 seq.;
2923 3985 3014 4039 lib.
3043 4000 3154 4052 νιιι,
3179 4000 3226 4037 c.
3261 3982 3385 4053 ll.)

2902 4097 3132 4155 CAPUT
3183 4098 3251 4153 X.

2277 4190 2469 4242 Ancum.
2491 4220 2551 4230 —
2567 4195 2613 4244 ll.
2639 4194 2715 4244 De
2736 4193 2854 4253 lege
2873 4193 3090 4242 Mauricii
3115 4191 3298 4242 milites
3319 4192 3371 4241 in
3392 4193 3878 4254 monasteriisrecipi

2341 4256 2654 4315 prohibente.
2705 4255 2842 4304 Hanc
2867 4255 3109 4316 improbat
3153 4254 3207 4303 S.
3233 4253 3516 4316 Gregorius.
3540 4281 3602 4291 —-
3622 4256 3670 4304 2.
3698 4253 3877 4302 Utrum

2343 4316 2502 4376 illam,
2534 4323 2804 4379 antequam
2837 4315 3187 4379 publicaretur,
3223 4315 3587 4379 emendaverit.
3609 4342 3668 4379 έ-
3697 4316 3747 4365 5.
3773 4316 3878 4373 Qua

2341 4381 2600 4427 occasione
2641 4377 2720 4427 Iéx
2757 4377 2849 4427 illa
2876 4378 3028 4427 fuerit
3069 4377 3180 4426 lata.
3209 4377 3395 4435 Quibus
3439 4378 3704 4428 rationibus
3743 4379 3878 4426 nite-

2339 4445 2497 4488 retur.
2539 4466 2601 4475 —
2631 4442 2680 4489 4.
2720 4439 2988 4499 Gregorius
3026 4439 3092 4487 de
3133 4439 3387 4501 disciplina
3429 4441 3690 4501 monastica
3739 4439 3878 4488 solli-

2341 4503 2481 4562 citus.
2503 4523 2564 4536 —-
2581 4502 2626 4550 5.
2653 4501 2778 4549 Num
2804 4502 3059 4550 abbatibus
3083 4499 3592 4562 etmon’achisegredi
3618 4499 3742 4562 foras
3766 4513 3878 4562 pro-

2339 4561 2568 4612 hibitum.
2585 4589 2644 4600 ——
2659 4563 2707 4613 6.
2732 4562 2928 4612 Judaeus
2951 4561 3070 4612 falso
3093 4561 3213 4612 Eliaa
3237 4562 3371 4612 cultu
3395 4561 3676 4612 Christianis
3696 4561 3872 4611 illudit.

2337 4623 2412 4673 De
2453 4639 2512 4672 eo
2539 4624 2789 4684 puniendo
2830 4623 3390 4686 SCflbllGl'BgOl'lllt—
3412 4623 3461 4673 7.
3486 4623 3721 4686 Dialogos
3759 4622 3873 4673 elu-

2337 4687 2527 4736 cubrat.
2553 4687 2668 4746 (An.
2696 4688 2790 4737 592
2822 4691 2874 4736 et
2897 4684 3030 4748 595.)

2345 4788 2397 4841 1.
2413 4788 2710 4858 Antequam
2732 4790 2800 4844 ab
2820 4788 3039 4844 Oriente
3060 4789 3395 4858 recedamus,
3416 4788 3680 4859 agendum
3701 4789 3875 4846 estde

2272 4881 2391 4946 lege
2411 4878 2644 4947 quadam
2672 4879 2864 4934 eodem
2885 4879 2998 4936 fere
3021 4887 3264 4951 tempore
3292 4880 3360 4935 ab
3382 4879 3712 4950 imperatore
3733 4894 3868 4949 pro-

2274 4968 2527 5037 mulgata,
2547 4984 2666 5040 qua:
2681 4970 3076 5026 sanctissimum
3097 4969 3407 5041 pontiﬁcem
3424 4970 3738 5039 {egritudine
3752 4967 3870 5038 jam

2274 5060 2626 5128 laborantem,
2647 5063 2965 5131 gravissimo
2976 5064 3166 5120 dolore
3185 5062 3381 5120 affecit.
3402 5064 3659 5118 Nimirum
3676 5076 3870 5117 sanxe-

2272 5159 2358 5204 rat
2370 5149 2656 5207 Mauricius
2669 5168 2775 5209 non
2787 5154 2962 5210 solum
2973 5161 3033 5210 ut
3043 5153 3284 5224 quisquis
3294 5153 3521 5224 publicis
3532 5152 3868 5207 administra-

2274 5243 2507 5302 tionibus
2533 5247 2721 5304 fuisset
2741 5248 3064 5320 implieatus,
3083 5249 3150 5305 ad
3176 5247 3599 5306 ecclesiasticum
3620 5246 3863 5304 cilicium

2272 5341 2557 5410 pervenire
2585 5358 2692 5399 non
2718 5352 2926 5414 posset,
2957 5343 3054 5399 sed
3082 5343 3247 5399 etiam
3276 5350 3336 5398 ut
3364 5344 3415 5398 ei
3445 5343 3502 5398 in
3529 5343 3863 5398 monasterio

2271 5431 2516 5486 converti
2544 5448 2652 5489 non
2698 5432 2926 5490 liceret:
2959 5432 3103 5505 quod
3145 5432 3215 5489 de
3243 5433 3308 5489 iis
3334 5447 3550 5505 quoque
3592 5433 3686 5503 qui
3713 5432 3861 5488 mili-

2263 5578 2312 5707 εἰ
2340 5562 2676 5707 ἓιὲἱῗιὲάὅὲηι-
2708 5638 2850 5707 regis
2891 5638 3298 5695 conversionem
3334 5636 3503 5694 refert
3544 5635 3855 5705 Fredegarii

2263 5704 2556 5780 clironicon
2579 5721 2626 5761 c.
2652 5705 2712 5780 9,
2727 5704 2907 5775 aitque
2927 5710 3100 5780 ipsum
3122 5709 3544 5780 cumisexaginla
3564 5704 3853 5780 Persarum

2262 5775 2497 5852 millibus
2543 5790 2662 5832 esse
2702 5775 3047 5849 baptizatum,
3078 5789 3138 5837 et
3162 5795 3194 5836 a
3218 5775 3481 5852 Gregorio
3508 5778 3852 5836 Antiocheno

2262 5844 2331 5901 de
2359 5844 2576 5901 lavacro
2607 5844 2931 5918 susceptum.
