4138 6476
322 422 429 482 3‘35
810 428 870 486 S.
910 426 1236 487 GREGORII
1275 427 1492 486 MAGNI
1522 426 1703 497 VITA,
1746 426 1835 486 EX
1878 429 2044 489 EJUS
2080 429 2390 488 SCRIPTIS
2428 430 2821 490 ADORNATA.
2866 429 2994 489 LIB.
3036 435 3103 492 ll.
3483 437 3591 495 550

328 545 419 602 tite
446 543 705 617 adscripti
729 551 887 599 erant
925 544 1295 610 constituerat,
1339 543 1532 613 quibus
1560 544 1814 616 deinceps
1844 544 1911 600 li-
1936 552 1986 609 Α
2012 545 2266 616 additque
2285 544 2343 601 S.
2367 544 2683 616 Gregorium
2704 548 2848 604 hanc
2868 548 3043 619 legem
3066 548 3388 606 emolliendo
3405 550 3596 606 eadem

322 636 514 694 herum
544 652 653 692 non
679 643 799 691 erat
821 637 1171 703 monasteria,
1197 624 1525 707 poenitentiae
1569 650 1731 692 causa
1756 678 1773 705 ,
1811 652 1908 708 pe—
2010 636 2331 693 auctoritate
2360 651 2514 691 usum
2542 652 2645 707 qua
2683 636 2919 709 praefecti
2957 642 3229 711 praetorio,
3262 636 3431 711 penes
3456 655 3594 712 quos

322 739 465 787 tere.
514 737 540 766 ⁸
585 727 825 786 Curiales
880 730 1095 800 quidem
1160 741 1217 786 et
1277 730 1622 787 saecularibus
1680 732 1910 801 negotiis
2010 734 2130 782 erat
2156 727 2341 784 civiles
2370 726 2517 797 leges
2541 728 2608 783 ad
2629 741 2689 785 se
2721 730 2789 784 ab
2828 731 3240 800 imperatoribus
3277 731 3509 787 directas
3533 740 3601 789 ut

324 820 614 878 adstrictos
641 820 709 876 ab
747 820 1121 878 ecclesiasticis
1145 821 1492 890 dignitatibus
1516 820 1727 877 excludi
1754 820 1912 877 valde
2011 821 2433 893 publicarentur,
2462 828 2556 876 aut
2576 821 2839 891 tantisper
2867 822 3172 888 immutare,
3195 832 3288 879 aut
3314 824 3382 880 ab
3406 839 3593 884 earum

324 914 570 969 laudavit
606 913 664 968 S.
691 912 986 983 Gregorius
1008 953 1024 979 ,
1053 913 1429 969 euidentissime
1466 914 1655 982 sciens,
1704 914 1910 985 inquit,
2012 913 2373 985 publicatione
2400 914 2692 981 abstinere,
2718 914 2891 971 donec
2931 915 2998 972 de
3025 917 3091 973 iis
3132 918 3480 975 emendandis
3520 924 3589 977 ad

326 1009 449 1080 quia
478 1008 564 1080 qui
590 1007 893 1062 stecularem
940 1007 1173 1061 habitum
1200 1008 1443 1062 deserens
1470 1008 1539 1060 ad
1567 1007 1914 1063 ecclesiastica
2015 1004 2315 1075 Augustum
2342 1004 2682 1076 scripsissent
2701 1006 2788 1062 vel
2826 1006 2999 1076 ipsum
3038 1008 3314 1065 adiissent.
3343 1010 3448 1066 Alii
3473 1028 3603 1069 vero

327 1101 507 1173 ofﬁcia
542 1100 712 1155 venire
739 1100 1205 1170 festinat,mutare
1240 1099 1347 1153 vult
1381 1098 1653 1164 saeculum,
1685 1115 1788 1153 non
1828 1115 1914 1153 re-
2016 1097 2329 1153 existimant
2355 1097 2496 1152 hanc
2535 1096 2711 1167 legem
2752 1095 2896 1151 nulla
2925 1099 3227 1155 mutatione
3271 1099 3414 1156 facta
3444 1101 3606 1158 fuisse

328 1192 575 1265 linquere.
596 1192 667 1246 At
689 1190 876 1247 iisdem
898 1205 1004 1247 non
1025 1190 1189 1245 licere
1237 1188 1290 1245 in
1312 1189 1652 1245 monasteriis
1674 1189 1917 1244 converti
2016 1188 2234 1244 missam
2260 1203 2291 1243 a
2315 1186 2373 1243 S.
2397 1187 2660 1258 Gregorio
2684 1189 2898 1259 qualem
2928 1198 3211 1260 acceperat
3255 1191 3321 1247 ab
3369 1193 3605 1264 impera-

327 1286 549 1342 minime
577 1286 843 1356 probavit.
876 1284 992 1339 Etsi
1022 1283 1167 1339 enim
1194 1283 1316 1339 teris
1346 1283 1504 1339 alieni
1534 1283 1808 1339 debitores
1836 1282 1918 1339 fo-
2019 1288 2169 1348 tore;
2202 1281 2364 1351 idque
2382 1281 2468 1338 his
2485 1281 2730 1350 Gregorii
2747 1281 2925 1338 verbis
2939 1282 3226 1351 signiﬁcari
3250 1287 3606 1353 contendunt,

327 1389 470 1447 rent,
502 1396 567 1438 ac
607 1380 835 1452 publicis
877 1379 1177 1436 rationibus
1215 1377 1458 1448 implexi,
1486 1386 1700 1448 poterat
1727 1392 1916 1433 eorum
2018 1375 2251 1430 eamdem
2278 1375 2439 1447 legem
2467 1392 2559 1445 per
2585 1375 2814 1430 diversas
2838 1383 3094 1430 terrarum
3115 1385 3290 1446 partes
3326 1379 3610 1433 transmitti

326 1474 524 1532 debitis
572 1490 671 1546 per
709 1473 1096 1530 monasterium
1149 1471 1435 1537 satisﬁeri,
1484 1470 1658 1541 inquit
1702 1478 1919 1525 sanctus
2021 1465 2205 1537 feci,et
2221 1464 2340 1535 quia
2355 1464 2439 1517 lea:
2458 1464 2573 1535 ipsa
2597 1466 2937 1534 omnipotenti
2956 1462 3291 1520 Deominime
3309 1468 3607 1536 concordat,

326 1566 587 1637 pontilex.
619 1564 775 1635 Quod
822 1581 929 1622 uno
968 1565 1268 1634 eodemque
1311 1575 1592 1635 argmenta
1637 1563 1796 1618 simul
1819 1563 1916 1618 de-
2019 1571 2259 1610 ecce....
2281 1593 2295 1609 .
2327 1556 2579 1609 nuntiaui.
2607 1553 2766 1625 Ergo,
2797 1556 3067 1625 inquiunt,
3099 1557 3187 1611 lex
3214 1557 3389 1627 qualis
3409 1573 3440 1612 a
3470 1573 3611 1628 papa

325 1667 595 1713 ηιοηειηι
644 1666 702 1714 ει
751 1656 935 1715 doma
988 1657 1151 1713 fuisse
1197 1665 1325 1712 ωηο
1378 1657 1707 1713 monasteria
1755 1656 1917 1711 etiam
2018 1648 2334 1703 transmissa
2360 1654 2443 1702 est
2460 1646 2700 1702 nondum
2728 1645 2906 1702 fuerat
2931 1646 3192 1717 castigata
3226 1655 3284 1703 et
3303 1649 3610 1716 emendata,

325 1751 521 1823 amplis
548 1742 831 1819 reditibus,
864 1760 919 1807 et
947 1766 1211 1808 summam
1238 1749 1293 1804 in
1320 1749 1452 1821 ipsis
1475 1750 1712 1819 viguisse
1740 1750 1918 1804 chari-
2019 1740 2453 1812 quandoquidem
2478 1740 2748 1797 voluntati
2768 1740 2982 1811 legique
3010 1740 3108 1796 Dei
3129 1748 3252 1812 post
3274 1743 3615 1799 emendatio-

325 1848 517 1899 tatem.
570 1842 804 1898 Maxime
835 1857 968 1899 vero
1012 1841 1290 1897 damnavit
1341 1841 1709 1896 sanctissimus
1762 1848 1918 1910 pater
2021 1848 2144 1889 nem
2173 1842 2538 1891 consentanea
2566 1840 2705 1891 erat.
2744 1831 3067 1889 Utramlibet
3092 1835 3420 1890 sententiam
3448 1835 3615 1906 eligat

322 1931 498 2001 legem
526 1947 632 2003 qua
659 1933 856 1988 milites
880 1933 950 1987 ab
973 1931 1218 2002 ingressu
1246 1930 1695 1986 monasteriorum
1725 1931 1913 2000 prohi-
1945 1940 1993 2001 Β
2020 1923 2211 1981 lector.

322 2023 609 2090 bebantur,
642 2026 744 2081 nisi
786 2031 879 2079 aut
905 2024 1119 2094 expleta
1146 2022 1356 2089 militia,
1391 2032 1481 2077 aut
1529 2038 1629 2092 pro
1671 2024 1915 2092 corporis
2091 2018 2144 2072 '5-
2183 2017 2449 2074 Caetel‘um
2475 2017 2612 2088 legis
2635 2017 2795 2088 huius
2818 2018 3054 2075 ferendae
3077 2020 3418 2078 occasionem
3441 2021 3612 2093 impeo

320 2115 603 2172 debilitate
632 2116 943 2173 missionem
974 2123 1155 2171 essent
1184 2116 1479 2171 consecuti.
1519 2114 1699 2185 Ipsum
1730 2116 1916 2171 audia-
2019 2107 2187 2163 latori
2210 2108 2516 2179 praebuerat
2541 2108 2793 2177 frequens
2819 2110 3190 2180 paenitentiam
3214 2119 3345 2167 tunc
3367 2112 3615 2170 ambien-

318 2225 442 2265 mus
470 2209 538 2264 de
567 2209 671 2264 hac
714 2209 831 2277 lege
868 2224 990 2264 cum
1028 2207 1286 2263 Mauricio
1323 2207 1755 2278 expostulantem
1780 2226 1793 2262 :
1833 2208 1915 2262 Ad
2019 2200 2155 2255 tium
2176 2215 2476 2256 concursus
2500 2201 2572 2256 ad
2600 2203 2944 2269 monasteria,
2962 2203 3036 2258 ita
3057 2213 3116 2259 ut
3140 2205 3383 2276 plerique
3410 2207 3612 2263 saeculo

319 2298 455 2366 haec,
486 2314 601 2352 erce
629 2314 719 2369 per
758 2313 837 2351 me
883 2312 1083 2351 servum
1122 2296 1356 2350 ultimum
1402 2313 1550 2350 suum
1596 2306 1645 2351 et
1691 2306 1915 2353 vestrum
2021 2297 2077 2345 et
2104 2290 2266 2345 curiae
2287 2290 2447 2345 variis
2474 2288 2668 2347 ofﬁciis
2708 2292 3132 2364 ministeriisque
3178 2294 3410 2363 alligati,
3436 2292 3616 2352 inten-

316 2388 648 2461 respondebit
695 2386 954 2455 Christus,
985 2389 1163 2442 dicens
1189 2406 1200 2440 :
1234 2386 1350 2459 Ego
1378 2395 1426 2441 te
1451 2387 1561 2442 deb
1592 2392 1797 2445 notario
1828 2406 1916 2445 co-

2018 2381 2147 2436 tatis
2175 2388 2257 2438 tot
2284 2382 2375 2436 irae
2414 2381 2608 2438 divina:
2645 2380 2870 2453 ﬂagellis
2917 2385 3223 2455 perterriti,
3260 2387 3340 2443 rei
3370 2396 3480 2443 tum
3511 2405 3614 2459 pu-

316 2481 497 2534 mitem
526 2476 900 2542 excubitorum,
933 2479 997 2532 de
1035 2478 1219 2533 comite
1247 2478 1601 2532 excubitorum
1631 2477 1909 2543 Cresarem,
2018 2472 2173 2529 blicte
2215 2480 2328 2529 tum
2374 2474 2597 2544 privatae
2628 2475 2872 2531 nuntium
2914 2473 3295 2545 remitterent,
3338 2480 3614 2550 publicani

316 2570 384 2624 de
406 2570 612 2625 Cresare
635 2572 1035 2641 imperatorem;
1066 2586 1158 2624 nec
1180 2569 1347 2623 solum
1375 2569 1491 2638 hoc,
1516 2570 1607 2624 sed
1637 2572 1791 2625 etiam
1815 2588 1914 2640 pa-
2024 2564 2227 2620 telonia
2270 2564 2610 2633 desererent;
2643 2566 2903 2623 militares
2929 2566 3059 2635 viri,
3091 2568 3205 2624 sive
3233 2568 3269 2623 ii
3300 2571 3530 2641 gregarii
3559 2581 3612 2627 et

317 2670 450 2716 trem
478 2663 847 2732 imperatorum
895 2662 1014 2732 feci.
1065 2659 1377 2716 Sacerdotes
1419 2678 1560 2716 meos
1599 2671 1700 2718 tua:
1736 2664 1915 2717 manui
2020 2655 2411 2724 manipulares,
2465 2656 2580 2712 sive
2631 2658 2979 2712 centuriones
3029 2666 3123 2713 aut
3168 2659 3367 2714 tribuni
3418 2661 3617 2731 aliique

300 2752 570 2817 commisi,
602 2760 653 2806 et
679 2766 730 2805 tu
774 2768 807 2806 a
835 2768 947 2807 meo
991 2754 1197 2807 servitio
1244 2752 1435 2807 milites
1466 2762 1579 2809 tuos
1607 2753 1917 2810 subtrahis?

2020 2745 2201 2812 duces,
2232 2745 2434 2801 militiae
2462 2746 2690 2817 insignia
2717 2747 3065 2819 projicerent,
3096 2748 3165 2804 ad
3204 2752 3613 2809 conversionem

318 2839 618 2912 Responde,
648 2858 797 2913 rogo,
826 2843 1059 2909 piissime
1083 2840 1326 2909 Domine,
1367 2860 1513 2898 servo
1542 2853 1650 2912 tuo,
1683 2845 1806 2917 quid
1831 2862 1919 2900 ve-
2019 2837 2361 2895 festinantes.

316 2933 494 2988 scienti
506 2944 554 2988 et
583 2935 691 2989 haec
712 2935 903 2989 dicenti
934 2950 1278 3005 responsurus
1301 2950 1354 2989 es
1382 2936 1439 2988 in
1462 2936 1664 3006 judicio
1688 2934 1915 2991 Domino
2096 2929 2265 2986 Porro
2286 2946 2397 2988 non
2419 2931 2646 2988 deerant
2670 2933 2910 2991 rationes
2938 2948 3059 3005 quas
3086 2936 3478 3007 persuaderent
3508 2942 3612 3000 mi-

316 3024 445 3079 tuo?
474 3023 680 3080 Caetera
710 3025 954 3095 legantur
982 3027 1176 3081 eadem
1217 3038 1338 3095 qua:
1374 3039 1640 3081 summum
1685 3025 1918 3081 decebat
2022 3020 2145 3079 lites
2168 3022 2384 3097 nonnisi
2404 3025 2662 3082 emeritos
2681 3033 2737 3082 et
2755 3026 3026 3095 dimissos,
3052 3030 3108 3084 in
3128 3031 3472 3091 monasteriis
3492 3046 3614 3089 esse

314 3114 631 3186 pontiﬁcem
662 3116 911 3171 libertate
945 3116 1089 3172 dicta
1112 3156 1129 3184 ,
1158 3130 1322 3186 quam
1373 3124 1553 3171 tamen
1596 3116 1681 3171 his
1726 3125 1915 3186 postea
2022 3114 2417 3184 suscipiendos.
2441 3114 2652 3187 Quippe
2673 3132 2797 3173 can.
2819 3117 2855 3171 4
2880 3120 3094 3175 concilii
3115 3120 3372 3177 Chalced.
3394 3133 3615 3179 cautum

313 3207 498 3263 verbis
517 3208 841 3279 temperavit
867 3208 1225 3263 humilitatem
1255 3206 1584 3278 spirantibus
1611 3224 1625 3262 :
1654 3207 1769 3281 Ego
1798 3209 1915 3282 qui-
2025 3213 2128 3269 est,
2161 3221 2228 3260 ne
2248 3207 2369 3277 quis
2394 3209 2449 3262 in
2472 3209 2812 3266 monasteriis
2840 3225 3031 3267 servus
3060 3212 3285 3268 obtentu
3304 3216 3618 3272 monasticae

315 3300 433 3355 dem
471 3301 699 3371 jussioui
736 3301 994 3372 subjectus
1015 3343 1032 3370 ,
1062 3300 1295 3355 eamdem
1337 3301 1501 3372 legem
1550 3316 1642 3371 per
1689 3301 1915 3356 diversas
1945 3335 1991 3399 Ο
2021 3299 2370 3369 professionis
2402 3301 2716 3371 recipiatur,
2747 3310 2944 3372 praeter
2976 3303 3180 3359 domini
3215 3305 3296 3361 sui
3335 3308 3617 3364 conscien-

317 3401 574 3447 terrarum
602 3402 773 3464 partes
804 3394 1087 3458 transmitti
1114 3394 1247 3465 feci;
1273 3401 1322 3447 et
1346 3395 1467 3465 quia
1490 3393 1574 3447 lea:
1601 3395 1717 3464 ipsa
1746 3395 1913 3448 omni-
1953 3392 1990 3399 “
2023 3392 2149 3446 tiam
2179 3410 2191 3445 :
2219 3392 2674 3462 transgredientes
2713 3401 2893 3449 autem
2931 3395 3475 3465 hanc_deﬁnitionem
3522 3414 3620 3455 ex-

312 3485 512 3553 potenti
540 3482 652 3538 Deo
692 3485 905 3539 minime
929 3484 1244 3551 concordat,
1287 3502 1404 3540 ecce
1446 3502 1539 3557 per
1566 3487 1915 3558 suggestionis
2022 3484 2506 3539 communicantur.
2539 3483 2605 3540 Et
2630 3485 2686 3541 in
2727 3486 2959 3543 concilio
2984 3486 3283 3557 Gangrensi
3322 3504 3439 3545 can.
3470 3490 3504 3545 5
3534 3492 3615 3548 le-

311 3591 444 3630 mete
472 3577 720 3647 paginam
745 3578 1097 3632 serenissimis
1138 3576 1381 3633 Dominis
1411 3578 1665 3632 nuntiari.
1704 3577 1915 3633 Utrobi-
2019 3580 2193 3649 gimus
2218 3598 2232 3635 :
2261 3578 2324 3635 Si
2348 3579 2460 3651 quis
2489 3596 2693 3635 seruum
2733 3588 2987 3651 prietexttt
3032 3578 3191 3637 divini
3230 3585 3397 3639 cultus
3435 3583 3619 3641 doceat

312 3679 410 3735 que
434 3679 556 3734 ergo
585 3680 700 3736 qua:
724 3665 878 3720 debui
906 3666 1123 3734 exsolvi,
1148 3669 1234 3737 qui
1262 3676 1313 3721 et
1334 3668 1642 3737 imperatori
1666 3665 1915 3722 obedien-
2021 3671 2287 3725 dominum
2330 3679 2654 3727 contemnere
2694 3673 2996 3744 proprium,
3031 3681 3090 3727 ut
3135 3675 3368 3729 discedat
3401 3677 3466 3731 ab
3502 3679 3615 3749 ejus

316 3755 443 3808 tiam
489 3753 721 3823 praebui,
751 3765 801 3811 et
844 3774 937 3827 pro
990 3756 1098 3813 Deo
1128 3758 1265 3828 quod
1309 3760 1449 3813 sensi
1494 3758 1706 3813 minime
1752 3759 1909 3813 tacui.
2020 3763 2378 3835 obsequio.....
2424 3764 2702 3817 anathema
2751 3765 2838 3819 sit.
2885 3765 2956 3818 At
2998 3764 3199 3821 milites
3246 3774 3362 3822 toto
3408 3768 3613 3827 militiae

316 3848 336 3918 (
362 3849 497 3907 Vide
523 3853 615 3907 lib.
643 3866 721 3916 ιιι,
750 3866 870 3921 epp.
895 3849 964 3904 65
988 3857 1039 3905 et
1066 3848 1195 3920 66.)
2020 3861 2268 3923 tempore
2288 3868 2395 3907 non
2416 3868 2572 3908 secus
2597 3868 2662 3908 ac
2682 3854 2843 3919 servi,
2867 3853 2936 3909 ad
2963 3854 3270 3924 reipubliae
3291 3856 3610 3927 obsequium

388 3945 444 4000 2.
488 3945 642 4001 lianc
663 3944 945 4017 epistolam
975 3943 1271 4015 Gregorius
1299 3944 1445 4000 misit
1470 3946 1539 4001 ad
1567 3945 1916 4002 Theodorum
2022 3944 2527 4014 adstringehantur;
2578 3943 2721 3999 unde
2752 3944 2918 3998 etiam
2963 3944 3019 3998 in
3046 3959 3210 3999 manu
3254 3945 3445 4015 signati
3488 3956 3617 4004 tunc

318 4036 669 4109 imperatoris
697 4034 1052 4101 archiatrum,
1080 4049 1177 4091 seu
1214 4035 1547 4091 medicorum
1574 4038 1871 4108 principem
1896 4077 1911 4105 ,
2026 4042 2182 4090 erant
2204 4042 2459 4104 tanquam
2488 4034 2752 4103 mancipia
2781 4034 2976 4104 quibus
2997 4044 3142 4091 notae
3164 4036 3410 4108 quaedam
3432 4039 3615 4095 inure-

314 4144 513 4201 rogans
541 4137 604 4185 ut
631 4144 751 4185 eam
790 4136 1008 4200 captato
1055 4135 1302 4199 tempore
1351 4127 1571 4185 oﬁ‘erret
1616 4130 1910 4200 Mauricio,
2025 4126 2241 4181 bantur.
2272 4126 2351 4182 De
2387 4126 2471 4181 his
2500 4126 2758 4196 legendus
2781 4126 3036 4198 Vegetius
3065 4130 3156 4185 lib.
3184 4147 3251 4199 ιι,
3276 4148 3327 4188 c.
3355 4131 3447 4188 25.
3495 4132 3617 4205 Ipse

316 4222 463 4293 apud
502 4237 664 4293 quem
694 4222 867 4292 gratia
913 4220 1205 4291 plurimum
1249 4221 1496 4289 valebat,
1547 4222 1913 4294 adhibitisque
2020 4216 2311 4287 Gregorius
2337 4218 2393 4273 in
2431 4217 2649 4289 praelata
2687 4218 2757 4274 ad
2794 4218 3112 4276 Mauricium
3141 4237 3229 4293 ep.
3274 4224 3475 4281 milites
3515 4241 3613 4297 ap,

316 4300 434 4368 tum
465 4313 705 4369 consiliis
730 4323 843 4368 tum
873 4312 1123 4382 precibus
1165 4311 1232 4367 ad
1259 4312 1401 4369 hanc
1429 4312 1605 4381 legem
1646 4313 1914 4383 reﬁngen-
2017 4309 2185 4380 pellat
2213 4327 2371 4364 manu
2400 4311 2650 4382 signatos.
2696 4309 2858 4366 Juxta
2902 4327 3109 4369 morem
3154 4315 3478 4374 hodiernum
3507 4320 3610 4375 etsi

317 4404 444 4459 dam
488 4414 585 4461 aut
635 4406 1015 4462 emolliendam
1053 4404 1355 4475 Augustum
1381 4405 1703 4478 impelleret.
1748 4407 1908 4480 241
2017 4405 2278 4461 militibus
2305 4404 2451 4461 nulla
2499 4405 2785 4461 inurantur
2812 4406 3094 4478 stigmata,
3125 4411 3306 4466 statim
3336 4420 3517 4469 tamen
3545 4429 3613 4471 ac

321 4498 517 4555 Utrum
542 4498 925 4555 id'l'heodorus
940 4499 1251 4569 praestiterit
1272 4500 1603 4568 ignoramus.
1619 4501 1912 4559 Docereta-
2020 4506 2361 4554 sacramento
2403 4498 2532 4555 dato
2577 4498 2823 4555 militiam
2865 4501 3096 4571 professi
3124 4511 3271 4571 sunt,
3302 4518 3422 4559 eam
3450 4505 3610 4560 dese-

325 4604 453 4645 men
469 4588 679 4644 videtur
691 4597 913 4645 sanctus
929 4588 1170 4659 pontifex
1185 4588 1502 4646 Mauricium
1525 4592 1689 4662 alege
1701 4595 1907 4651 sancita
2020 4603 2171 4652 fere.
2200 4587 2363 4643 etiam
2412 4588 2695 4643 sanCtiOI‘iS
2742 4589 2947 4643 militiae
2982 4590 3367 4661 amplectenda?
3413 4606 3577 4649 causa
3596 4632 3615 4661 ,

316 4690 507 4753 postea
534 4682 806 4738 resiliisse.
837 4682 1090 4738 Scribens
1114 4682 1258 4738 enim
1287 4683 1358 4738 ad
1404 4683 1669 4755 plurimos
1707 4694 1914 4744 metro-
1940 4726 1996 4789 Β
2020 4679 2241 4750 impune
2282 4693 2392 4735 ιιοη
2428 4685 2681 4749 Possm"-
2710 4676 2839 4789 Ητείξ
2881 4678 3028 4735 diem
3066 4681 3176 4789 ξίηε
3204 4688 3263 4736 ut
3289 4694 3411 4738 eam
3435 4682 3612 4754 ιεεθω

316 4775 517 4847 politas
563 4775 632 4831 de
676 4775 938 4830 militibus
989 4784 1113 4844 post
1160 4775 1377 4830 triennii
1423 4776 1798 4847 probationem
1846 4780 1915 4836 ad
1940 4769 1993 4789 ³¹
2022 4769 2369 4828 ostendamus
2397 4784 2498 4825 nec
2526 4770 2689 4840 impie
2717 4770 2785 4825 ab
2806 4769 3046 4839 Augusto
3074 4770 3263 4842 latam,
3282 4786 3387 4830 nec
3410 4789 3444 4828 a
3473 4772 3607 4831 Gre-

319 4866 681 4923 monasticum
711 4865 954 4920 habitum
983 4864 1354 4934 suscipiendis,
1381 4864 1598 4921 subdit:
1628 4868 1742 4935 Qua
1769 4868 1833 4924 de
1860 4886 1917 4925 re
2018 4863 2171 4934 gorio
2199 4870 2405 4918 temere
2429 4862 2848 4932 promulgatam.
2877 4859 3033 4918 Licet
3068 4862 3213 4919 enim
3256 4872 3447 4923 contra
3493 4868 3613 4939 pie-

316 4958 480 5012 etiam
544 4958 900 5013 serenissimus
958 4966 1009 5010 et
1060 4956 1534 5011 Christianissimus
1591 4959 1878 5030 imperator
1896 5002 1913 5029 ,
2017 4964 2186 5013 tatem
2213 4969 2453 5027 pugnare
2474 4952 2768 5019 videretur,
2796 4952 2945 5023 quod
2975 4954 3029 5009 in
3048 4969 3202 5013 sacra
3222 4960 3612 5019 monachorum

315 5046 450 5101 mihi
476 5048 697 5115 credite,
743 5049 883 5103 omni
914 5045 1066 5101 modo
1113 5046 1372 5117 placatur,
1405 5056 1454 5101 et
1480 5047 1698 5103 libenter
1736 5067 1914 5106 eorum
2019 5048 2137 5104 acie
2175 5046 2372 5117 mereri
2423 5046 2839 5116 prohiberentur
2865 5045 3063 5104 milites
3094 5048 3461 5123 (quapropter
3477 5051 3615 5113 Gre-

316 5140 702 5194 conversionem
730 5139 964 5209 suscipit,
997 5154 1123 5208 quos
1161 5140 1218 5193 in
1246 5136 1535 5194 rationibus
1562 5139 1780 5211 publicis
1809 5144 1911 5197 im-
2016 5140 2200 5211 gorius
2220 5137 2535 5194 Mauricium
2562 5135 2779 5194 liberius
2820 5138 3160 5212 increpavit),
3186 5157 3246 5199 re
3274 5151 3457 5202 tamen
3486 5162 3614 5218 pro-

317 5233 541 5307 plicatos
571 5248 674 5286 non
700 5248 811 5287 esse
836 5229 1120 5302 cognoscit.
2019 5231 2142 5302 pius
2186 5237 2490 5302 perspecta,
2534 5228 2770 5300 bonique
2796 5230 2994 5301 publici
3041 5231 3225 5290 habita
3262 5237 3507 5306 ratione,
3538 5239 3612 5293 ita

392 5324 593 5382 Censet
618 5325 782 5381 etiam
813 5322 877 5379 Ε.
909 5322 971 5379 C.
1002 5321 1268 5378 Baronius
1295 5321 1472 5391 legem
1500 5321 1642 5378 hanc
1680 5322 1915 5395 impera-
2020 5322 2365 5379 statuendum
2389 5336 2510 5379 esse
2536 5322 2821 5393 prudentia
2840 5325 3359 5385 consultissimorum
3380 5329 3612 5388 fortasse

321 5419 520 5473 toriam
549 5433 580 5472 a
603 5415 866 5488 Gregorio
904 5414 1246 5471 emendatam
1284 5421 1339 5470 et
1374 5421 1727 5485 temperatam
1768 5416 1918 5485 prius
2022 5413 2301 5470 suadebat.

319 5510 487 5567 fuisse
504 5525 664 5580 quam
681 5526 800 5565 eam
823 5507 1151 5580 promulgari
1172 5514 1407 5574 curaret,
1424 5508 1920 5579 transmitteretque
2093 5505 2147 5561 4.
2188 5506 2323 5563 Cum
2350 5506 2418 5565 de
2446 5508 2849 5565 conscribendis
2872 5508 3087 5568 Christo
3115 5512 3372 5571 militibus
3403 5515 3477 5572 ita
3502 5516 3612 5571 sols

320 5604 390 5659 ad
420 5604 818 5675 metropolitas.
850 5601 1051 5658 Eadem
1080 5609 1165 5657 est
1198 5600 1312 5657 fere
1350 5601 1692 5657 illustrissimi
1718 5601 1819 5657 viri
1849 5602 1914 5658 Ι).
2020 5599 2200 5656 licitus
2228 5607 2375 5656 esset
2399 5600 2481 5655 vir
2508 5601 2903 5669 sanctissimus,
2934 5610 2994 5658 ut
3023 5602 3166 5659 inter
3205 5618 3300 5661 eos
3329 5604 3611 5676 disciplina

322 5696 395 5753 de
442 5696 620 5753 Marca
667 5695 937 5752 sententia
984 5693 1111 5764 (De
1146 5693 1404 5750 Concord.
1443 5691 1533 5749 lib.
1576 5709 1643 5759 ιι,
1697 5710 1745 5749 c.
1770 5693 1917 5767 ll);
2021 5691 2228 5762 vigeret
2255 5691 2425 5762 magis
2451 5706 2515 5748 ac
2553 5691 2726 5761 magis
2768 5692 3123 5760 allaborabat,
3149 5694 3451 5765 prtesertim
3481 5712 3611 5753 vero

398 5843 425 5872 ιι
462 5833 610 5889 idem
654 5831 901 5905 plurimis
948 5830 1059 5901 jam
1106 5831 1404 5905 canonibus
1419 5838 1538 5905 με)
1585 5845 1919 5905 summorum
2094 5830 2123 5905 β
2160 5830 2239 5887 Ex
2265 5832 2589 5905 Cassiodoro
2618 5832 2712 5891 lib.
2737 5849 2756 5891 ι
2780 5833 2935 5902 Van,
2960 5847 3049 5905 ep.
3081 5832 3135 5905 4,
3170 5833 3460 5905 colligitur,
3500 5836 3611 5894 No-

322 5904 643 5980 pontiﬁcum
658 5900 903 5980 decretis
927 5900 1185 5980 statutum
1208 5901 1402 5960 fuerat.
1424 5900 1562 5960 Vide
1589 5902 1748 5975 epist.
1772 5904 1807 5958 '2
1835 5904 1922 5961 ln-
2021 5904 2284 5959 tariorum
2306 5904 2446 5975 apud
2467 5906 2821 5976 imperatores
2839 5900 3089 5976 magnam
3114 5904 3279 5965 fuisse
3292 5900 3617 5980 dignitatem

328 5972 567 6034 hocentii
591 5974 613 6030 ι
641 5975 710 6031 ad
734 5972 1051 6029 Victricium
1076 5972 1293 6031 Rotom.
1623 5972 1641 5975 ’
2026 5983 2079 6031 et
2104 5972 2450 6046 potestatem.

576 6074 852 6135 ΡΑτιιοι.
886 6070 1142 6132 LXXV.
1471 6150 1492 6171 ,κ

3136 6075 3204 6136 11
