4138 6468
582 412 675 466 551
1061 408 1117 462 8.
1156 405 1487 463 GREGOBII
1528 404 1739 461 MAGNI
1783 406 1963 473 Vl'l‘A,
2012 404 2103 460 EX
2143 404 2304 473 Ε]υὸ
2342 402 2649 458 SCRIPTIS
2689 400 3079 457 ADORNATA.
3126 397 3251 453 [ΑΒ.
3299 396 3361 453 ll.

3732 397 3845 453 332

513 497 534 540 ί
571 534 631 580 ut
656 524 877 580 fratrum
903 539 1124 579 suorum
1168 522 1326 579 saluti
1353 522 1717 591 custoditeque
1752 522 1977 578 ahbates
2008 520 2137 575 invi»
2177 522 2224 580 A
2253 517 2549 572 ablactatus
2582 532 2611 569 a
2641 523 2884 569 materno
2918 514 3080 571 ubere
3127 510 3438 575 infantulus,
3474 518 3555 566 tot
3602 511 3715 567 fere
3743 527 3842 566 va-

569 618 796 686 gilarent
820 616 1110 672 admonere
1138 616 1438 671 satavrbai.
1477 614 1627 671 Unde
1667 614 1847 669 statim
1895 628 1959 668 ac
2000 609 2155 665 audi-

568 707 974 765 vit'Joannem
1016 707 1263 761 abbatem
1310 719 1406 759 sua
1452 690 1695 759 socordia
1738 705 2031 774 opinionem
2072 703 2153 758 sui

566 803 866 857 monasterii
895 801 1191 871 inquinasse
1212 816 1275 854 ac
1306 798 1676 864 labefactasse,
1704 798 1770 852 ad
1790 814 1913 852 eum
1942 795 2155 865 scripsit

567 895 620 948 in
641 893 753 948 haec
773 892 934 946 verba
960 910 974 945 :
1012 891 1088 945 De
1112 894 1335 963 fratrum
1365 889 1637 945 animabus
1665 890 1875 945 omnino
1903 897 2011 941 esto
2042 887 2151 941 sol-

564 983 752 1037 licitas.
770 982 1015 1054 Sufﬁciat
1030 984 1146 1053 jam
1164 983 1299 1055 quod
1315 983 1489 1052 opinio
1506 982 1807 1037 monasterii
1825 998 1917 1052 per
1932 991 2152 1035 vestram

563 1075 927 1145 negligentiam
948 1076 1218 1145 inquinata
1245 1085 1340 1127 est.
1370 1071 1493 1127 Non
1520 1075 1813 1144 frequenter
1836 1074 1980 1141 [oras
2006 1086 2153 1141 egre-

563 1164 746 1221 diaris.
780 1165 845 1220 In
877 1169 1047 1221 causis
1076 1168 1191 1222 istis
1234 1174 1620 1235 procuratorem
1657 1166 1900 1232 institue,
1924 1175 1971 1218 et
2003 1174 2055 1217 tu
2085 1165 2154 1218 ad

560 1260 830 1315 lectionem
872 1270 1025 1331 atque
1070 1262 1357 1316 orationem
1410 1277 1627 1314 vaca....
1688 1257 1751 1313 In
1802 1260 1925 1327 ipsis
1979 1267 2151 1312 autem

560 1353 809 1422 fratribus
849 1356 1150 1407 monasterii
1190 1354 1265 1406 tui
1293 1370 1416 1424 quos
1462 1352 1630 1414 video,
1664 1369 1765 1407 non
1814 1354 2015 1407 invenio
2064 1369 2151 1406 eos

559 1442 628 1496 ad
676 1443 945 1497 lectionem
993 1459 1197 1497 vacare.
1256 1441 1406 1497 Unde
1455 1444 1789 1497 considerare
1836 1458 2036 1496 necesse
2075 1451 2153 1496 est

557 1542 805 1601 quantum
848 1542 1114 1602 peccatum
1161 1542 1265 1597 est,
1306 1540 1362 1586 ut
1406 1549 1469 1586 ea:
1504 1531 1677 1586 aliena
1703 1530 1962 1585 oblatione
2012 1530 2151 1586 Deus

556 1624 694 1680 vobis
751 1626 1054 1680 alimoniam
1102 1625 1477 1691 transmiserit,
1526 1635 1574 1678 et
1628 1640 1715 1678 vos
1758 1624 2008 1677 mandata
2056 1624 2154 1679 Dei

554 1718 753 1773 discere
799 1720 1073 1790 negligatis
1107 1717 1258 1787 (Lib.
1290 1735 1364 1785 ιιι,
1398 1736 1480 1788 ep.
1510 1717 1598 1785 5).
1630 1717 1748 1772 Non
1769 1720 1942 1775 solum
1972 1728 2149 1774 autem

555 1810 766 1865 clericis
815 1819 869 1863 rt
922 1811 1198 1865 monachis
1246 1810 1535 1865 lectionem
1585 1825 1796 1865 sacram
1853 1812 2152 1880 imperabat

2254 612 2393 679 gitus
2420 610 2614 673 emisit,
2648 608 2793 678 quod
2822 608 3021 679 scripta
3053 606 3239 661 edidit.

2328 703 2485 775 242
2522 704 2574 757 6.
2617 701 2686 758 Ut
2708 704 2775 758 de
2806 703 2871 759 iis
2900 688 3061 758 etiam
3091 704 3182 772 qui
3215 700 3345 757 foris
3373 712 3517 768 sunt,
3559 710 3615 758 et
3639 700 3707 755 ad
3737 697 3847 756 Ec-

2254 796 2473 851 clesiam
2523 812 2630 851 non
2679 796 2951 865 pertinent
2998 795 3174 849 obiter
3224 808 3464 864 agamus,
3518 791 3688 849 Judaei
3730 808 3848 849 non

2253 887 2420 943 semel
2449 887 2656 957 experti
2702 884 2949 963 Gregorii
2994 886 3355 950 clementiam,
3385 886 3491 941 hoc
3520 900 3663 942 anno
3692 883 3845 955 ejus-

2255 977 2377 1034 dem
2409 979 2633 1049 impigra
2658 979 3019 1047 sollicitudine
3047 978 3272 1050 zeioque
3299 978 3565 1045 indefesso
3610 979 3847 1050 repressi

2253 1077 2393 1129 sunt.
2431 1069 2692 1124 Nimirum
2736 1085 2857 1129 cum
2885 1069 3103 1139 quidam
3139 1082 3159 1105 ι’
3189 1067 3357 1124 Nasas
3384 1069 3523 1123 inter
3550 1084 3645 1125 eos
3676 1069 3840 1123 scele-
3924 1090 3927 1093 ν

2254 1160 2541 1216 ratissimus
2571 1162 2669 1216 sub
2697 1161 2901 1217 honore
2920 1160 3062 1225 beati
3089 1158 3217 1214 Elia:
3242 1158 3412 1217 altare
3430 1160 3847 1227 construxisset,

2255 1254 2556 1323 multosque
2586 1252 3011 1309 Christianorum
3056 1252 3183 1307 illuc
3225 1252 3493 1307 orationis
3521 1268 3684 1308 causa
3715 1268 3847 1322 per-

2254 1344 2505 1401 traxisset
2535 1360 2599 1400 ac
2627 1345 2957 1400 seduxisset:
2990 1343 3202 1416 scripsit
3235 1342 3674 1414 vigilantissimus
3703 1361 3847 1415 pou-

2254 1437 2381 1493 tifex
2412 1440 2478 1494 ad
2510 1440 2839 1497 Libertinum
2878 1438 3074 1495 Sicilia:
3104 1440 3412 1510 praefectum
3460 1437 3618 1509 (Lib.
3652 1455 3727 1503 ill,
3762 1456 3847 1508 ep.

2255 1528 2380 1600 58),
2414 1531 2502 1586 ubi
2532 1530 2739 1586 facinus
2768 1530 3055 1585 admissum
3089 1528 3283 1597 fuerat,
3313 1530 3732 1601 superstitioque
3769 1535 3852 1581 vi-

2252 1625 2431 1692 gebat,
2485 1635 2541 1679 ut
2588 1625 2965 1679 districtissime
3019 1633 3067 1677 et
3116 1624 3455 1694 corporaliter
3505 1623 3554 1676 in
3601 1621 3849 1675 Judaeum

2256 1719 2399 1773 hunc
2428 1761 2442 1787 ,
2474 1720 2519 1774 si
2568 1724 2633 1773 de
2683 1729 2835 1774 reatu
2878 1728 3173 1787 constaret,
3223 1718 3693 1785 animadverteret,
3744 1735 3850 1773 nec

2254 1808 2554 1864 socordiam
2585 1824 2756 1879 eaque
2786 1808 3025 1878 peiorem
3070 1809 3349 1864 avaritiam
3378 1806 3570 1863 Justini
3602 1807 3849 1877 ejusdem

553 1900 910 1970 peritissimus
960 1901 1258 1953 animarum
1308 1908 1505 1964 rector,
1538 1902 1632 1953 sed
1680 1902 1839 1955 etiam
1890 1902 2037 1957 laicis
2086 1908 2141 1957 et
2173 1912 2218 1970 Β
2247 1900 2433 1961 insula:
2468 1902 2711 1970 praetoris
2740 1901 3057 1956 imitaretur.
3090 1900 3137 1955 is
3166 1902 3308 1956 enim
3357 1898 3665 1955 Judaaorum
3712 1900 3850 1954 deli-

552 1990 757 2045 militiaa
779 1991 1028 2058 addictis,
1059 1998 1114 2044 ut
1144 1992 1313 2059 liquet
1338 2006 1405 2045 ex
1434 1992 1662 2060 epistola
1692 1993 1755 2046 ad
1787 1992 2143 2048 Maurentium

550 2084 859 2151 magistrum
889 2083 1114 2137 militum
1145 2084 1344 2152 scripta
1377 2082 1528 2153 (Lib.
1562 2101 1684 2149 vni,
1718 2102 1799 2155 ep.
1837 2084 1952 2155 i7),
1982 2102 2143 2155 quem

548 2172 619 2228 ob
640 2172 693 2228 id
716 2173 1069 2242 laudatquod
1116 2174 1347 2229 humana
1381 2177 1736 2230 conventicula
1764 2192 1947 2231 cavens
1977 2180 2145 2237 sacris

548 2262 697 2319 libris
723 2264 1033 2320 evolvendis
1080 2266 1393 2333 incumbat;
1426 2267 1571 2321 dolet
1599 2282 1728 2321 vero
1758 2268 1903 2337 quod
1947 2269 1998 2325 in
2039 2270 2144 2326 hoc

548 2352 639 2423 pio
664 2352 914 2410 lectionis
942 2356 1121 2411 studio
1144 2357 1348 2412 nullum
1378 2359 1582 2414 socium
1614 2358 1830 2413 habeat.

618 2462 670 2518 5.
712 2465 978 2522 Caeterum
1012 2485 1080 2523 ex
1112 2471 1193 2545 his
1220 2470 1398 2525 verbis
1441 2469 1687 2539 Gregorii
1731 2473 1797 2527 ad
1834 2471 2100 2530 Joannem
2125 2519 2140 2543 ,

546 2572 652 2611 non
706 2560 999 2632 frequenter
1049 2562 1375 2632 egrediaris,
1425 2564 1692 2619 immerito
1746 2566 1941 2621 asserit
1991 2583 2142 2622 novre

546 2650 892 2707 Bibliotheca:
914 2652 1119 2708 Eccles.
1152 2652 1357 2710 Gallice
1386 2656 1708 2726 conscripta:
1747 2657 1771 2695 δ
1799 2674 1991 2728 parens
2013 2675 2143 2728 pro-

548 2746 771 2802 hibitum
821 2762 940 2802 esse
989 2758 1099 2803 tum
1157 2748 1439 2803 abbatibus
1492 2756 1605 2803 tum
1654 2751 1967 2819 monachis,
2000 2752 2142 2807 foras

547 2838 818 2907 progredi,
843 2854 962 2893 cuin
987 2838 1279 2907 Gregorius
1319 2840 1626 2909 frequentes
1654 2849 1863 2898 tantum
1896 2858 2141 2911 egressus

546 2946 597 2983 Ill
634 2929 905 2999 publicum
936 2931 1229 3000 vituperet.
1274 2930 1414 2985 Sane
1443 2932 1534 3002 qui
1578 2949 1703 2988 suos
1749 2934 1992 2991 alumnos
2018 2937 2142 2990 vitae

544 3023 797 3077 solitaria:
820 3023 1066 3079 addictos
1084 3040 1203 3080 esse
1219 3026 1392 3081 voluit
1411 3025 1468 3080 S.
1492 3025 1835 3089 Benedictus,
1857 3030 1909 3083 in
1934 3029 2142 3084 duobus

547 3114 763 3183 Regulae
796 3131 905 3169 suae
927 3116 1197 3186 capitibus
1227 3116 1383 3187 (Scil.
1410 3116 1469 3171 51
1498 3127 1547 3172 et
1569 3118 1659 3189 67)
1683 3120 1827 3175 clare
1856 3121 2137 3189 significat,

544 3222 662 3277 non,
679 3207 759 3261 eis
788 3206 1131 3263 interdictum
1159 3216 1313 3262 extra
1340 3211 1727 3264 monasterium
1761 3212 1932 3281 exire,
1963 3220 2017 3267 et
2045 3229 2139 3267 ne-

2250 1995 2392 2049 nitus
2420 1994 2749 2060 muneribus,
2780 1994 2874 2051 Dei
2898 1996 3120 2064 injurias
3149 1995 3425 2051 vindicare
3456 2010 3563 2048 non
3594 1994 3847 2061 curabat,

2250 2087 2327 2141 uti
2354 2084 2648 2157 Gregorius
2677 2087 2890 2157 scriptis
2938 2088 3002 2141 ad
3054 2103 3113 2143 se
3161 2087 3353 2143 litteris
3385 2086 3662 2141 didicerat.
3694 2084 3848 2142 idem

2246 2178 2461 2235 Judzeus
2494 2178 2791 2234 Christiana
2823 2181 2925 2235 sibi
2957 2180 3222 2251 mancipia
3249 2195 3594 2249 comparasse
3634 2177 3849 2234 fereba-

2248 2279 2355 2336 tur,
2404 2271 2547 2341 quod
2588 2283 2775 2326 contra
2816 2272 2986 2341 legem
3018 2288 3047 2326 a
3076 2272 3431 2329 Constantino
3457 2273 3649 2343 Magno
3680 2272 3847 2327 latam

2248 2379 2314 2417 ne
2341 2360 2537 2419 «Ιυόωὶε
2570 2361 2959 2439 famularentur
2985 2364 3273 2421 Christiani
3303 2408 3317 2429 ,
3367 2368 3659 2436 pugnabat.
3708 2365 3849 2432 Quia

2247 2468 2375 2509 vero
2400 2456 2587 2509 eadem
2621 2456 2738 2525 lege
2768 2465 2984 2511 cautum
3017 2466 3157 2525 erat,
3187 2468 3245 2512 ut
3272 2459 3313 2513 si
3340 2474 3477 2529 quos
3494 2458 3660 2513 Judmi
3689 2458 3847 2514 Chri-

2247 2547 2453 2602 stianos
2479 2548 2533 2601 in
2563 2548 2824 2620 obsequio
2872 2559 2927 2603 et
2964 2549 3228 2605 famulitio
3260 2550 3542 2618 haberent,
3574 2550 3607 2604 ii
3637 2560 3847 2604 extem-

2246 2639 2332 2709 plo
2373 2640 2425 2694 in
2455 2640 2754 2696 libertatem
2786 2650 3157 2697 assererentur
3184 2639 3440 2713 (Euseb.,
3469 2640 3556 2696 lib.
3591 2657 3640 2697 Iv
3688 2640 3842 2707 Vitae,

2245 2732 2421 2788 Const.
2472 2753 2518 2789 ιτ.
2570 2734 2707 2805 2ης
2758 2736 2808 2790 id
2853 2736 3185 2790 exsecutioni
3229 2736 3473 2792 mandari
3515 2745 3736 2793 strenue
3782 2752 3847 2793 ac

2245 2825 2361 2881 sine
2392 2842 2546 2881 mora
2578 2842 2716 2897 papa
2748 2828 3002 2897 postulat.
3037 2826 3181 2881 idem
3212 2827 3325 2883 fere
3354 2835 3439 2882 est
3466 2836 3844 2899 argumentum

2243 2917 2463 2973 alterius
2494 2920 2738 2989 epistolae
2767 2918 2907 2989 (Lib.
2944 2935 3015 2987 iV,
3046 2936 3128 2989 ep.
3154 2918 3226 2989 1),
3260 2919 3330 2973 ad
3360 2917 3705 2981 Venantiurn,
3739 2916 3845 2973 Lu-

2245 3024 2466 3066 nensem
2502 3012 2838 3080 episcopum,
2871 3011 3082 3079 sciipta:
3112 3025 3254 3064 anno
3284 3007 3551 3077 sequenti.

2314 3102 2367 3156 7.
2410 3099 2469 3157 S.
2501 3100 2819 3170 Gregorium
2869 3102 2972 3155 hoc
3022 3101 3180 3159 tertio
3209 3101 3291 3154 sui
3322 3100 3671 3170 pontificatus
3696 3114 3843 3155 anno

2243 3195 2310 3248 de
2338 3194 2741 3250 conscribendis
2771 3192 3005 3262 Diab-gis
3035 3194 3323 3263 cogitasse,
3356 3199 3585 3247 testatur
3612 3191 3845 3267 epistola

544 3298 707 3368 gotiis
734 3314 952 3355 vacare.
1006 3302 1121 3369 Ipse
1160 3315 1291 3356 vero
1340 3298 1633 3369 Gregorius
1683 3307 1862 3359 multis
1914 3287 2213 3377 negotiisc
2244 3282 2310 3337 ad
2363 3284 2765 3350 Μυιίηιίδηυω»
2818 3283 3142 3377 episcopum,
3169 3280 3589 3377 Syracusanum,
3620 3280 3688 3377 in
3735 3295 3845 3377 qua

544 3395 660 3442 tum
707 3390 1117 3456 ecclesiasticis,
1151 3400 1262 3445 tum
1309 3392 1474 3448 etiam
1524 3394 1758 3463 politicis
1808 3414 1913 3450 non
1966 3401 2139 3455 solum

544 3479 789 3534 adhibuit
811 3482 1033 3538 abbates
1055 3491 1109 3537 et
1130 3484 1446 3550 monachos,
1481 3496 1536 3539 ut
1558 3486 1691 3541 infra
1716 3504 1857 3559 saepe
1880 3491 2138 3559 dicenms,

542 3573 638 3629 sed
667 3574 828 3629 etiam
860 3575 1119 3645 praefecit.
1150 3577 1306 3632 Anno
1335 3579 1603 3647 superiori
1633 3583 1924 3651 scripserat
1946 3583 2139 3640 Joanni

543 3666 845 3722 Ravennati
878 3666 1028 3738 (Lib.
1056 3685 1111 3734 ιι,
1138 3686 1218 3740 ερ.
1245 3668 1359 3735 46),
1385 3671 1701 3726 mittendum
1726 3688 1845 3728 esse
1875 3677 1927 3729 in
1952 3678 2139 3731 urbem

544 3759 747 3816 Fanum
780 3776 899 3816 eum
933 3745 1205 3831 aliquanta
1253 3763 1480 3832 pecunia
1512 3762 1793 3819 Claudium
1826 3769 2137 3823 monasterii

540 3852 837 3909 Classensis
868 3853 1142 3917 abbatem,
1172 3853 1236 3907 ad
1266 3856 1512 3923 captivos
1542 3854 1909 3911 redimendos.
1943 3856 2139 3913 Postea

545 3963 667 4003 cum
690 3945 1056 4002 Theodelinda
1082 3948 1263 4016 regina
1288 3963 1407 4002 sese
1430 3963 1459 4002 a
1481 3951 1861 4004 communione
1882 3949 2145 4025 Constan-

542 4040 602 4094 tii
629 4038 1041 4094 Mediolanensis
1063 4040 1303 4109 episcopi
1335 4040 1714 4111 suspendisset,
1738 4049 1958 4110 propter
1983 4042 2140 4095 dam-

541 4138 668 4185 nata
718 4131 783 4184 ab
832 4146 899 4185 eo
944 4132 1043 4185 tria
1092 4132 1366 4201 capitula,
1426 4133 1570 4187 misit
1618 4131 1683 4185 ad
1726 4148 1843 4185 eam
1881 4132 2141 4188 Joannem

544 4221 795 4276 abbatem
835 4230 891 4276 et
936 4220 1283 4293 Hippolytum
1332 4224 1630 4287 notarium,
1663 4224 1754 4292 qui
1795 4223 2141 4281 damnatione

550 4313 651 4366 hac
682 4313 899 4367 minime
932 4313 1194 4382 pulsatam
1226 4314 1389 4369 fuisse
1424 4314 1601 4386 (quod
1631 4315 1957 4371 schismatici
1989 4318 2139 4371 voci-

549 4406 902 4478 ferabantur)
974 4407 1188 4461 concilii
1251 4406 1708 4463 Chalcedonensis
1766 4411 2141 4466 auctoritatem

543 4498 741 4567 reginze
770 4498 1177 4568 persuaderent,
1208 4515 1431 4568 eamque
1475 4501 1539 4553 ad
1572 4500 1873 4555 Constantii
1898 4518 2141 4557 commu-

548 4590 766 4646 nionem
796 4598 1115 4645 revocarent
1146 4589 1290 4660 (Lib.
1317 4606 1390 4656 ιν,
1414 4608 1533 4660 epp.
1562 4590 1597 4643 5
1617 4601 1669 4643 et
1699 4593 1783 4660 τι).
1806 4592 1944 4660 Quin
1975 4596 2138 4649 etiam

540 4679 834 4737 Secundini
872 4681 1122 4737 monachi
1168 4688 1223 4736 et
1253 4680 1406 4733 Probi
1435 4681 1643 4735 abbatis
1671 4697 1836 4751 Opera
1868 4699 1995 4739 usus
2024 4694 2135 4751 est,

543 4772 610 4827 ad
636 4789 824 4843 pacem
854 4785 975 4829 cum
997 4771 1230 4843 Agiiulfo
1255 4773 1728 4842 Langobardorum
1758 4791 1885 4846 rege
1913 4792 2133 4848 compo-

546 4867 818 4932 nendam;
867 4868 1011 4935 quod
1054 4867 1281 4921 feliciter
1320 4867 1483 4923 cessit
1534 4866 1692 4940 (Lib.
1729 4886 1797 4929 v1,
1853 4887 1933 4939 ep.
1966 4868 2056 4934 50,
2086 4879 2135 4924 et

544 4960 636 5015 lib.
678 4977 762 5027 ix,
813 4976 931 5030 epp.
964 4960 998 5013 4
1041 4969 1089 5014 et
1119 4961 1239 5033 45).
1295 4960 1811 5018 Commemorandos
1860 4963 1965 5018 hoc
2014 4964 2134 5018 loco

545 5068 655 5107 non
682 5052 1054 5110 existimamus
1081 5061 1160 5108 tot
1189 5056 1485 5109 monachos
1511 5070 1541 5107 a
1572 5053 1628 5107 S.
1658 5051 1919 5121 Gregorio
1957 5052 2134 5110 Evan-

544 5145 668 5215 gelii
698 5144 1021 5215 prmdicandi
1051 5144 1221 5213 gratia
1250 5146 1463 5211 mis=os,
1492 5145 1561 5199 de
1590 5146 1783 5212 quibus
1815 5153 1999 5213 postea
2043 5146 2134 5202 fiet

545 5238 770 5294 mentio.
820 5234 1104 5295 Secessum
1150 5246 1329 5293 tamen
1357 5247 1413 5293 et
1438 5239 1504 5291 ab
1550 5236 1694 5291 omni
1728 5237 1941 5303 negotio
1973 5236 2131 5291 feria-

546 5330 769 5395 tionem,
801 5329 994 5400 quibus
1021 5329 1262 5385 solitaria
1293 5331 1398 5383 vita
1442 5327 1673 5382 maxime
1703 5328 2129 5394 commendatur,

545 5423 783 5490 quandiu
827 5422 910 5478 his
955 5422 1058 5477 frui
1090 5423 1234 5482 licet,
1267 5420 1515 5489 amplecti
1545 5418 1742 5473 debent
1790 5419 2040 5475 monachi
2070 5436 2134 5475 ac

545 5514 841 5585 prosequi,
878 5515 1128 5585 exemplo
1168 5512 1225 5566 S.
1272 5510 1515 5577 Gregorii
1565 5511 1897 5579 potissimum
1928 5510 1981 5563 id
2011 5527 2138 5565 sua-

546 5607 749 5677 dente,
790 5608 884 5677 qui
929 5623 959 5661 a
1008 5604 1320 5661 monasterii
1349 5605 1532 5671 quiete
1581 5604 1913 5667 abstractus,
1968 5613 2024 5659 et
2069 5605 2133 5659 ad

462 5748 472 5793 ἰ
541 5698 745 5757 lumini
808 5698 1154 5770 pontiﬁcatus
1224 5694 1493 5764 fastigium
1548 5703 1768 5751 evectus
1792 5740 1805 5759 ,
1882 5706 2134 5765 tanquam

618 5878 651 5981 ς
683 5868 843 5996 ξπ
866 5866 1096 5994 Rmsse
1125 5868 1549 5994 εᾶιέἐηςῗιέξὲω·
1576 5883 1663 5938 ep.
1693 5867 1759 5921 50
1788 5867 1879 5923 lib.
1910 5884 1959 5923 v.

780 5984 787 5993 .
836 5975 853 5993 .
947 5975 968 5996 .
998 5954 1121 5996 Dea.
1286 5955 1313 5992 e
1474 5978 1488 5993 .

780 5954 853 5994 ω.
878 5954 968 5999 Iv.
998 5954 1121 6010 pag.
1148 5954 1251 5994 ’11⁷1
1286 5954 1338 5992 et
1366 5954 1488 5993 2w.

2244 3379 2405 3431 etiam
2436 3377 2828 3431 subodoramur
2869 3392 2991 3431 eum
3021 3374 3183 3446 paulo
3213 3384 3338 3446 post
3368 3375 3431 3429 iis
3460 3374 3842 3431 elucubrandis

2244 3467 2549 3522 incubuisse
2578 3466 2715 3537 (Lib.
2750 3484 2823 3532 ni,
2865 3485 2946 3535 ep.
2981 3464 3091 3541 51).
3128 3466 3324 3521 Verum
3352 3466 3420 3522 de
3451 3474 3699 3537 tempore
3727 3481 3838 3537 quo

2242 3559 2426 3627 scripti
2477 3566 2601 3612 sunt
2630 3558 2747 3628 lege
2783 3558 3153 3629 przefationem
3180 3567 3423 3614 nostram
3456 3566 3587 3613 tom.
3616 3556 3682 3623 ll,
3720 3572 3838 3611 ma-

2246 3650 2385 3705 xime
2416 3666 2562 3704 num.
2599 3650 2664 3704 17
2695 3665 2760 3706 ac
2787 3650 3159 3722 sequentibus.
3192 3649 3271 3706 Ex
3299 3650 3486 3706 eadem
3525 3650 3843 3720 prazfatione

2244 3741 2424 3795 omnia
2470 3744 2766 3811 repetenda
2816 3750 2941 3799 sunt
2972 3758 3093 3811 qua:
3120 3742 3187 3796 ad
3217 3742 3317 3798 hos
3347 3742 3512 3798 libros
3540 3743 3837 3814 pertinent.

2244 3830 2297 3884 id
2333 3847 2496 3885 unum
2545 3831 2632 3887 hic
2680 3834 3014 3903 observabo,
3057 3836 3330 3905 egregium
3360 3835 3463 3889 hoc
3492 3849 3626 3905 opus
3672 3833 3839 3903 fuisse

2245 3922 2548 3978 solitudinis
2578 3922 2829 3991 fructum,
2879 3925 2944 3979 ad
2990 3940 3149 3994 quam
3196 3924 3503 3996 frequenter
3547 3925 3838 3981 anhelabat

2244 4016 2558 4088 Gregorius,
2595 4028 2651 4074 ut
2681 4037 2709 4075 a
2740 4021 3025 4091 pastoralis
3051 4021 3171 4075 vita:
3201 4020 3461 4076 molestiis
3488 4031 3541 4075 et
3571 4019 3837 4076 sollicitu-

2245 4112 2458 4167 dinibus
2486 4112 2785 4177 levaretur,
2834 4121 2890 4168 et
2932 4113 3141 4167 amissaa
3182 4112 3411 4183 quietis,
3456 4128 3576 4168 eam
3604 4112 3707 4182 piis
3736 4112 3837 4167 dc-

2246 4200 2423 4259 ﬂendo
2442 4203 2709 4274 lacrymis,
2728 4203 2998 4272 iacturam
3025 4212 3295 4273 utcunque
3324 4206 3625 4261 resarciret.
3652 4204 3840 4273 Qualis

2246 4302 2427 4350 autem
2469 4302 2613 4349 esset
2659 4294 2714 4350 in
2759 4310 2997 4361 secessu,
3048 4296 3308 4364 quibusve
3354 4295 3676 4352 meditandis
3707 4304 3835 4351 tunc

2246 4386 2482 4440 animum
2512 4385 2835 4453 intenderet,
2873 4387 3022 4443 disce
3049 4402 3117 4442 ex
3150 4390 3266 4457 ipso
3295 4386 3642 4458 Dialogorum
3670 4404 3838 4445 exor-

2246 4474 2335 4530 dio

2863 4544 3092 4603 CAPUT
3130 4544 3218 4602 X1.

2165 4676 2219 4736 ι)
2246 4655 2435 4736 A5995.-
2456 4658 3213 4736 '11:.1“,E°Plesii.$?.'°9.“?“?
3255 4660 3410 4736 turbs
3450 4669 3653 4736 Pruna!
3679 4659 3835 4736 "vi:

2303 4732 2458 4787 mum,
2489 4721 2635 4771 invito
2662 4733 2799 4787 papa.
2825 4722 3097 4787 ordinatum
3123 4723 3422 4782 episcOpum.
3451 4721 3503 4759 '—
3527 4721 3573 4773 2.
3601 4722 3836 4787 Gregorii

2310 4782 2401 4845 hoc
2447 4784 2496 4831 in
2545 4785 2744 4842 negotio
2784 4786 3053 4833 constantia
3099 4792 3150 4833 et
3198 4787 3601 4845 patientia.—-3.
3630 4782 3837 4837 ιιθὶιωί

2304 4844 2502 4892 audacia
2543 4846 2591 4893 in
2617 4850 2835 4894 sanctum
2862 4845 3153 4906 pontificem.
3180 4872 3242 4882 —
3278 4849 3313 4894 ί.
3343 4846 3417 4896 Ma
3436 4850 3541 4895 'imi
3568 4848 3832 4896 ordinatio-

2311 4917 2423 4969 nem
2456 4910 2649 4969 asserit,
2674 4908 3038 4969 imperator.ﬁ—
3060 4910 3107 4957 5.
3134 4907 3325 4955 Maximi
3354 4914 3637 4969 prementia
3681 4918 3731 4957 et
3757 4922 3838 4957 ss-

2306 4966 2529 5017 tisfactio.
2548 4994 2607 5003 —
2623 4968 2674 5017 6.
2700 4966 2824 5027 Quid
2847 4970 2911 5017 de
2930 4968 3177 5020 Honorato
3200 4966 3538 5021 archidiacono
3560 4974 3835 5025 deliuitum.

2303 5053 2364 5094 -_—
2388 5029 2433 5076 7.
2460 5030 2773 5079 Constantina
2798 5031 3016 5092 Augusta
3058 5032 3110 5080 S.
3134 5031 3268 5079 Pauli
3313 5033 3545 5094 reliquias
3589 5034 3838 5091 iostuluns

2304 5090 2401 5142 fert
2446 5094 2704 5153 repulsam.
2756 5094 2854 5141 Mos
2878 5090 3120 5154 antiquus
3164 5090 3437 5143 sanctorum
3484 5090 3682 5155 corpora
3730 5095 3836 5147 loco

2304 5165 2400 5201 non
2422 5158 2662 5215 movendi.
2705 5180 2767 5191 —
2800 5158 2848 5203 8.
2874 5157 3153 5215 Antiquitus
3194 5164 3356 5202 tamen
3403 5154 3544 5205 factae
3574 5154 3834 5209 nonnulla

2302 5214 2662 5263 translationes.
2690 5217 2803 5277 (An.
2832 5218 2921 5263 593
2946 5214 3151 5275 θιὸθι.)

2318 5319 2362 5370 l.
2407 5315 2507 5370 Vix
2536 5314 2590 5370 in
2620 5314 2911 5385 tranquillo
2938 5317 3252 5371 monasterii
3281 5332 3500 5374 secessu
3538 5316 3832 5389 Gregorius

2242 5411 2409 5464 otium
2458 5418 2511 5463 et
2558 5408 2792 5476 quietem
2843 5408 3102 5478 tantisper
3148 5409 3546 5479 degustaverat,
3596 5426 3718 5465 cum
3768 5410 3832 5467 ad

2243 5507 2499 5555 consueta
2533 5499 2877 5567 pontificatus
2903 5513 3065 5552 onera
3088 5498 3423 5554 redeundum
3456 5499 3573 5563 fuit,
3600 5508 3653 5553 et
3678 5497 3831 5554 Salo-

2243 5592 2437 5645 nitanac
2470 5589 2717 5645 Ecclesia:
2741 5592 2943 5661 totique
2984 5590 3259 5645 Dalmatia:
3288 5591 3714 5647 subveniendum
3741 5597 3828 5647 at-

2241 5698 2345 5753 que
2373 5682 2761 5739 consulendum
2792 5680 2931 5753 (Lib.
2963 5698 3033 5746 Iv,
3065 5698 3147 5751 ep.
3189 5683 3295 5749 10).
3329 5681 3630 5740 Provinciai
3668 5680 3829 5751 hujus

2318 5876 2337 5897 θ
2382 5861 2492 5917 Hoc
2543 5864 2759 5917 nomine
2806 5862 3445 5933 forsitanintelligendus
3488 5879 3686 5933 praeses
3732 5875 3830 5918 seu

2242 5934 2488 6002 princeps
2516 5935 2813 6004 Synagogce
2842 5935 2931 6002 qui
2965 5950 2993 5987 a
3022 5932 3217 5988 Judaeis
3250 5932 3414 5989 Nasci
3444 5934 3657 5991 dicitur.
