4138 6500
556 446 665 499 355

1024 445 1080 500 S.
1123 437 1450 499 GREGORII
1476 434 1705 495 'MAGNI
1749 438 1929 506 VITA,
1973 436 2265 495 EX'EJUS
2306 438 2611 497 SCRIPTIS
2649 440 3042 501 ADORNATA.
3086 445 3219 501 LIB.
3256 445 3319 500 ll.

3733 445 3851 502 356

552 562 750 635 gratias
780 576 897 630 ago.
924 558 1145 630 peccatis
1170 558 1297 611 meis
1338 554 1544 625 deputo.
1578 553 1693 609 Hac
1722 564 1894 607 tamen
1922 552 2139 606 breviter
2165 557 2215 615 A
2245 558 2567 623 (constabat
2594 560 2739 615 enim
2767 576 2891 617 eum
2917 570 3040 632 post
3069 563 3388 619 intentatam
3409 578 3442 619 a
3463 580 3676 621 summo
3704 582 3856 636 pon-

549 668 793 724 suggsro,
830 652 950 722 quia
970 645 1354 717 'dliquantulum
1381 654 1653 716 exspecto;
1703 655 1752 699 et
1780 646 1825 698 si
1854 646 1921 697 ad
1948 660 2029 698 me
2056 644 2143 697 diu

549 745 722 798 venire
749 742 1037 807 distulerit,
1072 741 1129 793 in
1157 755 1217 795 eo
1246 754 1484 794 exercere
1512 738 1887 793 districtionem
1928 737 2145 791 canoni-

549 850 663 888 cam
694 834 835 888 nullo
864 833 1017 888 modo
1044 830 1273 887 cessabo.

621 925 864 980 iusserat
900 922 1190 978 Mauricius
1217 930 1277 984 ut
1304 921 1570 977 Maximus
1599 935 1751 991 papas
1795 937 1854 976 se
1904 919 2141 986 sisteret,

552 1031 785 1087 eumque
813 1031 939 1071 cum
968 1016 1179 1071 honore
1221 1013 1518 1084 Gregorius
1546 1014 1857 1083 exciperet;
1906 1012 2051 1080 quod
2096 1014 2144 1066 ei

548 1124 713 1180 grave
736 1109 914 1164 visum
942 1115 1061 1174 est;
1092 1121 1290 1177 nempe
1334 1121 1442 1176 quo
1489 1105 1700 1160 honore
1726 1105 1915 1174 dignus
1956 1112 2074 1159 erat
2101 1105 2146 1157 is

548 1203 613 1257 de
666 1219 765 1272 quo
814 1208 962 1255 tanta
1006 1208 1057 1254 et
1104 1198 1229 1253 talia
1278 1196 1689 1263 nuntiabantur,
1738 1204 2025 1267 antequam
2065 1194 2149 1250 di-

547 1308 729 1350 scussa
760 1306 944 1357 causa,
974 1291 1244 1346 insontem
1270 1304 1329 1344 se
1357 1287 1673 1358 probasset?
1703 1301 1879 1356 neque
1908 1302 2038 1341 vero
2078 1286 2147 1342 de

548 1386 719 1456 ipsius
747 1383 1091 1440 ordinatione
1118 1382 1290 1437 inscio
1311 1379 1558 1435 Romano
1580 1379 1836 1451 pontiﬁce
1864 1380 2004 1435 facta
2030 1388 2147 1434 erat

549 1477 780 1548 amplius
819 1475 1229 1545 qumstio:eam
1276 1473 1420 1528 enim
1470 1479 1529 1526 ut
1577 1472 1891 1542 imperatori
1939 1486 2145 1526 morem

547 1573 782 1637 gereret,
812 1566 887 1621 ita
916 1573 1091 1621 ratam
1122 1564 1322 1620 habere
1348 1564 1643 1628 consensit,
1672 1579 1736 1619 ac
1761 1564 1806 1617 si
1835 1579 1897 1619 se
1923 1572 2146 1618 auctore

547 1660 638 1716 hic
664 1660 950 1730 episcopus
978 1658 1256 1713 ordinatus
1297 1656 1517 1721 fuisset;
1566 1656 1813 1725 quamvis
1855 1656 1955 1711 sub
1993 1663 2147 1711 ante-

547 1751 783 1806 rioribus
821 1748 1151 1819 principibus
1182 1748 1358 1802 nullus
1405 1747 1472 1801 ad
1519 1747 1633 1802 haec
1681 1761 1852 1816 usque
1900 1756 2143 1814 tempora

545 1839 761 1898 Salonas
808 1842 1136 1912 episcopus,
1190 1839 1549 1911 praetermissa
1604 1838 1847 1894 Romana
1877 1838 2145 1893 Antistitis

2251 648 2391 705 tiﬁce
2434 653 3071 722 excommunicationem,
3117 655 3184 709 ad
3213 670 3422 711 sacrum
3455 656 3629 712 altare
3657 672 3855 714 acces—

2248 743 2418 811 sisse)
2457 744 2659 812 judicio
2709 744 2994 801 Mariniani
3042 748 3261 817 reliquit
3301 750 3686 817 statuendum,
3733 764 3850 820 qua

2246 834 2617 913 satisfactione
2666 836 2787 892 talis
2832 837 3057 894 deberet
3098 840 3255 910 culpa
3305 842 3540 911 purgari.
3582 839 3659 896 Ex
3688 841 3854 910 cujus

2246 926 2469 981 forsitan
2501 926 2753 985 antistitis
2778 930 3004 985 consilio
3034 938 3091 985 et
3116 932 3387 986 sententia
3410 940 3717 1001 prostratus
3746 948 3852 1002 per

2250 1028 2356 1075 tres
2382 1021 2543 1075 horas
2570 1019 2833 1077 Maximus
2854 1022 3045 1093 jacuit,
3076 1026 3257 1092 gravis
3286 1025 3462 1081 luctus
3489 1034 3546 1081 et
3573 1026 3852 1095 pmniten-

2249 1116 2333 1168 tia:
2375 1130 2537 1170 causa
2580 1115 2857 1172 clamans:
2883 1116 3108 1171 Peccavi
3138 1117 3248 1174 Deo
3276 1127 3327 1172 et
3357 1119 3654 1174 beatissimo
3692 1135 3854 1191 papa,-

2249 1206 2497 1279 Gregorio
2529 1207 2629 1281 (In
2674 1211 2959 1282 appendice
2987 1212 3197 1286 epist.).
3229 1213 3550 1270 Sublevatus
3596 1230 3628 1269 a
3677 1214 3849 1269 Mari-

2248 1303 2407 1357 niano
2450 1344 2465 1365 ,
2530 1303 2838 1372 juvantibus
2895 1305 3154 1361 Callinico
3204 1309 3440 1364 exarcbo
3491 1317 3547 1363 et
3593 1305 3849 1363 Castorio

2246 1393 2599 1461 chartulario,
2631 1396 2794 1466 coepit
2823 1397 3195 1453 vehementius
3223 1399 3446 1465 dolere;
3474 1408 3533 1453 at
3560 1400 3613 1453 in
3642 1415 3847 1455 recon-

2248 1486 2537 1541 ciliationis
2568 1495 2623 1542 et
2650 1488 3005 1544 absolutionis
3034 1498 3415 1557 argumentum
3438 1534 3455 1559 ,
3484 1490 3765 1547 Castorius
3793 1491 3851 1547 ei

2248 1575 2532 1644 epistolam
2560 1591 2591 1631 a
2621 1576 2677 1631 S.
2712 1576 2875 1649 244
2916 1576 3177 1647 Gregorio
3208 1580 3462 1650 scriptam
3492 1581 3707 1645 obtulit,
3739 1596 3851 1649 qua

2247 1668 2583 1737 significabat
2602 1670 2867 1725 redditam
2890 1671 2991 1740 ipsi
3017 1670 3269 1727 fraternae
3289 1673 3569 1728 charitatis
3588 1673 3850 1741 gratiam,

2247 1760 2709 1831 pollicebaturque
2759 1778 2817 1817 se
2858 1762 2925 1817 ad
2972 1777 3095 1818 eum
3128 1763 3447 1834 quantocius
3475 1763 3694 1833 pallium
3726 1776 3855 1817 esse

2247 1868 2558 1908 missurum.

544 1935 868 1992 auctoritate
904 1932 1093 1988 fuisset
1127 1932 1467 1987 constitutus.
1498 1931 1569 1985 At
1617 1933 1783 1985 multa
1829 1936 2149 2000 supererant
2177 1942 2225 2002 Β
2322 1944 2372 1998 6,
2397 1944 2529 2000 Cum
2546 1945 2867 2003 Sabinianus
2881 1947 3187 2004 Iadeﬂinus
3202 1946 3505 2017 episcopus,
3531 1944 3853 2001 Honoratus

543 2026 771 2083 crimina
817 2024 1093 2090 diluenda,
1123 2023 1376 2079 nimirum
1405 2023 1551 2093 quod
1582 2016 1849 2091 flagitiose
1877 2037 1942 2077 ac
1968 2022 2142 2091 impu-

543 2118 665 2175 dice
691 2117 939 2184 vixisset,
962 2115 1110 2186 quod
1131 2115 1258 2170 data
1286 2116 1516 2186 pecunia
1540 2115 1725 2171 luisset
1750 2114 1972 2181 electus,
1997 2112 2143 2183 quod

543 2209 1041 2266 excommunicatus
1079 2208 1273 2262 missas
1302 2206 1479 2263 facere
1510 2208 1959 2277 przesumpsisset.

615 2302 823 2359 Callide
850 2309 1039 2371 egerat
1067 2300 1330 2357 Maximus
1352 2341 1368 2368 ,
1419 2309 1477 2355 ut
1515 2300 1761 2370 Gregorii
1788 2300 1997 2355 litteras
2025 2299 2145 2371 qui-

546 2397 649 2452 bus
691 2410 723 2449 a
768 2394 1053 2449 missarum
1083 2393 1451 2449 celebratione
1479 2408 1693 2449 cessare
1718 2392 2026 2461 jubebatur,
2076 2392 2143 2448 ad

545 2506 606 2547 se
631 2505 740 2545 non
771 2487 1138 2560 pervenirent.
1171 2486 1411 2557 Ideoque
1440 2486 1635 2541 iterata
1660 2485 1904 2555 jussione
1932 2502 2047 2542 rem
2092 2484 2142 2541 ei

544 2596 759 2638 sacram
807 2579 1103 2636 interdixit.
1139 2578 1257 2646 Qua
1296 2578 1364 2633 de
1401 2593 1461 2633 re
1502 2580 1649 2634 clero
1693 2587 1749 2633 et
1794 2579 2143 2647 optimatibus

545 2685 658 2732 tum
687 2674 901 2731 Salonm
925 2682 1041 2729 tum
1064 2670 1279 2728 Jaderze
1304 2673 1520 2747 scripsit
1548 2673 1567 2745 (
1591 2671 1706 2729 Lib.
1734 2687 1807 2737 vr,
1838 2692 1954 2745 epp.
1986 2673 2054 2727 27
2081 2688 2142 2726 ac

542 2767 657 2842 29),
708 2776 769 2824 ut
816 2784 847 2823 a
890 2765 1276 2824 communione
1322 2764 1542 2821 Maximi
1570 2767 1916 2833 recederent;
1966 2780 2145 2835 neque

545 2860 693 2917 enim
740 2860 884 2915 ullus
936 2858 1113 2917 adhuc
1164 2856 1281 2925 ejus
1328 2858 1767 2913 communionem
1818 2866 2142 2929 respuerat,

544 2960 744 3025 prater
774 2950 1060 3006 Paulinum
1110 2949 1425 3019 episcopum
1447 2986 1465 3016 ,
1515 2957 1569 3004 et
1597 2947 1932 3004 Honoratum
1963 2951 2143 3005 archi-

544 3048 835 3105 diaconum
858 3087 874 3111 ,
923 3044 1077 3114 cujus
1102 3044 1425 3101 electionem
1474 3044 1542 3100 de
1580 3059 1684 3114 qua
1724 3059 1884 3114 supra
1914 3045 2142 3113 egimus,

546 3154 656 3196 non
685 3138 917 3211 amplius
946 3136 1200 3192 tuebatur
1246 3144 1464 3193 sanctus
1490 3135 1771 3206 pontifex;
1803 3135 2145 3206 quandoqui—

547 3229 673 3285 dem
706 3245 832 3285 eum
858 3225 1298 3285 archidiaconum
1325 3233 1538 3282 tantum
1569 3226 1845 3298 appellat,
1879 3242 1987 3283 non
2030 3228 2147 3300 epi-

548 3336 795 3377 sconum.

623 3336 643 3376 3
684 3336 795 3376 um.

623 3336 681 3465 5i.)
717 3410 958 3466 Tandem
1010 3408 1254 3481 paternis
1300 3408 1772 3465 adhortationibus
1817 3416 1872 3464 et
1919 3408 2143 3465 infracta

549 3503 855 3560 constantia
882 3509 1212 3558 consecutus
1239 3508 1323 3556 est
1350 3500 1665 3570 Gregorius,
1696 3508 1755 3555 ut
1785 3498 2049 3555 Maximus
2077 3501 2143 3555 ad

550 3595 821 3653 saniorem
847 3594 1051 3650 rediret
1077 3602 1335 3649 mentem.
1370 3592 1451 3647 Ab
1476 3591 1594 3661 ejus
1621 3592 2004 3647 communione
2030 3591 2142 3661 jam

548 3689 793 3761 plerique
818 3694 1187 3752 recesserant;
1219 3694 1275 3740 et
1301 3684 1625 3740 Sabinianus
1648 3722 1662 3747 ,
1692 3682 1899 3738 Jaderae
1928 3684 2143 3753 episco-

554 3791 650 3853 pus
688 3779 1006 3851 poenitentia
1055 3778 1247 3833 ductus
1272 3818 1289 3845 ,
1337 3776 1481 3847 quod
1529 3776 1768 3832 invasori
1798 3784 1854 3831 et
1881 3774 2145 3845 perdueili

553 3873 884 3939 adhaesisset,
926 3872 982 3926 in
1008 3870 1395 3927 monasterium
1422 3868 1635 3939 abjecto
1666 3868 1982 3939 episcopatu
2024 3882 2145 3922 sese

548 3976 850 4038 receperat,
888 3974 948 4019 ut
991 3971 1199 4018 tantam
1228 3964 1443 4033 culpam
1492 3961 1745 4032 lacrymis
1791 3960 2041 4016 dilueret.
2074 3958 2144 4013 At

545 4060 605 4117 Β.
636 4058 931 4130 Gregorius
960 4071 1084 4111 eum
1111 4054 1178 4109 ad
1207 4069 1359 4109 suam
1408 4053 1844 4109 communionem
1875 4061 1929 4107 et
1958 4053 2144 4107 amici-

544 4152 677 4207 tiam
705 4156 1005 4219 receptum,
1035 4155 1095 4201 ut
1121 4144 1452 4217 pastoralem
1480 4159 1665 4199 curam
1692 4156 1991 4200 resumeret
2017 4146 2143 4200 hor-

547 4252 690 4299 tatus
712 4250 804 4297 est
827 4282 842 4306 ,
890 4238 1205 4307 ueterisque
1236 4236 1303 4291 ad
1332 4234 1629 4291 Ecclesiam
1657 4236 1962 4291 revertendi
2004 4251 2140 4306 pra:-

544 4337 699 4393 beret
726 4331 1032 4401 exemplum
1058 4369 1073 4396 ,
1114 4329 1261 4401 quod
1290 4328 1527 4383 futurum
1553 4330 1808 4399 sperabat
1838 4330 1857 4399 (
1881 4327 1995 4382 Lib.
2046 4344 2138 4395 vn,

542 4445 624 4498 ep.
659 4426 756 4491 l7;
797 4424 885 4479 lib.
917 4438 1065 4489 vm,.
1087 4438 1169 4487 ep.
1216 4419 1347 4493 10).
1391 4420 1574 4492 Neque
1604 4436 1734 4475 vero
1762 4435 1887 4489 spes
1916 4419 2136 4486 fefellit;

540 4521 657 4592 ipse
697 4518 840 4574 enim
890 4516 1151 4571 Maximus
1179 4514 1341 4570 rediit
1369 4516 1588 4569 tandem
1619 4518 1687 4568 ad
1718 4530 1814 4570 cor
1842 4522 1897 4569 et
1919 4513 2050 4583 jugo
2079 4530 2139 4570 se

538 4607 734 4667 débitaa
762 4607 1085 4666 obedientiae
1112 4606 1371 4663 subdidit.
1401 4604 1639 4676 Urgente
1668 4620 1805 4675 papa
1827 4614 1888 4660 ut
1909 4606 2135 4661 Romam

2246 2038 2655 2095 archidiaconus
2678 2038 3045 2107 Salonitanus,
3074 2046 3131 2096 et
3160 2040 3251 2094 alii
3281 2040 3514 2110 plurimi,
3546 2039 3689 2095 sedis
3710 2054 3853 2107 apo-

2245 2129 2450 2183 stolicze
2474 2128 2595 2197 jura
2625 2139 2813 2185 contra
2838 2131 3127 2185 Maximum
3156 2130 3535 2195 asseruissent,
3563 2127 3725 2198 jussit
3755 2143 3850 2181 sa-

2244 2220 2610 2289 pientissimus
2648 2221 2891 2291 pontifex
2934 2230 2993 2276 ut
3037 2236 3133 2278 eos
3170 2237 3276 2291 qua
3312 2222 3539 2277 decebat
3582 2220 3854 2275 charitato

2246 2313 2543 2383 susciperet
2569 2310 2718 2385 (Lib.
2756 2329 2809 2367 ιχ
2831 2355 2846 2382 ,
2884 2330 2967 2385 ep.
2998 2312 3101 2367 125
3124 2314 3164 2384 ).
3198 2311 3434 2383 Optabat
3470 2310 3765 2380 Gregorius
3788 2317 3853 2365 ut

2246 2404 2558 2460 Honoratus
2596 2405 2663 2459 ab
2692 2404 3060 2461 archidiaconi
3088 2420 3313 2459 munere
3343 2420 3406 2460 ac
3443 2404 3737 2473 dignitate,
3779 2403 3854 2459 de

2246 2511 2353 2567 qua
2391 2497 2501 2568 jam
2546 2512 2577 2553 a
2617 2496 2820 2553 Natalis
2864 2497 3255 2567 archiepiscopi
3290 2497 3619 2567 temporibus
3660 2496 3843 2550 fuerat

2245 2590 2501 2659 quaestio,
2559 2604 2666 2643 non
2713 2588 3099 2660 repelleretur;
3162 2604 3351 2644 verum
3399 2588 3649 2644 obstabat
3701 2588 3853 2643 illius

2246 2681 2504 2738 Ecclesiae
2555 2682 2929 2749 consuetudo,
2987 2696 3107 2751 qua:
3163 2682 3573 2738 archidiaconos
3626 2681 3852 2750 expleto

2246 2776 2617 2847 quinquennio
2642 2790 2673 2830 a
2694 2792 2794 2830 suo
2816 2791 3096 2831 removere
3119 2775 3420 2831 ministerio
3444 2773 3689 2842 cogehat.
3714 2770 3773 2826 ld
3793 2772 3850 2825 in

2246 2869 2491 2927 Ecclesia
2515 2870 2831 2926 Salonitana
2859 2884 2957 2939 pro
2979 2869 3097 2937 lege
3118 2868 3305 2924 haberi
3327 2866 3658 2922 asseveravit
3678 2863 3852 2917 Maxi-

2246 2978 2400 3028 mus,
2451 2961 2901 3031 conlirmavitque
2945 2958 3224 3014 Castorius
3275 2957 3665 3017 chartularius;
3716 2954 3851 3024 quin

2248 3056 2411 3110 etiam
2452 3053 2646 3123 adjecit
2677 3062 2787 3107 tres
2823 3052 3132 3122 superiores
3171 3049 3580 3105 archidiaconos
3614 3046 3683 3101 ab
3726 3046 3849 3115 ip~o

2248 3146 2549 3212 Honorato,
2577 3154 2864 3218 postquam
2889 3160 2986 3215 per
3006 3143 3428 3214 quinquennium
3449 3140 3851 3196 ministrassent

2248 3241 2441 3297 cedere
2494 3240 2819 3311 compulsos.
2881 3238 3223 3307 Quapropter
3278 3233 3542 3291 sententia
3596 3229 3851 3299 Gregorii

2172 3337 2218 3400 C
2250 3331 2352 3385 fuit
2379 3348 2482 3386 non
2512 3330 2859 3402 ﬂagitandum
2888 3327 2951 3382 ab
2983 3326 3260 3383 Honorato
3292 3324 3541 3394 iudicium
3570 3324 3634 3377 de
3662 3337 3845 3385 causa,

2248 3440 2399 3494 quam
2422 3424 2532 3493 ipse
2543 3422 2658 3491 jam
2672 3421 2957 3491 judicarat.
2984 3418 3140 3474 Hunc
3159 3418 3362 3475 exitum
3382 3416 3567 3472 habuit
3588 3415 3849 3469 diuturna

2248 3514 2336 3567 illa
2366 3514 2434 3567 de
2471 3512 2686 3567 Maximi
2727 3511 3068 3566 ordinatione
3098 3508 3420 3571 contentio,
3469 3506 3525 3561 in
3567 3520 3672 3575 qua
3715 3504 3852 3559 vicit

2247 3604 2461 3659 tandem
2490 3600 2714 3658 infracta
2737 3602 2908 3657 sancti
2934 3600 3204 3671 pontificis
3224 3597 3481 3669 patientia
3504 3604 3560 3652 et
3583 3605 3847 3651 constan-

2246 3696 2353 3761 tia,
2398 3709 2465 3749 ex
2496 3692 2736 3747 adversis
2764 3692 2948 3763 augeri
2990 3691 3171 3748 solita.
3214 3690 3360 3757 Quas
3398 3688 3563 3743 animi
3592 3687 3749 3741 dotes
3778 3700 3847 3741 ac

2246 3787 2475 3841 virtutes
2517 3786 2720 3856 optime
2758 3784 3014 3841 describit
3044 3784 3098 3839 in
3124 3783 3354 3854 epistola
3383 3781 3449 3836 ad
3490 3779 3844 3835 Sabinianum

2247 3877 2534 3933 diaconum
2570 3896 2581 3930 :
2627 3875 2875 3930 Paratior
2903 3893 3047 3942 sum,
3096 3876 3297 3944 inquit,
3328 3873 3491 3937 mori,
3521 3888 3673 3942 quam
3703 3870 3848 3923 beati
3884 3881 3925 3917 ο

2247 3970 2390 4025 Petri
2418 3969 2710 4024 Ecclesium
2748 3972 2875 4021 meis
2910 3966 3085 4020 diebus
3115 3968 3447 4038 degenerare.
3480 3962 3654 4017 Mares
3682 3962 3847 4014 etiam

2244 4061 2540 4117 meos'bene
2560 4062 2790 4131 cognitos
2814 4057 2989 4124 habes,
3021 4059 3143 4129 quia
3165 4059 3252 4111 diu
3273 4066 3458 4127 porto;
3490 4055 3582 4110 sed
3612 4055 3654 4107 si
3682 4052 3848 4109 semel

2244 4154 2589 4208 deliberavi-ro
2618 4168 2721 4205 non
2751 4160 2988 4220 portare,
3018 4157 3201 4204 contra
3231 4147 3405 4204 omnia
3433 4144 3662 4217 pericula
3690 4143 3847 4198 (cetus

2241 4247 2371 4301 vado
2403 4245 2542 4316 (Lib.
2577 4260 2648 4308 ιν,
2678 4242 2879 4313 ερ.47).

2315 4339 2365 4393 7.
2396 4337 2453 4393 In
2484 4338 2590 4393 hoc
2615 4345 2729 4392 toto
2752 4336 2968 4407 negotio
2987 4334 3281 4406 Gregorius
3301 4332 3667 4390 adversarium
3694 4330 3845 4403 apud

2242 4430 2623 4499 imperatorem
2654 4436 2907 4498 expertus
2934 4436 3018 4482 est
3042 4425 3307 4481 Joannem
3334 4422 3843 4493 Constantinopoli-

2241 4530 2447 4585 tanum,
2480 4527 2539 4575 ut
2568 4534 2665 4590 par
2693 4528 2777 4575 est
2804 4519 3056 4586 credere;
3087 4518 3286 4591 quippe
3311 4532 3472 4587 quem
3501 4516 3573 4573 ob
3603 4529 3841 4586 usurpa-

2243 4626 2354 4669 tum
2397 4613 2723 4670 (acumenici
2752 4610 3072 4684 patriarchae
3109 4611 3323 4667 titulum
3366 4608 3743 4679 redarguendo
3781 4615 3844 4663 et

532 4703 855 4774 judicandus
884 4701 1187 4786 accedefet.
1216 4699 1465 4756 obsessas
1492 4699 1559 4754 ab
1587 4698 1832 4755 hostibus
1857 4699 1973 4754 Vias
2002 4714 2135 4755 αλιι-
2171 4731 2217 4790 D
2242 4705 2605 4777 increpando,
2650 4704 2911 4759 infensum
2955 4703 3057 4758 sibi
3095 4701 3317 4759 fecerat.
3366 4702 3671 4772 Antequam
3700 4712 3839 4766 vero

537 4798 647 4854 sari
670 4800 905 4868 poterat,
933 4803 989 4851 et
1016 4794 1360 4865 imperatoris
1390 4800 1744 4863 praeceptum,
1788 4794 1878 4863 qui
1905 4794 2139 4864 jusserat

536 4902 597 4947 ut
620 4890 835 4946 Salonae
863 4899 955 4945 aut
997 4889 1050 4943 in
1083 4887 1349 4942 Dalmatia
1376 4895 1525 4941 mota
1556 4886 1669 4941 haec
1692 4887 1919 4955 quaestio
1948 4886 2134 4943 ﬁnire-

536 4993 654 5051 tur;
684 4984 829 5053 quod
851 4985 1014 5039 etiam
1034 4982 1204 5037 sacris
1224 4979 1522 5035 canonibus
1544 4988 1661 5033 erat
1682 4989 2124 5036 consentaneum.

536 5075 804 5132 Prmterea
850 5077 1063 5147 plebem
1107 5082 1163 5129 et
1208 5072 1494 5143 prafectos
1542 5073 1759 5129 militari
1807 5090 1969 5131 manu
2015 5091 2126 5130 sua:

533 5167 890 5241 profectioni,
950 5183 1050 5222 suo
1110 5164 1288 5219 itineri
1347 5163 1621 5221 obstitisse
1680 5167 2011 5236 respondere
2064 5168 2118 5222 in

530 5267 785 5331 promptu
814 5265 950 5314 erat.
984 5256 1189 5324 Quibus
1216 5254 1485 5310 rationum
1511 5259 1802 5312 momentis
1830 5258 2121 5326 prudenter

528 5348 848 5419 perpensis,
900 5344 1285 5402 accedentlbus
1337 5360 1556 5415 quoque
1603 5345 1847 5402 Callinici
1903 5348 2120 5403 exarchi

526 5441 781 5512 precibus
831 5438 1123 5512 Gregorius
1175 5438 1363 5523 annuit
1419 5446 1479 5491 ut
1536 5437 1799 5495 Maximus
1850 5439 2120 5497 Ravennae

526 5552 709 5593 coram
743 5534 1039 5590 Mariniano
1070 5532 1478 5601 archiepiscopo
1500 5572 1516 5598 ,
1560 5540 1616 5585 et
1642 5530 1889 5588 Castorio
1920 5546 2121 5590 sancta:

523 5625 778 5684 Ecclesia:
805 5625 1141 5683 chartulario.
1161 5666 1175 5691 ,
1205 5638 1265 5677 se
1294 5629 1553 5693 purgaret
1580 5629 1691 5675 tam
1720 5622 1788 5678 de
1825 5624 2118 5681 simoniaca

523 5722 734 5787 haeresi,
760 5736 920 5793 quam
944 5718 1011 5773 de
1038 5716 1248 5773 caeteris
1270 5714 1496 5782 objectis
1519 5715 1853 5783 criminibus,
1879 5720 2119 5787 praestito

523 5813 590 5866 ad
618 5828 814 5882 corpus
850 5811 907 5865 S.
950 5807 1277 5878 Apollinaris
1304 5806 1553 5877 martyris
1588 5817 1925 5864 sacramento
1965 5808 2115 5881 (Lib.

520 5917 597 5967 Ix,
627 5920 711 5972 ep.
741 5901 833 5967 79,
860 5900 952 5966 80,
982 5897 1095 5967 81).
1127 5894 1263 5951 Cum
1296 5906 1475 5951 autem
1505 5897 1881 5955 inobedientia:
1906 5909 1962 5956 et
1986 5916 2113 5970 per-

522 5992 807 6049 duellionis
833 5990 886 6046 in
914 5988 1099 6050 sedem
1126 5987 1478 6058 apostolicam
1507 6004 1633 6047 reus
1657 6000 1801 6048 esset
1830 5992 2113 6050 manifeste

2239 4799 2306 4854 de
2346 4799 2452 4854 hac
2499 4796 2894 4868 disceptatione
2934 4795 3105 4851 fusius
3142 4804 3199 4850 et
3243 4794 3579 4851 enucleatius
3619 4800 3837 4862 agatur,

2233 4891 2377 4961 quod
2404 4891 2566 4961 paulo
2596 4898 2718 4958 post
2746 4887 2867 4955 flet,
2916 4888 3059 4943 ratio
3089 4888 3349 4958 temporis
3370 4886 3609 4958 postulat
3638 4894 3699 4941 ut
3729 4901 3839 4956 qua

2230 4991 2347 5037 arte
2390 4982 2531 5037 idem
2560 4980 2797 5038 Joannes
2825 4980 3195 5036 Constantina:
3235 4980 3488 5049 Augusta:
3526 4987 3764 5036 mentem
3802 4995 3840 5035 a

2225 5075 2488 5146 Gregorio
2545 5075 2775 5129 alienam
2836 5073 3053 5128 ellicere
3105 5072 3328 5128 molitus
3375 5072 3446 5126 sit
3501 5069 3834 5141 aperiamus.

2224 5168 2406 5239 Ipsum
2450 5166 2592 5223 enim
2634 5166 2803 5233 digito
2845 5172 3154 5219 monstrare
3200 5162 3415 5217 videtur
3460 5161 3839 5218 sanctissimus

2224 5260 2465 5331 pontifex
2503 5261 2585 5314 his
2624 5258 2802 5313 verbis
2836 5276 2847 5309 :
2892 5257 3001 5333 Sed
3028 5257 3242 5329 quidam
3274 5256 3505 5311 homines
3534 5266 3721 5311 contra
3750 5272 3837 5309 me

2223 5354 2466 5423 pietatem
2512 5356 2734 5404 vestram
2773 5349 3003 5403 excitare
3042 5348 3345 5416 voluerunt,
3387 5356 3444 5401 ut
3478 5347 3641 5410 mihi,
3690 5345 3835 5419 quod

2220 5444 2381 5517 pbsit.
2414 5442 2691 5497 voluntatis
2720 5449 2903 5496 vestrm
2931 5441 3154 5513 gratiam
3182 5439 3543 5494 subtrahet-ent
3570 5436 3721 5511 (Lib.
3754 5452 3830 5505 tv,

2225 5553 2306 5606 ep.

2298 5626 2543 5681 Piissima
2584 5626 2824 5697 Augusta
2864 5625 3139 5683 basilicam
3181 5626 3233 5681 in
3278 5626 3542 5681 honorem
3578 5621 3638 5679 S.
3671 5620 3830 5676 Pauli

2224 5720 2454 5789 apostoli
2502 5718 2875 5774 aedificandam
2914 5725 3198 5775 curaverat
3234 5717 3284 5772 in
3327 5718 3446 5787 ipso
3491 5716 3651 5786 regia
3678 5713 3830 5769 urbis

2223 5812 2455 5881 palatio;
2481 5826 2645 5880 quam
2670 5818 2729 5863 ut
2751 5811 2919 5865 sacris
2943 5809 3184 5879 ejusdem
3214 5809 3458 5879 reliquiis
3477 5808 3697 5873 ditaret,
3725 5817 3829 5874 po-

2220 5902 2439 5957 stulavit
2464 5916 2494 5955 a
2520 5901 2787 5969 Gregorio
2816 5909 2876 5954 ut
2903 5900 3004 5954 sibi
3034 5899 3400 5954 transmittere
3428 5899 3506 5952 vel
3537 5895 3827 5951 beatissimi

2221 5991 2443 6058 apostoli
2470 6000 2656 6062 caput,
2687 5991 2763 6046 vel
2794 5990 2938 6043 aliud
2979 5990 3103 6059 quid
3133 5990 3199 6043 de
3229 5990 3393 6062 ipsius
3420 6004 3636 6059 corpore
3664 5984 3823 6041 festi-
