4138 6456
342 439 447 495 337

806 437 866 495 S.
907 435 1235 495 GREGORII
1270 436 1487 496 MAGNI
1522 436 1709 509 VITA,
1750 438 1845 495 EX
1882 436 2044 496 EJUS
2078 438 2385 498 SCRIPTIS
2422 438 2817 499 ADORNATA.
2858 440 2987 497 LIB.
3028 440 3093 499 ll.

3519 445 3626 505 358

350 565 530 613 naret.
582 555 750 624 Cujus
781 555 1011 625 jussioni
1040 556 1319 627 respondit
1357 572 1417 613 se
1444 557 1820 628 obtemperare
1845 571 1946 613 nec
1969 560 2023 617 Α
2049 555 2241 623 factas,
2281 572 2416 627 quas
2444 556 2747 628 Gregorius.
2764 560 3015 630 ignorare
3060 560 3281 616 minime
3320 563 3513 633 potuit.
3554 564 3631 622 De

340 664 503 720 posse
524 663 625 703 nec
651 647 871 713 audere,
900 647 1045 717 quod
1074 656 1381 705 sanctorum
1412 648 1783 719 apostolorum
1809 663 1936 705 cor-

340 755 474 809 pora
520 740 805 808 nequidem
847 738 967 793 loco
996 739 1203 794 moveri
1232 739 1477 810 impune,
1519 740 1605 796 vel
1631 741 1777 810 tangi
1805 756 1936 811 pos-

338 837 493 895 sent;
532 830 693 899 idque
732 828 918 883 multis
947 828 1220 883 miraculis
1259 828 1458 885 ibidem
1498 832 1938 887 commemoratis

341 920 646 976 conﬁrmat.
692 919 930 976 Petierat
958 920 1120 975 etiam
1149 918 1503 976 Constantina
1532 922 1677 978 beati
1706 922 1939 993 apostoli

339 1014 631 1081 sudarium,
656 1028 765 1083 quo
790 1012 1019 1067 fortasse
1041 1012 1258 1068 nomine
1281 1014 1507 1084 intelligi
1529 1015 1691 1071 debet
1713 1016 1938 1071 linteum

339 1103 560 1174 aliquod
589 1103 703 1171 ejus
731 1119 924 1159 cruore
954 1118 1109 1157 sacro
1134 1104 1382 1170 tinctum,
1413 1112 1469 1163 et
1496 1104 1551 1158 in
1578 1105 1828 1175 sepulcro
1858 1106 1941 1161 ina

337 1194 568 1251 clusum.
616 1194 722 1249 Sed
767 1195 892 1263 quia
935 1194 1149 1248 extrahi
1191 1210 1299 1249 non
1339 1202 1554 1264 poterat
1596 1196 1699 1250 nisi
1739 1210 1940 1265 corpus

338 1284 574 1356 apostoli
621 1284 954 1354 detegendo,
1007 1292 1062 1339 ct
1107 1284 1227 1340 loco
1267 1286 1564 1353 movendo,
1604 1286 1749 1355 quod
1788 1287 1939 1342 nefas

339 1384 477 1444 erat,
502 1376 603 1445 pia:
624 1376 875 1444 Augusue
898 1375 1150 1445 precibus
1176 1390 1415 1430 annuere
1437 1392 1543 1430 non
1571 1377 1749 1447 potuit
1775 1392 1934 1447 papa.

336 1468 399 1523 In
428 1467 657 1539 epistola
687 1482 848 1536 quam
880 1466 1174 1535 Gregorius
1203 1466 1270 1521 ad
1298 1481 1415 1522 eam
1446 1467 1610 1528 misit,
1645 1467 1720 1521 ait
1754 1486 1765 1520 :
1803 1463 1939 1530 Quia

338 1557 596 1613 Romanis
628 1558 941 1612 consuetudo
970 1574 1073 1615 non
1104 1566 1206 1625 est,
1239 1560 1463 1629 .quando
1492 1566 1790 1615 sanctorum
1812 1558 1940 1615 reli-

336 1654 489 1724 quias
512 1652 660 1715 dant,
682 1660 736 1704 ut
753 1652 1031 1723 quidquam
1055 1661 1266 1724 tangere
1280 1662 1600 1722 praesumant
1616 1654 1679 1707 de
1694 1670 1937 1724 corpore;

335 1744 429 1798 sed
455 1745 809 1798 tantummodo
838 1746 892 1797 in
920 1744 1098 1815 pixide
1125 1744 1410 1799 brandeum
1448 1745 1535 1819 [Id
1565 1754 1648 1801 est
1679 1744 1930 1818 velamen]

336 1837 583 1901 mittitur,
625 1846 777 1907 atque
806 1836 875 1889 ad
904 1837 1232 1891 sanctissima
1262 1853 1483 1908 corpora
1511 1847 1813 1892 sanctorum
1841 1857 1938 1906 po-

2043 651 2128 707 his
2151 666 2373 721 quoque
2394 654 2617 709 consule
2647 662 2805 709 notas
2831 654 2898 709 ad
2924 669 3013 725 ep.
3038 653 3107 708 '50
3136 654 3254 709 libri
3295 657 3508 723 quarti,
3539 674 3635 713 ve-

2042 760 2161 800 rum
2184 746 2269 800 bis
2292 747 2346 800 in
2372 746 2815 803 translationibus
2835 763 2866 803 e
2896 748 3113 803 tumulis
3133 748 3244 803 suis
3266 747 3636 806 educebantur

2042 851 2197 892 sacra
2247 836 2339 892 illa
2390 835 2647 907 pignora,
2717 844 2776 891 ut
2821 838 2876 892 in
2932 836 3113 908 aliquo
3164 837 3459 894 decentiori
3509 839 3635 897 loco

2041 929 2402 998 quiescerent,
2433 945 2607 999 neque
2636 929 2827 1000 procul
2855 928 3254 987 deferebantur.

2110 1021 2266 1078 Haud
2315 1022 2641 1093 improbavit
2681 1021 2900 1091 quidem
2943 1031 3163 1079 sanctus
3201 1024 3393 1081 doctor
3420 1026 3638 1097 episco-

2042 1129 2169 1183 pum
2194 1122 2250 1168 et
2267 1112 2472 1169 clerum
2493 1113 2641 1169 urbis
2661 1111 2841 1167 Eurite
2860 1112 2985 1169 inde
3002 1114 3417 1183 commigrantes
3436 1130 3637 1188 corpus

2042 1204 2100 1259 S.
2129 1203 2326 1260 Donati
2353 1219 2538 1261 secum
2562 1204 2867 1269 abstulisse,
2901 1212 2956 1259 et
2984 1205 3040 1260 in
3066 1202 3310 1276 Cassiopi
3336 1206 3527 1263 Castro
3552 1209 3638 1264 in-

2042 1296 2173 1352 sulae
2201 1296 2453 1369 Corcyrae
2481 1297 2797 1368 deposuisse
2823 1297 2965 1370 (Lib.
2995 1314 3103 1361 xw,
3134 1315 3253 1370 epp.
3288 1298 3320 1353 7
3348 1309 3398 1354 et
3424 1300 3534 1371 l5).
3567 1301 3640 1356 At

2041 1404 2174 1445 vero
2204 1390 2583 1462 migrationem
2619 1390 2777 1446 istam
2806 1391 3166 1447 necessariam
3196 1390 3487 1447 effecerant
3515 1394 3640 1449 bar-

2042 1479 2259 1536 baricus
2286 1480 2489 1549 gladius
2521 1487 2575 1534 et
2612 1480 2839 1535 hostiles
2877 1480 3142 1538 incursus.
3179 1481 3481 1536 Metuentes
3509 1496 3638 1553 ergo

2042 1571 2355 1631 sacerdotes
2384 1580 2434 1630 et
2464 1570 2645 1630 clerici
2675 1570 2908 1630 civitatis
2935 1570 3114 1644 hujus,
3149 1586 3217 1629 ne
3240 1585 3405 1629 sacrae
3434 1570 3492 1629 S.
3526 1570 3637 1627 Do-

2042 1667 2154 1721 nati
2176 1667 2418 1737 reliquiae
2443 1667 2497 1721 in
2525 1666 2756 1723 ecclesia
2783 1666 2996 1722 deserta
3016 1674 3071 1721 et
3092 1673 3313 1737 patente
3338 1665 3576 1735 aliquam
3604 1681 3638 1721 a

2041 1758 2286 1815 barbaris
2317 1759 2566 1830 injuriam
2610 1767 2958 1831 paterentur,
2996 1760 3305 1817 maluerunt
3332 1775 3426 1816 eas
3453 1774 3640 1816 secum

2043 1860 2344 1922 asportare.
3050 1858 3051 1861 ‘

334 1926 499 1979 nitur.
541 1922 693 1989 Quod
721 1925 974 1990 levatum,
1023 1926 1077 1979 in
1107 1924 1321 1979 ecclesia
1359 1942 1473 1997 qua:
1510 1935 1586 1980 est
1622 1926 1933 1993 dedicanda,
1972 1952 2015 2012 Β
2113 1942 2245 2009 Qum
2273 1944 2341 1999 de
2379 1944 2585 1999 sanctis
2613 1945 2935 2014 corporibus
2972 1944 3095 2001 loco
3124 1960 3234 2001 ηοη
3262 1945 3547 2002 movendis
3575 1945 3644 2002 ad

335 2016 520 2070 devota
554 2031 667 2069 cum
706 2018 1035 2070 veneratione
1059 2017 1377 2070 reconditur.
1419 2015 1583 2070 Addit
1614 2017 1845 2086 plurima
1872 2017 1937 2072 iis

334 2108 390 2162 in
420 2107 578 2175 locis,
608 2122 675 2163 ac
700 2107 746 2161 si
776 2116 1088 2163 sanctorum
1128 2108 1447 2179 corporibus
1470 2108 1804 2179 potirentur,
1842 2124 1941 2180 pa-

335 2200 469 2255 trari
513 2199 672 2254 solita
711 2198 993 2255 miracula.
1046 2198 1273 2270 Insuper
1299 2200 1461 2256 docet
1497 2201 1551 2255 in
1582 2201 1745 2257 totius
1781 2199 1938 2257 Occi-

336 2296 513 2352 dentis
533 2295 778 2366 partibus
799 2295 1021 2351 omnino
1040 2294 1367 2351 intolerabile
1385 2312 1497 2350 esse
1519 2312 1581 2349 ac
1601 2298 1932 2368 sacrilegum,

332 2391 381 2445 si
427 2398 727 2444 sanctorum
764 2404 984 2461 corpora
1025 2399 1237 2461 tangere
1278 2391 1548 2462 quisquam
1589 2392 1814 2462 fortasse
1853 2408 1942 2446 vo-

337 2483 510 2537 luerit.
543 2478 763 2536 Utinam
783 2497 914 2538 vero
938 2482 1083 2553 piam
1105 2482 1247 2537 hanc
1267 2490 1323 2537 et
1342 2487 1655 2539 sanctorum
1681 2483 1940 2553 reliquia-

336 2592 458 2632 rum
501 2576 835 2632 venerationi
873 2584 1293 2633 consentaneam
1324 2577 1772 2634 consuetudinem
1812 2593 1943 2649 per-

340 2680 509 2744 petuo
535 2672 966 2728 retinuissemus.
998 2671 1130 2729 Cum
1157 2671 1467 2729 Graecorum
1498 2674 1802 2729 contrarius
1823 2688 1943 2729 mos

339 2773 526 2837 posset
557 2765 751 2835 objici,
793 2766 989 2836 quibus
1014 2766 1271 2822 videlicet
1319 2767 1465 2822 nulla
1495 2774 1613 2821 erat
1638 2781 1793 2823 sacra
1821 2781 1945 2822 cor-

346 2872 485 2926 pora
531 2857 744 2913 levandi
774 2872 838 2912 ac
867 2858 975 2914 alio
1010 2857 1369 2914 transferendi
1395 2858 1616 2927 religio,
1663 2857 1944 2928 respondit

337 2945 399 3003 S.
430 2945 723 3018 Gregorius
747 2948 925 3003 dubiae
953 2946 1075 3004 ﬁdei
1103 2949 1204 3005 sibi
1233 2949 1404 3005 videri
1422 2989 1439 3014 ,
1484 2932 1632 3020 qua!
1650 2950 1946 3007 transfere-

342 3040 480 3095 bant
501 3049 556 3097 et
575 3042 950 3097 distrahebant
974 3042 1259 3110 reliquias;
1289 3042 1763 3113 suspicionemque
1791 3058 1945 3098 suam

341 3136 449 3191 hoc
475 3137 721 3207 exemplo
749 3134 1053 3192 conﬁrmat.
1087 3136 1351 3192 Nimirum
1379 3136 1599 3206 quidam
1623 3135 1795 3192 Graeci
1825 3151 1945 3190 mo-

343 3226 506 3282 nachi
537 3236 662 3283 ante
706 3228 983 3283 biennium
1029 3227 1214 3285 Romae
1241 3228 1567 3298 deprehensi
1608 3227 1823 3283 fuerant
1847 3242 1946 3283 no-

2046 2043 2284 2089 mentem
2316 2033 2373 2089 S.
2401 2034 2649 2104 Gregorii
2679 2034 2943 2103 diximus,
2975 2036 3043 2092 de
3069 2051 3256 2092 eorum
3287 2038 3525 2093 vestibus
3549 2047 3645 2093 aut

2044 2124 2162 2179 aliis
2206 2124 2368 2181 rebus
2403 2125 2473 2181 ad
2514 2126 2660 2196 ipsos
2687 2134 2903 2182 sanctos
2940 2126 3359 2197 pertinentibus,
3408 2128 3631 2184 minime

2045 2215 2273 2285 intelligi
2304 2216 2502 2272 debet:
2535 2231 2660 2272 nam
2682 2232 2808 2273 cum
2836 2217 3134 2288 accepisset
3160 2232 3192 2272 a
3216 2216 3426 2273 Joanne
3448 2218 3644 2274 abbate

2047 2309 2285 2364 tunicam
2314 2308 2375 2364 S.
2404 2309 2628 2365 Joannis
2673 2318 2975 2380 repertam,
3022 2318 3083 2364 ut
3123 2325 3243 2365 eam
3270 2311 3336 2365 ad
3367 2326 3426 2366 se
3468 2319 3645 2367 trans-

2045 2400 2261 2456 mittere
2291 2408 2509 2456 curaret
2535 2400 2764 2471 rogavit.
2799 2398 3060 2455 Tunicam
3100 2400 3261 2473 245
3300 2402 3441 2456 hanc
3481 2401 3646 2457 fuisse

2044 2491 2104 2548 S.
2129 2491 2353 2548 Joannis
2374 2492 2608 2563 apostoli
2630 2501 2685 2548 et
2704 2492 3069 2562 evangelistce,
3092 2494 3435 2563 positamque
3454 2491 3641 2548 Romae

2044 2583 2099 2637 in
2129 2583 2351 2639 basilica
2382 2582 2861 2648 Constantiniana,
2902 2584 3064 2640 docet
3099 2582 3334 2640 Joannes
3373 2584 3645 2641 Diaconus

2046 2672 2198 2745 (Lib.
2225 2691 2312 2743 ιιι,
2361 2692 2454 2730 nn.
2501 2673 2599 2742 57,
2632 2673 2727 2743 58,
2759 2673 2883 2745 59),
2940 2676 3032 2731 ubi
3084 2690 3205 2730 eam
3236 2677 3430 2732 asserit
3458 2676 3645 2732 multis

2046 2781 2363 2823 coruscasse
2412 2767 2701 2822 miraculis.
2758 2764 2949 2822 Utrum
2995 2767 3113 2822 hazc
3161 2783 3313 2837 papae
3358 2768 3646 2837 responsio

2045 2856 2412 2913 Constantium
2457 2858 2710 2927 Augusta:
2751 2856 3102 2924 satisfecerit,
3155 2868 3492 2929 compertum
3532 2874 3647 2915 non

2046 2948 2327 3004 habemus.
2376 2948 2609 3005 Exstant
2651 2957 2837 3004 tamen
2882 2948 3125 3019 plurimae
3168 2951 3340 3006 sancti
3374 2948 3648 3019 pontiﬁcis

2047 3042 2293 3112 epistolm
2322 3042 2389 3098 ad
2413 3042 2657 3097 eamdem
2689 3050 2878 3114 postea
2908 3043 3137 3110 scriptm,
3172 3058 3235 3098 ex
3266 3042 3461 3113 quibus
3488 3042 3647 3097 intel-

2047 3132 2233 3203 ligitur
2253 3149 2373 3189 eam
2401 3133 2546 3203 quod
2569 3134 2672 3190 sibi
2701 3133 2979 3205 denegata:
2997 3133 3224 3191 fuissent
3251 3132 3308 3189 S.
3336 3133 3489 3190 Pauli
3512 3133 3645 3190 reli-

2048 3222 2218 3292 quize,
2250 3238 2357 3278 non
2385 3221 2607 3291 indigne
2646 3223 2864 3289 tulisse,
2897 3223 2993 3280 sed
3023 3239 3151 3297 erga
3175 3224 3361 3282 sedem
3388 3225 3647 3297 apostoli-

343 3329 536 3377 cturno
576 3322 791 3377 silentio
813 3321 965 3392 juxta
996 3321 1279 3378 ecclesiam
1319 3321 1464 3377 beati
1496 3320 1680 3387 Pauli,
1711 3335 1941 3392 corpora
1972 3332 2017 3394 ο
2048 3330 2169 3371 cam
2190 3317 2285 3386 pio
2311 3331 2524 3387 semper
2552 3316 2807 3388 ﬂagrasse
2834 3317 3033 3374 studio.

340 3421 684 3470 mortuorum
713 3416 769 3470 in
798 3430 991 3479 campo
1011 3414 1248 3484 jacentia
1277 3412 1627 3482 eﬁ‘odientes,
1661 3421 1824 3484 atque
1854 3414 1938 3484 ip-

330 3519 524 3559 sorum
552 3520 673 3561 ossa
701 3506 1080 3561 recondentes.
1107 3505 1354 3573 Quicum
1377 3504 1695 3575 interrogati
1717 3505 1942 3560 fuissent

340 3610 449 3665 quo
479 3595 529 3651 id
562 3597 789 3653 consilio
820 3596 1086 3664 facerent,
1120 3596 1354 3653 confessi
1382 3605 1510 3654 sunt
1536 3598 1673 3668 quod
1698 3598 1792 3651 illa
1821 3614 1942 3653 ossa

340 3685 410 3739 ad
441 3685 695 3742 erciam
729 3697 899 3744 essent
926 3697 1174 3761 tanquam
1215 3695 1515 3743 sanctorum
1545 3687 1791 3756 reliquias
1820 3704 1939 3757 por-

341 3780 521 3833 taturi.
552 3780 707 3849 Apud
728 3777 1046 3848 Gregorium
1068 3779 1441 3835 Turonensem
1480 3787 1536 3834 et
1567 3779 1702 3834 alios
1738 3780 1942 3850 passim

344 3877 369 3905 ο
394 3870 709 3939 scriptores,
735 3878 1030 3925 occurrunt
1044 3870 1202 3939 tales,
1221 3885 1329 3924 non
1353 3870 1456 3939 piae
1470 3868 1553 3941 (ut
1574 3869 1736 3937 vulgo
1760 3868 1946 3925 vocari

344 3959 550 4030 solent)
579 3959 674 4015 sed
704 3960 979 4029 sacrilegae
1008 3958 1257 4026 fraudes,
1290 3975 1409 4029 quae
1434 3958 1622 4015 dubias
1652 3958 1948 4016 eﬁecerunt

344 4053 603 4125 plurimas
620 4054 861 4124 alioquin
882 4053 1143 4123 genuinas
1162 4062 1475 4108 sanctorum
1492 4051 1765 4121 reliquias.
1794 4050 1945 4108 Unde

346 4145 519 4215 liquet
544 4144 747 4200 nullam
775 4145 1035 4214 majorem
1062 4153 1156 4199 aut
1181 4144 1468 4199 certiorem
1493 4142 1695 4198 sanctis
1718 4157 1946 4199 venera-

350 4238 554 4293 tionem
585 4237 866 4308 procurari
893 4252 1079 4308 posse,
1112 4252 1274 4307 quam
1299 4250 1487 4291 eorum
1516 4249 1667 4291 sacra
1696 4235 1942 4306 pignora,

347 4332 403 4387 in
430 4332 700 4402 prioribus
728 4332 988 4403 sepulcris
1020 4332 1161 4404 (quae
1185 4340 1367 4387 tamen
1391 4331 1572 4387 ornari
1596 4330 1775 4402 decet)
1805 4332 1945 4387 inte-

348 4435 443 4490 gra
490 4430 546 4477 et
590 4424 791 4478 intacta
835 4421 1218 4494 relinquendo;
1263 4420 1407 4492 quod
1446 4420 1611 4476 etiam
1641 4419 1669 4460 ι)
1698 4421 1947 4481 civilibus

350 4519 573 4567 cavetur
605 4512 832 4581 legibus.

422 4624 492 4679 8.·
534 4626 687 4681 Absit
730 4635 915 4682 tamen
959 4643 989 4681 a
1045 4627 1234 4692 nobis,
1287 4634 1349 4681 ut
1399 4641 1588 4683 omnes
1635 4634 1945 4682 sanctorum

2646 3431 2876 3489 CAPUT
2911 3432 3028 3489 XII.

2045 3546 2763 3611 Aacrm.—‘1_.Theode|inda
2803 3548 3099 3611 Constantio,
3137 3548 3491 3601 Mediolsnensi
3534 3553 3646 3611 epi-

2107 3608 2488 3673 sc0po,infensa
2513 3622 2601 3670 pro
2623 3623 2765 3659 causa
2790 3613 2934 3659 trium
2955 3608 3354 3673 capitulorum.-—
3374 3612 3422 3661 2.
3450 3608 3646 3673 Grego-

2108 3670 2210 3720 rius
2233 3672 2422 3734 adeam
2453 3670 2646 3729 legatos
2666 3674 2817 3721 mittit
2843 3682 2893 3720 et
2915 3670 3277 3734 epistolas—5.
3304 3672 3411 3731 Quo
3434 3670 3638 3723 evenlu.

2106 3760 2168 3769 —
2186 3737 2233 3784 4.
2260 3733 2534 3781 Idololatris
2576 3735 2923 3783 convertendis
2951 3733 3223 3784 incumbit.
3249 3760 3301 3769 ——
3333 3738 3377 3785 5.
3418 3735 3645 3786 Januarii

2111 3802 2163 3845 et
2187 3794 2392 3843 aliorum
2416 3795 2651 3842 Sardiniae
2677 3797 3017 3856 episCOporum
3060 3798 3291 3845 socordia.
3318 3822 3380 3833 —
3399 3798 3450 3845 6.
3481 3798 3552 3846 De
3578 3799 3642 3845 li-

2113 3856 2584 3919 centia_chrismate
2622 3857 2941 3919 consignandi
2981 3860 3283 3919 presbyteris
3306 3858 3471 3919 Sardis
3510 3860 3642 3908 data.

2108 3944 2169 3953 --
2192 3918 2239 3965 7.
2269 3916 2365 3965 Res
2388 3916 2479 3966 hoc
2498 3929 2624 3981 anno
2650 3918 2695 3981 in
2722 3919 3065 3967 monachorum
3090 3916 3296 3977 gratiam
3320 3931 3349 3969 a
3372 3918 3424 3969 S.
3451 3922 3647 3981 Grego-

2112 3982 2186 4029 rio
2207 3986 2465 4043 gest;e._-_—
2489 3978 2803 4043 8._Muh_eres
2826 3992 2851 4025 a
2874 3988 3284 4043 monasteriorum
3308 3985 3536 4043 ingressu
3558 3978 3645 4030 ar-

2111 4039 2359 4105 cet.'g—_9.
2384 4039 2661 4105 hiemalium
2684 4040 2925 4091 honestati
2950 4050 2999 4105 et
3023 4039 3643 4105 trauquillitati‘prospicit.

2111 4131 2162 4142 —
2190 4104 2267 4154 10.
2294 4103 2369 4153 De
2393 4102 2748 4165 abbatissarum
2787 4109 2932 4152 aetate
2956 4102 3199 4153 decernit.
3222 4130 3286 4142 —-
3314 4102 3647 4165 tlejusLlem

2110 4168 2364 4217 decretum
2405 4164 2469 4213 de
2516 4164 2703 4214 clericis
2750 4165 3009 4216 abbatibus
3057 4165 3349 4228 explicatur.
3400 4164 3515 4228 (An.
3552 4167 3649 4219 593

2111 4237 2164 4280 et
2186 4228 2320 4291 594.)

2123 4338 2177 4393 l.
2217 4336 2423 4394 Eodem
2452 4336 2565 4395 fere
2588 4344 2837 4407 tempore
2870 4333 2928 4390 S.
2968 4333 3261 4407 Gregorius
3287 4336 3356 4393 ad
3392 4336 3646 4395 Theode-

2050 4430 2279 4498 lindam,
2329 4428 2809 4499 Langobardorum
2847 4426 3118 4497 reginam,
3156 4429 3395 4484 scribere
3424 4436 3648 4484 coactus

2049 4531 2159 4588 est,
2207 4530 2269 4577 ut
2296 4522 2412 4591 ejus
2450 4521 2689 4576 animum
2717 4518 3066 4585 Constantio,
3116 4516 3501 4574 Mediolanensi
3530 4518 3649 4588 epi-

2049 4632 2238 4687 scopo,
2268 4616 2556 4677 infensum,
2589 4614 2655 4669 ad
2686 4628 2875 4683 pacem
2903 4620 2961 4669 et
2989 4610 3335 4667 concordiam
3358 4619 3648 4669 revocaret

353 4717 736 4774 translationes
760 4719 1079 4775 damnemus
1105 4720 1198 4790 pio
1233 4719 1460 4776 consilio
1504 4718 1692 4775 factas.
1727 4731 1749 4758 ο
1781 4718 1942 4775 Tem-

2051 4707 2194 4781 (Lib.
2226 4724 2315 4776 ιιι,
2346 4725 2462 4778 epp.
2493 4706 2564 4762 29
2583 4746 2600 4773 ,
2632 4704 2720 4771 '50,
2753 4704 2866 4774 51).
2896 4702 3220 4770 Laurentio,
3250 4701 3646 4760 Mediolanensi

351 4825 485 4883 pore
532 4808 836 4865 Constantii
882 4810 1108 4879 Augusti
1151 4810 1379 4881 legimus
1423 4808 1947 4881 Constantinopolim

352 4901 592 4957 delatum
632 4900 796 4957 fuisse
838 4901 895 4957 S.
934 4900 1203 4957 Timothei
1233 4918 1430 4972 corpus
1459 4900 1657 4972 Ephesi
1686 4902 1834 4973 prius
1861 4917 1949 4959 se-

350 4994 591 5064 pultum,
623 5009 686 5051 ac
714 4995 767 5049 in
796 4994 1018 5050 basilica
1045 5002 1355 5050 sanctorum
1383 4995 1750 5064 apostolorum
1780 4995 1949 5050 collo-

353 5097 536 5145 catum
573 5103 716 5145 esse.
756 5086 925 5143 Paulo
968 5095 1092 5158 post
1136 5087 1298 5143 etiam
1346 5087 1586 5157 reliquiae
1635 5095 1947 5143 sanctorum

354 5180 585 5238 Andreae
612 5180 845 5253 apostoli
872 5187 928 5236 et
954 5178 1111 5235 Lucae
1140 5179 1482 5248 evangelista
1508 5179 1701 5234 delatae
1729 5185 1856 5234 sunt
1878 5193 1948 5235 ex

354 5272 591 5342 Achaia,
624 5282 682 5328 et
706 5272 897 5329 eodem
932 5272 986 5327 in
1012 5272 1135 5327 loco
1172 5270 1461 5341 depositae;
1503 5270 1645 5340 quod
1688 5271 1855 5327 refert
1883 5285 1948 5326 ac

356 5367 541 5423 laudat
589 5364 952 5437 Hieronymus
1005 5362 1349 5434 (Hieronym.
1410 5373 1591 5417 contra
1638 5362 1942 5433 Vigilant.).

357 5457 502 5529 Lege
522 5457 665 5529 apud
687 5456 1055 5512 Mabillonium
1078 5455 1328 5526 (Prtefat.
1350 5453 1419 5507 ad
1446 5462 1566 5507 tam.
1597 5450 1641 5506 ll
1676 5452 1791 5505 Act.
1813 5450 1944 5518 88.,

356 5549 610 5608 observat.
637 5547 695 5622 8)
726 5549 985 5620 plurimas
1009 5554 1322 5603 sanctorum
1352 5544 1728 5600 translationes
1752 5551 1947 5613 quarto

356 5650 415 5699 et
463 5642 653 5714 quinto
696 5639 895 5697 saeculo
951 5639 1009 5695 in
1048 5636 1371 5705 Occidente,
1416 5635 1642 5708 ipsaque
1693 5636 1747 5690 in
1795 5633 1949 5689 italia

432 5807 460 5837 σι
487 5791 624 5852 Vide
649 5792 969 5852 Guibertum
992 5742 1063 5848 de
1085 5789 1386 5860 Novigento
1408 5787 1505 5844 lib.
1535 5787 1603 5843 de
1629 5785 1949 5858 Pignoribus

359 5875 694 5928 sanctorum.

429 5939 460 5979 ιν
490 5937 632 6008 Lege
652 5934 944 6008 ultima_de
960 5932 1330 6004 sepulcrorum
1340 5932 1550 6001 violat.,
1567 5938 1758 6003 estque
1778 5928 1951 5987 Theo-

362 6011 502 6071 dosii
529 6003 704 6083 Magni
730 6024 819 6065 an.
842 6003 967 6061 586.

2050 4803 2329 4871 episcopo,
2357 4815 2388 4855 e
2409 4800 2542 4855 vivis
2563 4798 2774 4854 sublato
2796 4810 2939 4851 anno
2959 4793 3247 4864 superiori,
3270 4793 3645 4864 Constantius,

2052 4890 2295 4959 ejusdem
2320 4887 2577 4944 Ecclesiae
2598 4886 2877 4948 diaconus,
2910 4882 3148 4938 unanimi
3172 4882 3337 4938 totius
3359 4883 3487 4939 cleri
3514 4900 3651 4955 con-_

2049 4998 2212 5038 sensu
2240 4992 2524 5036 successor
2550 4977 2709 5031 datus
2730 4974 2925 5043 fuerat,
2953 4972 3217 5044 Gregorio
3242 4974 3448 5031 dudum
3472 4977 3648 5046 probe

2051 5072 2318 5140 cognitus,
2356 5069 2443 5124 cui
2468 5068 2629 5123 etiam
2659 5066 2785 5121 dum
2814 5065 3287 5137 Constantinopoli
3316 5076 3645 5136 moraretur,

2054 5166 2217 5233 longo
2240 5173 2484 5232 tempore
2504 5158 2825 5215 adhaeserat.
2856 5155 2921 5212 Et
2941 5157 3186 5228 quamvis
3204 5158 3260 5213 in
3280 5158 3393 5230 ejus
3416 5158 3650 5214 moribus

2054 5256 2186 5312 nihil
2211 5254 2347 5327 quod
2369 5251 2671 5325 reprehendi
2690 5250 2955 5320 potuisset,
2980 5250 3288 5316 invenisset;
3312 5250 3437 5318 quia
3464 5258 3646 5304 tamen

2055 5352 2109 5406 in
2139 5352 2378 5406 animum
2417 5364 2573 5405 suum
2612 5347 2822 5419 pridem
2862 5346 3176 5413 induxerat,
3218 5344 3288 5399 ad
3316 5341 3648 5412 suscipienda

2055 5444 2333 5514 pastoralis
2355 5459 2494 5498 cura:
2515 5458 2692 5509 onera,
2724 5458 2817 5511 pro
2840 5440 3032 5494 nullius
3050 5452 3278 5509 unquam
3297 5435 3501 5489 misceri
3520 5450 3643 5503 per-

2054 5555 2217 5603 sona,
2266 5539 2333 5593 ab
2361 5537 2477 5607 ejus
2513 5536 2779 5592 electione
2820 5530 3187 5604 promovenda
3218 5528 3431 5598 penitus
3472 5526 3644 5581 absti-

2056 5638 2249 5685 nuerat
2283 5649 2294 5683 :
2339 5630 2511 5699 ipsam
2550 5626 2680 5683 solis
2726 5625 2870 5697 apud
2900 5624 3066 5680 Deum
3110 5619 3360 5692 precibus
3388 5617 3643 5689 prosequi

2132 5792 2153 5820 ο
2185 5781 2415 5836 Consule
2444 5779 2845 5837 Tillemontium
2874 5778 2927 5832 in
2956 5773 3271 5831 Constantio
3299 5781 3401 5845 a_rt.
3433 5772 3487 5841 4,
3516 5788 3640 5845 pag.

2056 5852 2180 5907 415.
2206 5851 2632 5906 Translationem
2657 5850 2795 5904 hanc
2820 5848 3015 5902 factam
3030 5846 3286 5915 vigesimo
3303 5842 3644 5903 ConSIantini

2054 5924 2232 5995 Magni
2257 5938 2420 5990 anno,
2451 5922 2582 5978 dicit
2605 5920 2983 5989 Hieronymus.

3096 6023 3105 6049 ε
3580 6013 3607 6037 ο
