4138 6452
557 441 660 498 359

1018 439 1076 501 Β.
1118 438 1443 499 GREGORH
1484 440 1693 497 MAGNI
1741 443 1919 508 VITA,
1962 442 2053 497 EX
2100 434 2261 498 EJUS
2302 443 2603 500 SCRIPTIS
2644 445 3039 501 ADORNATA.
3085 444 3208 500 LIB.
3255 442 3315 498 ll.

3728 441 3843 499 340

546 566 868 621 contentus;
912 555 1125 611 assidue
1163 570 1324 609 orans
1371 564 1429 608 ut
1475 570 1712 609 summus
1751 564 1935 623 pastor
1975 555 2133 609 talem
2166 562 2211 618 Α
2241 556 2475 611 schisma
2517 560 2802 613 occasione
2830 560 3297 613 condemnatlonis
3329 558 3541 612 illorum
3574 560 3846 628 capitulo-

548 646 1042 703 Mediolanensibus
1073 655 1344 715 pastorem
1379 646 1661 715 praiberct.
1704 647 1758 698 in
1789 647 1933 715 cujus
1965 646 2141 715 lingua

536 727 601 793 iet
630 736 857 791 moribus
884 736 1265 791 exhortationis
1304 736 1493 789 divinat
1521 750 1713 805 pascua
1754 738 1981 788 valerent
2008 737 2149 787 inve‘

544 831 661 882 nire
690 845 709 882 .'
738 830 796 883 in
822 828 968 897 cujus
988 835 1158 880 mente
1186 836 1234 880 et
1266 827 1528 879 humilitas
1554 842 1668 878 cum
1696 824 2002 878 rectitudine
2032 826 2139 895 ful-

550 930 691 992 geret
709 961 723 987 ,
758 930 807 974 et
833 922 1078 974 severitas
1108 934 1221 972 cum
1252 919 1441 988 pietate
1470 933 1487 971 :
1518 920 1602 989 qui
1631 922 1703 972 eis
1733 920 1865 971 viam
1898 920 2013 973 vilic
2043 936 2143 972 non

548 1012 717 1065 solum
745 1011 1032 1081 loquendo,
1076 1010 1166 1063 sed
1202 1010 1357 1063 etiam
1385 1008 1598 1064 vivendo
1627 1018 1795 1079 posset
1832 1008 2140 1073 ostendere;

548 1112 802 1174 quatenus
840 1102 1074 1171 exemplo
1119 1101 1261 1155 illius
1301 1100 1559 1154 discerent
1601 1102 1669 1153 ad
1708 1109 1917 1154 (eterna:
1960 1102 2146 1169 patria:

551 1195 864 1249 desiderium
896 1194 1181 1263 suspirare.
1228 1191 1414 1262 Itaque
1468 1191 1683 1260 quando
1720 1189 2144 1260 sapientissimus

549 1284 796 1357 pontifex
836 1285 1045 1354 aliquas
1083 1284 1459 1354 episcoporum
1500 1282 1796 1338 electiones
1828 1283 1927 1337 sibi
1958 1282 2148 1337 vendi-

550 1378 717 1442 cavit,
747 1377 960 1431 nonnisi
983 1375 1311 1444 gravissimis
1332 1375 1631 1430 rationibus
1653 1382 1893 1440 coactus,
1923 1390 1953 1427 a
1977 1374 2142 1443 priori

554 1468 838 1539 proposito
864 1468 1105 1523 recessit.
1139 1466 1398 1522 Nimirum
1434 1467 1563 1522 satis
1606 1467 1873 1535 habebat,
1919 1476 1978 1521 ut
2005 1468 2144 1521 anti-

551 1575 715 1629 quam
747 1568 989 1614 servaret
1022 1559 1466 1615 consuetudinem
1488 1600 1503 1624 ,
1536 1559 1769 1629 aliquem
1801 1559 2014 1613 mittere
2041 1559 2141 1614 Ec-

555 1650 735 1706 clesia!
778 1650 1034 1706 Romanae
1068 1653 1285 1705 militem
1326 1651 1465 1722 (hoc
1494 1651 1710 1705 nomine
1738 1650 1991 1714 clericos,
2044 1650 2145 1706 Ec-

554 1742 734 1797 clesia:
756 1743 1046 1798 militantes
1070 1751 1127 1797 et
1147 1744 1445 1799 servientes
1466 1742 1755 1813 signiﬁcat)
1781 1744 1872 1812 qui
1893 1743 2145 1799 electioui

549 1833 860 1902 interesset,
883 1843 939 1889 et
954 1836 1020 1889 ab
1036 1835 1305 1905 episc0pis
1328 1834 1764 1904 provincialibus,
1785 1850 1907 1889 cum
1925 1849 2166 1897 assensu.

2250 662 2368 701 rum
2397 659 2639 703 exortum
2662 693 2676 717 ,
2711 666 2817 704 non
2846 650 2897 703 in
2929 668 2993 704 eo
3023 652 3254 719 positum
3287 658 3430 714 erat,
3462 649 3604 718 quod
3636 650 3705 703 ab
3736 650 3847 706 illis

2250 740 2669 795 condeumaudis
2698 740 3076 807 abstineretur,
3118 741 3209 794 sed
3238 741 3380 809 quod
3415 755 3444 793 a
3474 740 3846 795 condemnan-

2250 831 2380 884 tium
2430 836 2809 888 communione
2850 836 3084 889 secessio
3134 834 3303 889 ﬁeret.
3354 832 3645 903 Gregorius
3694 836 3845 889 enim

2248 938 2347 993 pro
2374 926 2513 979 veris
2540 925 2790 982 Ecclesia:
2819 928 2939 982 ﬁliis
2968 944 3183 997 semper
3204 928 3389 982 habuit
3411 936 3433 965 ι
3451 943 3566 989 eos.
3599 929 3692 997 qui
3718 944 3844 983 cum

2249 1014 2348 1067 tria
2383 1016 2469 1069 illa
2501 1018 2737 1085 capitula
2779 1018 3006 1087 rejicerc
3054 1018 3432 1080 formidarent.
3484 1018 3535 1072 in
3586 1014 3844 1073 Ecclesize

2246 1112 2422 1160 tamen
2452 1108 2655 1162 unitate
2687 1116 3129 1179 permanserunt,
3161 1118 3359 1164 etcum
3391 1111 3519 1178 ipsis
3545 1110 3838 1178 benignius

2255 1196 2364 1263 egit
2391 1214 2633 1267 semper,
2665 1215 2798 1267 quos
2825 1201 2991 1264 inter,
3026 1209 3218 1268 praeter
3246 1199 3664 1255 Theodelindam
3684 1245 3698 1267 ,
3728 1210 3845 1255 erat

2248 1290 2587 1348 Secundinus
2637 1295 2847 1350 eximias
2901 1296 3204 1351 sanctitatis
3252 1298 3587 1362 monachus,
3646 1298 3845 1364 reginae

2247 1383 2675 1451 acceptissimus.

2320 1473 2597 1530 Redeunte
2623 1476 2690 1531 ad
2717 1476 3015 1533 Constantii
3035 1480 3468 1533 communionem
3498 1479 3705 1547 regina,
3732 1486 3845 1531 tres

2253 1566 2320 1619 de
2349 1568 2539 1635 quibus
2564 1568 2673 1639 jam
2705 1571 2869 1626 locuti
2898 1587 3083 1627 smnus
3112 1572 3383 1643 episc0pi,
3427 1581 3485 1625 ut
3514 1586 3640 1626 vero
3667 1562 3847 1625 simile

2248 1664 2348 1722 est,
2376 1659 2727 1727 quieverunt;
2759 1678 2857 1717 nec
2888 1663 3024 1717 ultra
3046 1679 3166 1717 eum
3193 1679 3221 1716 a
3245 1663 3606 1717 Brixiensibus
3635 1662 3849 1717 civibus

2247 1758 2497 1802 vexatum
2528 1750 2687 1805 fuisse
2719 1760 2773 1805 ut
2811 1760 3206 1808 sacramentum
3241 1753 3309 1807 de
3340 1753 3509 1807 tribus
3536 1751 3786 1821 capitulis
3816 1765 3847 1804 a

2248 1858 2307 1899 se
2334 1860 2606 1913 nunquam
2636 1846 2900 1903 damnatis
2933 1856 3242 1918 praestaret,
3276 1847 3397 1902 inde
3426 1856 3605 1917 potest
3631 1846 3839 1916 colligi,

551 1935 740 1983 tamen
773 1929 964 1983 summi
989 1928 1276 1998 pontiﬁcis,
1307 1928 1613 1983 consecrari
1640 1933 1972 1996 procuraret.
1998 1925 2143 1981 Con-

2250 1937 2389 2005 quod
2421 1938 2664 2007 plurimis
2695 1940 2744 1994 in
2773 1942 3012 2011 epistolis
3035 1942 3101 1995 ad
3134 1942 3305 2010 ipsum
3338 1939 3591 2009 deinceps
3616 1938 3835 2008 scriptis

546 2022 781 2076 stantius
816 2022 869 2074 in
898 2022 1016 2091 ipso
1040 2022 1379 2091 episcopatus
1413 2021 1638 2076 exordio
1668 2036 1821 2075 suam
1850 2020 1972 2075 ﬁdei
2006 2035 2138 2076 con-

544 2112 870 2178 fessionem,
902 2122 960 2167 ut
985 2114 1151 2167 moris
1181 2122 1327 2179 erat,
1360 2128 1510 2183 papa:
1536 2113 1757 2175 obtulit;
1793 2113 1845 2166 in
1874 2128 1981 2183 qua
2010 2128 2142 2167 com

546 2204 801 2257 demnata
831 2203 995 2259 fuisse
1036 2205 1136 2257 tria
1166 2205 1400 2274 capitula
1419 2242 1434 2267 ,
1470 2205 1760 2273 lazsamque
1786 2218 1851 2259 ac
1876 2204 2141 2274 pulsatam

546 2295 763 2348 concilii
812 2294 1271 2350 Chalcedonensis
1322 2298 1697 2351 auctoritatem
1746 2305 1857 2351 tres
1905 2296 2142 2365 episc0pi

545 2387 969 2455 pervulgarunt;
995 2400 1225 2455 quorum
1249 2384 1402 2442 malis
1424 2388 1629 2441 artibus
1651 2388 1873 2458 decepta
1896 2386 2141 2443 Theode-

547 2475 726 2538 linda,
774 2477 1250 2544 Langobardorum
1294 2479 1509 2547 regina,
1548 2478 1922 2534 Constantium
1963 2482 2143 2534 statim

547 2577 797 2623 aversata
824 2579 904 2624 est
931 2578 989 2624 ut
1012 2570 1260 2638 legitima:
1283 2568 1404 2625 ﬁdei
1426 2570 1779 2626 desertorem.
1806 2571 2142 2626 Brixiensem

549 2662 867 2731 episcopum
896 2678 1061 2717 unum
1088 2678 1154 2717 ex
1178 2664 1346 2716 tribus
1367 2662 1433 2717 iis
1453 2662 1810 2718 schismaticis
1832 2663 2146 2736 praesulibus

548 2752 736 2820 fuisse,
768 2770 874 2808 non
904 2754 1134 2809 obscure
1156 2753 1353 2809 indicat
1381 2755 1607 2824 epistola
1632 2754 1703 2808 39
1730 2755 1972 2825 ejusdem
2003 2756 2144 2823 libri,

549 2862 617 2902 ex
660 2862 765 2915 qua
811 2848 1071 2903 habemus
1111 2848 1281 2917 ipsum
1330 2856 1384 2900 et
1425 2847 1619 2903 Brixiae
1660 2851 1806 2904 cives
1844 2849 2148 2918 importune

548 2940 855 3012 postulasse
884 2949 944 2994 ut
981 2939 1328 2995 Constantius
1368 2940 1719 3009 jurejurando
1760 2939 2054 2995 afﬁrmaret
2090 2955 2149 2996 se

550 3033 656 3086 tria
678 3047 784 3086 non
811 3032 1099 3087 damnasse
1116 3033 1373 3101 capitula.
1399 3032 1562 3103 (Vide
1581 3034 1672 3088 tib.
1704 3050 1778 3099 ιν,
1802 3050 1916 3103 epp.
1944 3032 1978 3085 2
1997 3042 2046 3086 et
2066 3032 2144 3101 4.)

616 3140 669 3196 2.
704 3141 831 3199 Haec
857 3143 1081 3199 audiens
1103 3142 1421 3213 Gregorius,
1452 3150 1513 3198 ut
1539 3160 1695 3213 opem
1723 3145 1936 3213 utrique
1961 3142 2146 3212 ferret,

552 3232 764 3288 scilicet
791 3232 1197 3303 archiepiscopo
1219 3234 1542 3287 calumniam
1575 3248 1751 3302 passo,
1784 3240 1837 3288 et
1858 3235 2053 3298 reginis
2082 3235 2150 3288 ob

2243 2045 2303 2085 ea
2332 2030 2399 2084 de
2428 2045 2485 2084 re
2513 2032 2671 2101 plane
2701 2033 2853 2088 sileat
2880 2042 3097 2090 sanctus
3120 2033 3379 2104 pontifex.

2311 2125 2363 2178 4.
2398 2126 2512 2179 Non
2540 2126 2732 2180 minori
2763 2126 2944 2179 labore
2973 2141 3036 2179 ac
3065 2126 3243 2180 studio
3273 2126 3323 2178 in
3360 2125 3615 2178 vocandis
3644 2124 3711 2177 ad
3740 2121 3845 2176 Ec-

2241 2217 2460 2271 clesium
2494 2218 2831 2281 inﬁdelibus,
2864 2233 3025 2287 quam
3058 2217 3108 2271 in
3145 2217 3459 2271 revocandis
3481 2216 3846 2270 schismatit‘is

2244 2308 2407 2381 246
2424 2310 2741 2363 desudabat.
2774 2309 3033 2364 Sardinize
3065 2316 3269 2380 partem
3296 2308 3605 2363 incolebant
3624 2308 3846 2376 quidam

2244 2402 2449 2472 populi,
2484 2401 2816 2472 Barbaricini
2848 2402 2999 2469 dicti,
3040 2402 3133 2470 qui
3162 2400 3227 2455 ad
3260 2401 3373 2455 inec
3400 2414 3570 2469 usque
3601 2408 3846 2468 tempora

2245 2470 2447 2549 cultum
2478 2470 2740 2548 idnloium
2772 2496 3127 2549 retinuerant.
3162 2492 3265 2547 Eos
3294 2507 3323 2546 a
3359 2490 3635 2545 Wandalis
3658 2488 3846 2561 pulsos

2248 2602 2313 2641 ex
2344 2585 2520 2641 Africa
2542 2628 2556 2651 ,
2592 2587 2643 2640 in
2675 2585 2979 2641 Sardiniam
3014 2586 3289 2653 migrasse,
3321 2584 3631 2652 conjectura
3663 2584 3845 2652 potius

2248 2694 2411 2748 quam
2454 2680 2618 2733 certis
2647 2679 2915 2733 rationum
2959 2680 3247 2733 momentis
3284 2677 3527 2731 habetur.
3575 2674 3845 2728 Barbaro-

2248 2787 2366 2825 rum
2415 2770 2634 2825 illorum
2679 2784 2857 2826 mores
2896 2770 3146 2840 exprimit
3176 2771 3257 2823 bis
3299 2768 3476 2823 verbis
3492 2765 3795 2834 Gregorius
3828 2780 3840 2814 :

2260 2864 2616 2951 Utinsensqta
2658 2867 2909 2919 animalia
2947 2867 3147 2928 vivunt,
3190 2863 3354 2918 Deum
3383 2874 3555 2917 verum
3584 2862 3841 2927 nesciunt,

2251 2954 2393 3027 ligna
2422 2966 2591 3010 autent
2613 2968 2661 3010 et
2683 2958 2881 3028 lapides
2909 2958 3129 3013 adorant
3158 2956 3297 3030 (Lib.
3326 2972 3397 3022 tv,
3425 2974 3541 3027 epp.
3565 2955 3635 3008 2'5
3653 2963 3705 3008 et
3725 2952 3840 3021 94).

2252 3050 2491 3104 Arduum
2532 3051 2691 3117 igitur
2721 3061 2837 3106 erat
2866 3067 2959 3107 eos
2989 3050 3056 3105 ad
3084 3065 3266 3105 veram
3309 3048 3466 3105 ﬁdem
3494 3048 3840 3120 protrahere;

2250 3142 2395 3209 quod
2434 3148 2610 3194 tamen
2642 3156 2927 3209 aggressus
2957 3152 3041 3197 est
3078 3143 3445 3198 sanctissimus
3475 3156 3643 3211 papa,
3691 3141 3844 3206 cujus

2252 3230 2499 3285 charitati
2528 3232 2655 3286 nihil
2682 3242 2796 3286 erat
2828 3232 3073 3298 difﬁcile;
3107 3242 3267 3300 atque
3294 3232 3360 3286 ad
3388 3232 3492 3286 hoc
3518 3246 3655 3299 opus
3678 3230 3845 3296 elegit

548 3334 787 3393 spretam
833 3324 949 3392 ejus
988 3326 1421 3380 communionem
1459 3325 1526 3380 de
1570 3326 1742 3382 salute
1782 3328 2137 3397 periclitanti,
2169 3324 2214 3387 C
2244 3322 2475 3378 Felicem
2507 3324 2791 3391 quemdam
2828 3326 3174 3393 episcopum,
3219 3331 3273 3378 et
3300 3322 3591 3394 Cyriacum
3621 3334 3837 3375 servum

550 3415 700 3469 misit
722 3414 786 3467 ad
806 3414 1227 3469 Theodelindam
1249 3415 1596 3485 Hippolytum
1622 3418 1889 3472 notarium
1911 3428 1965 3473 et
1984 3417 2144 3473 Joan-

522 3560 527 3565 .
553 3523 681 3562 nem
710 3507 992 3573 abbatem,
1040 3508 1131 3577 qui
1161 3524 1278 3563 eam
1308 3519 1627 3563 revocarent
1654 3510 1720 3565 ab
1751 3528 1968 3578 errore;
2002 3512 2145 3582 quod

556 3608 612 3654 et
641 3600 835 3654 litteris
860 3601 973 3654 suis
1004 3610 1258 3671 praestare
1289 3611 1516 3657 conatus
1545 3611 1629 3657 est
1659 3602 1806 3671 (Lib.
1838 3622 1922 3667 iv,
1954 3623 2034 3685 ep.
2066 3607 2144 3675 4).

557 3687 774 3745 Priores
801 3690 1015 3760 quidem
1049 3690 1213 3760 ipsius
1244 3691 1451 3746 litteras
1480 3692 1678 3761 reginae
1708 3693 2007 3750 oﬁerendas
2040 3712 2146 3751 non

556 3783 769 3859 censuit
797 3782 1177 3847 Constantius,
1207 3783 1352 3851 quod
1382 3784 1436 3837 in
1466 3785 1543 3839 eis
1569 3800 1749 3840 rerum
1780 3794 2022 3857 tempore
2052 3787 2147 3842 Ju-

554 3873 777 3928 stiuiaui
808 3872 1028 3942 Augusti
1058 3880 1362 3941 gestarum,
1396 3882 1451 3929 et
1479 3876 1679 3944 quinta:
1701 3877 1893 3947 synodi
1922 3878 2149 3933 mentio-

553 3981 678 4020 nem
723 3965 1025 4034 injecisset,
1078 3980 1182 4034 qua
1224 3964 1421 4021 offendi
1452 3968 1714 4036 potuisset
1758 3969 1875 4037 ejus
1915 3970 2144 4024 animus.

556 4058 775 4114 Alteras
823 4072 953 4112 vero
1000 4058 1146 4113 misit
1194 4057 1246 4112 in
1294 4059 1489 4127 quibus
1535 4058 1853 4117 Constantio
1904 4064 2149 4118 suadenti

554 4163 765 4203 morem
786 4162 999 4216 gerens,
1032 4148 1099 4201 de
1129 4148 1217 4201 illa
1243 4149 1448 4218 synodo
1470 4150 1639 4220 siluit,
1670 4161 1721 4207 et
1750 4161 1983 4221 quatuor
2004 4154 2150 4222 prio~

555 4255 646 4295 res
676 4245 883 4292 tantum
907 4237 1178 4305 laudavit,
1227 4240 1592 4309 imprimisque
1633 4242 2147 4310 Clialccdonensem,

555 4330 712 4399 cujus
740 4330 1049 4384 auctoritati
1078 4330 1381 4385 detractum
1406 4333 1467 4387 iri
1495 4346 1591 4403 per
1611 4337 1770 4389 trium
1792 4337 2148 4405 capitulorum

559 4421 963 4475 damnationem
985 4422 1310 4477 schismatici
1340 4426 1717 4480 causabantur.
1752 4427 1948 4481 Amoto
1972 4427 2151 4494 itaque

553 4510 664 4568 hoc
691 4512 975 4583 scrupulo,
1032 4514 1398 4569 sanctissimus
1428 4515 1667 4585 pontifex
1698 4518 1945 4571 hortatur
1973 4517 2148 4586 piissi-

553 4618 699 4659 mam
728 4605 991 4671 reginam,
1023 4613 1084 4660 ut
1111 4606 1375 4675 imperitis
1400 4608 1687 4678 stultisque
1716 4607 2022 4662 hominibus
2053 4609 2151 4662 mi-

2250 3416 2376 3482 Dei,
2420 3416 2667 3471 abbatem
2705 3416 2761 3471 S.
2802 3417 3048 3472 Andrem.
3093 3418 3174 3473 Ab
3215 3417 3402 3472 iisdem
3442 3424 3628 3487 postea
3657 3414 3845 3469 didicit

2252 3526 2356 3565 non
2400 3510 2547 3563 solos
2588 3509 2993 3577 Barbaricinos,
3037 3511 3131 3566 sed
3171 3512 3401 3566 rusticos
3429 3509 3544 3565 fere
3570 3524 3759 3565 omnes
3788 3510 3842 3563 in

2249 3600 2494 3655 Sardinia
2543 3602 2861 3656 idololatria:
2891 3586 3098 3657 deditos
3130 3600 3298 3669 (Ibid.
3331 3619 3412 3673 ep.
3446 3600 3568 3672 25).
3600 3602 3843 3672 Quapro-

2248 3698 2368 3761 pter
2397 3692 2611 3761 scripsit
2638 3692 2921 3747 confeStim
2966 3692 3033 3745 ad
3076 3690 3284 3748 nobiles
3324 3699 3378 3747 et
3419 3691 3485 3746 ad
3524 3694 3750 3747 caeteros
3786 3690 3842 3745 in

2248 3782 2495 3837 Sardinia
2542 3790 2886 3853 possessores,
2933 3794 2989 3841 ut
3034 3787 3249 3843 rusticis
3295 3801 3325 3840 a
3372 3787 3522 3842 cultu
3576 3785 3842 3840 idolorum

2251 3879 2560 3933 avertendis
2614 3886 2668 3933 et
2722 3880 3063 3935 retrahendis
3110 3880 3482 3953 invigilat-ent;
3536 3875 3843 3948 signiﬁcans

2252 3968 2384 4023 nihil
2409 3969 2509 4023 sibi
2527 3969 2729 4039 gratius
2754 3979 2845 4023 aut
2867 3970 3153 4039 jucundius
3168 3971 3236 4025 ab
3259 3971 3388 4040 ipsis
3410 3983 3570 4040 posse
3586 3968 3842 4033 nuntiari,

2251 4074 2410 4129 quam
2434 4068 2564 4128 quot
2584 4060 2811 4129 quisque
2842 4060 3156 4115 idololatras
3185 4061 3250 4116 ad
3272 4059 3542 4115 Christum
3566 4058 3846 4128 perduxis-

2251 4160 2355 4204 set.
2390 4148 2679 4204 Strenuam
2712 4151 2777 4205 ad
2807 4151 2910 4205 hoc
2940 4165 3161 4221 operam
3196 4152 3413 4206 navavit
3441 4149 3680 4205 Zabarda
3710 4146 3842 4201 Sar-

2252 4240 2408 4295 diniae
2444 4241 2582 4307 dux,
2625 4242 2693 4298 de
2740 4258 2848 4311 quo
2875 4242 3027 4297 Felix
3053 4252 3108 4297 et
3145 4242 3401 4315 Cyriacus
3428 4241 3494 4296 ad
3524 4239 3844 4308 Gregorium

2251 4333 2602 4399 scripserant,
2650 4340 2773 4387 eum
2813 4340 2937 4388 cum
2968 4333 3326 4389 Barbaricinis
3366 4346 3434 4388 eo
3478 4339 3639 4402 pacto
3666 4332 3845 4384 facere

2253 4436 2440 4491 pacem
2470 4422 2775 4491 disponere,
2812 4431 2868 4477 ut
2887 4421 3085 4479 Christi
3116 4421 3273 4479 ﬁdem
3305 4429 3359 4477 et
3386 4422 3699 4476 servitutem
3732 4435 3845 4472 am-

2253 4514 2624 4584 plecterentur
2646 4514 2808 4585 (Ibid.
2821 4558 2837 4584 ,
2859 4532 2939 4586 ep.
2966 4516 3080 4587 24).
3102 4515 3177 4569 Ea
3195 4516 3261 4571 de
3282 4528 3444 4571 causa
3462 4515 3703 4584 piissimo
3719 4511 3844 4567 duci

2253 4606 2455 4674 gratias
2480 4607 2589 4674 egit
2616 4606 2855 4676 pontifex
2886 4608 3286 4673 sanctissimus,
3320 4616 3375 4663 et
3406 4607 3782 4677 pnedicatorcs
3814 4622 3845 4657 a

553 4696 702 4751 nime
727 4696 914 4751 credat
934 4734 950 4760 ,
996 4706 1294 4768 careatque
1322 4700 1390 4755 ab
1414 4698 1694 4755 catholicae
1726 4699 1977 4755 Ecclesia:
2003 4715 2153 4754 como
2181 4716 2237 4776 Ῑ)
2256 4715 2315 4755 se
2342 4699 2533 4754 missos
2571 4699 2989 4754 commendavit.
3029 4698 3178 4755 Tunc
3206 4698 3559 4769 HoSpitonem
3594 4696 3845 4750 Barbari-

554 4786 817 4840 munione
857 4788 1129 4869 separari;
1182 4804 1250 4843 ne
1296 4797 1374 4844 tot
1425 4790 1539 4858 ejus
1567 4790 1847 4860 lacrymm,
1902 4798 2151 4860 tantaque

558 4876 704 4931 bona
735 4892 898 4947 opera
926 4880 1187 4949 perirent,
1218 4883 1263 4937 si
1293 4899 1321 4936 a
1354 4892 1476 4937 vera
1507 4882 1609 4937 ﬁde
1635 4884 1809 4937 aliena
1842 4885 2147 4941 inveniren-

555 4976 666 5024 tur.
701 4969 857 5023 Decet
884 4987 1028 5043 ergo,
1064 4972 1256 5043 inquit,
1289 4972 1520 5029 Gloriam
1547 4982 1785 5040 vestram,
1821 4976 1890 5028 ad
1915 4993 2149 5031 reveren—

558 5064 822 5117 dissimum
866 5068 1078 5135 fratrem
1112 5076 1161 5121 et
1190 5069 1544 5137 coepiscopum
1573 5085 1737 5123 meum
1768 5070 2146 5134 Constantium,

556 5158 704 5226 cujus
725 5164 773 5209 et
798 5158 945 5226 ﬁdes,
980 5166 1029 5211 et
1055 5159 1156 5212 vita
1184 5158 1310 5212 bene
1331 5148 1452 5214 olim
1474 5161 1598 5214 mihi
1622 5161 1907 5232 approbata
1930 5170 2024 5226 est,
2056 5161 2146 5215 sub

556 5252 694 5303 omni
721 5250 980 5305 celeritate
1003 5254 1376 5318 transmittere,
1420 5255 1564 5327 eique
1592 5254 1799 5309 directis
1832 5255 2011 5309 vestris
2038 5257 2146 5324 epi-

552 5339 701 5394 stolis
732 5342 965 5395 indicare
990 5341 1373 5398 ordinationem
1400 5346 1513 5415 ejus
1541 5360 1695 5415 quam
1733 5343 1946 5416 benigne
1974 5362 2147 5400 susce-

557 5430 733 5499 pistis,
768 5440 819 5485 et
846 5435 969 5504 quia
1012 5433 1077 5486 ab
1105 5434 1218 5504 ejus
1260 5433 1511 5489 Ecclesia:
1539 5435 1893 5488 communione
1918 5437 1974 5487 in
2004 5437 2146 5489 nullo

554 5523 893 5590 separantini.

628 5610 680 5664 ὅ.
724 5611 905 5666 Rediit
940 5612 1009 5667 ad
1050 5619 1310 5671 unitatem
1348 5614 1599 5670 Ecclesiae
1635 5613 2046 5684 prudentissima
2092 5626 2147 5669 et
2190 5598 2195 5601 ⁸

554 5698 1010 5757 Christianissima
1036 5708 1234 5774 regina,
1260 5706 1501 5774 quamvis
1522 5705 1588 5759 ad
1612 5704 2018 5759 condemnanda
2043 5706 2143 5759 tria

556 5794 787 5861 capitula
818 5795 1036 5849 minime
1068 5797 1254 5850 adduci
1283 5796 1556 5864 potuerit;
1589 5806 1681 5852 aut
1712 5806 1861 5851 certe
1890 5798 1941 5851 id
1970 5799 2012 5853 si
2045 5798 2145 5852 ali-

504 5954 505 5957 ,
556 5881 769 5951 quando
808 5881 1149 5949 impetratum
1189 5896 1271 5936 est
1308 5886 1376 5939 ab
1413 5901 1508 5952 ea,
1550 5888 1755 5942 tardius
1783 5889 2027 5955 contigit.
2077 5888 2147 5941 At

632 5979 655 6005 α
685 5969 820 6024 Vide
846 5986 1006 6039 supra
1032 5987 1151 6041 cap.
1185 5972 1237 6040 5,
1268 5991 1413 6030 num.
1447 5977 1538 6035 il.

2256 4788 2503 4842 cinorum
2534 4788 2727 4843 ducem
2765 4787 2877 4857 jam
2904 4786 3269 4842 Christianum
3309 4786 3542 4854 factum,
3588 4794 3735 4855 patet
3776 4802 3845 4839 ex

2253 4879 2479 4949 epistola
2521 4880 2587 4935 ad
2623 4881 2795 4949 ipsum
2826 4881 3024 4950 scripta
3056 4878 3249 4949 (lbid.,
3282 4895 3364 4949 ep.
3403 4878 3540 4949 25),
3571 4894 3677 4947 qua
3706 4876 3845 4941 Gre-

2253 4971 2437 5038 gorius
2465 4971 2532 5025 de
2570 4980 2715 5026 recta
2760 4969 2865 5025 ﬁde
2902 4972 2971 5026 ab
3014 4986 3081 5026 eo
3121 4979 3367 5041 suscepta
3404 4986 3528 5026 eum
3574 4968 3843 5033 laudavit;

2253 5059 2531 5116 admonuit
2571 5069 2749 5117 autem
2793 5076 2975 5116 veram
3019 5061 3181 5117 ﬁdem
3227 5062 3386 5116 bonis
3431 5060 3683 5131 operibus
3726 5075 3845 5113 esse

2253 5154 2729 5223 comprobanlam,
2758 5155 2973 5223 insuper
3001 5153 3119 5223 ejus
3140 5152 3303 5208 ofﬁcii
3324 5169 3443 5210 esse
3470 5163 3527 5209 ut
3554 5168 3843 5222 quoscum-

2254 5260 2359 5311 que
2404 5254 2590 5315 posset
2625 5260 2689 5299 ex
2732 5244 2960 5300 subditis
2987 5244 3054 5299 ad
3094 5243 3365 5299 Christum
3408 5230 3737 5308 adduceret,
3779 5262 3843 5295 at:

2252 5339 2636 5408 praedicatores
2674 5354 2862 5393 eorum
2896 5338 3237 5394 conversioni
3281 5338 3590 5393 iasudaute
3632 5336 3842 5390 solutiis

2252 5428 2459 5484 foveret
2485 5430 2821 5485 necessariis.

2326 5520 2462 5586 Quid
2488 5522 2563 5575 illi
2599 5533 2724 5577 tunc
2754 5522 3053 5591 profuerint
3105 5523 3237 5580 satis
3262 5538 3370 5577 non
3410 5522 3601 5591 liquet.
3632 5518 3707 5571 Ex
3736 5518 3839 5571 alia

2249 5614 2473 5682 epistola
2520 5614 2610 5668 diu
2640 5628 2829 5684 postea
2858 5616 3059 5683 scripta
3100 5613 3239 5685 (Lib.
3270 5630 3348 5679 xi,
3379 5630 3461 5682 ep.
3507 5610 3597 5680 ἓξ)
3628 5617 3839 5665 constat

2251 5708 2447 5760 multos
2479 5706 2651 5760 adhuc
2682 5707 2938 5762 barbaros
2967 5708 3017 5760 in
3048 5707 3292 5762 Sardinia
3323 5706 3680 5760 idololatriam
3717 5713 3841 5753 tunc

2250 5794 2470 5848 minime
2497 5794 2775 5863 abjecisse,
2819 5811 2952 5864 quos
2978 5796 3161 5852 tamen
3188 5796 3257 5852 ad
3293 5794 3451 5853 ﬁdem
3480 5788 3839 5851 Christianam

2252 5889 2679 5956 amplectendam
2724 5891 2979 5946 festinare
3018 5893 3204 5957 scribit
3241 5891 3429 5949 insula
3457 5886 3690 5963 pmsidi.
3732 5880 3838 5942 Bo-
