4138 6450
363 415 465 472 3H

852 412 910 468 S.
952 409 1279 469 GREGOltll
1322 410 1535 467 MAGNI
1577 408 1756 475 VITA,
1800 406 1891 463 EX
1931 403 2095 461 EJUS
2136 407 2435 465 SCRIPTIS
2473 411 2868 468 ADURNATA.
2914 411 3041 465 LlB.
3084 410 3146 465 ll.

3532 408 3636 463 542

353 533 479 588 dem
503 540 749 600 tempore
766 526 1267 599 jussit(Lib.Ix,ep.
1298 526 1390 599 2'5)
1422 534 1480 581 ut
1509 526 1698 580 Vitalis
1730 526 1785 578 in
1811 523 1933 578 Sar-
1970 526 2022 582 A
2048 530 2103 578 et
2142 527 2458 595 presbyteri,
2491 528 2585 582 sed
2615 528 2687 580 ita
2732 526 3086 594 negligenter,
3132 535 3190 579 ut
3219 526 3381 579 etiam
3413 526 3500 581 die
3524 526 3636 581 Do-

353 624 501 680 dinia
531 622 783 678 defensor
809 619 1155 675 Barbaricina
1178 618 1439 686 mancipia
1470 622 1848 686 compararet;
1878 629 1948 668 an

355 728 415 772 ut
445 732 508 771 ea
553 716 605 770 in
659 713 763 769 ﬁde
792 711 1083 768 erudienda
1133 719 1369 776 curaret,
1422 708 1718 777 iisdemque
1762 713 1949 777 postea

355 817 604 863 uteretur
632 806 699 860 ad
727 820 913 861 eorum
935 804 1223 874 populares
1250 802 1551 857 Christiana
1576 800 1681 855 ﬁde
1701 800 1947 856 imbuen-

356 898 502 955 dos?
531 897 729 955 Eodem
753 914 883 954 sane
912 897 1138 952 consilio
1168 895 1392 964 legimus
1433 908 1634 964 pueros
1663 892 1863 962 Anglos
1882 892 1947 947 ab

356 991 510 1043 annis
532 990 706 1043 decem
733 1002 781 1043 et
803 996 1019 1059 septem,
1046 987 1125 1041 vel
1152 987 1326 1040 decem
1349 994 1397 1040 et
1421 994 1556 1049 octo,
1589 985 1706 1055 ejus
1733 1000 1860 1040 cura
1891 993 1947 1041 et

363 1083 732 1138 muniﬁcentia
785 1090 1017 1154 emptos,
1045 1097 1109 1137 ac
1149 1082 1201 1137 in
1232 1082 1593 1148 monasteriis,
1626 1088 1685 1137 ut
1712 1082 1764 1136 in
1794 1080 1951 1137 Chri-

358 1175 532 1229 stiana
582 1175 843 1243 religione
884 1174 1313 1241 instituerentur,
1346 1176 1552 1244 positos
1592 1173 1729 1247 (Lib.
1755 1191 1828 1243 vi,
1861 1191 1945 1245 ep.

358 1262 458 1330 7);
504 1280 733 1334 quorum
782 1274 971 1334 postea
1019 1266 1319 1321 ministerio
1364 1281 1492 1320 usus
1521 1274 1622 1330 est,
1671 1265 1739 1321 ad
1784 1267 1948 1323 totius

356 1354 653 1421 Anglorum
682 1358 857 1424 gentis
877 1357 1288 1412 conversionem
1314 1395 1329 1419 ,
1362 1357 1429 1411 de
1456 1371 1563 1426 qua
1588 1356 1747 1410 intra.

431 1446 483 1501 5.
514 1448 639 1503 Ideo
683 1446 977 1517 Gregorius
1005 1447 1168 1504 Felici
1203 1455 1258 1504 et
1299 1447 1525 1518 Cyriaco
1564 1455 1747 1517 partes
1776 1449 1949 1517 impo-

358 1542 467 1595 suit
513 1542 864 1597 annuntiandi
905 1544 957 1596 in
1005 1541 1255 1597 Sardinia
1286 1541 1561 1611 Evangelii
1610 1542 1855 1598 barbaris
1894 1552 1981 1599 et‘

356 1628 596 1693 rusticis,
644 1628 769 1698 quia
826 1629 1013 1683 insulm
1042 1629 1203 1699 hujus
1245 1630 1484 1699 episcopi
1522 1644 1710 1698 parum
1756 1629 1822 1684 de
1848 1645 1947 1685 eo-

353 1734 475 1775 rum
514 1721 687 1775 salute
729 1720 943 1775 solliciti
986 1721 1323 1776 videbantur.
1357 1719 1451 1775 llis
1481 1721 1660 1775 verbis
1703 1721 1949 1790 increpat

358 1807 591 1866 Januarii
620 1812 908 1867 Calaritani
961 1812 1222 1882 episcopi,
1255 1819 1309 1867 et
1338 1813 1502 1867 totius
1530 1812 1715 1866 insula:
1745 1820 1949 1867 metro-

2052 617 2249 672 minico
2275 617 2450 671 nullus
2475 617 2687 672 adesset
2714 618 2995 687 presbyter
3015 617 3107 686 qui
3134 616 3419 672 missarum
3440 615 3637 673 solem-

2054 710 2139 764 nia
2187 710 2507 765 celebraret.
2548 709 3000 764 Murmurantibus
3044 710 3147 765 hac
3180 709 3249 765 de
3296 724 3357 764 re
3384 710 3632 780 populis,

2050 803 2144 870 qui
2192 802 2331 858 istuc
2377 801 2680 857 devotionis
2726 803 2897 870 gratia
2947 802 3311 867 conﬂuebant,
3344 800 3638 871 Gregorius

2051 905 2262 951 matura
2289 896 2675 951 deliberatione
2694 894 2953 963 judicavit
2978 894 3230 951 socordes
3259 895 3380 951 illos
3406 895 3635 950 clericos

2052 987 2179 1042 inde
2206 986 2561 1052 amovendos,
2597 994 2652 1041 et
2682 986 2734 1040 in
2765 986 3092 1040 monasterio
3123 986 3246 1040 huic
3272 986 3513 1041 ecclesiae
3542 1000 3638 1040 co-

2052 1082 2287 1137 haerente
2308 1079 2689 1137 instituendam
2709 1094 2828 1134 esse
2857 1079 3245 1134 monachorum
3276 1080 3637 1151 congregatio-

2050 1189 2189 1237 nem,
2218 1172 2304 1228 cui
2332 1172 2581 1227 abbatem
2608 1169 2848 1240 praefecit
2877 1167 3119 1224 Maurum
3148 1168 3288 1236 (Lib.
3316 1186 3391 1239 ιν,
3413 1187 3496 1241 ep.
3524 1169 3634 1240 18).
3698 1204 3701 1205 ν

2051 1264 2301 1333 Legenda
2347 1270 2431 1319 est
2458 1277 2521 1317 ea
2560 1262 2628 1317 de
2668 1276 2728 1317 re
2752 1262 2981 1331 epistola
3022 1260 3089 1314 ad
3117 1260 3367 1314 eumdem
3394 1258 3636 1315 Maurum

2050 1371 2157 1427 qua
2186 1356 2236 1410 ei
2266 1364 2550 1419 terrarum,
2582 1354 2872 1418 redituum,
2917 1352 3254 1408 oblatiouum
3295 1350 3437 1405 illius
3462 1351 3641 1406 eccle-

2051 1452 2143 1507 sia:
2173 1465 2437 1505 summam
2463 1448 2981 1504 administrationem
3015 1444 3203 1500 tribuit
3226 1444 3340 1499 sive
3358 1442 3428 1497 ad
3452 1454 3636 1497 mona-

2051 1544 2272 1598 chorum
2301 1540 2525 1608 victum,
2572 1541 2687 1594 sive
2715 1539 2781 1593 ad
2829 1546 2973 1593 sarta
3016 1544 3176 1591 tecta.
3226 1532 3493 1590 Observat
3534 1532 3642 1588 hoc

2051 1635 2173 1690 loco
2225 1633 2569 1688 Mabillonius
2596 1631 2665 1686 ad
2697 1630 2930 1685 ﬁdelium
2956 1625 3369 1684 aediﬁcationem
3398 1624 3642 1695 aliquan-

2050 1727 2121 1781 do
2150 1726 2475 1787 conducere,
2511 1731 2568 1778 ut
2594 1722 2846 1778 monachi
2884 1722 2938 1775 in
2966 1719 3101 1775 locis
3130 1716 3500 1786 frequentibus
3525 1715 3641 1769 ins-

2054 1819 2331 1871 tituantur.
2365 1814 2471 1886 (Cf.
2513 1812 2722 1868 Mabill.
2751 1813 2863 1868 loco
2884 1812 3053 1873 laud.,
3086 1810 3155 1863 ad
3181 1825 3273 1863 an.
3304 1805 3456 1875 594.)

355 1906 579 1975 politani
628 1906 932 1961 socordiam
987 1914 1042 1959 et
1092 1906 1411 1973 segnitiem:
1466 1905 1697 1970 Accidit,
1750 1905 1945 1973 inquit,
1976 1903 2027 1965 B
2123 1908 2175 1961 8.
2202 1908 2430 1962 Aliunde
2457 1915 2638 1960 tamen
2668 1905 2900 1959 sollicite
2936 1904 3164 1958 cavebat
3205 1898 3642 1969 vigilantissimtis

353 1997 497 2050 aliud
525 1998 674 2050 valde
701 1997 1016 2067 lugendum:
1047 1997 1169 2066 quia
1193 1998 1332 2065 ipsos
1363 1997 1577 2050 rusticos
1600 2039 1614 2063 ,
1642 2012 1764 2067 quos
1790 1997 1941 2049 habet

354 2086 593 2142 Ecclesia
642 2099 746 2153 tua,
794 2105 1090 2157 nuncusque
1130 2090 1184 2141 in
1224 2087 1529 2157 infidelitate
1557 2104 1825 2142 remanere
1854 2104 1943 2141 ne-

354 2180 603 2251 gligentia
628 2180 970 2249 fraternitatis
1005 2187 1185 2233 vestrae
1214 2180 1462 2247 permisit.
1496 2177 1564 2231 Et
1592 2178 1716 2249 quid
1739 2193 1827 2231 vos
1848 2178 1944 2231 ad-

353 2287 537 2325 mones
562 2279 619 2323 ut
648 2280 922 2324 extraneos
949 2271 1018 2323 ad
1046 2269 1213 2323 Deum
1244 2269 1533 2331 addttcatis,
1560 2270 1644 2339 qui
1666 2278 1857 2322 vestros
1879 2266 1943 2320 ab

353 2362 662 2431 infidelitate
702 2365 959 2432 corrigere
997 2362 1302 2432 negligitis?
1335 2361 1483 2415 Unde
1526 2377 1732 2415 necesse
1758 2372 1833 2415 est
1857 2378 1944 2416 vos

353 2470 444 2523 per
473 2454 649 2507 omnia
685 2454 737 2506 in
784 2469 960 2506 eorum
1004 2454 1386 2507 conversionem
1438 2453 1671 2522 vigilare.
1730 2449 1872 2505 Nam
1900 2454 1945 2505 si

354 2547 625 2618 cujuslibet
653 2548 877 2617 episcopi
923 2547 978 2599 in
1010 2546 1260 2600 Sardinia
1290 2545 1460 2598 insula
1490 2560 1748 2615 paganum
1788 2544 1947 2597 rusti-

354 2652 477 2691 cum
499 2638 730 2691 invenire
756 2645 989 2706 potuero,
1037 2637 1091 2689 in
1135 2635 1369 2689 eumdem
1409 2636 1703 2703 episcopum
1745 2634 1947 2704 fortiter

354 2727 626 2781 vindicabo
653 2726 791 2797 (Lib.
827 2744 900 2795 tv,
929 2726 1131 2797 ep.26).

430 2819 484 2875 6.
514 2818 829 2874 Januarium
860 2819 1230 2888 despiciebant
1257 2820 1375 2887 ejus
1403 2818 1633 2873 ministri
1659 2826 1713 2871 et
1742 2816 1945 2883 clerici,

358 2911 502 2983 quod
543 2913 721 2967 nimiae
767 2919 911 2966 esset
954 2910 1353 2980 simplicitatis;
1387 2910 1527 2965 unde
1556 2909 1833 2964 oriebatur
1855 2923 1948 2962 ec-

359 3004 671 3059 clesiasticae
718 3003 1014 3072 disciplina:
1062 3003 1337 3071 neglectus
1391 3012 1446 3057 et
1492 3001 1757 3056 remissio.
1813 2998 1950 3054 Hinc

360 3092 589 3147 fortasse
618 3091 741 3147 data
777 3092 1104 3162 presbyteris
1132 3091 1346 3146 occasio
1384 3090 1759 3160 praesumendi,
1794 3105 1950 3144 sacro

361 3184 650 3238 chrismate
681 3183 936 3253 parvulos
967 3184 1022 3237 in
1051 3182 1228 3239 fronte
1254 3184 1488 3251 signare,
1534 3182 1673 3251 quod
1717 3198 1784 3236 ne
1810 3184 1949 3236 ultra

2047 2010 2201 2073 pater
2251 2014 2272 2037 ιι
2306 2016 2373 2055 ne
2422 2016 2485 2054 ex
2536 1999 2815 2052 mulierum
2865 1996 3141 2051 consortio
3188 1991 3448 2060 regularis
3500 1987 3642 2059 apud

2047 2097 2343 2150 monachos
2363 2095 2641 2162 disciplina
2664 2090 3097 2145 labefactaretur.
3130 2084 3279 2140 Unde
3298 2082 3643 2138 Valentiam

2050 2186 2297 2240 abbatem
2354 2185 2598 2253 increpat
2642 2180 2786 2251 quod
2844 2179 3096 2233 mulieres
3147 2176 3202 2230 in
3248 2170 3651 2243 monasterium

2048 2293 2205 2332 suum
2223 2277 2500 2329 ascendere
2518 2275 2818 2337 sineret,ac
2840 2269 2955 2325 ﬁeri
2984 2268 3370 2323 monachorum
3401 2277 3641 2318 comma-

2050 2380 2162 2423 tres
2188 2387 2203 2432 ;
2254 2368 2413 2436 idque
2457 2382 2525 2420 ne
2555 2366 2779 2420 ulterius
2808 2362 3107 2430 contingat,
3137 2374 3260 2414 eum
3289 2355 3641 2413 severissima:

2052 2465 2269 2519 ultionis
2310 2461 2729 2517 comminatione
2775 2456 3025 2528 prohibet
3072 2452 3211 2526 (Lib.
3264 2468 3336 2517 tv,
3394 2467 3477 2521 ep.
3526 2446 3644 2516 42).

2054 2555 2243 2610 Utrum
2275 2554 2535 2609 arcendas
2564 2552 2816 2607 mulieres
2844 2549 2911 2603 ab
2942 2546 3291 2602 ecclesiarum
3320 2542 3645 2612 ubimona-

2053 2650 2138 2704 chi
2164 2648 2525 2702 observabant
2551 2653 2607 2699 et
2631 2657 2818 2697 sacras
2841 2640 3028 2694 laudes
3053 2635 3433 2707 persolvebant
3455 2629 3647 2685 introi-

2056 2750 2131 2805 tu,
2166 2739 2438 2795 cen~uerit
2464 2735 2775 2803 Gregorius,
2800 2734 3013 2798 hocque
3034 2728 3104 2783 ad
3134 2724 3479 2781 Valentinum
3506 2735 3642 2790 prae—

2056 2838 2216 2897 cepto
2246 2830 2505 2891 sanxerit,
2530 2825 2871 2893 exploratum
2895 2836 3001 2875 non
3032 2827 3134 2873 est.
3167 2814 3310 2870 Sane
3339 2814 3394 2867 in
3419 2810 3647 2881 epistola

2056 2922 2119 2974 41
2173 2922 2293 2975 libri
2342 2919 2562 2974 secundi
2610 2914 3029 2984 frequentiorem
3077 2916 3283 2963 tantum
3328 2904 3649 2961 feminarum

2057 3027 2332 3067 accessum
2356 3010 2422 3064 ad
2437 3007 2886 3064 monasteriorum
2910 3002 3167 3058 ecclesias
3188 2998 3398 3055 videtur
3424 2994 3651 3050 interdi-

2060 3122 2208 3161 cere.
2241 3104 2507 3157 Przeterea
2536 3100 2810 3171 basilicam
2844 3100 2901 3152 S.
2932 3095 3202 3151 Pancratii
3251 3091 3501 3161 martyris
3540 3088 3648 3142 fre-

2059 3196 2355 3263 quentabat
2381 3194 2716 3263 promiscuus
2741 3205 2924 3254 sexus,
2955 3190 3011 3243 in
3041 3187 3193 3255 cujus
3220 3184 3448 3254 gratiam
3470 3182 3652 3248 singu-

360 3278 515 3331 lieret
545 3273 820 3345 prohibuit
860 3275 1153 3345 Gregorius
1187 3275 1327 3349 (Lib.
1360 3292 1435 3345 iv,
1466 3294 1548 3347 ep.
1581 3273 1657 3345 9).
1701 3276 1836 3341 Quia
1868 3284 1951 3328 ta-

2062 3290 2126 3342 lis
2171 3286 2462 3341 Dominicis
2492 3284 2689 3339 ibidem
2730 3283 3011 3336 missarum
3042 3275 3302 3333 solemnia
3330 3269 3652 3329 celebranda

359 3382 484 3421 men
516 3368 723 3437 accepit
764 3376 949 3437 postea
974 3369 1234 3437 quosdam
1266 3369 1337 3422 ob
1364 3368 1505 3422 hanc
1532 3366 1952 3436 prohibitionem

246 3484 266 3503 -
359 3458 516 3513 valde
546 3456 803 3525 oliensos,
845 3458 987 3512 aliud
1032 3459 1394 3529 promulgavit
1439 3459 1715 3513 decretum
1757 3458 1809 3510 in
1839 3456 1956 3511 haec

359 3550 525 3604 verba
552 3570 565 3604 :
617 3550 855 3606 Pervenit
897 3567 1094 3623 quoque
1121 3552 1191 3604 ad
1220 3567 1313 3606 nos
1343 3550 1592 3622 quosdam
1620 3548 1949 3602 scandaliza~

361 3651 440 3696 tos
483 3644 642 3713 fuisse
669 3646 806 3717 quod
843 3644 1168 3715 presbyteros
1197 3644 1477 3696 chrismate
1504 3652 1715 3712 tangere
1744 3656 1829 3695 eos
1871 3643 1956 3712 qui

359 3734 666 3804 baptizandi
695 3747 833 3801 sunt,
886 3736 1259 3807 prohibuimus.
1313 3734 1380 3788 Et
1410 3751 1502 3789 nos
1531 3735 1736 3805 quidem
1776 3750 1954 3787 secun-

357 3827 481 3878 dum
524 3842 672 3879 usum
704 3835 918 3880 veterem
968 3826 1216 3879 Ecclesia:
1246 3833 1438 3879 nostra?
1480 3826 1735 3894 fecimus;
1784 3824 1872 3876 sed
1911 3823 1955 3875 si

358 3918 573 3970 omnino
605 3917 698 3969 hac
725 3918 789 3971 de
814 3935 870 3970 re
894 3915 1051 3987 aliqui
1082 3917 1475 3978 contristantur,
1508 3916 1593 3969 ubi
1621 3917 1845 3985 episcOpi
1876 3917 1958 3969 de-

361 4019 502 4071 sunt,
558 4020 613 4062 ut
659 4010 939 4081 presbyteri
998 4010 1154 4062 etiam
1202 4010 1255 4062 in
1311 4007 1565 4078 frontibus
1618 4006 1956 4075 baptizandos

359 4103 637 4156 chrismate
656 4114 866 4175 tangere
886 4103 1125 4165 debeant,
1148 4104 1474 4157 concedimus
1517 4099 1567 4173 (1
1574 4100 1705 4170 bid.,
1734 4118 1814 4171 ep.
1840 4100 1955 4169 26).

359 4192 438 4247 De
491 4193 648 4262 hujus
679 4194 881 4249 decreti
930 4210 1091 4249 sensu
1135 4192 1493 4261 digladientur
1537 4193 1799 4263 theologi,
1841 4193 1959 4246 aliis

359 4284 680 4354 permissum
722 4285 1050 4355 presbyteris
1081 4294 1140 4339 ut
1166 4293 1561 4341 sacramentum
1589 4285 1956 4341 conﬁrmatio-

360 4377 445 4432 nis
490 4376 866 4434 administrent
920 4377 1391 4441 contendentibus,
1445 4378 1564 4432 aliis
1612 4378 1951 4446 negantibus.

362 4467 595 4523 Mentem
621 4478 860 4525 nostram
885 4471 1028 4525 circa
1051 4471 1407 4540 quaestionem
1437 4478 1493 4524 et
1534 4473 1955 4526 controversiam

363 4563 501 4618 hanc
530 4564 659 4618 satis
682 4564 990 4634 aperuimus
1018 4565 1073 4619 in
1103 4565 1246 4619 notis
1283 4563 1349 4618 ad
1381 4563 1627 4619 laudatas
1668 4564 1952 4632 epistolas,

362 4669 497 4723 quas
518 4655 827 4725 diligentem
850 4658 1106 4713 lectorem
1128 4657 1415 4713 consulere
1441 4671 1550 4710 non
1581 4658 1780 4725 pigeat.

437 4747 488 4800 7.
523 4746 594 4802 Ut
622 4763 708 4803 res
736 4748 1078 4813 monasticas,
1108 4764 1225 4818 quae
1252 4747 1514 4818 Gregorio
1553 4763 1767 4817 semper
1806 4747 1955 4803 cordi

363 4836 596 4904 fuerunt,
630 4854 773 4894 nunc
802 4839 1149 4906 attingamus,
1180 4838 1247 4893 ad
1288 4845 1539 4906 quartum
1582 4837 1700 4905 ejus
1741 4838 1956 4907 pontiﬁ-

364 4939 518 4984 catus
561 4946 759 4984 annum
788 4930 1061 4998 pertinere
1099 4930 1311 4983 videtur
1349 4928 1494 4999 quod
1525 4931 1589 4983 de
1635 4928 1801 4995 ipsius
1828 4943 1954 4997 erga

365 5022 754 5076 monasterium
786 5020 1111 5074 Sublacense
1140 5019 1266 5073 olim
1296 5034 1326 5072 a
1358 5018 1414 5073 S.
1442 5018 1734 5074 Benedicto
1763 5018 1953 5073 condi-

366 5118 501 5176 tum,
546 5122 600 5165 et
641 5111 976 5167 Honoratum
1006 5111 1254 5164 abbatem
1284 5152 1298 5175 ,
1331 5110 1689 5165 munilicentia
1720 5111 1947 5180 legitur:

367 5201 618 5256 nimirum
650 5217 771 5256 eum
814 5216 935 5255 cum
980 5216 1073 5254 sua
1119 5210 1289 5255 matre
1329 5201 1491 5256 Silvia
1538 5202 1664 5256 b’uic
1709 5201 1954 5258 czenobio

366 5294 612 5347 Castrum
656 5280 997 5365 Apollonium
1024 5301 1078 5347 et
1129 5294 1232 5347 alia
1281 5294 1449 5347 multa
1495 5294 1635 5347 bona
1663 5294 1955 5349 contulisse

369 5381 669 5453 (Mabillon.
694 5384 887 5438 Annal.
915 5383 1107 5438 Bened.
1128 5383 1218 5438 lib.
1238 5400 1349 5450 vni,
1365 5401 1505 5437 num.
1531 5380 1618 5448 44,
1646 5403 1766 5454 pag.
1801 5384 1954 5454 2'51).

439 5476 625 5545 Neque
654 5479 1021 5547 pmtereunda
1052 5494 1171 5550 qua:
1200 5478 1304 5533 hoc
1325 5494 1467 5533 anno
1495 5479 1737 5545 contigit,
1759 5479 1954 5533 admis-

368 5567 449 5619 sio
491 5569 879 5625 monachorum
906 5569 959 5623 in
990 5570 1274 5625 ecclesiam
1304 5568 1361 5624 S.
1397 5567 1683 5634 Pancratii,
1710 5586 1829 5638 quae
1861 5569 1962 5624 Ro-

369 5674 471 5713 ma:
497 5660 582 5714 via
608 5662 823 5717 Aurelia
851 5663 1012 5715 etiam
1044 5678 1186 5717 nunc
1213 5670 1406 5717 exstat.
1433 5661 1490 5717 In
1517 5679 1579 5717 ea
1611 5663 1756 5733 prius
1776 5665 1961 5718 minis-

371 5760 649 5810 traverant
676 5762 732 5809 et
760 5768 872 5807 rem
896 5768 1102 5809 sacram
1128 5765 1447 5810 curaverant
1470 5756 1650 5810 clerici
1676 5754 1959 5811 saeculares

446 5898 473 5929 -
502 5880 639 5950 Vide
662 5888 755 5949 lib.
786 5902 860 5959 ιι,
894 5902 979 5961 ep.
1008 5887 1097 5955 ss,
1121 5889 1250 5945 olim
1280 5888 1348 5943 eo
1371 5889 1490 5943 mm
1520 5905 1595 5945 IX.

2057 3380 2336 3444 decrevit;
2379 3380 2564 3446 inqua
2610 3384 2790 3431 tamen
2836 3371 3136 3428 monachos
3184 3367 3373 3422 maluit
3415 3364 3652 3419 militare

2056 3489 2217 3542 quam
2240 3472 2482 3527 clericos.

2130 3564 2285 3634 21.7
2338 3563 2391 3616 9.
2437 3560 2577 3629 Erga
2624 3558 2907 3621 moniales,
2951 3555 3021 3610 ob
3067 3566 3257 3607 sexum
3297 3547 3646 3634 fragiliorem,

2057 3632 2320 3725 majorem
2346 3651 2765 3719 sollicitudinem
2794 3658 2851 3703 et
2873 3645 3201 3701 severiorem
3230 3638 3532 3696 custodiam
3556 3632 3655 3688 ad-

2060 3746 2345 3803 hibendam
2374 3754 2543 3809 ratus,
2570 3745 2683 3797 haec
2709 3742 2775 3795 ad
2794 3739 3107 3794 Januarium
3135 3733 3522 3791 Caralitanum,
3546 3728 3654 3781 hoc

2060 3839 2173 3892 fere
2212 3838 2431 3890 ineunte
2473 3850 2613 3886 anno
2640 3832 2853 3900 scripsit
2879 3848 2891 3881 :
2920 3828 3162 3882 Pervenit
3190 3826 3258 3877 ad
3285 3839 3380 3876 nos
3407 3821 3578 3873 minus
3606 3826 3656 3871 te

2060 3928 2390 3982 monasteriis
2421 3924 2730 3978 ancillarum
2755 3921 2853 3975 Dei
2886 3922 2942 3974 in
2970 3918 3223 3974 Sardinia
3265 3915 3377 3968 sitis
3419 3911 3652 3965 tuitionis

2061 4021 2393 4092 impendere:
2417 4027 2467 4072 et
2505 4028 2621 4069 cum
2646 4016 2955 4083 dispositum
2982 4029 3014 4063 α
3044 4011 3145 4064 tuis
3174 4007 3450 4078 prudenter
3472 4002 3655 4075 fuisset

2062 4109 2430 4177 decessoribus,
2459 4117 2515 4160 ut
2537 4106 2749 4179 quidam
2773 4104 2836 4157 de
2861 4103 2997 4157 clero
3018 4099 3221 4172 probati
3244 4097 3341 4151 viri
3362 4109 3540 4149 curam
3562 4107 3651 4163 ge-

2060 4212 2250 4267 rentes,
2275 4217 2454 4255 earum
2466 4215 2521 4254 se
2532 4194 2920 4253 necessitatibus
2930 4191 3230 4248 adhiberent
3248 4206 3266 4243 :
3290 4203 3426 4241 nunc
3446 4185 3655 4255 ita;fun-

2062 4298 2199 4350 ditus
2223 4312 2333 4350 esse
2364 4294 2665 4364 neglectum,
2694 4299 2750 4343 ut
2794 4304 2884 4357 per
2909 4286 3142 4356 publicas
3168 4295 3419 4351 personas
3440 4292 3533 4348 pro
3557 4275 3651 4329 tri-

2064 4391 2195 4444 butis
2224 4390 2440 4459 aliisque
2462 4386 2649 4439 muniis
2674 4384 2783 4450 ipse
2806 4396 2896 4451 per
2923 4396 2978 4433 se
3006 4374 3360 4449 principaliter
3381 4369 3493 4424 Deo
3518 4366 3657 4420 dica-

2064 4496 2129 4542 ta:
2169 4484 2374 4556 femina:
2400 4480 2775 4551 compellantur
2820 4477 2916 4542 ire,
2944 4470 3400 4535 necessitatemque
3423 4459 3653 4556 habeant

2063 4553 2481 4651 pro-supplendis
2508 4569 2772 4642 ﬁscalibus
2797 4583 2885 4634 per
2909 4565 3057 4619 villas
3077 4559 3371 4632 pratdiaque
3398 4553 3655 4651 discurre-

1979 4650 2038 4711 Β
2062 4643 2139 4738 re,
2188 4643 2337 4741 atque
2380 4666 2607 4721 virilibus
2636 4668 3037 4730 incompetenter
3075 4671 3131 4709 se
3162 4652 3375 4706 miscere
3406 4643 3648 4717 negotiis.

2064 4763 2213 4828 Quod
2263 4763 2457 4816 malum
2503 4757 2809 4829 fraternitas
2850 4758 2939 4804 tua
2974 4746 3119 4819 facili
3148 4742 3465 4797 correctione
3491 4752 3655 4791 remo-
3752 4747 3764 4755 ‘

2059 4866 2192 4921 veat,
2221 4863 2275 4907 ut
2304 4869 2463 4906 unum
2488 4851 2762 4921 probatum
2800 4847 2964 4897 virum
2994 4841 3098 4893 vita
3128 4834 3477 4904 moribusque,
3504 4831 3652 4901 cujus

2061 4956 2187 5002 tetas
2219 4957 2370 5014 atque
2400 4944 2539 4995 locus
2561 4940 2691 4992 nihil
2720 4939 2783 4989 de
2812 4952 2865 4988 se
2893 4948 3065 5003 prava:
3087 4927 3392 4999 suspicionis
3417 4923 3649 4996 objiciet,

2059 5041 2277 5095 sollicite
2302 5037 2525 5103 deputet,
2557 5032 2641 5102 qui
2685 5031 2759 5084 sic
2787 5023 3113 5081 monasteriis
3143 5021 3268 5090 ipsis
3295 5034 3411 5073 cum
3453 5014 3553 5069 Dei
3583 5015 3652 5067 ti-

2059 5144 2200 5183 more
2228 5125 2389 5197 possit
2414 5123 2653 5176 assistere
2675 5136 2690 5173 :
2720 5126 2969 5189 quatenus
2995 5114 3211 5167 ulterius
3235 5111 3308 5165 eis
3331 5124 3426 5179 pro
3451 5103 3654 5197 quibus-

2062 5217 2181 5273 libet
2209 5195 2378 5268 causis
2409 5214 2623 5283 privatis
2656 5208 2729 5263 vel
2758 5206 2972 5279 publicis
3003 5211 3151 5258 extra
3193 5197 3508 5255 venerabilia
3536 5195 3651 5249 loca

2061 5318 2240 5363 contra
2268 5306 2501 5375 regulam
2530 5302 2707 5372 vagari
2738 5316 2842 5353 non
2863 5298 3038 5364 liceat,
3067 5294 3158 5349 sed
3183 5288 3429 5366 quidquid
3453 5303 3547 5358 pro
3571 5286 3650 5339 his

2062 5401 2321 5471 agendum
2348 5408 2443 5461 est,
2472 5413 2562 5466 per
2584 5411 2699 5448 eum
2724 5409 2872 5463 quem
2902 5388 3241 5461 deputaveris,
3273 5379 3652 5438 rationabiliter

2063 5502 2360 5564 peragatur.
2394 5489 2534 5559 Ipsa:
2572 5503 2686 5540 vero
2716 5486 2993 5554 referentes
3032 5480 3143 5534 Deo
3183 5476 3362 5530 laudes
3388 5482 3539 5543 atque
3566 5487 3653 5523 co-

2064 5595 2288 5641 ercentes
2319 5583 2617 5652 semetipsas
2662 5580 2717 5633 in
2760 5571 3086 5630 monasteriis
3116 5570 3243 5632 suis,
3274 5564 3472 5619 nullam
3500 5577 3653 5617 occa-

2064 5682 2261 5733 sionem
2290 5676 2503 5729 ulterius
2545 5671 2780 5743 ﬁdelium
2824 5662 3075 5721 mentibus
3122 5673 3297 5727 prava:
3343 5656 3650 5725 suspicionis

2063 5772 2303 5843 injiciant
2333 5765 2473 5840 (Lib.
2501 5780 2572 5831 ιν,
2600 5780 2681 5834 cp.
2711 5759 2788 5831 9).
