4138 6462
453 5582 461 5597 ὶ

456 5624 467 5651 i

560 408 664 466 545

1046 402 1105 459 S.
1142 400 1470 459 GREGORII
1510 400 1727 459 MAGNI
1768 402 1948 471 VITA,
1989 401 2082 458 EX
2121 400 2286 460 EJIJS
2324 399 2632 458 SCRIPTIS
2671 400 3066 459 ADOBNATA.
3108 401 3236 458 LIB.
3270 400 3359 459 Ill.

3718 408 3832 465 διδ

623 521 714 579 10.
764 520 845 576 Ad
890 516 1136 575 eamdem
1165 514 1493 572 sanctissimi
1539 530 1692 586 papae
1724 514 2140 571 sollicitudinem
2168 520 2218 582 Α
2246 512 2314 569 50
2342 523 2605 585 statuunt,
2636 523 2695 570 ut
2737 516 2975 585 episcopi
3012 514 3222 571 clericis
3258 515 3647 573 monachorum
3691 535 3829 591 pro-

547 627 677 684 erga
708 609 971 667 moniales
997 614 1209 678 spectat
1234 620 1450 676 quoque
1470 605 1617 675 quod
1642 605 1923 662 constituit
1948 605 2013 659 ad
2037 605 2145 661 Ma-

547 703 867 764 ximianum,
899 700 1297 771 Syracusanum
1342 698 1677 769 episcopum,
1727 698 2010 753 scribens:
2042 697 2140 751 Ju-

545 793 786 849 venculas
834 792 1127 849 abbatissas
1170 795 1286 865 ﬁeri
1327 795 1769 851 vehementissime
1814 794 2140 865 prohibemus

547 884 683 956 (Lib.
722 900 795 952 tv,
824 901 903 955 ep.
940 884 1053 955 11).
1086 884 1248 941 Addit
1276 884 1451 941 nullas
1483 895 1509 921 ἰ
1549 883 1807 940 velandas
1833 891 1889 939 et
1915 883 2140 940 benedi-

549 973 750 1029 cendas
797 973 865 1029 ab
917 973 1184 1043 episcopis
1210 974 1266 1028 in
1305 973 1600 1030 abbatissas
1628 973 1731 1029 nisi
1759 973 2141 1041 sexagenarias

543 1062 798 1131 virgines,
830 1076 1058 1133 quarum
1082 1071 1215 1118 aetas
1238 1064 1341 1120 hoc
1368 1072 1530 1133 atque
1557 1078 1739 1120 mores
1764 1066 2063 1133 exegerint.

614 1153 810 1210 Mirum
857 1155 1087 1211 fortasse
1132 1156 1402 1213 videbitur
1452 1155 1769 1226 Gregorium
1824 1164 2029 1213 tantam
2079 1158 2137 1214 in

458 1254 461 1259 ’
541 1247 830 1306 abbatissis
849 1248 1026 1305 aetatis
1043 1249 1410 1305 maturitatem
1431 1248 1760 1319 requisiisse.
1787 1248 1988 1305 Verum
2009 1250 2135 1306 alibi

541 1340 727 1407 docet,
779 1356 875 1398 eos
922 1341 1014 1412 qui
1061 1342 1489 1413 impugnantium
1536 1342 1800 1401 vitiorum
1838 1344 2133 1399 certamina

538 1434 719 1491 adhuc
747 1434 1019 1502 tolerant,
1052 1436 1197 1505 quod
1223 1436 1278 1491 in
1312 1436 1595 1505 juventute
1639 1446 1696 1494 et
1724 1438 1779 1493 in
1805 1438 1945 1494 virili
1972 1447 2134 1495 rotate

537 1539 685 1596 saepe
712 1524 792 1590 ﬁt,
836 1525 1063 1583 aliorum
1090 1541 1276 1583 curam
1311 1528 1584 1599 suscipere
1612 1545 1719 1586 non
1748 1529 1966 1586 debere.
2002 1529 2130 1585 Sta-

540 1622 641 1677 tim
662 1629 843 1677 autem
864 1637 929 1679 ac
950 1622 1155 1679 domita
1182 1630 1307 1679 sunt
1326 1623 1480 1693 vitia,
1504 1624 1666 1679 etiam
1686 1620 1934 1694 juvenes,
1957 1625 2130 1681 incul-

538 1721 668 1784 pate
704 1723 931 1787 possunt
968 1729 1182 1771 morum
1228 1716 1470 1787 magistri
1510 1716 1713 1787 judicio
1752 1718 2127 1789 episcoporum

534 1812 594 1861 et
632 1806 976 1876 praelatorum
1021 1806 1273 1862 constitui
1296 1846 1314 1872 ,
1364 1806 1591 1878 aliisque
1628 1808 1877 1878 regendis
1905 1808 2121 1879 praefici.

2247 608 2477 677 positum
2530 607 2927 678 appetentibus,
2977 606 3102 676 quia
3151 606 3429 663 meliorem
3479 610 3644 664 vitam
3672 611 3827 680 sequi

2244 699 2483 769 cupiunt,
2534 698 2735 753 liberos
2763 698 2816 752 in
2839 697 3178 753 monasteriis
3204 696 3498 769 largiantur
3527 700 3827 769 ingressus.

2242 791 2412 847 Cavet
2440 792 2601 861 igitur
2630 790 3060 860 sapientissimus
3086 804 3221 859 papa
3248 789 3466 845 laudata
3494 791 3746 861 epistola,
3775 800 3827 847 ut

2242 883 2563 955 presbyteri,
2610 881 2845 950 diaconi,
2877 892 2971 936 aut
3015 881 3107 936 alii
3136 881 3337 945 clerici,
3364 883 3585 939 abbates
3614 884 3667 939 in
3709 901 3805 939 mo

2240 974 2490 1031 nasteriis
2516 989 2624 1029 non
2654 972 2786 1029 ﬁant
2812 982 2866 1029 et
2892 973 3228 1041 ordinentur,
3258 974 3358 1028 nisi
3388 984 3509 1044 post
3534 976 3829 1046 legitimam

2238 1066 2635 1137 probationem,
2679 1074 2735 1121 et
2760 1065 3019 1121 diutinam
3050 1066 3104 1120 in
3132 1066 3432 1121 monastica
3462 1067 3571 1122 vita
3617 1070 3807 1124 exerci

2239 1159 2520 1224 tationem,
2536 1159 2825 1231 omissaque
2844 1160 2990 1230 prius
3014 1159 3287 1213 clericatus
3302 1160 3493 1214 militia
3512 1159 3654 1231 (Lib.
3680 1178 3715 1227 ι,
3743 1180 3829 1231 ep.

2236 1248 2349 1319 42),
2383 1250 2487 1305 hoc
2510 1257 2594 1305 est
2617 1250 2810 1305 relicto
2840 1250 2933 1305 illo
2960 1248 3213 1306 Ecclesiae
3228 1250 3403 1317 titulo,
3435 1253 3522 1307 cui
3551 1268 3648 1323 per
3672 1269 3830 1308 suam

2234 1345 2627 1402 ordinationem
2655 1352 2810 1400 erant
2832 1345 3055 1414 alligati,
3095 1354 3151 1402 et
3178 1356 3237 1402 ut
3264 1347 3556 1418 aliquando
3588 1350 3829 1419 loquitur

2234 1434 2525 1507 Gregorius
2550 1479 2566 1503 ,
2620 1436 2966 1492 incardinati.
3012 1435 3215 1493 Eadem
3268 1438 3480 1494 ratione
3516 1439 3641 1494 alibi
3681 1448 3828 1495 vetat

2232 1544 2327 1584 eos
2354 1529 2445 1600 qui
2487 1528 2787 1584 clericalem
2827 1528 3071 1584 militiam
3097 1545 3219 1585 cum
3248 1533 3547 1587 monastica
3572 1543 3828 1590 mutave-

2232 1622 2361 1689 rint,
2398 1637 2499 1693 pro
2526 1621 2748 1678 arbitrio
2788 1622 2855 1677 ad
2886 1638 3039 1677 suam
3066 1624 3263 1679 reverti
3288 1624 3466 1681 denuo
3495 1624 3821 1682 Ecclesiam.

2238 1712 2336 1769 Ubi
2364 1714 2538 1770 obiter
2564 1713 2859 1770 notandum
2898 1713 3015 1769 dari
3047 1730 3077 1769 a
3107 1722 3297 1770 sancto
3324 1730 3464 1786 papa
3496 1717 3705 1772 clericis
3733 1732 3832 1772 co-

2230 1806 2372 1876 piam
2418 1804 2803 1875 amplectendze
2843 1804 2966 1859 vitae
3009 1806 3322 1863 monastica:
3367 1806 3451 1861 his
3486 1806 3708 1861 verbis:
3762 1806 3831 1862 Si

539 1897 690 1954 Unde
718 1898 776 1954 S.
826 1896 1120 1968 Gregorius
1146 1898 1367 1955 minime
1409 1898 1735 1971 improbavit
1770 1899 1987 1955 beatum
2016 1899 2121 1955 Be-
2153 1914 2201 1976 Β
2228 1914 2354 1969 quos
2384 1905 2555 1952 autem
2582 1897 2807 1969 qualibet
2836 1898 3108 1953 occasione
3144 1915 3177 1951 a
3202 1898 3446 1952 clericatu
3475 1900 3529 1953 in
3554 1898 3831 1953 monac/ti-

532 1988 809 2045 nedictum
853 1990 910 2045 in
939 1988 1167 2058 juvenili
1200 1997 1381 2055 aetate,
1428 1999 1551 2061 post
1593 2000 1903 2061 superatam
1942 1993 2120 2048 carnis

530 2081 904 2147 tentationem,
926 2081 1359 2151 exstinctumque
1378 2081 1655 2150 spinarum
1673 2082 1875 2138 aculeis
1898 2096 2116 2138 omnem

529 2173 823 2244 voluptatis
848 2189 1083 2241 sensum,
1107 2175 1163 2229 in
1182 2174 1439 2229 virtutum
1460 2174 1768 2244 magisterio
1786 2176 1967 2231 multis
1983 2193 2121 2247 pra-.-

531 2262 697 2318 luisse
726 2263 1023 2333 discipulis.
1058 2263 1220 2335 (Vide
1248 2262 1443 2319 Moral.
1474 2262 1565 2321 lib.
1598 2279 1748 2333 mu,
1778 2282 1921 2321 num.
1951 2265 2043 2336 21,
2069 2276 2120 2323 et

529 2354 618 2408 lib.
655 2371 713 2422 tt,
744 2352 890 2408 Dial.
918 2371 966 2408 c.
996 2353 1078 2425 2.)

600 2444 687 2499 ll.
719 2444 779 2500 in
812 2444 1003 2503 eadem
1026 2446 1255 2517 epistola
1284 2446 1377 2502 ubi
1393 2445 1462 2502 de
1490 2446 1777 2504 abbatissis
1809 2447 1925 2504 haec
1952 2448 2120 2507 edixit

528 2536 845 2608 Gregorius,
868 2538 1115 2607 quaedam
1140 2539 1207 2596 de
1231 2540 1515 2596 abbatibus
1535 2541 1836 2611 praescribit
1862 2542 2118 2598 observa-

532 2631 682 2687 tione
709 2628 901 2699 digna:
952 2629 1308 2703 Presbyteros,
1354 2631 1544 2700 inquit,
1576 2631 1822 2686 diaconos
1872 2640 2117 2688 caeteros-

528 2740 629 2796 que
664 2721 936 2794 cujuslibet
964 2723 1163 2779 ordinis
1205 2723 1438 2790 clericos,
1485 2724 1576 2796 qui
1612 2724 1841 2778 ecclesiis
1868 2724 2114 2793 militant,

526 2819 736 2876 abbates
787 2837 878 2890 per
918 2820 1235 2875 monasteria
1262 2836 1374 2875 esse
1422 2836 1525 2875 non
1553 2821 1847 2890 permittas,
1897 2820 1988 2874 sed
2025 2829 2117 2874 aut

526 2917 715 2970 omissa
751 2914 1022 2968 clericatus
1060 2913 1270 2979 militia,
1309 2912 1624 2967 monachicis
1654 2912 2003 2982 prove/tantur
2028 2928 2117 2966 or-

525 3003 749 3069 dinibus,
782 3011 872 3058 aut
915 3004 962 3057 si
997 3004 1052 3057 in
1083 3001 1283 3057 abbatis
1314 3004 1425 3057 loco
1452 3019 1754 3073 permanere
1777 3002 2112 3069 decreverint,

524 3097 797 3151 clericatus
812 3094 1107 3149 nullatenus
1130 3094 1496 3165 permittuntur
1509 3093 1698 3146 habere
1717 3092 1978 3145 militiam.
2012 3092 2117 3147 Sa-

527 3186 592 3241 tis
631 3187 770 3240 enim
797 3186 1139 3255 incongruum
1178 3194 1274 3250 est,
1306 3185 1353 3239 si
1378 3200 1495 3238 cum
1522 3200 1681 3237 unum
1707 3198 1772 3237 ea:
1804 3182 1884 3236 Itis
1913 3199 2006 3251 pro
2034 3183 2115 3236 sui

522 3278 881 3349 magnitudine
928 3278 1204 3349 diligenter
1254 3280 1367 3350 quis
1412 3294 1513 3334 non
1564 3278 1726 3346 possit
1776 3277 2003 3347 explere,
2045 3276 2116 3330 ad

522 3380 793 3439 utrumque
814 3371 1079 3441 judicetur
1100 3372 1359 3425 idoneus:
1389 3372 1563 3442 sicque
1603 3370 1818 3423 invicem
1854 3378 1903 3423 et
1949 3371 2113 3424 eccle-

460 3468 463 3477 '
521 3462 763 3517 siasticus
793 3462 921 3516 ordo
964 3463 1083 3516 vita:
1108 3463 1427 3517 monachica:
1452 3471 1500 3516 et
1529 3461 1887 3516 ecclesiasticis
1914 3461 2116 3516 utilita-

526 3550 656 3605 tibus
680 3552 857 3623 regula
880 3554 1219 3607 monac/tatus
1240 3554 1506 3625 impediat.

596 3641 673 3698 Ex
695 3644 799 3700 hoc
817 3643 938 3701 loco
950 3645 1164 3716 quidam
1178 3646 1411 3717 probare
1430 3647 1694 3701 nituntur.
1707 3644 1764 3701 S.
1792 3644 2115 3715 Gregorium

520 3733 748 3791 clericos
781 3736 850 3790 ab
896 3736 1269 3808 amplectenda
1307 3737 1645 3809 professione
1689 3738 1985 3795 monastica
2016 3738 2112 3794 de-

522 3832 728 3882 terrere
774 3840 839 3883 ae
887 3828 1176 3898 prohibere
1229 3829 1503 3894 voluisse;
1559 3828 1654 3886 sed
1710 3838 1899 3885 contra
1949 3830 2117 3900 ipsius

523 3923 785 3984 mentem,
807 3931 929 3971 cum
956 3919 1084 3974 alibi
1104 3918 1437 3975 Desiderium
1450 3919 1760 3991 episcopum
1774 3917 2039 3985 hortetur.
2056 3926 2118 3976 ιιι

522 4001 835 4075 Pancratio,
864 4006 1121 4065 Ecclesia:
1149 4025 1259 4067 sua:
1284 4011 1533 4081 diacono,
1565 4014 1791 4084 gratiam
1815 4013 2119 4068 monastica:

521 4100 928 4154 conversationis
954 4105 1234 4171 appetenti,
1266 4105 1478 4159 minime
1506 4105 1872 4176 impedimento
1897 4106 1994 4170 sit;
2027 4106 2118 4160 sed

521 4200 640 4238 eum
673 4188 845 4255 potius
874 4191 1128 4257 pastorali
1156 4192 1510 4250 admonitione
1537 4196 1837 4262 succendat,
1867 4212 1933 4250 ne
1963 4196 2115 4268 hujus

533 4277 777 4333 desiderii
807 4281 976 4350 fervor
999 4283 1055 4336 in
1079 4298 1140 4338 eo
1162 4293 1383 4355 tepescat
1412 4286 1551 4357 (Lib.
1581 4302 1677 4354 xu,
1700 4304 1781 4358 ep.
1805 4286 1919 4358 ‘59).
1968 4286 2116 4343 Prte-

524 4377 677 4425 terea
725 4372 1093 4430 sanctissimus
1131 4376 1324 4433 doctor
1367 4379 1513 4435 beati
1552 4378 1832 4437 Benedicti
1875 4382 2117 4452 regulam

522 4460 766 4532 impense
795 4464 977 4521 laudat
1000 4470 1474 4541 commendatque,
1504 4471 1658 4542 cujus
1687 4488 1808 4543 cap.
1850 4472 1918 4529 60
1943 4490 2119 4537 sacer-

521 4551 677 4609 dotes
702 4555 757 4610 in
780 4559 1111 4615 monasterio
1139 4562 1339 4632 suscipi
1360 4573 1639 4632 rogantes,
1665 4580 1729 4619 ea
1760 4565 1879 4635 lege
1904 4566 2116 4622 admitti

519 4644 799 4714 jubentur,
830 4660 887 4703 ut
912 4666 1116 4707 omnem
1160 4654 1355 4725 regula:
1396 4656 1726 4727 disciplinam
1754 4660 2117 4715 observaturos

520 4750 577 4790 se
602 4739 913 4808 spondeant.
943 4742 1082 4800 Hinc
1109 4746 1325 4802 concilii
1354 4746 1601 4805 Toletani
1628 4748 1697 4806 IV
1724 4761 1909 4824 patres
1936 4752 1963 4791 δ
1990 4768 2114 4809 can.

523 4846 889 4975 cutltntlonsule
934 4860 1120 4911 notam
1163 4856 1280 4913 tad
1307 4857 1451 4916 hunc
1478 4861 1707 4920 laudatae
1749 4862 1993 4937 epistolae
2038 4864 2118 4921 lo-

528 5068 3600 5109 Mm

2227 2007 2345 2045 cam
2372 1990 2758 2045 conversionem
2786 1990 2958 2043 venire
2985 1991 3278 2061 contigerit,
3309 1997 3415 2045 etc.

2296 2079 2585 2151 Perperam
2600 2095 2816 2150 quoque
2837 2080 3078 2135 nonnulli
3099 2080 3425 2151 prohibitum
3462 2082 3744 2137 monachis
3768 2090 3831 2137 et

2222 2172 2504 2227 abbatibus
2532 2178 2724 2241 putant
2766 2169 3113 2241 Gregorianis
3148 2172 3328 2227 verbis
3357 2174 3603 2242 superius
3641 2173 3828 2228 allatis

2224 2263 2331 2337 (Ea:
2350 2282 2432 2335 ep.
2454 2264 2513 2317 il
2542 2263 2629 2318 lib.
2658 2263 2755 2334 tv),
2782 2278 2851 2319 ne
2866 2265 3166 2335 presbyteri
3188 2264 3527 2332 ordinentur,
3544 2274 3637 2320 aut
3661 2266 3827 2320 cleri-

2221 2357 2325 2411 cali
2337 2356 2713 2411 adscribantur
2726 2354 2928 2411 militiae
2950 2372 2963 2409 :
2980 2356 3105 2425 quia
3116 2354 3368 2411 videlicet
3388 2356 3515 2410 ordo
3531 2354 3826 2410 Ecclesias-

2222 2450 2350 2502 ticus
2363 2449 2479 2503 vita:
2506 2448 2810 2503 monastij
2830 2447 3004 2512 obest,
3019 2457 3075 2502 et
3099 2447 3334 2501 vicissim
3350 2446 3549 2519 Regula
3570 2449 3824 2502 monasti-

2219 2558 2283 2595 ca
2304 2540 2687 2596 Ecclesiasticis
2710 2540 3039 2595 utilitatibus.
3071 2539 3177 2596 Sed
3206 2556 3271 2595 ne
3295 2540 3366 2595 ita
3390 2541 3817 2609 interpretemur

2220 2630 2537 2700 Gregorium
2586 2632 2703 2703 ipse
2748 2630 3057 2697 intercedit,
3110 2646 3232 2686 cum
3281 2632 3473 2701 saepius
3521 2632 3823 2686 monachos

2218 2725 2593 2797 presbyteratu
2622 2724 2987 2793 insigniendos
3016 2723 3289 2781 censuerit
3316 2731 3371 2778 et
3396 2724 3639 2793 jusserit.
3677 2723 3815 2779 Vide

2219 2815 2507 2886 epistolam
2538 2814 2609 2870 42
2641 2816 2761 2871 libri
2800 2816 2960 2882 sexti,
2991 2817 3046 2871 in
3072 2831 3181 2887 qua
3208 2816 3504 2884 Victorem,
3536 2814 3823 2869 Panormi-

2222 2917 2405 2965 tanum
2433 2910 2767 2980 episcopum,
2816 2910 3087 2977 hortatur,
3115 2917 3174 2964 ut
3200 2924 3363 2964 unum
3392 2923 3423 2963 e
3452 2909 3730 2974 monachis
3754 2906 3817 2961 S.

2219 3002 2431 3058 Hermae
2452 3004 2825 3075 presbyterum
2848 3004 3066 3059 ordinet
3088 3003 3291 3073 absque
3313 3017 3485 3065 mora,
3509 3002 3821 3071 postulante

2220 3094 2417 3151 Urbico
2446 3096 2662 3161 abbate,
2709 3110 2868 3164 quem
2910 3095 3216 3152 sacerdotio
3254 3109 3470 3165 quoque
3499 3094 3816 3163 insignitum

2216 3185 2461 3254 legimus.
2510 3184 2588 3240 Ea
2619 3184 2703 3241 de‘
2727 3201 2786 3241 re
2812 3202 2943 3243 sane
2971 3186 3147 3242 nullus
3175 3185 3475 3241 remanebit
3520 3186 3808 3253 scrupulus

2143 3305 2188 3365 ρ
2220 3277 2421 3347 legenti
2473 3286 2655 3332 notam
2698 3294 2726 3331 e
2750 3277 2816 3332 ad
2854 3277 3137 3346 epistolam
3177 3292 3243 3331 ex
3268 3291 3371 3346 qua
3408 3276 3483 3330 ita
3525 3275 3818 3331 cavillandi

2218 3378 2434 3441 sumpta
2463 3371 2700 3426 occasio.
2731 3369 3081 3441 (ϐμιμαιίιι.
3115 3372 3183 3424 ad
3213 3387 3298 3424 an.
3332 3366 3460 3437 594,
3502 3388 3553 3439 p.
3587 3367 3740 3437 253.)

2288 3463 2499 3534 Scopus
2527 3478 2657 3532 ergo
2682 3462 3075 3533 vigilantissimi
3104 3461 3339 3530 pastoris
3370 3476 3435 3516 eo
3478 3460 3583 3516 loci
3613 3468 3697 3515 est
3722 3475 3815 3515 re-
3874 3496 3894 3517 .

2217 3554 2420 3624 pellere
2449 3570 2479 3607 a
2508 3554 2823 3609 monasticis
2852 3553 3152 3624 prmlaturis
3176 3547 3423 3617 clericos,
3453 3559 3511 3607 ut
3535 3568 3677 3607 nunc
3712 3566 3813 3607 au-

2217 3646 2388 3713 diunt,
2421 3645 2728 3711 saeculares,
2757 3645 2983 3701 aliarum
2998 3645 3110 3715 jam
3138 3644 3489 3703 ecclesiarqu
3520 3644 3689 3698 titulis
3716 3644 3817 3698 ad-

2219 3735 2415 3806 dictos,
2444 3751 2545 3807 pro
2575 3736 2789 3792 illorum
2819 3744 3130 3806 temporum
3158 3750 3311 3790 more
3340 3751 3355 3801 ;
3388 3743 3499 3789 tum
3528 3733 3673 3803 quod
3699 3733 3814 3788 cle-

2219 3830 2399 3886 ricalis
2436 3836 2491 3885 et
2536 3829 2838 3884 monastica
2867 3828 3057 3884 militia
3099 3828 3155 3883 in
3193 3827 3421 3884 diversis
3449 3827 3693 3884 ecclesiis
3738 3827 3814 3882 ita

2219 3926 2417 3983 sociari
2449 3940 2557 3981 non
2585 3924 2817 3996 possint,
2857 3932 2971 3979 tum
3018 3922 3356 3994 potissimum
3395 3921 3541 3993 quod
3571 3937 3667 3993 per
3703 3919 3820 3976 cle-

2218 4017 2459 4072 ricorum
2480 4016 2697 4072 illorum
2719 4016 2811 4085 qui
2832 4014 3146 4073 monasticis
3167 4014 3446 4070 inhiabant
3470 4012 3818 4083 dignitatibus

2220 4111 2567 4167 ambitionem
2598 4118 2655 4165 et
2679 4110 3043 4165 remissiorem
3072 4109 3239 4164 vitam
3271 4108 3362 4180 (ne
3391 4107 3518 4178 quid
3546 4108 3701 4178 pejus
3730 4106 3816 4161 di-

2219 4204 2424 4276 camus)
2460 4203 2787 4258 monasteria
2816 4202 3165 4271 destruenda,
3219 4201 3367 4274 quod
3416 4203 3579 4257 etiam
3625 4210 3817 4272 postea

2220 4297 2466 4366 contigit,
2497 4296 2853 4367 praevideret:
2898 4295 3133 4369 Dumque
3160 4297 3235 4364 hi,
3265 4296 3439 4365 inquit
3465 4295 3548 4350 vir
3575 4303 3813 4360 sanctus,

2219 4388 2369 4457 quasi
2410 4388 2742 4456 vaticinans,
2773 4388 2979 4461 ﬁngunt
3009 4406 3064 4443 se
3108 4390 3350 4461 religiose
3377 4390 3560 4455 vivere,
3608 4404 3819 4441 monas-

2223 4479 2364 4532 teriis
2392 4482 2627 4550 praeponi
2657 4490 2923 4551 appetunt,
2956 4490 3007 4535 et
3034 4498 3125 4553 per
3151 4498 3333 4536 eorum
3362 4483 3520 4535 vitam
3549 4488 3817 4534 monaste-

2219 4571 2300 4623 ria
2330 4570 2661 4625 destruantur
2692 4570 2830 4641 (Lib.
2860 4588 2914 4641 v,
2938 4590 3019 4643 ep.
3048 4571 3103 4641 1)
3138 4589 3153 4639 ;
3183 4571 3379 4642 quibus
3399 4585 3615 4640 quoque
3638 4571 3821 4625 verbis

2143 4697 2197 4759 υ
2222 4660 2274 4716 id
2304 4676 2362 4718 se
2386 4660 2498 4732 jam
2528 4662 2900 4733 experimento
2925 4663 3178 4720 didicisse
3206 4659 3491 4734 signiﬁcat.

2290 4864 2319 4907 δ
2346 4862 2507 4921 Juxta
2532 4864 2801 4961 Loaisam,
2830 4875 2926 4925 aut
2948 4867 3039 4925 49.

1677 5184 2031 5271 LIBER
2084 5185 2637 5288 TERTIUS,

604 5334 1388 5420 Complectcnsjtistoriam
1412 5344 1828 5426 pontificatus
1866 5348 1939 5409 S.
1973 5345 2270 5424 Gregorii
2298 5347 2374 5409 ab
2403 5348 2592 5411 annis
2625 5346 2744 5409 59b-
2773 5355 2830 5411 et
2859 5347 2978 5411 595
3011 5348 3094 5411 ad
3121 5367 3323 5413 annos
3350 5350 3471 5416 598
3500 5360 3556 5415 et
3586 5354 3708 5418 599

1587 5424 1695 5486 seu
1724 5424 1799 5487 ab
1827 5426 2177 5489 indictione
2209 5427 2282 5488 13
2310 5427 2393 5492 ad
2418 5428 2646 5492 indict.
2676 5429 2737 5489 2.
3474 5452 3483 5461 ν

939 5608 1105 5683 243
1130 5609 1360 5669 CAPUT
1404 5611 1698 5673 PRIMUM.

526 5728 717 5801 Anam.
739 5731 872 5801 -Α1.
890 5730 1218 5801 ρΕοιιιιιθιιὶρί
1259 5734 1432 5786 titulus
1473 5749 1499 5785 a
1521 5735 1614 5788 GP.
1633 5740 1910 5801 patriarcha
1934 5754 2118 5792 assum-

590 5799 724 5899 gtnﬁé
734 5794 1005 5899 ngugum
1027 5796 1230 5844 concilia
1254 5801 1559 5872 mcumenica
1579 5794 1803 5875 dicta..—
1818 5806 1866 5875 β.
1887 5802 2117 5855 Oblatum

961 5868 1080 5899 nam
1098 5859 1373 5899 resnuiL—
1390 5861 1421 5899 ι
1466 5861 1621 5899 “nunc
1644 5876 1773 5899 mm
1795 5866 2094 5899 αισηιιὶωιηα

629 5864 724 5932 nnc
743 5854 1373 5932 titulum_papares’puit..—-
1390 5861 1439 5909 4.
1466 5861 1621 5932 liuius
1644 5866 1774 5932 vocis
1794 5854 2113 5932 signiﬁcatus.

591 5936 654 5950 -
676 5914 724 5966 5.
748 5916 803 5965 S.
828 5914 1057 5977 Gregorii
1080 5914 1291 5970 studium
1315 5922 1367 5971 in
1385 5914 1699 5986 explodendo
1719 5925 1816 5979 hoc
1834 5914 1981 5979 tuitqu
1996 5914 2118 5990 pro;

2287 5627 2545 5684 pugnatur.
2569 5648 2631 5660 —
2650 5622 2913 5698 (‘3..Quibus
2936 5625 3167 5687 gradibus
3201 5625 3484 5700 ascenderit
3519 5628 3819 5688 patriarcha-

2285 5696 2393 5747 rum
2432 5683 2527 5734 (ΣΡ.
2552 5686 2775 5734 ambttto.
2794 5712 2858 5747 7—
2880 5686 2926 5735 7.
2952 5688 3142 5747 Quanta
3181 5687 3333 5738 fuerit
3373 5702 3421 5738 tn
3445 5688 3653 5738 Joanne.
3677 5713 3740 5725 —
3761 5692 3813 5743 8.

2285 5727 2490 5811 ξίθῖ
2506 5727 2934 5811 ιὶιᾶὶίἷέὺξῖεειιιὲ
2956 5727 3814 5811 “sit—"miriﬁcis.'":Iﬁlisiot;

2283 5808 2343 5876 Si
2366 5808 2521 5876 Greg.
2558 5810 2625 5876 de
2667 5809 2764 5876 illa,
2791 5808 3119 5876 controversia
3168 5815 3531 5876 expenduntur.
3560 5808 3639 5863 De
3660 5819 3813 5876 prima

2284 5870 2345 5918 ad
2368 5870 2652 5941 Mauricium
2674 5874 2873 5941 scripta.
2894 5872 3048 5941 litari
3064 5870 3346 5941 Augustam.
3368 5898 3428 5912 -—
3448 5875 3522 5927 10.
3551 5870 3731 5926 Scribit
3752 5877 3813 5927 ad

2284 5932 2659 5995 patriarchas.—
2678 5934 2756 5983 11.
2780 5933 2904 5993 Quid
2928 5936 2990 5985 ab
3015 5932 3218 6001 Eulogto
3238 5938 3477 5991 Alexand.
3502 5952 3810 6004 responsum.
