4138 6452
275 421 383 482 345

732 419 797 479 8.
835 415 1162 477 GREGORII
1190 416 1406 478 MAGNI
1445 417 1627 491 VITA,
1668 418 1762 479 EX
1800 417 1964 480 ειυς
1998 418 2304 480 SCRIPTIS
2340 418 2733 479 ADORNATA.
2772 421 2903 478 LIB.
2942 420 3031 479 ΠΙ.

3446 420 3556 477 546

338 544 496 610 τβ.
530 542 596 610 Et
632 542 696 610 ab
732 538 1235 610 Appsusi9_An}ioch-
1259 563 1319 576 -
1340 538 1419 610 1,5:
1444 536 1522 610 De
1557 535 1869 610 istsrpolalis
1892 538 1946 600 A
1970 540 2203 609 menica,
2249 539 2502 594 nimirum
2554 537 2848 596 accedente
2893 544 3086 610 postea
3131 534 3558 595 orthodoxorum

276 662 284 675 .
341 606 594 675 Snguatii
619 603 859 675 epistolis.
879 629 940 675 :—
961 600 1264 675 i§.nSumma
1287 601 1515 675 epistola.
1532 597 1866 675 Aaddoann‘em

341 659 673 739 C_P.°script2e'.
703 692 757 703 -—
780 666 857 716 i5.
882 664 1015 739 Irriti
1040 662 1254 739 Shpapae
1280 659 1480 739 «enatus
1502 659 1794 739 in'JoaLn.!et
1819 661 1867 709 in

341 731 450 784 eius
491 722 844 780 successorem.
867 752 928 761 —
952 726 1026 775 1-6.
1075 722 1227 787 Hujus
1265 722 1871 787 controversiaajﬁnis.i—

338 792 419 843 17.
465 790 772 841 Refelluntur
817 788 1033 838 haeretici
1075 788 1128 835 S.
1152 785 1398 848 Gregorii
1439 785 1727 848 modestiam
1764 786 1870 847 ejus

338 854 708 907 successoribus
730 852 1033 914 objicientes.
1060 849 1177 912 (An.
1198 846 1299 897 594⁷
1316 853 1369 897 et
1391 846 1525 909 593.)

353 980 405 1037 i.
423 977 715 1034 Exordium
730 974 890 1043 hujus
904 973 1025 1029 libri
1042 971 1299 1028 sumimus
1315 986 1345 1026 a
1363 971 1730 1028 controversia
1748 985 1871 1041 quas

276 1071 600 1141 Gregorium
621 1070 762 1124 inter
783 1076 838 1124 et
856 1065 1118 1122 Joannem
1135 1063 1241 1120 CP.
1260 1063 1623 1135 patriarcham
1645 1064 1870 1133 exarsit,

277 1164 349 1221 ob
373 1162 668 1233 superbum
686 1158 1009 1216 meumenici
1031 1155 1353 1228 patriarchae
1374 1155 1589 1211 titulum
1612 1171 1642 1210 a
1662 1154 1873 1211 Joanne

278 1262 636 1325 assumptum,
658 1260 716 1308 et
738 1249 952 1306 favente
978 1247 1104 1303 huic
1126 1247 1338 1317 injustte
1361 1245 1694 1317 usurpationi
1721 1245 1873 1302 Mau-

277 1346 444 1412 ricio,
468 1324 1042 1411 dissimulantibusque
1086 1338 1290 1393 illatam
1341 1337 1442 1392 sibi
1482 1336 1746 1392 invidiosa
1774 1338 1874 1393 hac

280 1436 643 1509 appellatione
688 1433 940 1503 injuriam
987 1429 1201 1487 cteteris
1240 1427 1578 1509 patriarchis,
1608 1434 1873 1482 assertum

281 1507 339 1589 et
358 1507 761 1586 conservatum.
803 1522 1058 1591 Quamvis
1086 1520 1235 1576 vocis
1260 1519 1419 1588 hujus
1439 1507 1727 1573 insolentia
1752 1524 1872 1571 tur-

279 1623 380 1679 bas
414 1628 471 1677 et
515 1616 884 1689 gravissimam
924 1611 1278 1670 oﬁ‘ensionem
1326 1609 1420 1666 diu
1458 1620 1585 1665 ante
1628 1608 1873 1678 Gregorii

280 1712 656 1784 pontiﬁcatum
698 1708 1021 1771 excitasset,
1049 1703 1118 1760 de
1160 1703 1251 1758 illa
1293 1709 1475 1757 tamen
1499 1716 1531 1756 e
1558 1699 1735 1757 medio
1766 1699 1893 1761 toi-7

280 1806 444 1863 lenda
470 1803 613 1860 serio
643 1817 753 1858 non
782 1798 1038 1870 cogitavit
1065 1804 1192 1853 ante
1228 1796 1373 1851 hunc
1403 1809 1603 1849 annum
1631 1791 1876 1864 pontifex

1971 630 2211 687 omnium
2238 643 2526 685 consensu.

2041 719 2099 776 Si
2126 735 2194 776 ex
2208 719 2315 774 hoc
2331 717 2632 788 signiﬁcatu
2648 718 2777 787 quid
2800 718 3253 776 sit‘mcumenicus
3272 732 3561 790 episcopus

1971 821 2065 869 aut
2079 811 2384 884 patriarcha
2403 810 2817 874 constituamus,
2834 811 3016 866 statim
3038 810 3200 881 quale
3221 808 3275 866 in
3296 810 3561 881 religione
3636 790 3639 795 ἱ

1970 902 2274 959 Christiana
2302 910 2603 958 monstrum
2631 901 2772 958 foret
2799 901 3108 971 hujusmodi
3136 903 3422 975 episcopus
3446 919 3562 960 ma-

1972 998 2223 1053 nifestum
2255 995 2366 1053 ﬁet.
2396 995 2583 1052 Nullus
2609 995 2753 1052 enim
2783 994 3104 1051 universalis
3132 995 3419 1066 episcopus
3445 994 3563 1052 ﬁeri

1972 1091 2190 1164 proprie
2215 1096 2425 1160 potest,
2467 1088 2570 1145 nisi
2598 1086 2832 1144 exclusis
2861 1086 3071 1142 caneris
3110 1086 3229 1141 aliis
3254 1086 3522 1157 episcopis
3544 1129 3561 1153 ,

1972 1182 2173 1238 etenim
2202 1181 2247 1237 si
2276 1181 2442 1238 totius
2475 1179 2622 1235 orbis
2645 1177 2937 1235 Christiani
2966 1192 3104 1233 unus
3130 1177 3394 1248 quispiam
3425 1176 3566 1233 foret

1973 1274 2279 1345 episcopus,
2310 1273 2399 1328 cui
2428 1271 2585 1327 alteri
2613 1270 2766 1326 locus
2788 1267 3297 1340 relinqueretuer
3323 1282 3455 1323 vero
3477 1282 3566 1323 sa-

1973 1381 2080 1422 cra:
2104 1366 2396 1437 Scriptum
2424 1364 2625 1421 diserte
2670 1363 3006 1428 adversatur,
3034 1375 3155 1431 qua:
3183 1375 3292 1416 non
3335 1361 3566 1417 obscure

1974 1473 2073 1514 nos
2102 1458 2264 1514 docet
2290 1456 2551 1528 Spiritum
2578 1462 2827 1512 sanctum
2858 1453 3103 1525 posuisse
3124 1468 3233 1508 non
3260 1467 3445 1517 unum,
3469 1451 3567 1507 sed

1974 1552 2154 1623 plures
2199 1548 2489 1622 episcopos
2529 1562 2719 1619 regere
2754 1546 3052 1603 Ecclesium
3101 1545 3197 1600 Dei
3253 1543 3401 1615 (Act.
3437 1542 3564 1615 xx).

1976 1644 2126 1702 Unus
2148 1644 2364 1715 quidem
2386 1651 2470 1700 est
2487 1656 2620 1714 grex
2642 1640 2865 1710 Christi,
2882 1640 2977 1697 sed
2998 1638 3181 1709 plures
3202 1636 3381 1707 gregis
3405 1634 3568 1704 hujus

1976 1746 2224 1810 pastores
2264 1746 2410 1805 sunt,
2431 1735 2523 1806 qui
2551 1734 2746 1803 singuli
2776 1747 2938 1788 unam
2964 1730 3124 1801 hujus
3147 1730 3323 1801 gregis
3360 1726 3567 1800 portio-

1979 1844 2104 1885 nem
2129 1826 2459 1899 pascendam
2488 1834 2544 1883 et
2568 1824 2859 1894 regendam
2889 1831 3270 1893 susceperunt.-

284 1896 757 1969 prudemissimus’
787 1892 881 1964 qui
908 1890 1043 1948 nihil
1088 1889 1193 1945 ms"
1240 1895 1453 1943 malum
1496 1900 1621 1941 cum
1649 1882 1875 1941 consilio
1904 1896 1955 1958 Β
2132 1882 2519 1975 ‘Nonﬂinﬁcior
2563 1882 2745 1986 aliquo
2785 1930 2948 1971 sensu
2994 1882 3097 1969 nec
3135 1928 3168 1968 a
3215 1909 3337 1968 ﬁdei
3380 1910 3568 1981 regula

283 1987 507 2060 aggredi
536 1985 770 2043 solebat.

349 2103 404 2158 2.
449 2101 605 2170 Quod
652 2104 866 2172 spectat
903 2096 973 2153 ad
1022 2095 1199 2167 ipsum
1244 2089 1572 2149 meumenici
1624 2088 1839 2144 titulum
1856 2127 1874 2155 ,

283 2203 503 2253 constat
531 2207 655 2251 eum
684 2192 912 2250 concilia
958 2188 1230 2259 generalia
1258 2186 1360 2243 sibi
1396 2185 1555 2252 longe
1580 2193 1741 2239 antea
1771 2181 1880 2236 tri-

278 2288 485 2345 buisse.
510 2285 653 2341 Ante
677 2282 942 2356 synodum
964 2290 1144 2336 tamen
1161 2276 1655 2335 Chalcedonensem
1678 2271 1878 2327 nullam

283 2378 448 2434 aliam
494 2376 601 2432 hoc
635 2374 795 2429 titulo
843 2373 1100 2429 donatam
1145 2368 1313 2424 fuisse
1347 2366 1515 2422 tradit
1543 2363 1603 2420 P.
1636 2362 1878 2419 Gussan-

282 2470 490 2527 villteus
513 2466 605 2540 (In
625 2468 762 2523 notis
782 2465 853 2519 ad
871 2481 953 2535 ep.
973 2462 1045 2518 52
1067 2460 1160 2517 lib.
1184 2464 1281 2532 tv),
1299 2468 1355 2515 et
1376 2459 1585 2529 legatos
1599 2455 1658 2511 S.
1682 2453 1881 2511 Leonis

282 2578 441 2636 papae
469 2562 631 2631 hujus
668 2573 789 2616 esse
828 2556 1062 2614 nominis
1090 2561 1359 2609 auctores.
1392 2551 1464 2607 At
1505 2549 1620 2605 haec
1666 2547 1767 2616 ipsi
1796 2547 1879 2602 in-

281 2664 450 2713 cauto
481 2652 734 2723 aliudque
761 2649 944 2721 agenti
992 2646 1257 2703 excidisse
1307 2643 1595 2706 fatebitur,
1638 2638 1879 2711 quisquis

280 2747 617 2819 Ephesinum
638 2742 926 2801 concilium
943 2747 1151 2795 attente
1179 2736 1372 2807 legerit
1396 2754 1408 2789 :
1441 2734 1640 2790 etenim
1661 2739 1803 2803 part.
1818 2749 1877 2797 ιι,

282 2840 503 2897 actione
528 2835 827 2903 5,0ccurrit
852 2852 866 2888 :
900 2832 1212 2902 Exemplum
1239 2827 1513 2899 Epistolaz,
1542 2834 1674 2892 etc.,
1699 2832 1883 2879 sancta

280 2941 335 2988 et
363 2947 557 3003 magna
607 2938 657 2983 et
702 2926 1016 2983 recumenica
1070 2920 1318 2994 synodus.
1351 2918 1471 2974 Act.
1507 2916 1545 2970 4
1570 2917 1627 2971 in
1651 2915 1881 2986 epistola

282 3023 476 3095 Cyrilli
500 3030 558 3078 et
579 3017 881 3076 Memnonis
907 3015 974 3070 ad
998 3011 1265 3086 synodum
1290 3027 1303 3063 :
1336 3007 1534 3065 Contra
1558 3006 1710 3077 hujus
1738 3020 1878 3060 mcu-

282 3113 504 3168 menica:
529 3110 717 3183 synodi
744 3106 1013 3179 praesides.
1045 3103 1104 3158 in
1130 3102 1397 3158 relatione
1423 3098 1616 3171 synodi
1643 3116 1656 3152 :
1690 3096 1881 3151 Piissi-

281 3206 382 3259 mis
407 3198 963 3268 Christianissimisque
987 3194 1300 3258 Theodosio,
1326 3200 1455 3259 etc.,
1477 3206 1631 3246 sacra
1658 3204 1878 3245 acume-

1981 2011 2351 2078 exorbitante,
2392 2010 2670 2066 Romanos
2715 2006 3001 2079 pontiﬁces
3049 2005 3417 2062 mcumenicos
3462 2004 3568 2060 dici

1979 2105 2237 2177 potuisse,
2266 2112 2492 2175 propter
2520 2101 2847 2171 singularem
2889 2113 3051 2169 quam
3091 2096 3339 2154 obtinent
3367 2096 3425 2151 in
3452 2103 3569 2151 tota

1979 2198 2219 2255 Ecclesia
2233 2197 2695 2269 jurisdictionem;
2718 2194 2805 2250 cui
2825 2191 3018 2262 singuli
3033 2190 3392 2260 subjiciuntur
3407 2188 3571 2243 etiam

1980 2292 2238 2362 episcopi.
2288 2291 2359 2346 At
2404 2304 2525 2346 cum
2567 2287 2755 2343 abillo
2803 2283 2961 2340 titulo
3006 2281 3253 2338 modeste
3299 2278 3573 2334 abstinere

1979 2384 2317 2454 voluissent,
2375 2398 2482 2453 qua
2540 2380 2718 2437 fronte
2768 2374 3352 2446 Constantinopolitani
3409 2371 3573 2444 249

1980 2477 2222 2550 episcOpi
2267 2476 2515 2533 eumdem
2574 2473 2676 2531 sibi
2723 2471 2996 2527 vindicare
3047 2483 3159 2523 non
3201 2463 3570 2539 verebantur?

1981 2572 2145 2641 Quasi
2192 2586 2323 2626 vero
2371 2577 2525 2626 extra
2574 2567 2657 2623 sui
2707 2563 3110 2637 patriarchatus
3159 2558 3294 2615 ﬁnes
3338 2557 3573 2627 aliquam

1982 2663 2343 2735 episcopalem
2374 2659 2752 2719 auctoritatem
2781 2670 3037 2713 exercere
3076 2661 3318 2724 possent,
3350 2661 3445 2706 aut
3474 2665 3573 2720 pa-

1985 2753 2305 2809 triarchatus
2328 2746 2957 2818 Constantinopolitanus
2987 2760 3085 2815 pro
3126 2751 3240 2799 toto
3265 2740 3399 2797 orbe
3426 2739 3576 2795 chri-

1981 2850 2159 2905 stiano
2186 2832 2309 2903 non
2324 2846 2527 2902 insulse
2556 2842 2944 2913 intelligeretur
2971 2849 3027 2896 et
3052 2838 3394 2895 sumeretur?
3431 2835 3578 2891 Satis

1983 2956 2113 3011 ergo
2141 2939 2326 2995 mirari
2378 2953 2483 2992 non
2513 2950 2733 3007 possum
2775 2931 3037 3003 quosdam
3087 2928 3415 3000 scriptores,
3451 2926 3578 2981 licet

1983 3032 2345 3090 orthodoxam
2399 3027 2559 3085 ﬁdem
2607 3023 2944 3097 proﬁtentes,
2973 3021 3219 3091 Gregorii
3257 3018 3435 3087 Magni
3463 3025 3580 3071 stu-

1983 3127 2131 3184 dium
2181 3126 2233 3180 in
2280 3120 2645 3195 oppugnando
2692 3119 2797 3174 hoc
2822 3116 3056 3185 superbo
3086 3112 3241 3169 titulo
3269 3111 3575 3175 vellicasse,

1984 3219 2070 3273 vel
2093 3217 2256 3274 etiam
2282 3223 2469 3287 aperte
2491 3213 2815 3268 damnasse:
2841 3206 2995 3279 quasi
3022 3205 3089 3261 de
3117 3204 3337 3260 nomine
3366 3208 3579 3257 tantum

282 3297 405 3350 nica
423 3294 671 3366 synodus.
689 3290 747 3346 In
768 3288 1031 3345 relatione
1048 3285 1118 3342 de
1138 3283 1538 3353 subscriptione
1559 3299 1572 3335 :
1593 3279 1877 3345 Piissimis,
1909 3283 1954 3347 ί]
1986 3320 2042 3368 ει
2067 3326 2175 3367 non
2218 3311 2285 3365 de
2314 3279 2375 3364 lie
2403 3305 2581 3376 gravis
2624 3301 2883 3359 momenti
2913 3298 3090 3355 acrius
3134 3311 3294 3366 quam
3333 3308 3433 3365 par
3460 3298 3581 3347 et“

283 3396 417 3453 etc.,
433 3395 617 3442 sancta
638 3395 686 3441 et
708 3382 1021 3439 oecumenica
1043 3378 1289 3452 synodus.
1315 3375 1449 3431 Tam
1469 3374 1705 3446 graviter
1726 3374 1884 3428 aber-

256 3489 497 3536 'rantem
517 3476 959 3536 Gussanvillaeum
979 3472 1329 3530 nihilominus
1350 3477 1568 3525 secutus
1596 3474 1681 3523 est
1706 3464 1885 3521 Ludo-

284 3573 439 3629 vicus
484 3570 797 3640 Membourg
844 3568 1038 3624 histor.
1091 3561 1294 3621 Pontif.
1338 3560 1396 3618 S.
1426 3559 1673 3631 Gregorii
1704 3557 1884 3627 Magni

285 3664 382 3720 lib.
416 3680 475 3720 ιι.

358 3778 409 3833 ὅ.
453 3776 707 3833 Oblatum
737 3772 984 3829 Romano
1030 3767 1307 3841 pontiﬁci,
1339 3764 1595 3821 nimirum
1621 3762 1682 3817 S.
1715 3760 1885 3817 Leoni

286 3871 503 3941 Magno,
536 3886 630 3939 pro
673 3867 810 3921 beati
851 3864 997 3919 Petri
1025 3860 1377 3933 apostolorum
1408 3855 1660 3928 principis
1689 3854 1883 3907 honore

284 3963 605 4022 (ecumenici
636 3958 850 4014 titulum
898 3973 989 4029 per
1026 3952 1377 4009 venerandam
1420 3946 1888 4004 Cltalcedonensem

284 4056 542 4128 synodum
573 4058 805 4108 testatur
840 4048 896 4105 S.
930 4046 1256 4117 Gregorius;
1306 4044 1397 4098 sed
1445 4041 1652 4105 nullus,
1690 4039 1883 4110 inquit,

287 4163 467 4201 eorum
510 4158 738 4215 unquam
783 4141 876 4196 hoc
927 4136 1310 4210 singularitatis
1360 4149 1544 4188 nomen
1575 4130 1885 4200 assumpsit,

288 4254 380 4293 nec
418 4238 493 4291 uti
524 4234 782 4289 consensit
812 4229 965 4303 (Lib.
990 4245 1043 4294 v,
1077 4245 1159 4298 ep.
1188 4226 1310 4297 ΞΟ).
1360 4223 1421 4278 In
1460 4218 1887 4277 Chalcedonensi

286 4345 419 4387 sane
443 4328 675 4384 concilio
697 4324 821 4381 lecti
842 4330 968 4379 sunt
991 4318 1236 4375 nonnulli
1259 4315 1424 4372 libelli
1446 4312 1714 4385 supplices
1736 4324 1888 4382 papae

287 4422 479 4487 oblati,
512 4422 565 4475 in
592 4418 787 4491 quibus
814 4418 920 4472 hoc
949 4412 1254 4470 honoriﬁco
1281 4408 1546 4466 vocabulo
1577 4405 1881 4476 insignitur.

286 4513 359 4569 Et
398 4514 450 4567 in
493 4512 613 4568 Act.
646 4520 799 4566 sexta
845 4504 1203 4562 Paschasinus
1244 4502 1532 4573 episcopus
1559 4512 1698 4553 unus
1726 4511 1793 4550 ex
1822 4494 1881 4551 S.

288 4604 487 4660 Leonis
510 4601 718 4672 legatis,
739 4598 923 4654 habita
952 4610 1134 4652 coram
1164 4601 1351 4649 sancta
1374 4588 1587 4663 synodo
1615 4588 1883 4657 oratione,

1984 3403 2366 3463 decertaverit.
2404 3400 2540 3471 Ipsis
2578 3396 2828 3468 equidem
2856 3393 2999 3448 ultro
3036 3402 3395 3447 concessurus
3435 3400 3580 3454 sum,

1982 3504 2109 3559 huic
2123 3501 2245 3557 voci
2265 3508 2321 3555 et
2336 3494 2757 3553 nomenclaturaa
2782 3486 3073 3546 nonnullos
3091 3482 3273 3554 attingi
3293 3490 3349 3538 et
3366 3494 3581 3536 accom-

1984 3592 2195 3649 modari
2223 3590 2467 3662 potuisse
2492 3600 2683 3644 sensus
2707 3584 2993 3638 innocuos.
3026 3577 3097 3632 At
3123 3591 3245 3631 cum
3274 3574 3435 3644 longe
3462 3570 3585 3642 plu-

1985 3687 2134 3742 ribus
2159 3661 2337 3739 noxiis
2357 3688 2413 3737 et
2438 3695 2469 3734 a
2500 3677 2607 3732 ﬁde
2632 3674 2822 3730 alienis
2849 3669 3153 3740 subiacent,
3181 3666 3355 3734 iisque
3384 3661 3582 3729 obviis,

1986 3780 2114 3835 dum
2156 3774 2465 3832 econtrario
2494 3770 2586 3842 qui
2622 3768 2741 3824 sani
2785 3772 2940 3830 sunt,
2969 3759 3185 3816 aliunde
3228 3753 3476 3813 accersiti
3503 3753 3583 3806 vi-

1986 3871 2202 3933 dentur,
2229 3866 2351 3936 quis
2392 3861 2493 3917 nisi
2543 3867 2748 3923 temere
2794 3850 3099 3922 improbare
3136 3844 3337 3902 audeat
3373 3851 3582 3897 tantum

1989 3960 2301 4035 pontiﬁcem
2348 3956 2417 4011 de
2460 3967 2606 4010 novo
2634 3940 2997 4014 insolentiqué
3027 3939 3292 3998 vocabulo
3321 3944 3377 3993 et
3404 3951 3435 3990 a
3464 3948 3583 3989 mo-

1989 4024 2161 4111 destia
2203 4046 2498 4122 episcopali
2542 4055 2767 4116 prorsus
2816 4036 2995 4093 alieno
3045 4029 3384 4105 proﬁigando
3430 4024 3584 4083 solli-

1990 4146 2202 4205 dmm?

2062 4240 2227 4296 Aiunt
2253 4231 2549 4293 Aristarchi
2578 4227 2749 4286 nostri
2770 4224 3017 4283 eamdem
3039 4233 3158 4277 esse
3177 4216 3477 4273 oecumenici
3505 4214 3582 4271 si-

1988 4330 2386 4407 gniﬁcationem
2413 4341 2477 4381 ac
2500 4320 2783 4395 generatis,
2804 4315 2956 4387 cujus
2975 4312 3162 4368 titulus
3184 4317 3263 4365 tot
3288 4306 3579 4377 prmlectis,

1987 4401 2101 4484 sive
2131 4422 2473 4486 militaribus,
2505 4418 2621 4474 sive
2645 4411 2890 4471 civilibus
2912 4416 2968 4464 et
2996 4405 3251 4477 politicis,
3276 4404 3390 4460 sive
3418 4401 3584 4456 etiam

1989 4514 2370 4576 ecclesiasticis
2392 4527 2455 4568 ac
2477 4505 2812 4566 monasticis,
2844 4500 3118 4557 tribuitur.
3146 4497 3215 4550 At
3237 4495 3394 4561 longe
3421 4492 3584 4545 latius

1990 4620 2142 4684 patet
2164 4605 2486 4667 oecumenici
2530 4598 2877 4672 signiﬁcatus.
2912 4593 2989 4647 llli
3021 4599 3202 4646 autem
3229 4584 3461 4640 ministri
3490 4590 3584 4637 aut

287 4713 557 4757 summum
587 4692 894 4767 pom'mcem
925 4687 1290 4745 (εενηίθηίσηηί
1316 4682 1607 4755 appella'it
1630 4699 1645 4749 ἶ
1668 4681 1885 4776 ,ίιυίδυδ
1916 4662 1966 4724 D
1990 4662 2308 4776 prae'fectivin
2330 4662 2636 4767 exemplum
2657 4685 2893 4751 adducti,
2924 4678 3202 4753 generales
3230 4675 3503 4739 dicuntur,
3526 4680 3584 4726 ut

288 4808 412 4850 cum
442 4806 550 4847 non
575 4784 980 4844 intercesserint
1008 4778 1201 4854 synodi
1230 4776 1440 4845 Patres,
1471 4790 1534 4830 ea
1566 4772 1799 4844 probare
1827 4779 1884 4828 et

286 4891 407 4942 rata
433 4883 633 4939 habere
662 4880 764 4936 visi
794 4885 957 4934 sunt:
990 4873 1225 4929 maxime
1253 4886 1375 4926 cum
1409 4870 1527 4925 haec
1555 4876 1676 4923 acta
1704 4866 1761 4923 in
1788 4880 1882 4939 sy-

288 4976 421 5035 nodi
449 4975 658 5031 tabulas
685 4971 859 5028 relata
888 4966 1107 5023 fuerint.

362 5091 420 5148 4.
458 5089 614 5158 Quod
662 5092 873 5158 spectat
922 5081 990 5137 ad
1014 5080 1166 5137 vocis
1208 5076 1370 5147 hujus
1398 5073 1880 5146 signiﬁcationem,

292 5191 441 5249 idem
469 5196 554 5245 est
592 5182 988 5244 mcumenicum
1015 5193 1080 5234 ac
1108 5172 1446 5238 universale;
1492 5178 1549 5227 et
1595 5168 1885 5225 concilium

291 5281 690 5343 cacumenicum
718 5276 932 5341 dicitur,
959 5271 1106 5345 quod
1134 5285 1202 5326 ex
1231 5265 1481 5324 omnibus
1508 5262 1691 5319 mundi
1718 5262 1886 5332 parti-

287 5376 392 5433 bus
435 5371 818 5429 habitabilibus
864 5366 932 5421 ad
977 5378 1113 5435 quas
1162 5359 1481 5429 religionem
1522 5354 1885 5411 Christianam

288 5465 562 5525 credimus
600 5461 913 5535 pervenisse
941 5463 1271 5513 convocatur
1310 5458 1366 5507 et
1407 5456 1787 5518 congregatur.
1820 5444 1890 5500 Et

288 5558 537 5631 quamvis
582 5558 680 5612 lias
726 5554 794 5610 ad
832 5551 1069 5625 synodos
1116 5564 1184 5603 ex
1213 5544 1359 5602 omni
1403 5543 1537 5599 orbe
1582 5539 1890 5596 Christiano

290 5629 537 5723 episcOpi
577 5655 670 5702 aut
711 5659 899 5702 eorum
926 5634 1091 5711 legati
1120 5638 1351 5695 fortasse
1381 5650 1488 5691 non
1513 5629 1887 5695 convenerint,

291 5742 585 5813 aliquando
610 5754 732 5810 quac
752 5738 807 5792 in
835 5732 1229 5791 convocatione
1256 5737 1313 5786 et
1334 5724 1758 5799 congregatione
1783 5738 1893 5780 non

294 5846 417 5897 erat
438 5834 683 5911 synodus
709 5829 1046 5897 universalis,
1074 5828 1217 5885 facta
1254 5832 1338 5883 est
1363 5820 1631 5909 generalis
1657 5824 1715 5877 et
1740 5830 1892 5875 (ccu-

1991 4763 2022 4852 3
2044 4789 2478 4866 particularibus,
2492 4763 2725 4855 quorum
2746 4778 2924 4833 minor
2945 4780 3030 4828 est
3049 4766 3362 4830 auctoritas,
3387 4763 3583 4818 discer-

1991 4856 2206 4944 nantur.
2230 4882 2429 4937 Verum
2456 4879 2562 4932 hoc
2592 4886 2753 4928 sensu
2779 4862 3101 4937 patriarchae
3128 4856 3585 4926 Constantinopo-

1989 4978 2143 5036 litani
2172 4984 2513 5043 nequaquam
2543 4961 2822 5035 generales
2842 4955 2945 5012 dici
2976 4958 3247 5024 poterant.
3279 4946 3414 5003 Peto
3439 4948 3584 5003 enim

1990 5070 2084 5140 qui
2112 5039 2311 5123 iuerint
2341 5039 2417 5118 illi
2446 5052 2765 5129 patriarchae
2817 5045 3170 5120 particulares
3197 5057 3229 5097 a
3256 5041 3453 5112 quibus
3478 5039 3586 5095 hoc

1990 5160 2257 5223 vocabulo
2286 5154 2497 5215 secerni
2528 5146 2853 5206 debuerint?

2064 5255 2335 5311 Praeterea
2361 5234 2485 5304 cum
2510 5243 2564 5298 in
2594 5236 2815 5309 ancipiti
2839 5234 3000 5298 foret,
3024 5245 3135 5304 quo
3158 5242 3321 5286 sensu
3344 5238 3587 5282 (acume-

1997 5351 2146 5405 nicos
2172 5357 2294 5400 esse
2318 5356 2379 5397 se
2399 5337 2694 5408 jactarent,
2726 5326 3077 5385 metuendum
3103 5329 3225 5378 erat
3249 5333 3320 5375 ne
3345 5317 3585 5385 ipsorum

1996 5438 2219 5497 ambitio
2248 5432 2381 5491 satis
2402 5406 2559 5493 nota,
2592 5424 2741 5479 illum
2767 5421 2859 5491 qui
2896 5418 3056 5473 latius
3100 5417 3331 5485 pateret,
3363 5406 3474 5461 hoc
3501 5410 3587 5459 est

1996 5531 2287 5606 pessimum
2310 5533 2365 5581 et
2386 5519 2694 5578 haereticum
2715 5517 3017 5571 assumeret
3040 5524 3053 5560 :
3076 5504 3197 5573 quis
3232 5497 3394 5555 modo
3421 5509 3587 5551 sanus

1989 5593 2262 5695 vituperet
2282 5623 2527 5676 sanctum
2554 5612 2751 5673 virum,
2772 5604 2919 5677 quod
2948 5613 3069 5657 cum
3098 5593 3297 5695 ipse-iu
3323 5594 3587 5695 praestan-

1992 5680 2201 5778 tissiina
2248 5721 2567 5781 summaque
2618 5699 2871 5759 Ecclesia:
2915 5690 3175 5761 dignitate
3221 5680 3585 5781 humilitatem

1994 5814 2132 5874 adeo
2159 5811 2385 5875 coleret,
2408 5772 2783 5877 superbientes
2796 5789 3080 5863 episcopos
3099 5779 3170 5836 ad
3186 5791 3309 5835 eam
3330 5772 3588 5831 virtutem
