4138 6446
567 402 671 464 547

1058 404 1122 463 S.
1159 403 1481 462 GREGORII
1521 402 1732 459 MAGNI
1773 400 1953 469 VITA,
1998 398 2089 452 EX
2132 394 2295 453 EJUS
2332 397 2636 456 SCRIPTIS
2677 397 3072 454 ADOBNATA.
3114 398 3240 454 LIB.
3280 397 3367 454 Ill.

3732 397 3848 455 διε

565 537 727 594 quam
766 520 1012 579 Christus
1044 535 1075 574 a
1102 531 1163 575 se
1184 534 1283 573 nos
1320 519 1530 573 discere
1572 517 1905 586 potissimum
1950 513 2147 574 voluit,
2178 514 2229 570 Α
2254 522 2548 579 gnomento
2590 512 2934 581 Jejunatoris.
2969 514 3197 570 Additur
3235 531 3358 571 eum
3400 515 3693 587 Liturgical
3721 536 3856 591 qua:

565 630 863 688 provocare
892 624 946 669 et
972 628 1227 668 revocare
1256 612 1584 666 conaretur?

634 709 687 764 6.
707 707 805 764 Hic
826 722 1006 779 aperte
1027 707 1256 776 pretium
1277 714 1358 760 est
1376 706 1662 759 observare
1677 704 1868 773 quibus
1896 701 2149 770 gradibus

561 796 1190 869 ConstantinOpolitanus
1238 797 1521 867 episcopus
1568 795 1637 849 ad
1681 802 1837 848 tanta:
1877 792 2150 859 dignitatis

563 894 831 959 fastigium
878 890 1238 961 pervenisset,
1280 898 1339 942 ut
1386 888 1514 942 nulli
1564 886 1654 940 alii
1699 900 1857 954 quam
1902 884 2147 938 Romano

565 984 805 1057 pontifici
830 984 1125 1038 haberetur
1144 980 1386 1036 inferior.
1418 979 1654 1034 Primum
1685 980 1867 1047 itaque
1890 976 2147 1045 episcopo

562 1074 907 1134 Heracleensi
953 1073 1230 1141 subditus,
1274 1080 1459 1141 postea
1496 1072 1581 1139 jus
1613 1068 2064 1139 metropoliticum
2094 1073 2149 1119 ct

563 1167 908 1222 exarehicum
939 1165 993 1219 in
1020 1164 1429 1219 Heracleensem
1452 1163 1691 1229 aliosque
1716 1159 1973 1230 plurimos
2002 1159 2149 1227 epis-

563 1275 729 1330 copos
757 1260 1015 1314 exercuit.
1052 1258 1251 1313 Deinde
1281 1258 1513 1325 antiquis
1550 1253 1869 1324 patriarchis
1897 1266 2151 1306 annume-

564 1360 714 1407 ratus
747 1359 864 1418 est;
911 1365 975 1405 ac
1029 1364 1137 1404 non
1181 1350 1351 1403 multo
1398 1356 1521 1418 post
1560 1348 1724 1402 fultus
1765 1348 2148 1415 imperatorum

562 1450 861 1511 potestate,
904 1440 1320 1509 consentireque
1369 1438 1575 1494 coactis
1620 1436 1887 1507 episcOpis
1933 1444 1987 1489 et
2022 1435 2150 1503 ipsis

563 1530 728 1587 etiam
776 1531 1127 1601 patriarchis,
1172 1531 1265 1599 qui
1311 1529 1426 1598 ejus
1464 1544 1627 1599 opera
1682 1536 1739 1582 et
1788 1527 1957 1595 gratia
2006 1524 2148 1594 apud

562 1622 851 1690 Augustos,
875 1621 928 1675 in
951 1622 1111 1675 variis
1140 1621 1489 1677 ecclesiarum
1520 1634 1735 1674 suarum
1762 1618 1989 1687 negotiis
2013 1616 2147 1670 indi-

561 1712 780 1781 gebant,
810 1711 862 1765 id
888 1720 1208 1767 consecutus
1237 1721 1320 1766 est
1348 1712 1400 1766 in
1426 1712 1654 1767 concilio
1683 1710 2139 1777 Constantinopo-

562 1803 733 1858 litano
779 1806 1015 1859 secundo
1062 1804 1344 1873 generali,
1383 1812 1439 1858 et
1478 1804 1531 1858 in
1579 1801 2035 1867 Cbalcedonensi,
2092 1812 2149 1856 ut

2253 606 2622 678 Chrysostomi
2676 607 2915 663 creditur
2968 609 3179 664 meliori
3233 609 3422 667 ordine
3477 612 3856 681 disposuisse,

2253 710 2415 768 atque
2444 702 2497 755 in
2528 717 2591 755 ea
2620 717 2680 756 se
2710 703 2929 756 nomine
2965 702 3104 757 sacri
3149 705 3400 759 monachi
3430 715 3523 759 aut
3549 707 3859 762 sacerdotis

2252 792 2499 846 monachi
2531 794 2934 870 ἱερομονάζοντος
2979 794 3306 861 designasse.
3342 796 3410 849 Αι
3448 796 3541 851 illa
3584 800 3761 852 oratio
3795 798 3855 852 in

2252 898 2355 952 qua
2383 886 2697 939 vocabulum
2728 887 2830 941 hoc
2858 887 3074 956 legitur,
3098 888 3249 941 abest
3271 903 3299 941 a
3324 887 3562 958 Liturgia
3590 891 3648 945 S.
3672 890 3857 960 Chry-

2253 976 2473 1031 sostomi
2521 992 2679 1046 quam
2732 978 2951 1033 exhibet
2999 977 3345 1032 doctissimus
3390 977 3623 1035 Jacobus
3669 978 3849 1034 Goar.

2254 1064 2438 1134 Neque
2465 1076 2676 1121 constat
2724 1066 3015 1137 Liturgiam
3063 1069 3202 1124 hanc
3250 1066 3474 1125 Joannis
3516 1070 3853 1138 Jejunatoris

2254 1173 2415 1227 opera
2448 1158 2610 1214 fuisse
2637 1159 2959 1217 ordinatam.
2990 1160 3229 1215 Fuerunt
3253 1171 3432 1216 autem
3464 1163 3678 1232 plurimi
3702 1166 3852 1233 epis-

2252 1250 2373 1319 c0pi
2405 1248 2509 1305 CP.
2539 1252 2628 1316 qui
2675 1266 2796 1305 cum
2844 1252 2991 1321 prius
3027 1253 3193 1307 vitam
3246 1255 3602 1309 monasticam
3659 1265 3852 1310 essent

2252 1342 2505 1411 amplexi,
2536 1345 2942 1417 ἱερομονάζοντος
2971 1351 3062 1398 aut
3090 1346 3227 1399 sacri
3250 1345 3619 1400 monacbidici
3642 1356 3846 1416 potue-

2252 1443 2393 1486 runt.
2421 1432 2496 1486 Ex
2523 1431 2829 1489 Gnecorum
2861 1434 3076 1491 Menmis
3104 1434 3339 1491 Joannes
3366 1435 3648 1505 Jejunator
3670 1437 3851 1492 Cons-
3910 1448 3914 1450 ‘

2252 1526 2571 1594 tantinopoli
2624 1534 2775 1580 ortus
2820 1525 2846 1564 δ
2894 1536 3040 1591 erat,
3099 1527 3187 1581 ubi
3236 1527 3468 1597 primum
3520 1530 3841 1583 statuariam

2254 1614 2474 1682 (melius
2521 1617 2791 1691 χαράκτης
2838 1617 3219 1688 sculptoriam)
3252 1624 3424 1671 artem
3474 1618 3734 1673 exercuit.
3772 1619 3845 1671 At

2254 1708 2322 1762 ob
2371 1718 2687 1777 prmstantes
2716 1710 2941 1764 virtutes
2968 1725 2997 1763 a
3046 1708 3353 1780 patriarcha
3398 1711 3555 1779 hujus
3610 1711 3759 1765 urbis
3788 1711 3847 1764 in

2253 1798 2454 1855 clerum
2503 1801 2601 1855 fuit
2645 1810 2931 1871 cooptatus
2974 1812 3030 1856 ct
3077 1802 3336 1857 diaconus
3386 1801 3577 1857 factus.
3627 1801 3847 1857 Mortuo

562 1894 797 1951 secundo
840 1903 963 1964 post
1002 1894 1307 1950 Romanum
1364 1895 1670 1966 pontificem
1726 1895 1847 1951 loco
1894 1895 2144 1959 sederet;
2180 1891 2469 1953 Btandem
2514 1890 2816 1962 Eutychio,
2864 1893 2929 1945 ad
2977 1892 3370 1962 suscipiendam
3425 1892 3846 1962 patriarcbalem

561 1998 897 2060 repugnante
914 1991 1040 2047 licet
1058 1991 1115 2047 ὃ.
1130 1992 1332 2060 Leone,
1347 1992 1436 2061 qui
1458 2006 1721 2046 canonem
1738 1990 2145 2047 Chalcedonen-

563 2096 677 2139 seln
708 2097 769 2137 ea
792 2082 860 2137 de
888 2099 947 2139 re
972 2085 1396 2154 promulgatum,
1434 2092 1690 2154 tanquam
1711 2084 2140 2154 supposititium,

564 2183 618 2228 et
648 2172 896 2229 absoluto
940 2173 1050 2242 jam
1094 2175 1327 2230 concilio
1356 2190 1452 2246 per
1489 2175 1729 2231 fraudem
1759 2175 2029 2243 adjectum
2059 2188 2148 2227 re-

563 2266 830 2335 probavit.
884 2269 1069 2337 Neque
1118 2268 1221 2322 hoc
1270 2269 1325 2321 in
1370 2266 1537 2338 gradu
1581 2276 1727 2322 stare
1782 2275 1837 2321 et
1875 2268 2151 2335 quiescere

563 2357 740 2426 potuit
787 2358 1019 2413 ambitus
1067 2360 1223 2428 hujus
1270 2358 1510 2430 praesulis
1553 2358 1620 2414 de
1657 2358 1915 2414 cathedra
1963 2374 2056 2412 sua
2096 2358 2151 2411 in

563 2449 713 2517 regia
742 2448 875 2505 urbe
902 2466 1022 2520 quae
1062 2465 1201 2506 nova
1251 2450 1422 2506 Roma
1474 2452 1770 2515 dicebatur,
1817 2449 2107 2504 constituta
2134 2489 2149 2515 ,

564 2541 705 2595 ultra
752 2541 969 2596 modum
1013 2543 1115 2597 sibi
1161 2543 1479 2597 blandientis
1518 2552 1572 2597 et
1600 2541 1996 2611 superbientis:
2025 2556 2150 2594 nam

563 2634 885 2690 memnenici
917 2635 1126 2689 titulum
1156 2645 1247 2689 aut
1280 2642 1475 2703 sponte
1502 2641 1925 2702 assumpserunt,
1951 2641 2044 2686 aut
2084 2633 2151 2688 ab

488 2714 498 2723 ’
568 2726 938 2783 adulatoribus
979 2727 1217 2782 oblatum
1264 2728 1523 2781 ambabus
1552 2726 1798 2780 manibus
1827 2734 2153 2794 acceperunt

564 2820 1013 2889 retinueruntque
1058 2818 1295 2874 Joannes
1340 2818 1443 2883 lll,
1491 2818 1856 2888 Epiphanius,
1897 2817 2147 2879 Mennas,

564 2916 929 2968 tecumenicus
950 2913 1256 2983 patriarcha
1282 2926 1427 2981 saepe
1454 2926 1483 2964 a
1505 2909 1714 2981 synodo
1736 2910 2148 2979 Constantinop.

564 3006 663 3059 sub
693 3006 810 3074 ipso
849 3005 1031 3060 habita
1058 3014 1282 3061 vocatus
1307 3045 1323 3073 ,
1361 3003 1561 3074 aliique
1609 3002 1863 3072 deinceps
1911 3001 2149 3071 ejusdem

565 3100 711 3154 urbis
739 3099 1007 3169 episcopi,
1050 3098 1409 3154 universalem
1440 3098 1812 3168 praefecturam
1842 3096 2065 3152 forsitan
2097 3096 2151 3149 in

565 3200 735 3247 totum
778 3191 966 3245 orbem
1012 3190 1374 3244 Christianum
1422 3198 1479 3244 et
1522 3189 1575 3243 in
1629 3189 1800 3259 ipsam
1853 3187 2151 3242 Romanam

2251 1985 2563 2051 dignitatem
2612 1985 2810 2039 invitus
2852 1986 3084 2053 cogitur,
3116 2000 3277 2052 quam
3315 1985 3449 2038 mira
3481 1986 3805 2039 abstinentia
3828 2025 3845 2049 ,

2250 2076 2414 2144 largis
2442 2077 2816 2147 eleemosynis,
2847 2076 3074 2145 aliisque
3113 2076 3214 2145 piis
3258 2077 3512 2145 operibus
3541 2075 3845 2157 decoravit.

2250 2171 2382 2239 Ejus
2405 2173 2527 2225 vitae
2551 2171 2809 2225 sanctitas
2835 2170 2952 2225 sive
2979 2170 3189 2225 sincera
3221 2168 3400 2234 fuerit,
3426 2178 3483 2223 ut
3505 2166 3673 2223 Gnaei
3707 2184 3847 2224 con-

2251 2263 2516 2328 tendunt,
2564 2262 2679 2317 sive
2722 2262 2935 2325 fucata,
2971 2270 3027 2315 ut
3058 2261 3329 2331 plerisque
3375 2259 3580 2314 Latinis
3626 2259 3849 2329 placet,

2252 2355 2395 2425 quod
2434 2355 2707 2409 humilitas
2740 2355 2999 2409 virtutum
3052 2353 3292 2408 omnium
3341 2350 3751 2407 fundamentum
3795 2353 3849 2408 ei

2252 2448 2485 2503 defuisse
2510 2447 2784 2511 videatur;
2814 2447 2951 2512 haec,
2976 2447 3213 2515 inquam,
3246 2446 3506 2500 sanctitas
3528 2453 3620 2499 aut
3646 2446 3851 2501 sancti-

2254 2541 2375 2595 tatis
2402 2540 2631 2611 species,
2666 2555 2772 2593 non
2802 2553 2989 2607 parum
3018 2537 3249 2594 contulit
3276 2536 3345 2591 ad
3370 2536 3767 2593 conciliandum
3797 2537 3850 2591 ei

2253 2632 2568 2688 Mauricium
2614 2632 3018 2701 imperatorem,
3049 2646 3210 2699 quem
3237 2630 3291 2684 in
3322 2637 3434 2684 tota
3472 2628 3562 2683 illa
3590 2628 3659 2683 de
3696 2644 3854 2685 mcu-

2253 2726 2447 2780 menici
2479 2727 2635 2781 titulo
2656 2726 3025 2781 controversia
3042 2723 3459 2780 infensissimum
3488 2733 3746 2794 expertus
3766 2733 3855 2779 est

2253 2818 2312 2873 S.
2342 2815 2651 2887 Gregorius.

2325 2906 2378 2962 9.
2419 2907 2477 2962 ln
2507 2909 2677 2979 prima
2700 2922 2863 2976 quam
2886 2906 2956 2963 de
2982 2908 3087 2964 hoc
3113 2914 3434 2977 argumento
3454 2906 3669 2979 scripsit
3697 2906 3849 2976 epis-

2257 3002 2364 3056 tola
2385 3044 2400 3070 ,
2430 3005 2573 3070 apud
2601 3000 2915 3055 Mauricium
2964 2999 3262 3069 Augustum
3310 3010 3638 3070 conquestus
3666 3008 3751 3053 est
3777 2997 3853 3053 de

2253 3089 2477 3147 Joannis
2506 3092 2777 3161 superbia,
2801 3106 2906 3162 qua
2935 3106 3044 3162 pax
3068 3091 3209 3147 inter
3235 3092 3522 3161 episcopos
3552 3091 3763 3145 turbata
3793 3100 3855 3145 et

2256 3186 2577 3242 labefactata
2620 3186 2824 3249 fuerat,
2855 3200 3032 3255 quave
3067 3185 3196 3241 dicit
3242 3185 3595 3241 barbarorum
3640 3183 3857 3252 gladios

564 3279 859 3336 Ecclesium
891 3281 992 3335 sibi
1017 3279 1358 3346 vindicaturi,
1390 3280 1491 3335 nisi
1530 3294 1717 3335 eorum
1744 3278 2006 3349 superbiae
2035 3294 2156 3348 quae
2182 3267 2232 3332 C
2261 3279 2313 3333 in
2335 3278 2724 3348 rempublicam
2767 3276 2978 3333 exacui.
3029 3276 3165 3331 Eum
3203 3292 3335 3331 vero
3373 3276 3456 3331 his
3486 3276 3667 3331 verbis
3711 3276 3853 3330 mire

563 3387 779 3442 semper
804 3370 1128 3427 ascendebat
1158 3372 1384 3426 ltotnani
1414 3370 1699 3442 pontilices
1721 3370 2074 3427 obstitissent.

640 3466 692 3519 7.
708 3464 789 3519 Ex
808 3464 1056 3520 omnibus
1069 3471 1248 3520 autem
1259 3462 1871 3533 Constantinopolitanis
1885 3462 2155 3531 episcopis

567 3562 746 3617 nullus
769 3568 917 3615 tanta
946 3561 1239 3630 cupiditate
1268 3561 1521 3631 aucupari
1552 3561 1697 3616 visus
1722 3568 1808 3616 est
1832 3559 2155 3615 meumenici

569 3653 1081 3715 nomenclationem,
1114 3660 1315 3720 quanta
1361 3650 1596 3707 Joannes
1621 3659 1983 3721 cognomento
2009 3649 2155 3720 Jeju-

567 3755 746 3812 nator,
769 3746 859 3817 qui
886 3761 949 3801 ea
971 3745 1041 3801 de
1066 3760 1246 3807 causa,
1279 3744 1407 3800 licet
1448 3746 1609 3799 aliam
1658 3744 2025 3811 simularetur,
2066 3760 2153 3816 sy-

566 3837 763 3892 nodum
817 3836 980 3893 totius
1030 3834 1263 3891 Orientis
1318 3836 1503 3891 habuit
1552 3835 2049 3905 Constantinopoli,
2098 3845 2157 3890 ut

568 3928 765 3983 docent
816 3943 915 3982 nos
971 3928 1262 3997 scriptores
1320 3943 1428 3982 non
1497 3928 1691 3997 pauci,
1746 3928 2155 3997 praesertimque

563 4020 624 4075 Β.
656 4020 966 4089 Gregorius.
1001 4017 1151 4083 Quod
1180 4037 1343 4090 mox,
1365 4020 1558 4089 inquit,
1578 4019 1717 4074 idem
1746 4020 1983 4074 decessor
2010 4036 2154 4075 meus

573 4111 865 4185 (Pelagius)
897 4123 950 4165 ut
992 4114 1215 4183 agnovit,
1252 4112 1461 4166 directis
1510 4112 1694 4166 litteris
1735 4126 1799 4164 ea:
1843 4113 2153 4165 auctoritate

570 4204 631 4261 S.
667 4203 810 4258 Petri
837 4205 1056 4274 apostoli
1078 4204 1309 4275 ejusdem
1330 4202 1515 4274 synodi
1544 4214 1567 4240 ιι
1592 4212 1708 4257 acta
1732 4204 1976 4258 cassavit.
2010 4202 2152 4267 Qua—

566 4315 685 4353 rum
713 4298 942 4352 videlicet
968 4298 1308 4368 epistolarum
1335 4297 1600 4351 sanctitati
1619 4306 1803 4351 vestra:
1830 4295 2153 4366 exemplaria

566 4390 741 4444 studui
764 4390 1042 4444 destinare.
1076 4388 1369 4445 Diaconum
1408 4404 1526 4442 vero
1552 4388 1637 4457 qui
1654 4392 1813 4458 juxta
1840 4402 2032 4440 morem
2057 4404 2151 4456 pro

564 4484 830 4551 responsis
858 4478 1106 4534 Ecclesia:
1151 4479 1405 4550 faciendis
1435 4478 1783 4547 piissimorum
1825 4477 2150 4531 dominorum

567 4576 793 4646 vestigiis
822 4570 1139 4640 adhaerebat,
1170 4588 1285 4627 cum
1308 4572 1530 4641 praefato
1574 4570 1942 4625 cansacerdote
1971 4580 2148 4626 nostra

2258 3373 2499 3442 depingit
2526 3390 2535 3424 :
2570 3370 2705 3425 Ossa
2722 3370 2941 3443 jejuniis
2964 3381 3272 3437 atteruntur,
3297 3380 3346 3425 et
3374 3378 3543 3426 mente
3564 3379 3849 3441 turgentes.

2257 3464 2455 3535 Corpus
2512 3465 2763 3530 despectis
2811 3462 3033 3519 vestibus
3077 3465 3287 3535 tegitur,
3318 3474 3367 3517 et
3403 3465 3628 3519 elatione
3675 3464 3854 3518 cordis

2256 3574 2538 3629 purpuram
2587 3570 2908 3626 superamus.
2965 3555 3209 3609 Jacemus
3255 3556 3307 3609 in
3357 3556 3557 3623 cinere,
3604 3563 3653 3609 et
3684 3557 3853 3627 250

2256 3655 2459 3704 excelsa
2500 3648 2830 3718 despicimus.
2863 3646 3112 3703 Doctores
3145 3647 3435 3715 humilium,
3468 3649 3622 3701 duces
3662 3665 3848 3714 super-

2257 3741 2372 3805 biw,
2402 3742 2555 3796 ovina
2585 3741 2719 3812 facie
2746 3741 2949 3810 lupinos
2971 3739 3149 3794 dentes
3175 3739 3555 3795 abscondimus.
3586 3739 3657 3798 Et
3674 3740 3849 3796 multo

2255 3831 2588 3888 manifestius
2602 3831 2671 3886 de
2686 3829 2876 3885 eodem
2902 3830 3126 3900 loquens
3151 3828 3289 3884 infra
3312 3848 3323 3882 ε
3347 3828 3448 3885 Ille
3473 3847 3615 3902 ergo,
3650 3830 3845 3899 inquit,

2256 3927 2421 3998 magis
2443 3938 2518 3980 est
2540 3926 2889 3996 piissimorum
2916 3924 3243 3978 dominorum
3271 3924 3614 3994 prwceptione
3642 3924 3851 3993 ﬂecten-

2256 4018 2375 4079 dus.
2398 4018 2485 4088 qui
2513 4016 2781 4085 prteceptis
2810 4015 3076 4069 canonicis
3098 4013 3439 4069 obedientiam
3469 4013 3695 4083 praebere
3717 4030 3847 4067 con-

2211 4103 2214 4107 ’
2257 4113 2456 4165 temnit.
2519 4108 2619 4163 Ille
2663 4108 2976 4163 coercendus
3022 4116 3132 4173 est,
3181 4109 3266 4179 qui
3317 4116 3509 4164 sancta:
3566 4109 3849 4162 universali

2255 4204 2507 4257 Ecclesia:
2534 4202 2786 4272 injuriam
2814 4202 2960 4271 facit,
2987 4202 3072 4271 qui
3100 4199 3254 4254 corde
3285 4208 3461 4265 tumet,
3493 4201 3581 4270 qui
3622 4200 3851 4269 gaudere

2257 4297 2320 4351 de
2359 4295 2566 4350 nomine
2612 4293 2993 4364 singularitatis
3039 4292 3250 4362 appetit,
3284 4294 3367 4360 qui
3414 4292 3596 4345 honori
3651 4308 3849 4363 quoque

2254 4387 2457 4457 imperii
2508 4386 2660 4439 vestri
2698 4400 2751 4438 se
2781 4400 2871 4453 per
2895 4384 3152 4453 privatum
3196 4382 3499 4437 vocabulum
3546 4384 3849 4453 superponit

2258 4477 2410 4549 (Lib.
2442 4492 2499 4542 v,
2530 4494 2611 4546 ep.
2634 4476 2761 4544 (ΞΟ).
2794 4473 2992 4545 Objicit
3025 4472 3248 4529 Joannis
3286 4473 3445 4528 fastui
3476 4474 3847 4542 apostolorum

2256 4571 2514 4643 principis
2545 4568 2892 4631 modestiam,
2917 4567 3010 4636 qui
3034 4566 3137 4621 etsi
3168 4564 3333 4620 totius
3379 4563 3633 4619 Ecclesia:
3660 4579 3848 4619 curant

566 4672 845 4724 missarum
867 4668 1119 4723 solemnia
1145 4665 1404 4720 celebrare
1422 4661 1683 4733 prohibuit
1705 4662 2014 4735 (Lib.v~,ep.
2033 4662 2149 4735 45).
2182 4658 2233 4718 D
2259 4680 2289 4719 a
2336 4662 2552 4719 Christo
2597 4660 2923 4730 accepisset,
2974 4672 3268 4727 numquam
3316 4665 3496 4711 tamen
3526 4655 3847 4710 universalis

566 4760 692 4815 Haec
736 4758 1059 4828 Gregorius,
1092 4758 1183 4829 qui
1235 4771 1358 4811 cum
1406 4753 1623 4824 Pelagio
1669 4769 1951 4811 successor
1993 4756 2151 4813 datus

564 4852 773 4918 fuisset,
799 4853 1061 4909 Joannem
1094 4866 1188 4921 per
1227 4847 1577 4904 Sabinianum
1606 4847 1840 4917 legatum
1868 4864 2024 4904 suum
2054 4867 2148 4904 ro-

564 4949 710 5017 gavit
736 4956 795 5002 ut
822 4949 891 5003 ab
911 4949 1015 5003 hoc
1038 4944 1191 5000 titulo
1212 4944 1526 4999 abstineret.
1549 4943 1614 4998 At
1642 4942 1774 4998 nihil
1799 4943 1883 5000 his
1901 4944 2150 5014 precibus

565 5040 823 5106 lucratus,
852 5039 955 5093 alia
986 5035 1216 5091 tentavit
1240 5034 1499 5089 remedia.

634 5135 685 5189 8.
730 5134 1030 5201 Antequam
1060 5130 1127 5187 de
1155 5129 1396 5200 epistolis
1432 5129 1487 5185 in
1533 5128 1674 5185 hanc
1717 5143 1832 5184 rem
1875 5143 1907 5182 a
1954 5136 2145 5183 sancto

563 5226 818 5300 pontiﬁce
857 5224 1074 5295 scriptis
1105 5223 1410 5291 loquamur,
1439 5223 1683 5291 quisnam
1725 5220 1885 5275 fuerit
1911 5220 2146 5277 Joannes

561 5321 863 5391 Jejunator,
894 5315 1279 5386 explorandum
1307 5324 1407 5369 est.
1434 5313 1681 5382 Vulgaris
1701 5320 1786 5365 est
1810 5311 1993 5381 opinio
2023 5327 2146 5366 eum

560 5412 723 5468 fuisse
766 5411 1116 5471 monachum,
1169 5408 1463 5475 nititurque
1500 5411 1611 5457 tum
1661 5398 1885 5456 Joannis
1929 5400 2145 5455 Diaconi

559 5507 874 5567 testimonio
895 5503 1031 5575 (Lib.
1058 5520 1131 5569 ιιι,
1158 5520 1205 5557 c.
1227 5501 1337 5572 5i),
1363 5508 1476 5555 tum
1501 5495 1847 5565 inscriptione
1868 5492 2143 5563 cujusdam

560 5601 826 5663 sermonis
848 5598 914 5654 de
933 5596 1274 5669 paenitentia,
1296 5592 1387 5663 qui
1420 5590 1519 5660 ipsi
1547 5587 1814 5650 tribuitur,
1836 5585 1967 5640 etin
1993 5585 2145 5639 titulo

561 5696 775 5768 prmfert
806 5707 1003 5749 nomen
1025 5688 1250 5744 Joannis
1291 5682 1541 5739 monachi
1569 5676 1889 5751 patriarcha:
1910 5674 2013 5732 ΟΡ.
2049 5693 2145 5733 co-

636 5840 661 5867 ει
700 5827 948 5897 Exceptis
977 5834 1156 5897 tamen
1186 5822 1270 5897 his
1293 5835 1413 5897 quae
1461 5816 1513 5897 in
1563 5830 1732 5897 causa
1759 5813 2002 5897 Gregorii
2034 5812 2146 5897 An-

563 5901 798 5963 tiocheni
846 5888 949 5951 hac
996 5895 1047 5947 in
1095 5888 1575 5965 synodoiabsoluti
1618 5897 1673 5943 et
1713 5888 1943 5942 restituti
1994 5890 2145 5951 gesta

562 5975 798 6037 fuerant,
823 5976 880 6023 ut
898 5971 1049 6039 patet
1075 5981 1144 6021 ex
1164 5979 1253 6037 ep.
1282 5964 1351 6021 68
1380 5965 1471 6024 lib.
1497 5982 1571 6034 ιι,

2257 4754 2537 4825 apostolus
2563 4750 2745 4806 vocari
2776 4749 2975 4815 voluit;
3025 4747 3178 4817 cujus
3207 4747 3457 4817 exemplo
3502 4746 3843 4801 adhaeserunt

2254 4847 2370 4915 ejus
2408 4844 2684 4913 dignitatis
2737 4836 2975 4897 hairedes
3024 4840 3250 4896 Romani
3292 4838 3606 4909 pontiﬁces;
3652 4848 3840 4909 postea

2252 4937 2553 4992 exclamat:
2590 4934 2634 4987 0
2661 4944 2915 4999 tempora,
2944 4951 2974 4987 ο
3002 4950 3171 4988 mores
3198 4934 3217 4987 !
3258 4930 3395 4986 Ecce
3424 4943 3609 4985 cuncta
3649 4934 3701 4988 in
3732 4931 3844 4985 Eu-

2254 5046 2393 5098 ropa:
2414 5026 2646 5098 partibus
2672 5026 3026 5081 Barbarorum
3042 5026 3153 5097 juri
3174 5034 3293 5079 sunt
3318 5025 3535 5091 tradita,
3566 5024 3843 5079 destructa":

2256 5119 2439 5188 urbes,
2468 5137 2643 5173 eversa
2693 5128 2898 5184 castra,
2948 5116 3276 5187 depopulata:
3323 5117 3633 5185 provinciae,
3668 5116 3842 5171 nullus

2256 5225 2448 5268 terram
2477 5214 2643 5266 cultor
2670 5208 2966 5275 inhabitat;
3016 5209 3231 5263 saeviunt
3270 5215 3319 5259 et
3348 5204 3686 5261 dominantur
3713 5220 3841 5277 quo-

2256 5308 2379 5360 tidie
2407 5307 2459 5359 in
2491 5322 2665 5359 necem
2710 5302 2941 5374 ﬁdeliam
2987 5301 3207 5355 cultores
3256 5297 3548 5363 idolorum;
3590 5309 3639 5352 et
3670 5308 3841 5354 tamen

2254 5399 2573 5465 sacerdoges,
2605 5397 2692 5469 qui
2736 5399 2787 5449 in
2836 5396 3127 5465 pavimento
3166 5404 3215 5447 et
3245 5394 3415 5445 cinere
3443 5395 3624 5462 ﬂentes
3660 5394 3844 5465 jacere

2255 5492 2573 5559 debuerunt,
2607 5490 2851 5545 vanitatis
2902 5487 2997 5542 sibi
3050 5488 3259 5541 nomina
3304 5495 3570 5555 expetunt,
3615 5495 3667 5541 et
3696 5490 3843 5541 novis

2252 5602 2312 5638 ac
2341 5586 2582 5656 profanis
2614 5582 2875 5638 vocabulis
2904 5582 3222 5653 gloriantur.

2321 5680 2560 5738 Tandem
2592 5679 2734 5732 hunc
2758 5677 2968 5731 titulum
2996 5676 3191 5729 arietat
3218 5674 3403 5731 multis
3431 5673 3702 5729 rationum
3724 5682 3843 5730 nio-

2320 5815 2347 5854 δ
2388 5814 2445 5868 S.
2480 5812 2713 5867 Isidorus
2742 5811 2834 5865 lib.
2859 5811 2925 5864 de
2941 5808 3081 5865 Viris
3100 5809 3273 5868 lliust.
3294 5826 3347 5867 c.
3378 5811 3448 5865 26
3471 5810 3631 5867 docet
3658 5820 3838 5865 tamet.

2252 5903 2374 5946 eum
2399 5883 2556 5938 fuisse
2584 5881 2978 5953 Cappadocem.
