  <div class='ocr_page' id='page_1' title='image "/cluster/home/n/w/nwhite01/storage/ocr_20150623/75/hvd.32044015469380/182.png"; bbox 0 0 4138 6456; ppageno 0'>
   <div class='ocr_carea' id='block_1_1' title="bbox 274 425 382 494">
    <p class='ocr_par' dir='ltr' id='par_1_1' title="bbox 274 425 382 494">
     <span class='ocr_line' id='line_1_1' title="bbox 274 425 382 494; baseline 0.028 -4"><span class='ocrx_word' id='word_1_1' title='bbox 274 425 382 494; x_wconf 72' lang='grc'><strong>549</strong></span> 
     </span>
    </p>
   </div>
   <div class='ocr_carea' id='block_1_2' title="bbox 273 522 1944 622">
    <p class='ocr_par' dir='ltr' id='par_1_2' title="bbox 273 522 1944 622">
     <span class='ocr_line' id='line_1_2' title="bbox 273 522 1944 622; baseline -0.024 -8"><span class='ocrx_word' id='word_1_2' title='bbox 273 555 490 619; x_wconf 88' lang='lat' dir='ltr'><strong>mentis,</strong></span> <span class='ocrx_word' id='word_1_3' title='bbox 506 546 807 622; x_wconf 66' lang='lat' dir='ltr'><strong>praesertim</strong></span> <span class='ocrx_word' id='word_1_4' title='bbox 819 557 888 597; x_wconf 78' lang='lat' dir='ltr'><strong>ex</strong></span> <span class='ocrx_word' id='word_1_5' title='bbox 908 551 1076 611; x_wconf 82' lang='lat' dir='ltr'><strong>pravo</strong></span> <span class='ocrx_word' id='word_1_6' title='bbox 1096 549 1256 591; x_wconf 88' lang='lat' dir='ltr'><strong>sensu</strong></span> <span class='ocrx_word' id='word_1_7' title='bbox 1277 532 1363 588; x_wconf 88' lang='lat' dir='ltr'><strong>cui</strong></span> <span class='ocrx_word' id='word_1_8' title='bbox 1382 529 1591 593; x_wconf 86' lang='lat' dir='ltr'><strong>subest,</strong></span> <span class='ocrx_word' id='word_1_9' title='bbox 1605 522 1865 582; x_wconf 75' lang='lat' dir='ltr'><strong>deductis.</strong></span> <span class='ocrx_word' id='word_1_10' title='bbox 1896 528 1944 586; x_wconf 72' lang='grc' dir='ltr'><strong>Α</strong></span> 
     </span>
    </p>
   </div>
   <div class='ocr_carea' id='block_1_3' title="bbox 274 615 1864 718">
    <p class='ocr_par' dir='ltr' id='par_1_3' title="bbox 274 615 1864 718">
     <span class='ocr_line' id='line_1_3' title="bbox 274 615 1864 718; baseline -0.025 -11"><span class='ocrx_word' id='word_1_11' title='bbox 274 615 552 718; x_wconf 69' lang='lat' dir='ltr'><strong>Praecipua</strong></span> <span class='ocrx_word' id='word_1_12' title='bbox 579 641 773 713; x_wconf 83' lang='lat' dir='ltr'><strong>quibus</strong></span> <span class='ocrx_word' id='word_1_13' title='bbox 799 635 1063 691; x_wconf 82' lang='lat' dir='ltr'><strong>Joannem</strong></span> <span class='ocrx_word' id='word_1_14' title='bbox 1103 635 1259 696; x_wconf 87' lang='lat' dir='ltr'><strong>urget</strong></span> <span class='ocrx_word' id='word_1_15' title='bbox 1306 630 1641 692; x_wconf 83' lang='lat' dir='ltr'><strong>argumenta,</strong></span> <span class='ocrx_word' id='word_1_16' title='bbox 1667 627 1779 672; x_wconf 90' lang='lat' dir='ltr'><strong>tum</strong></span> <span class='ocrx_word' id='word_1_17' title='bbox 1811 615 1864 668; x_wconf 88' lang='lat' dir='ltr'><strong>in</strong></span> 
     </span>
    </p>
   </div>
   <div class='ocr_carea' id='block_1_4' title="bbox 273 705 1864 808">
    <p class='ocr_par' dir='ltr' id='par_1_4' title="bbox 273 705 1864 808">
     <span class='ocr_line' id='line_1_4' title="bbox 273 705 1864 808; baseline -0.026 -10"><span class='ocrx_word' id='word_1_18' title='bbox 273 742 379 798; x_wconf 89' lang='lat' dir='ltr'><strong>hac</strong></span> <span class='ocrx_word' id='word_1_19' title='bbox 407 705 636 808; x_wconf 74' lang='lat' dir='ltr'><strong>epistola</strong></span> <span class='ocrx_word' id='word_1_20' title='bbox 665 739 777 785; x_wconf 90' lang='lat' dir='ltr'><strong>tum</strong></span> <span class='ocrx_word' id='word_1_21' title='bbox 807 728 860 782; x_wconf 90' lang='lat' dir='ltr'><strong>in</strong></span> <span class='ocrx_word' id='word_1_22' title='bbox 889 725 1030 792; x_wconf 89' lang='lat' dir='ltr'><strong>aliis,</strong></span> <span class='ocrx_word' id='word_1_23' title='bbox 1065 736 1129 776; x_wconf 90' lang='lat' dir='ltr'><strong>ea</strong></span> <span class='ocrx_word' id='word_1_24' title='bbox 1170 729 1290 774; x_wconf 92' lang='lat' dir='ltr'><strong>sunt</strong></span> <span class='ocrx_word' id='word_1_25' title='bbox 1315 734 1330 772; x_wconf 88' lang='lat'><strong>:</strong></span> <span class='ocrx_word' id='word_1_26' title='bbox 1360 719 1622 784; x_wconf 87' lang='lat' dir='ltr'><strong>repugnat</strong></span> <span class='ocrx_word' id='word_1_27' title='bbox 1649 705 1864 762; x_wconf 91' lang='lat' dir='ltr'><strong>humili-</strong></span> 
     </span>
    </p>
   </div>
   <div class='ocr_carea' id='block_1_5' title="bbox 273 802 1863 891">
    <p class='ocr_par' dir='ltr' id='par_1_5' title="bbox 273 802 1863 891">
     <span class='ocr_line' id='line_1_5' title="bbox 273 802 1863 891; baseline -0.024 0"><span class='ocrx_word' id='word_1_28' title='bbox 273 835 374 890; x_wconf 92' lang='lat' dir='ltr'><strong>tati</strong></span> <span class='ocrx_word' id='word_1_29' title='bbox 395 802 716 887; x_wconf 69' lang='lat' dir='ltr'><strong>Christiana:</strong></span> <span class='ocrx_word' id='word_1_30' title='bbox 743 835 864 891; x_wconf 78' lang='lat' dir='ltr'><strong>qua:</strong></span> <span class='ocrx_word' id='word_1_31' title='bbox 888 819 938 872; x_wconf 89' lang='lat' dir='ltr'><strong>in</strong></span> <span class='ocrx_word' id='word_1_32' title='bbox 967 814 1236 884; x_wconf 86' lang='lat' dir='ltr'><strong>episcopis</strong></span> <span class='ocrx_word' id='word_1_33' title='bbox 1263 809 1432 878; x_wconf 86' lang='lat' dir='ltr'><strong>magis</strong></span> <span class='ocrx_word' id='word_1_34' title='bbox 1460 805 1662 872; x_wconf 83' lang='lat' dir='ltr'><strong>fulgere</strong></span> <span class='ocrx_word' id='word_1_35' title='bbox 1682 802 1863 864; x_wconf 90' lang='lat' dir='ltr'><strong>debet,</strong></span> 
     </span>
    </p>
   </div>
   <div class='ocr_carea' id='block_1_6' title="bbox 275 893 1868 983">
    <p class='ocr_par' dir='ltr' id='par_1_6' title="bbox 275 893 1868 983">
     <span class='ocr_line' id='line_1_6' title="bbox 275 893 1868 983; baseline -0.024 -1"><span class='ocrx_word' id='word_1_36' title='bbox 275 939 476 983; x_wconf 89' lang='lat' dir='ltr'><strong>novum</strong></span> <span class='ocrx_word' id='word_1_37' title='bbox 500 914 818 977; x_wconf 72' lang='lat' dir='ltr'><strong>meumenici</strong></span> <span class='ocrx_word' id='word_1_38' title='bbox 846 924 1077 974; x_wconf 84' lang='lat' dir='ltr'><strong>nomen;</strong></span> <span class='ocrx_word' id='word_1_39' title='bbox 1104 904 1424 962; x_wconf 85' lang='lat' dir='ltr'><strong>charitatem</strong></span> <span class='ocrx_word' id='word_1_40' title='bbox 1450 898 1654 962; x_wconf 87' lang='lat' dir='ltr'><strong>turbat,</strong></span> <span class='ocrx_word' id='word_1_41' title='bbox 1687 893 1868 953; x_wconf 85' lang='lat' dir='ltr'><strong>unita-</strong></span> 
     </span>
    </p>
   </div>
   <div class='ocr_carea' id='block_1_7' title="bbox 275 983 1866 1078">
    <p class='ocr_par' dir='ltr' id='par_1_7' title="bbox 275 983 1866 1078">
     <span class='ocr_line' id='line_1_7' title="bbox 275 983 1866 1078; baseline -0.025 -4"><span class='ocrx_word' id='word_1_42' title='bbox 275 1026 387 1073; x_wconf 85' lang='lat' dir='ltr'><strong>tem</strong></span> <span class='ocrx_word' id='word_1_43' title='bbox 415 1011 640 1078; x_wconf 84' lang='lat' dir='ltr'><strong>scindit,</strong></span> <span class='ocrx_word' id='word_1_44' title='bbox 663 1014 890 1064; x_wconf 70' lang='lat' dir='ltr'><strong>caateros</strong></span> <span class='ocrx_word' id='word_1_45' title='bbox 923 1001 1206 1072; x_wconf 82' lang='lat' dir='ltr'><strong>episcopos</strong></span> <span class='ocrx_word' id='word_1_46' title='bbox 1243 1008 1340 1048; x_wconf 89' lang='lat' dir='ltr'><strong>sua</strong></span> <span class='ocrx_word' id='word_1_47' title='bbox 1361 989 1619 1058; x_wconf 76' lang='lat' dir='ltr'><strong>dignitate</strong></span> <span class='ocrx_word' id='word_1_48' title='bbox 1648 983 1866 1056; x_wconf 76' lang='lat' dir='ltr'><strong>Spoliat,</strong></span> 
     </span>
    </p>
   </div>
   <div class='ocr_carea' id='block_1_8' title="bbox 277 1084 1867 1166">
    <p class='ocr_par' dir='ltr' id='par_1_8' title="bbox 277 1084 1867 1166">
     <span class='ocr_line' id='line_1_8' title="bbox 277 1084 1867 1166; baseline -0.024 0"><span class='ocrx_word' id='word_1_49' title='bbox 277 1118 339 1166; x_wconf 93' lang='lat' dir='ltr'><strong>ut</strong></span> <span class='ocrx_word' id='word_1_50' title='bbox 363 1123 526 1163; x_wconf 90' lang='lat' dir='ltr'><strong>unum</strong></span> <span class='ocrx_word' id='word_1_51' title='bbox 554 1111 763 1158; x_wconf 84' lang='lat' dir='ltr'><strong>tantum</strong></span> <span class='ocrx_word' id='word_1_52' title='bbox 811 1096 977 1152; x_wconf 85' lang='lat' dir='ltr'><strong>faciat</strong></span> <span class='ocrx_word' id='word_1_53' title='bbox 1020 1091 1364 1162; x_wconf 65' lang='lat' dir='ltr'><strong>episcoimm,</strong></span> <span class='ocrx_word' id='word_1_54' title='bbox 1396 1098 1503 1152; x_wconf 89' lang='lat' dir='ltr'><strong>quo</strong></span> <span class='ocrx_word' id='word_1_55' title='bbox 1532 1086 1726 1136; x_wconf 83' lang='lat' dir='ltr'><strong>ruente</strong></span> <span class='ocrx_word' id='word_1_56' title='bbox 1755 1084 1867 1130; x_wconf 87' lang='lat' dir='ltr'><strong>tota</strong></span> 
     </span>
    </p>
   </div>
   <div class='ocr_carea' id='block_1_9' title="bbox 276 1169 1869 1259">
    <p class='ocr_par' dir='ltr' id='par_1_9' title="bbox 276 1169 1869 1259">
     <span class='ocr_line' id='line_1_9' title="bbox 276 1169 1869 1259; baseline -0.024 -1"><span class='ocrx_word' id='word_1_57' title='bbox 276 1202 390 1259; x_wconf 92' lang='lat' dir='ltr'><strong>ruit</strong></span> <span class='ocrx_word' id='word_1_58' title='bbox 416 1197 676 1253; x_wconf 79' lang='lat' dir='ltr'><strong>Ecclesia.</strong></span> <span class='ocrx_word' id='word_1_59' title='bbox 699 1190 943 1258; x_wconf 54' lang='lat' dir='ltr'><strong>Cun‘ique</strong></span> <span class='ocrx_word' id='word_1_60' title='bbox 961 1183 1224 1257; x_wconf 83' lang='lat' dir='ltr'><strong>plurimos</strong></span> <span class='ocrx_word' id='word_1_61' title='bbox 1244 1169 1869 1240; x_wconf 80' lang='lat' dir='ltr'><strong>Constantinopolitanos</strong></span> 
     </span>
    </p>
   </div>
   <div class='ocr_carea' id='block_1_10' title="bbox 279 1260 1867 1363">
    <p class='ocr_par' dir='ltr' id='par_1_10' title="bbox 279 1260 1867 1363">
     <span class='ocr_line' id='line_1_10' title="bbox 279 1260 1867 1363; baseline -0.025 -14"><span class='ocrx_word' id='word_1_62' title='bbox 279 1295 566 1363; x_wconf 83' lang='lat' dir='ltr'><strong>episcopos</strong></span> <span class='ocrx_word' id='word_1_63' title='bbox 610 1285 662 1340; x_wconf 93' lang='lat' dir='ltr'><strong>in</strong></span> <span class='ocrx_word' id='word_1_64' title='bbox 689 1281 938 1338; x_wconf 63' lang='lat' dir='ltr'><strong>haeresim</strong></span> <span class='ocrx_word' id='word_1_65' title='bbox 967 1277 1150 1345; x_wconf 87' lang='lat' dir='ltr'><strong>lapsos</strong></span> <span class='ocrx_word' id='word_1_66' title='bbox 1177 1283 1298 1326; x_wconf 82' lang='lat' dir='ltr'><strong>esse</strong></span> <span class='ocrx_word' id='word_1_67' title='bbox 1333 1267 1595 1334; x_wconf 87' lang='lat' dir='ltr'><strong>legamus,</strong></span> <span class='ocrx_word' id='word_1_68' title='bbox 1625 1260 1750 1316; x_wconf 90' lang='lat' dir='ltr'><strong>inde</strong></span> <span class='ocrx_word' id='word_1_69' title='bbox 1778 1273 1867 1312; x_wconf 88' lang='lat' dir='ltr'><strong>se-</strong></span> 
     </span>
    </p>
   </div>
   <div class='ocr_carea' id='block_1_11' title="bbox 284 1350 1866 1454">
    <p class='ocr_par' dir='ltr' id='par_1_11' title="bbox 284 1350 1866 1454">
     <span class='ocr_line' id='line_1_11' title="bbox 284 1350 1866 1454; baseline -0.023 -15"><span class='ocrx_word' id='word_1_70' title='bbox 284 1350 546 1454; x_wconf 71' lang='lat' dir='ltr'><strong>queretur</strong></span> <span class='ocrx_word' id='word_1_71' title='bbox 595 1391 626 1430; x_wconf 84' lang='lat' dir='ltr'><strong>a</strong></span> <span class='ocrx_word' id='word_1_72' title='bbox 665 1387 794 1428; x_wconf 88' lang='lat' dir='ltr'><strong>vera</strong></span> <span class='ocrx_word' id='word_1_73' title='bbox 844 1369 948 1424; x_wconf 88' lang='lat' dir='ltr'><strong>lide</strong></span> <span class='ocrx_word' id='word_1_74' title='bbox 990 1365 1185 1435; x_wconf 66' lang='lat' dir='ltr'><strong>saepius</strong></span> <span class='ocrx_word' id='word_1_75' title='bbox 1235 1358 1500 1417; x_wconf 80' lang='lat' dir='ltr'><strong>excidisse</strong></span> <span class='ocrx_word' id='word_1_76' title='bbox 1550 1350 1866 1408; x_wconf 87' lang='lat' dir='ltr'><strong>Ecclesiam.</strong></span> 
     </span>
    </p>
   </div>
   <div class='ocr_carea' id='block_1_12' title="bbox 282 1440 1869 1543">
    <p class='ocr_par' dir='ltr' id='par_1_12' title="bbox 282 1440 1869 1543">
     <span class='ocr_line' id='line_1_12' title="bbox 282 1440 1869 1543; baseline -0.023 -12"><span class='ocrx_word' id='word_1_77' title='bbox 282 1440 526 1543; x_wconf 52' lang='lat' dir='ltr'><strong>denique</strong></span> <span class='ocrx_word' id='word_1_78' title='bbox 567 1464 793 1523; x_wconf 76' lang='lat' dir='ltr'><strong>Romani</strong></span> <span class='ocrx_word' id='word_1_79' title='bbox 836 1457 1107 1533; x_wconf 81' lang='lat' dir='ltr'><strong>pontiﬁcis</strong></span> <span class='ocrx_word' id='word_1_80' title='bbox 1154 1450 1369 1509; x_wconf 85' lang='lat' dir='ltr'><strong>titulum</strong></span> <span class='ocrx_word' id='word_1_81' title='bbox 1413 1448 1556 1504; x_wconf 82' lang='lat' dir='ltr'><strong>hunc</strong></span> <span class='ocrx_word' id='word_1_82' title='bbox 1583 1444 1724 1500; x_wconf 91' lang='lat' dir='ltr'><strong>ultro</strong></span> <span class='ocrx_word' id='word_1_83' title='bbox 1767 1440 1869 1498; x_wconf 88' lang='lat' dir='ltr'><strong>sibi</strong></span> 
     </span>
    </p>
   </div>
   <div class='ocr_carea' id='block_1_13' title="bbox 282 1562 891 1629">
    <p class='ocr_par' dir='ltr' id='par_1_13' title="bbox 282 1562 891 1629">
     <span class='ocr_line' id='line_1_13' title="bbox 282 1562 891 1629; baseline -0.025 -7"><span class='ocrx_word' id='word_1_84' title='bbox 282 1568 520 1622; x_wconf 87' lang='lat' dir='ltr'><strong>oblatum</strong></span> <span class='ocrx_word' id='word_1_85' title='bbox 549 1562 891 1629; x_wconf 78' lang='lat' dir='ltr'><strong>respuerant.</strong></span> 
     </span>
    </p>
   </div>
   <div class='ocr_carea' id='block_1_14' title="bbox 357 1623 1871 1724">
    <p class='ocr_par' dir='ltr' id='par_1_14' title="bbox 357 1623 1871 1724">
     <span class='ocr_line' id='line_1_14' title="bbox 357 1623 1871 1724; baseline -0.021 -14"><span class='ocrx_word' id='word_1_86' title='bbox 357 1656 556 1724; x_wconf 85' lang='lat' dir='ltr'><strong>Papam</strong></span> <span class='ocrx_word' id='word_1_87' title='bbox 605 1623 851 1704; x_wconf 75' lang='lat' dir='ltr'><strong>hortatus</strong></span> <span class='ocrx_word' id='word_1_88' title='bbox 881 1645 1055 1698; x_wconf 79' lang='lat' dir='ltr'><strong>fuerat</strong></span> <span class='ocrx_word' id='word_1_89' title='bbox 1104 1638 1401 1707; x_wconf 86' lang='lat' dir='ltr'><strong>imperator</strong></span> <span class='ocrx_word' id='word_1_90' title='bbox 1426 1638 1489 1685; x_wconf 90' lang='lat' dir='ltr'><strong>ut</strong></span> <span class='ocrx_word' id='word_1_91' title='bbox 1513 1642 1634 1684; x_wconf 90' lang='lat' dir='ltr'><strong>cum</strong></span> <span class='ocrx_word' id='word_1_92' title='bbox 1661 1623 1871 1679; x_wconf 85' lang='lat' dir='ltr'><strong>Joanne</strong></span> 
     </span>
    </p>
   </div>
   <div class='ocr_carea' id='block_1_15' title="bbox 281 1720 1870 1819">
    <p class='ocr_par' dir='ltr' id='par_1_15' title="bbox 281 1720 1870 1819">
     <span class='ocr_line' id='line_1_15' title="bbox 281 1720 1870 1819; baseline -0.023 -18"><span class='ocrx_word' id='word_1_93' title='bbox 281 1720 509 1819; x_wconf 81' lang='lat' dir='ltr'><strong>pacilice</strong></span> <span class='ocrx_word' id='word_1_94' title='bbox 538 1747 748 1810; x_wconf 86' lang='lat' dir='ltr'><strong>ageret;</strong></span> <span class='ocrx_word' id='word_1_95' title='bbox 778 1735 845 1790; x_wconf 88' lang='lat' dir='ltr'><strong>ad</strong></span> <span class='ocrx_word' id='word_1_96' title='bbox 870 1732 1013 1804; x_wconf 88' lang='lat' dir='ltr'><strong>quod</strong></span> <span class='ocrx_word' id='word_1_97' title='bbox 1041 1725 1356 1798; x_wconf 85' lang='lat' dir='ltr'><strong>respondit:</strong></span> <span class='ocrx_word' id='word_1_98' title='bbox 1387 1721 1468 1775; x_wconf 81' lang='lat' dir='ltr'><strong>Ad</strong></span> <span class='ocrx_word' id='word_1_99' title='bbox 1496 1720 1656 1774; x_wconf 87' lang='lat' dir='ltr'><strong>vitam</strong></span> <span class='ocrx_word' id='word_1_100' title='bbox 1677 1723 1870 1770; x_wconf 87' lang='lat' dir='ltr'><strong>rectam</strong></span> 
     </span>
    </p>
   </div>
   <div class='ocr_carea' id='block_1_16' title="bbox 279 1804 1871 1890">
    <p class='ocr_par' dir='ltr' id='par_1_16' title="bbox 279 1804 1871 1890">
     <span class='ocr_line' id='line_1_16' title="bbox 279 1804 1871 1890; baseline -0.022 0"><span class='ocrx_word' id='word_1_101' title='bbox 279 1842 566 1890; x_wconf 75' lang='lat' dir='ltr'><strong>revertatur</strong></span> <span class='ocrx_word' id='word_1_102' title='bbox 595 1836 776 1882; x_wconf 79' lang='lat' dir='ltr'><strong>auctor</strong></span> <span class='ocrx_word' id='word_1_103' title='bbox 801 1822 1056 1885; x_wconf 86' lang='lat' dir='ltr'><strong>scandali,</strong></span> <span class='ocrx_word' id='word_1_104' title='bbox 1081 1828 1131 1873; x_wconf 89' lang='lat' dir='ltr'><strong>et</strong></span> <span class='ocrx_word' id='word_1_105' title='bbox 1150 1815 1328 1873; x_wconf 85' lang='lat' dir='ltr'><strong>omnia</strong></span> <span class='ocrx_word' id='word_1_106' title='bbox 1348 1809 1675 1868; x_wconf 73' lang='lat' dir='ltr'><strong>sacerdotum</strong></span> <span class='ocrx_word' id='word_1_107' title='bbox 1688 1804 1871 1876; x_wconf 82' lang='lat' dir='ltr'><strong>jurgia</strong></span> 
     </span>
    </p>
   </div>
   <div class='ocr_carea' id='block_1_17' title="bbox 756 389 3074 488">
    <p class='ocr_par' dir='ltr' id='par_1_17' title="bbox 756 389 3074 488">
     <span class='ocr_line' id='line_1_17' title="bbox 756 389 3074 488; baseline -0.016 -2"><span class='ocrx_word' id='word_1_108' title='bbox 756 411 830 488; x_wconf 67' lang='lat' dir='ltr'><strong>&#39;s.‘</strong></span> <span class='ocrx_word' id='word_1_109' title='bbox 859 419 1186 484; x_wconf 78' lang='lat' dir='ltr'><strong>cncconn</strong></span> <span class='ocrx_word' id='word_1_110' title='bbox 1226 416 1439 475; x_wconf 74' lang='lat' dir='ltr'><strong>MAGNI</strong></span> <span class='ocrx_word' id='word_1_111' title='bbox 1480 413 1660 478; x_wconf 81' lang='lat' dir='ltr'><strong>Vl&#39;l&#39;A,</strong></span> <span class='ocrx_word' id='word_1_112' title='bbox 1703 407 1795 466; x_wconf 77' lang='lat' dir='ltr'><strong>ex</strong></span> <span class='ocrx_word' id='word_1_113' title='bbox 1836 403 2000 463; x_wconf 73' lang='lat' dir='ltr'><strong>Eius</strong></span> <span class='ocrx_word' id='word_1_114' title='bbox 2032 401 2343 460; x_wconf 79' lang='lat' dir='ltr'><strong>SCRIP‘I‘IS</strong></span> <span class='ocrx_word' id='word_1_115' title='bbox 2375 395 2774 456; x_wconf 69' lang='lat' dir='ltr'><strong>sponsus.</strong></span> <span class='ocrx_word' id='word_1_116' title='bbox 2815 391 2944 448; x_wconf 79' lang='lat' dir='ltr'><strong>Lm.</strong></span> <span class='ocrx_word' id='word_1_117' title='bbox 2980 389 3074 448; x_wconf 85' lang='grc' dir='ltr'>ιιι.</span> 
     </span>
    </p>
   </div>
   <div class='ocr_carea' id='block_1_18' title="bbox 3457 379 3566 447">
    <p class='ocr_par' dir='ltr' id='par_1_18' title="bbox 3457 379 3566 447">
     <span class='ocr_line' id='line_1_18' title="bbox 3457 379 3566 447; baseline -0.018 1"><span class='ocrx_word' id='word_1_118' title='bbox 3457 379 3566 447; x_wconf 75' lang='lat'><strong>550</strong></span> 
     </span>
    </p>
   </div>
   <div class='ocr_carea' id='block_1_19' title="bbox 2050 501 3562 586">
    <p class='ocr_par' dir='ltr' id='par_1_19' title="bbox 2050 501 3562 586">
     <span class='ocr_line' id='line_1_19' title="bbox 2050 501 3562 586; baseline -0.007 -16"><span class='ocrx_word' id='word_1_119' title='bbox 2050 517 2131 570; x_wconf 81' lang='lat' dir='ltr'><strong>ll.</strong></span> <span class='ocrx_word' id='word_1_120' title='bbox 2170 515 2507 586; x_wconf 79' lang='lat' dir='ltr'><strong>Responsum</strong></span> <span class='ocrx_word' id='word_1_121' title='bbox 2534 509 2744 580; x_wconf 79' lang='lat' dir='ltr'><strong>Eulogii</strong></span> <span class='ocrx_word' id='word_1_122' title='bbox 2771 508 2860 562; x_wconf 92' lang='lat' dir='ltr'><strong>diu</strong></span> <span class='ocrx_word' id='word_1_123' title='bbox 2881 503 3221 576; x_wconf 82' lang='lat' dir='ltr'><strong>exspectavit</strong></span> <span class='ocrx_word' id='word_1_124' title='bbox 3245 501 3562 574; x_wconf 80' lang='lat' dir='ltr'><strong>Gregorius.</strong></span> 
     </span>
    </p>
   </div>
   <div class='ocr_carea' id='block_1_20' title="bbox 1964 595 3565 678">
    <p class='ocr_par' dir='ltr' id='par_1_20' title="bbox 1964 595 3565 678">
     <span class='ocr_line' id='line_1_20' title="bbox 1964 595 3565 678; baseline -0.008 -15"><span class='ocrx_word' id='word_1_125' title='bbox 1964 610 2056 678; x_wconf 87' lang='lat' dir='ltr'><strong>qui</strong></span> <span class='ocrx_word' id='word_1_126' title='bbox 2087 608 2154 662; x_wconf 89' lang='lat' dir='ltr'><strong>de</strong></span> <span class='ocrx_word' id='word_1_127' title='bbox 2204 615 2347 660; x_wconf 86' lang='lat' dir='ltr'><strong>tanta</strong></span> <span class='ocrx_word' id='word_1_128' title='bbox 2395 619 2546 658; x_wconf 91' lang='lat' dir='ltr'><strong>mora</strong></span> <span class='ocrx_word' id='word_1_129' title='bbox 2585 619 2705 657; x_wconf 92' lang='lat' dir='ltr'><strong>cum</strong></span> <span class='ocrx_word' id='word_1_130' title='bbox 2746 617 2812 656; x_wconf 91' lang='lat' dir='ltr'><strong>eo</strong></span> <span class='ocrx_word' id='word_1_131' title='bbox 2857 597 3218 669; x_wconf 84' lang='lat' dir='ltr'><strong>expostulavit</strong></span> <span class='ocrx_word' id='word_1_132' title='bbox 3249 595 3426 651; x_wconf 88' lang='lat' dir='ltr'><strong>amice</strong></span> <span class='ocrx_word' id='word_1_133' title='bbox 3459 596 3565 650; x_wconf 86' lang='lat' dir='ltr'><strong>alia</strong></span> 
     </span>
    </p>
   </div>
   <div class='ocr_carea' id='block_1_21' title="bbox 1967 683 3567 765">
    <p class='ocr_par' dir='ltr' id='par_1_21' title="bbox 1967 683 3567 765">
     <span class='ocr_line' id='line_1_21' title="bbox 1967 683 3567 765; baseline -0.011 -12"><span class='ocrx_word' id='word_1_134' title='bbox 1967 699 2018 753; x_wconf 90' lang='lat' dir='ltr'><strong>in</strong></span> <span class='ocrx_word' id='word_1_135' title='bbox 2071 697 2299 765; x_wconf 87' lang='lat' dir='ltr'><strong>epistola</strong></span> <span class='ocrx_word' id='word_1_136' title='bbox 2353 693 2439 747; x_wconf 91' lang='lat' dir='ltr'><strong>ubi</strong></span> <span class='ocrx_word' id='word_1_137' title='bbox 2491 698 2884 746; x_wconf 83' lang='lat' dir='ltr'><strong>commemorat</strong></span> <span class='ocrx_word' id='word_1_138' title='bbox 2932 686 3133 742; x_wconf 83' lang='lat' dir='ltr'><strong>beatum</strong></span> <span class='ocrx_word' id='word_1_139' title='bbox 3192 683 3567 757; x_wconf 81' lang='lat' dir='ltr'><strong>evangelistam</strong></span> 
     </span>
    </p>
   </div>
   <div class='ocr_carea' id='block_1_22' title="bbox 1965 779 3566 852">
    <p class='ocr_par' dir='ltr' id='par_1_22' title="bbox 1965 779 3566 852">
     <span class='ocr_line' id='line_1_22' title="bbox 1965 779 3566 852; baseline -0.008 -10"><span class='ocrx_word' id='word_1_140' title='bbox 1965 787 2207 842; x_wconf 81' lang='lat' dir='ltr'><strong>Marcum</strong></span> <span class='ocrx_word' id='word_1_141' title='bbox 2230 802 2260 838; x_wconf 90' lang='lat' dir='ltr'><strong>a</strong></span> <span class='ocrx_word' id='word_1_142' title='bbox 2282 793 2462 839; x_wconf 88' lang='lat' dir='ltr'><strong>sancto</strong></span> <span class='ocrx_word' id='word_1_143' title='bbox 2487 783 2643 836; x_wconf 89' lang='lat' dir='ltr'><strong>Petro</strong></span> <span class='ocrx_word' id='word_1_144' title='bbox 2666 781 2902 852; x_wconf 81' lang='lat' dir='ltr'><strong>apostolo</strong></span> <span class='ocrx_word' id='word_1_145' title='bbox 2942 782 3192 851; x_wconf 87' lang='lat' dir='ltr'><strong>magistro</strong></span> <span class='ocrx_word' id='word_1_146' title='bbox 3218 795 3308 832; x_wconf 88' lang='lat' dir='ltr'><strong>suo</strong></span> <span class='ocrx_word' id='word_1_147' title='bbox 3331 779 3566 831; x_wconf 76' lang='lat' dir='ltr'><strong>Alex-an-</strong></span> 
     </span>
    </p>
   </div>
   <div class='ocr_carea' id='block_1_23' title="bbox 1966 862 3568 948">
    <p class='ocr_par' dir='ltr' id='par_1_23' title="bbox 1966 862 3568 948">
     <span class='ocr_line' id='line_1_23' title="bbox 1966 862 3568 948; baseline -0.008 -17"><span class='ocrx_word' id='word_1_148' title='bbox 1966 877 2135 931; x_wconf 86' lang='lat' dir='ltr'><strong>driam</strong></span> <span class='ocrx_word' id='word_1_149' title='bbox 2185 877 2344 948; x_wconf 80' lang='lat' dir='ltr'><strong>fuisse</strong></span> <span class='ocrx_word' id='word_1_150' title='bbox 2389 873 2747 926; x_wconf 74' lang='lat' dir='ltr'><strong>transmissum</strong></span> <span class='ocrx_word' id='word_1_151' title='bbox 2799 867 2947 941; x_wconf 79' lang='lat' dir='ltr'><strong>(Lib.</strong></span> <span class='ocrx_word' id='word_1_152' title='bbox 2996 885 3076 932; x_wconf 82' lang='lat' dir='ltr'><strong>v1,</strong></span> <span class='ocrx_word' id='word_1_153' title='bbox 3127 886 3210 937; x_wconf 86' lang='lat' dir='ltr'><strong>ep.</strong></span> <span class='ocrx_word' id='word_1_154' title='bbox 3238 865 3373 935; x_wconf 84' lang='lat'><strong>60);</strong></span> <span class='ocrx_word' id='word_1_155' title='bbox 3426 862 3568 918; x_wconf 85' lang='lat' dir='ltr'><strong>unde</strong></span> 
     </span>
    </p>
   </div>
   <div class='ocr_carea' id='block_1_24' title="bbox 1968 953 3567 1022">
    <p class='ocr_par' dir='ltr' id='par_1_24' title="bbox 1968 953 3567 1022">
     <span class='ocr_line' id='line_1_24' title="bbox 1968 953 3567 1022; baseline -0.009 -1"><span class='ocrx_word' id='word_1_156' title='bbox 1968 967 2126 1022; x_wconf 77' lang='lat' dir='ltr'><strong>infert</strong></span> <span class='ocrx_word' id='word_1_157' title='bbox 2153 963 2446 1020; x_wconf 87' lang='lat' dir='ltr'><strong>Ecclesiam</strong></span> <span class='ocrx_word' id='word_1_158' title='bbox 2480 959 2904 1016; x_wconf 84' lang='lat' dir='ltr'><strong>Alexandrinam</strong></span> <span class='ocrx_word' id='word_1_159' title='bbox 2929 957 3131 1012; x_wconf 83' lang='lat' dir='ltr'><strong>arctius</strong></span> <span class='ocrx_word' id='word_1_160' title='bbox 3161 953 3418 1011; x_wconf 77' lang='lat' dir='ltr'><strong>Romanae</strong></span> <span class='ocrx_word' id='word_1_161' title='bbox 3447 967 3567 1007; x_wconf 85' lang='lat' dir='ltr'><strong>esse</strong></span> 
     </span>
    </p>
   </div>
   <div class='ocr_carea' id='block_1_25' title="bbox 1968 1043 3562 1118">
    <p class='ocr_par' dir='ltr' id='par_1_25' title="bbox 1968 1043 3562 1118">
     <span class='ocr_line' id='line_1_25' title="bbox 1968 1043 3562 1118; baseline -0.013 -2"><span class='ocrx_word' id='word_1_162' title='bbox 1968 1060 2297 1117; x_wconf 82' lang='lat' dir='ltr'><strong>adstrictam.</strong></span> <span class='ocrx_word' id='word_1_163' title='bbox 2329 1053 2526 1111; x_wconf 83' lang='lat' dir='ltr'><strong>Postea</strong></span> <span class='ocrx_word' id='word_1_164' title='bbox 2569 1062 2748 1108; x_wconf 91' lang='lat' dir='ltr'><strong>tamen</strong></span> <span class='ocrx_word' id='word_1_165' title='bbox 2789 1049 3046 1118; x_wconf 84' lang='lat' dir='ltr'><strong>Eulogius</strong></span> <span class='ocrx_word' id='word_1_166' title='bbox 3077 1063 3230 1118; x_wconf 82' lang='lat' dir='ltr'><strong>papae</strong></span> <span class='ocrx_word' id='word_1_167' title='bbox 3251 1043 3562 1116; x_wconf 77' lang='lat' dir='ltr'><strong>respondit:</strong></span> 
     </span>
    </p>
   </div>
   <div class='ocr_carea' id='block_1_26' title="bbox 1971 1138 3566 1224">
    <p class='ocr_par' dir='ltr' id='par_1_26' title="bbox 1971 1138 3566 1224">
     <span class='ocr_line' id='line_1_26' title="bbox 1971 1138 3566 1224; baseline -0.014 -13"><span class='ocrx_word' id='word_1_168' title='bbox 1971 1171 2030 1211; x_wconf 84' lang='lat' dir='ltr'><strong>se</strong></span> <span class='ocrx_word' id='word_1_169' title='bbox 2056 1162 2112 1208; x_wconf 84' lang='lat' dir='ltr'><strong>ut</strong></span> <span class='ocrx_word' id='word_1_170' title='bbox 2133 1154 2314 1224; x_wconf 76' lang='lat' dir='ltr'><strong>jussus</strong></span> <span class='ocrx_word' id='word_1_171' title='bbox 2337 1152 2529 1212; x_wconf 79' lang='lat' dir='ltr'><strong>fuerat,</strong></span> <span class='ocrx_word' id='word_1_172' title='bbox 2555 1143 2844 1202; x_wconf 89' lang='lat' dir='ltr'><strong>scribendo</strong></span> <span class='ocrx_word' id='word_1_173' title='bbox 2869 1143 2933 1196; x_wconf 86' lang='lat' dir='ltr'><strong>ad</strong></span> <span class='ocrx_word' id='word_1_174' title='bbox 2962 1140 3222 1195; x_wconf 84' lang='lat' dir='ltr'><strong>Joannem</strong></span> <span class='ocrx_word' id='word_1_175' title='bbox 3246 1138 3566 1193; x_wconf 73' lang='lat' dir='ltr'><strong>abstinuisse</strong></span> 
     </span>
    </p>
   </div>
   <div class='ocr_carea' id='block_1_27' title="bbox 1969 1229 3562 1317">
    <p class='ocr_par' dir='ltr' id='par_1_27' title="bbox 1969 1229 3562 1317">
     <span class='ocr_line' id='line_1_27' title="bbox 1969 1229 3562 1317; baseline -0.013 -15"><span class='ocrx_word' id='word_1_176' title='bbox 1969 1262 2000 1301; x_wconf 88' lang='lat' dir='ltr'><strong>a</strong></span> <span class='ocrx_word' id='word_1_177' title='bbox 2021 1243 2266 1317; x_wconf 87' lang='lat' dir='ltr'><strong>superbis</strong></span> <span class='ocrx_word' id='word_1_178' title='bbox 2298 1238 2593 1303; x_wconf 85' lang='lat' dir='ltr'><strong>vocabulis,</strong></span> <span class='ocrx_word' id='word_1_179' title='bbox 2619 1253 2737 1308; x_wconf 69' lang='lat' dir='ltr'><strong>qua:</strong></span> <span class='ocrx_word' id='word_1_180' title='bbox 2765 1252 2833 1290; x_wconf 85' lang='lat' dir='ltr'><strong>ex</strong></span> <span class='ocrx_word' id='word_1_181' title='bbox 2864 1234 3114 1288; x_wconf 87' lang='lat' dir='ltr'><strong>vanitatis</strong></span> <span class='ocrx_word' id='word_1_182' title='bbox 3145 1232 3322 1286; x_wconf 86' lang='lat' dir='ltr'><strong>radice</strong></span> <span class='ocrx_word' id='word_1_183' title='bbox 3345 1229 3562 1299; x_wconf 89' lang='lat' dir='ltr'><strong>prodic-</strong></span> 
     </span>
    </p>
   </div>
   <div class='ocr_carea' id='block_1_28' title="bbox 1969 1323 3568 1406">
    <p class='ocr_par' dir='ltr' id='par_1_28' title="bbox 1969 1323 3568 1406">
     <span class='ocr_line' id='line_1_28' title="bbox 1969 1323 3568 1406; baseline -0.014 -12"><span class='ocrx_word' id='word_1_184' title='bbox 1969 1348 2111 1404; x_wconf 87' lang='lat' dir='ltr'><strong>raut,</strong></span> <span class='ocrx_word' id='word_1_185' title='bbox 2139 1352 2310 1406; x_wconf 84' lang='lat' dir='ltr'><strong>eaque</strong></span> <span class='ocrx_word' id='word_1_186' title='bbox 2333 1350 2391 1389; x_wconf 90' lang='lat' dir='ltr'><strong>se</strong></span> <span class='ocrx_word' id='word_1_187' title='bbox 2415 1332 2645 1403; x_wconf 86' lang='lat' dir='ltr'><strong>amplius</strong></span> <span class='ocrx_word' id='word_1_188' title='bbox 2668 1346 2774 1384; x_wconf 90' lang='lat' dir='ltr'><strong>non</strong></span> <span class='ocrx_word' id='word_1_189' title='bbox 2800 1335 3202 1398; x_wconf 87' lang='lat' dir='ltr'><strong>usurpaturum.</strong></span> <span class='ocrx_word' id='word_1_190' title='bbox 3228 1324 3294 1377; x_wconf 83' lang='lat' dir='ltr'><strong>At</strong></span> <span class='ocrx_word' id='word_1_191' title='bbox 3318 1323 3568 1375; x_wconf 64' lang='lat' dir='ltr'><strong>[merunt</strong></span> 
     </span>
    </p>
   </div>
   <div class='ocr_carea' id='block_1_29' title="bbox 1969 1411 3569 1492">
    <p class='ocr_par' dir='ltr' id='par_1_29' title="bbox 1969 1411 3569 1492">
     <span class='ocr_line' id='line_1_29' title="bbox 1969 1411 3569 1492; baseline -0.016 -7"><span class='ocrx_word' id='word_1_192' title='bbox 1969 1443 2234 1485; x_wconf 87' lang='lat' dir='ltr'><strong>summam</strong></span> <span class='ocrx_word' id='word_1_193' title='bbox 2276 1422 2522 1492; x_wconf 81' lang='lat' dir='ltr'><strong>Gregorii</strong></span> <span class='ocrx_word' id='word_1_194' title='bbox 2554 1422 2872 1477; x_wconf 77' lang='lat' dir='ltr'><strong>modestiam</strong></span> <span class='ocrx_word' id='word_1_195' title='bbox 2912 1416 3074 1472; x_wconf 86' lang='lat' dir='ltr'><strong>verba</strong></span> <span class='ocrx_word' id='word_1_196' title='bbox 3107 1415 3252 1478; x_wconf 77' lang='lat' dir='ltr'><strong>haec,</strong></span> <span class='ocrx_word' id='word_1_197' title='bbox 3283 1413 3415 1466; x_wconf 85' lang='lat' dir='ltr'><strong>sicut</strong></span> <span class='ocrx_word' id='word_1_198' title='bbox 3453 1411 3569 1480; x_wconf 86' lang='lat' dir='ltr'><strong>jus-</strong></span> 
     </span>
    </p>
   </div>
   <div class='ocr_carea' id='block_1_30' title="bbox 1971 1506 3568 1583">
    <p class='ocr_par' dir='ltr' id='par_1_30' title="bbox 1971 1506 3568 1583">
     <span class='ocr_line' id='line_1_30' title="bbox 1971 1506 3568 1583; baseline -0.016 -6"><span class='ocrx_word' id='word_1_199' title='bbox 1971 1524 2151 1577; x_wconf 84' lang='lat' dir='ltr'><strong>sistis:</strong></span> <span class='ocrx_word' id='word_1_200' title='bbox 2187 1517 2336 1583; x_wconf 84' lang='lat' dir='ltr'><strong>Quod</strong></span> <span class='ocrx_word' id='word_1_201' title='bbox 2380 1514 2583 1568; x_wconf 80' lang='lat' dir='ltr'><strong>verbum</strong></span> <span class='ocrx_word' id='word_1_202' title='bbox 2631 1511 2918 1582; x_wconf 82' lang='lat' dir='ltr'><strong>jussionis,</strong></span> <span class='ocrx_word' id='word_1_203' title='bbox 2974 1506 3178 1576; x_wconf 88' lang='lat' dir='ltr'><strong>inquit,</strong></span> <span class='ocrx_word' id='word_1_204' title='bbox 3227 1509 3343 1574; x_wconf 81' lang='lat' dir='ltr'><strong>peto</strong></span> <span class='ocrx_word' id='word_1_205' title='bbox 3383 1518 3414 1554; x_wconf 91' lang='lat' dir='ltr'><strong>a</strong></span> <span class='ocrx_word' id='word_1_206' title='bbox 3455 1515 3568 1553; x_wconf 89' lang='lat' dir='ltr'><strong>meo</strong></span> 
     </span>
    </p>
   </div>
   <div class='ocr_carea' id='block_1_31' title="bbox 1971 1597 3568 1683">
    <p class='ocr_par' dir='ltr' id='par_1_31' title="bbox 1971 1597 3568 1683">
     <span class='ocr_line' id='line_1_31' title="bbox 1971 1597 3568 1683; baseline -0.014 -12"><span class='ocrx_word' id='word_1_207' title='bbox 1971 1617 2152 1672; x_wconf 86' lang='lat' dir='ltr'><strong>auditu</strong></span> <span class='ocrx_word' id='word_1_208' title='bbox 2172 1623 2452 1675; x_wconf 85' lang='lat' dir='ltr'><strong>removete;</strong></span> <span class='ocrx_word' id='word_1_209' title='bbox 2479 1610 2599 1683; x_wconf 83' lang='lat' dir='ltr'><strong>quia</strong></span> <span class='ocrx_word' id='word_1_210' title='bbox 2617 1609 2723 1662; x_wconf 86' lang='lat' dir='ltr'><strong>scio</strong></span> <span class='ocrx_word' id='word_1_211' title='bbox 2743 1607 2828 1679; x_wconf 87' lang='lat' dir='ltr'><strong>qui</strong></span> <span class='ocrx_word' id='word_1_212' title='bbox 2843 1622 2976 1670; x_wconf 89' lang='lat' dir='ltr'><strong>sum,</strong></span> <span class='ocrx_word' id='word_1_213' title='bbox 2995 1603 3080 1674; x_wconf 86' lang='lat' dir='ltr'><strong>qui</strong></span> <span class='ocrx_word' id='word_1_214' title='bbox 3104 1601 3248 1654; x_wconf 88' lang='lat' dir='ltr'><strong>estis.</strong></span> <span class='ocrx_word' id='word_1_215' title='bbox 3268 1597 3406 1652; x_wconf 87' lang='lat' dir='ltr'><strong>Loco</strong></span> <span class='ocrx_word' id='word_1_216' title='bbox 3429 1597 3568 1650; x_wconf 87' lang='lat' dir='ltr'><strong>enim</strong></span> 
     </span>
    </p>
   </div>
   <div class='ocr_carea' id='block_1_32' title="bbox 1970 1687 3558 1779">
    <p class='ocr_par' dir='ltr' id='par_1_32' title="bbox 1970 1687 3558 1779">
     <span class='ocr_line' id='line_1_32' title="bbox 1970 1687 3558 1779; baseline -0.014 -16"><span class='ocrx_word' id='word_1_217' title='bbox 1970 1710 2096 1765; x_wconf 81' lang='lat' dir='ltr'><strong>mihi</strong></span> <span class='ocrx_word' id='word_1_218' title='bbox 2128 1709 2315 1779; x_wconf 83' lang='lat' dir='ltr'><strong>fratres</strong></span> <span class='ocrx_word' id='word_1_219' title='bbox 2345 1703 2488 1765; x_wconf 83' lang='lat' dir='ltr'><strong>estis,</strong></span> <span class='ocrx_word' id='word_1_220' title='bbox 2524 1701 2748 1755; x_wconf 88' lang='lat' dir='ltr'><strong>moribus</strong></span> <span class='ocrx_word' id='word_1_221' title='bbox 2778 1707 2952 1769; x_wconf 86' lang='lat' dir='ltr'><strong>patres</strong></span> <span class='ocrx_word' id='word_1_222' title='bbox 3004 1693 3151 1768; x_wconf 86' lang='lat' dir='ltr'><strong>(Lib.</strong></span> <span class='ocrx_word' id='word_1_223' title='bbox 3180 1708 3294 1756; x_wconf 82' lang='lat' dir='ltr'><strong>Vill,</strong></span> <span class='ocrx_word' id='word_1_224' title='bbox 3322 1708 3402 1759; x_wconf 88' lang='lat' dir='ltr'><strong>ep.</strong></span> <span class='ocrx_word' id='word_1_225' title='bbox 3429 1687 3558 1759; x_wconf 83' lang='lat'><strong>&#39;50).</strong></span> 
     </span>
    </p>
   </div>
   <div class='ocr_carea' id='block_1_33' title="bbox 1972 1778 3571 1870">
    <p class='ocr_par' dir='ltr' id='par_1_33' title="bbox 1972 1778 3571 1870">
     <span class='ocr_line' id='line_1_33' title="bbox 1972 1778 3571 1870; baseline -0.015 -14"><span class='ocrx_word' id='word_1_226' title='bbox 1972 1778 2139 1870; x_wconf 78' lang='lat' dir='ltr'><strong>Magis</strong></span> <span class='ocrx_word' id='word_1_227' title='bbox 2167 1812 2308 1867; x_wconf 65' lang='lat' dir='ltr'><strong>wgre</strong></span> <span class='ocrx_word' id='word_1_228' title='bbox 2357 1795 2476 1850; x_wconf 89' lang='lat' dir='ltr'><strong>tulit</strong></span> <span class='ocrx_word' id='word_1_229' title='bbox 2523 1810 2582 1849; x_wconf 89' lang='lat' dir='ltr'><strong>se</strong></span> <span class='ocrx_word' id='word_1_230' title='bbox 2629 1793 2697 1846; x_wconf 87' lang='lat' dir='ltr'><strong>ah</strong></span> <span class='ocrx_word' id='word_1_231' title='bbox 2746 1791 2838 1845; x_wconf 93' lang='lat' dir='ltr'><strong>illo</strong></span> <span class='ocrx_word' id='word_1_232' title='bbox 2888 1785 3245 1841; x_wconf 85' lang='lat' dir='ltr'><strong>universalem</strong></span> <span class='ocrx_word' id='word_1_233' title='bbox 3290 1796 3484 1854; x_wconf 87' lang='lat' dir='ltr'><strong>papam</strong></span> <span class='ocrx_word' id='word_1_234' title='bbox 3515 1778 3571 1833; x_wconf 92' lang='lat' dir='ltr'><strong>in</strong></span> 
     </span>
    </p>
   </div>
   <div class='ocr_carea' id='block_1_34' title="bbox 281 1871 3569 1993">
    <p class='ocr_par' dir='ltr' id='par_1_34' title="bbox 281 1871 3569 1993">
     <span class='ocr_line' id='line_1_34' title="bbox 281 1871 3569 1993; baseline -0.017 -10"><span class='ocrx_word' id='word_1_235' title='bbox 281 1927 572 1984; x_wconf 81' lang='lat' dir='ltr'><strong>cessabunt.</strong></span> <span class='ocrx_word' id='word_1_236' title='bbox 625 1921 740 1993; x_wconf 85' lang='lat' dir='ltr'><strong>Ego</strong></span> <span class='ocrx_word' id='word_1_237' title='bbox 787 1919 927 1972; x_wconf 85' lang='lat' dir='ltr'><strong>enim</strong></span> <span class='ocrx_word' id='word_1_238' title='bbox 974 1921 1276 1967; x_wconf 86' lang='lat' dir='ltr'><strong>cunctorum</strong></span> <span class='ocrx_word' id='word_1_239' title='bbox 1318 1903 1645 1961; x_wconf 78' lang='lat' dir='ltr'><strong>sacerdotum</strong></span> <span class='ocrx_word' id='word_1_240' title='bbox 1693 1912 1866 1953; x_wconf 86' lang='lat' dir='ltr'><strong>servus</strong></span> <span class='ocrx_word' id='word_1_241' title='bbox 1899 1904 1946 1975; x_wconf 69' lang='grc' dir='ltr'><strong>Β</strong></span> <span class='ocrx_word' id='word_1_242' title='bbox 1972 1891 2213 1962; x_wconf 70' lang='lat' dir='ltr'><strong>epistola:</strong></span> <span class='ocrx_word' id='word_1_243' title='bbox 2250 1886 2605 1957; x_wconf 81' lang='lat' dir='ltr'><strong>inscriptione</strong></span> <span class='ocrx_word' id='word_1_244' title='bbox 2635 1882 2982 1954; x_wconf 85' lang='lat' dir='ltr'><strong>appellatum.</strong></span> <span class='ocrx_word' id='word_1_245' title='bbox 3024 1876 3290 1931; x_wconf 84' lang='lat' dir='ltr'><strong>Recedant</strong></span> <span class='ocrx_word' id='word_1_246' title='bbox 3314 1917 3330 1942; x_wconf 94' lang='lat'><strong>,</strong></span> <span class='ocrx_word' id='word_1_247' title='bbox 3362 1871 3569 1944; x_wconf 90' lang='lat' dir='ltr'><strong>inquit,</strong></span> 
     </span>
     <span class='ocr_line' id='line_1_35' title="bbox 2401 1969 3532 1993; baseline 0 0"><span class='ocrx_word' id='word_1_248' title='bbox 2401 1982 2432 1993; x_wconf 53' lang='grc' dir='ltr'>μ</span> <span class='ocrx_word' id='word_1_249' title='bbox 2479 1989 2488 1993; x_wconf 87' lang='grc'><strong>-</strong></span> <span class='ocrx_word' id='word_1_250' title='bbox 2606 1980 2614 1988; x_wconf 81' lang='grc' dir='ltr'><strong>ι</strong></span> <span class='ocrx_word' id='word_1_251' title='bbox 2666 1978 2693 1993; x_wconf 73' lang='grc' dir='ltr'><strong>ιι</strong></span> <span class='ocrx_word' id='word_1_252' title='bbox 2775 1985 2787 1993; x_wconf 83' lang='grc'>.</span> <span class='ocrx_word' id='word_1_253' title='bbox 2861 1983 2890 1993; x_wconf 37' lang='grc' dir='ltr'><strong>ν.</strong></span> <span class='ocrx_word' id='word_1_254' title='bbox 2932 1971 3226 1993; x_wconf 67' lang='lat' dir='ltr'><strong>_L_____&#39;a-n--..</strong></span> <span class='ocrx_word' id='word_1_255' title='bbox 3259 1969 3532 1993; x_wconf 57' lang='grc' dir='ltr'><strong>4...Ι..Α..ι...σ</strong></span> 
     </span>
    </p>
   </div>
   <div class='ocr_carea' id='block_1_35' title="bbox 281 1991 1867 2090">
    <p class='ocr_par' dir='ltr' id='par_1_35' title="bbox 281 1991 1867 2090">
     <span class='ocr_line' id='line_1_36' title="bbox 281 1991 1867 2090; baseline -0.023 -11"><span class='ocrx_word' id='word_1_256' title='bbox 281 2039 416 2087; x_wconf 86' lang='lat' dir='ltr'><strong>sum,</strong></span> <span class='ocrx_word' id='word_1_257' title='bbox 449 1991 755 2090; x_wconf 78' lang='lat' dir='ltr'><strong>inquantitm</strong></span> <span class='ocrx_word' id='word_1_258' title='bbox 801 2011 904 2083; x_wconf 89' lang='lat' dir='ltr'><strong>ipsi</strong></span> <span class='ocrx_word' id='word_1_259' title='bbox 942 2003 1332 2063; x_wconf 80' lang='lat' dir='ltr'><strong>sacerdotaliter</strong></span> <span class='ocrx_word' id='word_1_260' title='bbox 1368 2001 1542 2055; x_wconf 83' lang='lat' dir='ltr'><strong>vivunt</strong></span> <span class='ocrx_word' id='word_1_261' title='bbox 1563 2012 1582 2051; x_wconf 84' lang='lat'><strong><em>:</em></strong></span> <span class='ocrx_word' id='word_1_262' title='bbox 1613 2009 1736 2047; x_wconf 89' lang='lat' dir='ltr'><strong>nam</strong></span> <span class='ocrx_word' id='word_1_263' title='bbox 1780 1991 1867 2062; x_wconf 87' lang='lat' dir='ltr'><strong>qui</strong></span> 
     </span>
    </p>
   </div>
   <div class='ocr_carea' id='block_1_36' title="bbox 279 2083 1867 2177">
    <p class='ocr_par' dir='ltr' id='par_1_36' title="bbox 279 2083 1867 2177">
     <span class='ocr_line' id='line_1_37' title="bbox 279 2083 1867 2177; baseline -0.023 -6"><span class='ocrx_word' id='word_1_264' title='bbox 279 2124 470 2172; x_wconf 80' lang='lat' dir='ltr'><strong>contra</strong></span> <span class='ocrx_word' id='word_1_265' title='bbox 520 2109 918 2177; x_wconf 80' lang='lat' dir='ltr'><strong>omnipotentem</strong></span> <span class='ocrx_word' id='word_1_266' title='bbox 973 2098 1253 2152; x_wconf 88' lang='lat' dir='ltr'><strong>Dominum</strong></span> <span class='ocrx_word' id='word_1_267' title='bbox 1312 2107 1406 2162; x_wconf 81' lang='lat' dir='ltr'><strong>per</strong></span> <span class='ocrx_word' id='word_1_268' title='bbox 1459 2089 1636 2142; x_wconf 85' lang='lat' dir='ltr'><strong>inanis</strong></span> <span class='ocrx_word' id='word_1_269' title='bbox 1683 2083 1867 2156; x_wconf 74' lang='lat' dir='ltr'><strong>gloriae</strong></span> 
     </span>
    </p>
   </div>
   <div class='ocr_carea' id='block_1_37' title="bbox 281 2176 1870 2269">
    <p class='ocr_par' dir='ltr' id='par_1_37' title="bbox 281 2176 1870 2269">
     <span class='ocr_line' id='line_1_38' title="bbox 281 2176 1870 2269; baseline -0.022 -8"><span class='ocrx_word' id='word_1_270' title='bbox 281 2215 554 2265; x_wconf 86' lang='lat' dir='ltr'><strong>tumorem,</strong></span> <span class='ocrx_word' id='word_1_271' title='bbox 580 2209 733 2269; x_wconf 88' lang='lat' dir='ltr'><strong>atque</strong></span> <span class='ocrx_word' id='word_1_272' title='bbox 759 2203 942 2250; x_wconf 85' lang='lat' dir='ltr'><strong>contra</strong></span> <span class='ocrx_word' id='word_1_273' title='bbox 970 2197 1170 2244; x_wconf 85' lang='lat' dir='ltr'><strong>statuta</strong></span> <span class='ocrx_word' id='word_1_274' title='bbox 1202 2186 1420 2240; x_wconf 79' lang='lat' dir='ltr'><strong>Patrum</strong></span> <span class='ocrx_word' id='word_1_275' title='bbox 1446 2195 1594 2234; x_wconf 88' lang='lat' dir='ltr'><strong>suam</strong></span> <span class='ocrx_word' id='word_1_276' title='bbox 1625 2176 1870 2231; x_wconf 82' lang='lat' dir='ltr'><strong>cervicem</strong></span> 
     </span>
    </p>
   </div>
   <div class='ocr_carea' id='block_1_38' title="bbox 283 2265 1871 2369">
    <p class='ocr_par' dir='ltr' id='par_1_38' title="bbox 283 2265 1871 2369">
     <span class='ocr_line' id='line_1_39' title="bbox 283 2265 1871 2369; baseline -0.022 -17"><span class='ocrx_word' id='word_1_277' title='bbox 283 2297 456 2369; x_wconf 80' lang='lat' dir='ltr'><strong>erigit,</strong></span> <span class='ocrx_word' id='word_1_278' title='bbox 484 2294 540 2347; x_wconf 88' lang='lat' dir='ltr'><strong>in</strong></span> <span class='ocrx_word' id='word_1_279' title='bbox 566 2287 903 2355; x_wconf 76' lang='lat' dir='ltr'><strong>omnipotenti</strong></span> <span class='ocrx_word' id='word_1_280' title='bbox 923 2281 1148 2336; x_wconf 87' lang='lat' dir='ltr'><strong>Domino</strong></span> <span class='ocrx_word' id='word_1_281' title='bbox 1178 2274 1408 2346; x_wconf 79' lang='lat' dir='ltr'><strong>conﬁdo,</strong></span> <span class='ocrx_word' id='word_1_282' title='bbox 1425 2271 1547 2342; x_wconf 84' lang='lat' dir='ltr'><strong>quia</strong></span> <span class='ocrx_word' id='word_1_283' title='bbox 1575 2283 1742 2323; x_wconf 88' lang='lat' dir='ltr'><strong>meam</strong></span> <span class='ocrx_word' id='word_1_284' title='bbox 1772 2265 1871 2320; x_wconf 83' lang='lat' dir='ltr'><strong>sibi</strong></span> 
     </span>
    </p>
   </div>
   <div class='ocr_carea' id='block_1_39' title="bbox 281 2377 944 2455">
    <p class='ocr_par' dir='ltr' id='par_1_39' title="bbox 281 2377 944 2455">
     <span class='ocr_line' id='line_1_40' title="bbox 281 2377 944 2455; baseline -0.026 -10"><span class='ocrx_word' id='word_1_285' title='bbox 281 2405 379 2444; x_wconf 88' lang='lat' dir='ltr'><strong>nec</strong></span> <span class='ocrx_word' id='word_1_286' title='bbox 409 2401 524 2441; x_wconf 83' lang='lat' dir='ltr'><strong>cum</strong></span> <span class='ocrx_word' id='word_1_287' title='bbox 551 2381 742 2455; x_wconf 83' lang='lat' dir='ltr'><strong>gladiis</strong></span> <span class='ocrx_word' id='word_1_288' title='bbox 764 2377 944 2448; x_wconf 80' lang='lat' dir='ltr'><strong>flectit.</strong></span> 
     </span>
    </p>
   </div>
   <div class='ocr_carea' id='block_1_40' title="bbox 358 2447 1874 2535">
    <p class='ocr_par' dir='ltr' id='par_1_40' title="bbox 358 2447 1874 2535">
     <span class='ocr_line' id='line_1_41' title="bbox 358 2447 1874 2535; baseline -0.023 0"><span class='ocrx_word' id='word_1_289' title='bbox 358 2479 504 2535; x_wconf 83' lang='lat' dir='ltr'><strong>Idem</strong></span> <span class='ocrx_word' id='word_1_290' title='bbox 535 2447 646 2529; x_wconf 72' lang='lat' dir='ltr'><strong>fere</strong></span> <span class='ocrx_word' id='word_1_291' title='bbox 673 2479 757 2525; x_wconf 87' lang='lat' dir='ltr'><strong>est</strong></span> <span class='ocrx_word' id='word_1_292' title='bbox 795 2463 1171 2534; x_wconf 73' lang='lat' dir='ltr'><strong>argumentum</strong></span> <span class='ocrx_word' id='word_1_293' title='bbox 1201 2455 1444 2528; x_wconf 78' lang='lat' dir='ltr'><strong>epistolae</strong></span> <span class='ocrx_word' id='word_1_294' title='bbox 1473 2452 1540 2508; x_wconf 87' lang='lat' dir='ltr'><strong>ad</strong></span> <span class='ocrx_word' id='word_1_295' title='bbox 1567 2447 1874 2507; x_wconf 79' lang='lat' dir='ltr'><strong>Constanti-</strong></span> 
     </span>
    </p>
   </div>
   <div class='ocr_carea' id='block_1_41' title="bbox 287 2539 1876 2637">
    <p class='ocr_par' dir='ltr' id='par_1_41' title="bbox 287 2539 1876 2637">
     <span class='ocr_line' id='line_1_42' title="bbox 287 2539 1876 2637; baseline -0.022 -8"><span class='ocrx_word' id='word_1_296' title='bbox 287 2587 413 2630; x_wconf 89' lang='lat' dir='ltr'><strong>nam</strong></span> <span class='ocrx_word' id='word_1_297' title='bbox 436 2570 732 2637; x_wconf 78' lang='lat' dir='ltr'><strong>Augustam</strong></span> <span class='ocrx_word' id='word_1_298' title='bbox 763 2559 974 2628; x_wconf 70' lang='lat' dir='ltr'><strong>scriptce</strong></span> <span class='ocrx_word' id='word_1_299' title='bbox 1006 2551 1303 2624; x_wconf 85' lang='lat' dir='ltr'><strong>(Ibid.,ep.</strong></span> <span class='ocrx_word' id='word_1_300' title='bbox 1328 2545 1441 2616; x_wconf 75' lang='lat' dir='ltr'><strong>2i).</strong></span> <span class='ocrx_word' id='word_1_301' title='bbox 1490 2539 1876 2599; x_wconf 84' lang='lat' dir='ltr'><strong>Vehementius</strong></span> 
     </span>
    </p>
   </div>
   <div class='ocr_carea' id='block_1_42' title="bbox 288 2641 1874 2728">
    <p class='ocr_par' dir='ltr' id='par_1_42' title="bbox 288 2641 1874 2728">
     <span class='ocr_line' id='line_1_43' title="bbox 288 2641 1874 2728; baseline -0.026 -4"><span class='ocrx_word' id='word_1_302' title='bbox 288 2677 470 2725; x_wconf 91' lang='lat' dir='ltr'><strong>tamen</strong></span> <span class='ocrx_word' id='word_1_303' title='bbox 500 2658 728 2728; x_wconf 85' lang='lat' dir='ltr'><strong>insurgit</strong></span> <span class='ocrx_word' id='word_1_304' title='bbox 750 2656 803 2710; x_wconf 91' lang='lat' dir='ltr'><strong>in</strong></span> <span class='ocrx_word' id='word_1_305' title='bbox 830 2652 1116 2712; x_wconf 86' lang='lat' dir='ltr'><strong>Joannem,</strong></span> <span class='ocrx_word' id='word_1_306' title='bbox 1147 2643 1300 2712; x_wconf 86' lang='lat' dir='ltr'><strong>cujus</strong></span> <span class='ocrx_word' id='word_1_307' title='bbox 1327 2641 1644 2696; x_wconf 90' lang='lat' dir='ltr'><strong>immensam</strong></span> <span class='ocrx_word' id='word_1_308' title='bbox 1684 2647 1874 2702; x_wconf 87' lang='lat' dir='ltr'><strong>super-</strong></span> 
     </span>
    </p>
   </div>
   <div class='ocr_carea' id='block_1_43' title="bbox 289 2729 1876 2825">
    <p class='ocr_par' dir='ltr' id='par_1_43' title="bbox 289 2729 1876 2825">
     <span class='ocr_line' id='line_1_44' title="bbox 289 2729 1876 2825; baseline -0.025 -8"><span class='ocrx_word' id='word_1_309' title='bbox 289 2762 434 2818; x_wconf 88' lang='lat' dir='ltr'><strong>biam</strong></span> <span class='ocrx_word' id='word_1_310' title='bbox 455 2757 532 2811; x_wconf 87' lang='lat' dir='ltr'><strong>ait</strong></span> <span class='ocrx_word' id='word_1_311' title='bbox 552 2747 916 2825; x_wconf 84' lang='lat' dir='ltr'><strong>praenuntiare</strong></span> <span class='ocrx_word' id='word_1_312' title='bbox 944 2740 1246 2812; x_wconf 86' lang='lat' dir='ltr'><strong>propinqua</strong></span> <span class='ocrx_word' id='word_1_313' title='bbox 1267 2729 1581 2789; x_wconf 82' lang='lat' dir='ltr'><strong>Antichristi</strong></span> <span class='ocrx_word' id='word_1_314' title='bbox 1604 2736 1876 2797; x_wconf 88' lang='lat' dir='ltr'><strong>tempora;</strong></span> 
     </span>
    </p>
   </div>
   <div class='ocr_carea' id='block_1_44' title="bbox 289 2816 1879 2920">
    <p class='ocr_par' dir='ltr' id='par_1_44' title="bbox 289 2816 1879 2920">
     <span class='ocr_line' id='line_1_45' title="bbox 289 2816 1879 2920; baseline -0.025 -11"><span class='ocrx_word' id='word_1_315' title='bbox 289 2855 442 2911; x_wconf 89' lang='lat' dir='ltr'><strong>illum</strong></span> <span class='ocrx_word' id='word_1_316' title='bbox 487 2816 684 2920; x_wconf 78' lang='lat' dir='ltr'><strong>quippe</strong></span> <span class='ocrx_word' id='word_1_317' title='bbox 733 2841 992 2899; x_wconf 87' lang='lat' dir='ltr'><strong>imitatur,</strong></span> <span class='ocrx_word' id='word_1_318' title='bbox 1024 2833 1112 2904; x_wconf 87' lang='lat' dir='ltr'><strong>qui</strong></span> <span class='ocrx_word' id='word_1_319' title='bbox 1155 2827 1344 2898; x_wconf 87' lang='lat' dir='ltr'><strong>spretis</strong></span> <span class='ocrx_word' id='word_1_320' title='bbox 1388 2826 1444 2879; x_wconf 90' lang='lat' dir='ltr'><strong>in</strong></span> <span class='ocrx_word' id='word_1_321' title='bbox 1479 2819 1659 2878; x_wconf 87' lang='lat' dir='ltr'><strong>sociali</strong></span> <span class='ocrx_word' id='word_1_322' title='bbox 1691 2816 1879 2888; x_wconf 86' lang='lat' dir='ltr'><strong>gaudio</strong></span> 
     </span>
    </p>
   </div>
   <div class='ocr_carea' id='block_1_45' title="bbox 290 2905 1882 3015">
    <p class='ocr_par' dir='ltr' id='par_1_45' title="bbox 290 2905 1882 3015">
     <span class='ocr_line' id='line_1_46' title="bbox 290 2905 1882 3015; baseline -0.028 -14"><span class='ocrx_word' id='word_1_323' title='bbox 290 2905 600 3015; x_wconf 60' lang='lat' dir='ltr'><strong>angelorum</strong></span> <span class='ocrx_word' id='word_1_324' title='bbox 619 2905 926 3006; x_wconf 77' lang='lat' dir='ltr'><strong>legionibus,</strong></span> <span class='ocrx_word' id='word_1_325' title='bbox 959 2924 1029 2978; x_wconf 84' lang='lat' dir='ltr'><strong>ad</strong></span> <span class='ocrx_word' id='word_1_326' title='bbox 1061 2921 1261 2976; x_wconf 79' lang='lat' dir='ltr'><strong>culmen</strong></span> <span class='ocrx_word' id='word_1_327' title='bbox 1289 2923 1504 2970; x_wconf 76' lang='lat' dir='ltr'><strong>conatus</strong></span> <span class='ocrx_word' id='word_1_328' title='bbox 1532 2918 1607 2964; x_wconf 86' lang='lat' dir='ltr'><strong>cst</strong></span> <span class='ocrx_word' id='word_1_329' title='bbox 1647 2905 1882 2977; x_wconf 84' lang='lat' dir='ltr'><strong>singula-</strong></span> 
     </span>
    </p>
   </div>
   <div class='ocr_carea' id='block_1_46' title="bbox 291 2999 1883 3100">
    <p class='ocr_par' dir='ltr' id='par_1_46' title="bbox 291 2999 1883 3100">
     <span class='ocr_line' id='line_1_47' title="bbox 291 2999 1883 3100; baseline -0.022 -10"><span class='ocrx_word' id='word_1_330' title='bbox 291 3036 468 3091; x_wconf 85' lang='lat' dir='ltr'><strong>ritatis</strong></span> <span class='ocrx_word' id='word_1_331' title='bbox 514 3041 807 3100; x_wconf 85' lang='lat' dir='ltr'><strong>erumpere,</strong></span> <span class='ocrx_word' id='word_1_332' title='bbox 849 3021 1063 3075; x_wconf 80' lang='lat' dir='ltr'><strong>dicens:</strong></span> <span class='ocrx_word' id='word_1_333' title='bbox 1097 3015 1266 3086; x_wconf 81' lang='lat' dir='ltr'><strong>Super</strong></span> <span class='ocrx_word' id='word_1_334' title='bbox 1309 3019 1454 3066; x_wconf 86' lang='lat' dir='ltr'><strong>astra</strong></span> <span class='ocrx_word' id='word_1_335' title='bbox 1493 3005 1607 3062; x_wconf 76' lang='lat' dir='ltr'><strong>cteli</strong></span> <span class='ocrx_word' id='word_1_336' title='bbox 1643 2999 1883 3058; x_wconf 71' lang='lat' dir='ltr'><strong>cxaltabo</strong></span> 
     </span>
    </p>
   </div>
   <div class='ocr_carea' id='block_1_47' title="bbox 292 3106 1142 3190">
    <p class='ocr_par' dir='ltr' id='par_1_47' title="bbox 292 3106 1142 3190">
     <span class='ocr_line' id='line_1_48' title="bbox 292 3106 1142 3190; baseline -0.028 -7"><span class='ocrx_word' id='word_1_337' title='bbox 292 3127 484 3182; x_wconf 82' lang='lat' dir='ltr'><strong>solium</strong></span> <span class='ocrx_word' id='word_1_338' title='bbox 509 3135 675 3176; x_wconf 78' lang='lat' dir='ltr'><strong>mettm</strong></span> <span class='ocrx_word' id='word_1_339' title='bbox 706 3114 851 3190; x_wconf 75' lang='grc' dir='ltr'><strong>(ιω.</strong></span> <span class='ocrx_word' id='word_1_340' title='bbox 885 3125 992 3173; x_wconf 79' lang='lat' dir='ltr'><strong>xiv,</strong></span> <span class='ocrx_word' id='word_1_341' title='bbox 1022 3106 1142 3177; x_wconf 77' lang='grc'><strong>15).</strong></span> 
     </span>
    </p>
   </div>
   <div class='ocr_carea' id='block_1_48' title="bbox 335 3189 1884 3280">
    <p class='ocr_par' dir='ltr' id='par_1_48' title="bbox 335 3189 1884 3280">
     <span class='ocr_line' id='line_1_49' title="bbox 335 3189 1884 3280; baseline -0.023 -8"><span class='ocrx_word' id='word_1_342' title='bbox 335 3214 352 3220; x_wconf 85' lang='grc'><em>’</em></span> <span class='ocrx_word' id='word_1_343' title='bbox 371 3215 458 3271; x_wconf 72' lang='lat' dir='ltr'><strong>ill.</strong></span> <span class='ocrx_word' id='word_1_344' title='bbox 498 3215 634 3269; x_wconf 81' lang='lat' dir='ltr'><strong>Cum</strong></span> <span class='ocrx_word' id='word_1_345' title='bbox 661 3209 1044 3280; x_wconf 77' lang='lat' dir='ltr'><strong>episcoporum</strong></span> <span class='ocrx_word' id='word_1_346' title='bbox 1082 3195 1344 3258; x_wconf 83' lang='lat' dir='ltr'><strong>omnium,</strong></span> <span class='ocrx_word' id='word_1_347' title='bbox 1375 3189 1610 3246; x_wconf 78' lang='lat' dir='ltr'><strong>maxime</strong></span> <span class='ocrx_word' id='word_1_348' title='bbox 1635 3200 1762 3241; x_wconf 89' lang='lat' dir='ltr'><strong>vero</strong></span> <span class='ocrx_word' id='word_1_349' title='bbox 1792 3197 1884 3254; x_wconf 89' lang='lat' dir='ltr'><strong>pa-</strong></span> 
     </span>
    </p>
   </div>
   <div class='ocr_carea' id='block_1_49' title="bbox 298 3278 1884 3381">
    <p class='ocr_par' dir='ltr' id='par_1_49' title="bbox 298 3278 1884 3381">
     <span class='ocr_line' id='line_1_50' title="bbox 298 3278 1884 3381; baseline -0.025 -15"><span class='ocrx_word' id='word_1_350' title='bbox 298 3278 717 3381; x_wconf 40' lang='lat' dir='ltr'><strong>triarcharum;</strong></span> <span class='ocrx_word' id='word_1_351' title='bbox 750 3288 925 3353; x_wconf 77' lang='lat' dir='ltr'><strong>honor</strong></span> <span class='ocrx_word' id='word_1_352' title='bbox 980 3293 1083 3346; x_wconf 87' lang='lat' dir='ltr'><strong>hac</strong></span> <span class='ocrx_word' id='word_1_353' title='bbox 1134 3283 1482 3355; x_wconf 85' lang='lat' dir='ltr'><strong>usurpatione</strong></span> <span class='ocrx_word' id='word_1_354' title='bbox 1542 3278 1884 3350; x_wconf 89' lang='lat' dir='ltr'><strong>pulsaretur,</strong></span> 
     </span>
    </p>
   </div>
   <div class='ocr_carea' id='block_1_50' title="bbox 301 3361 1888 3461">
    <p class='ocr_par' dir='ltr' id='par_1_50' title="bbox 301 3361 1888 3461">
     <span class='ocr_line' id='line_1_51' title="bbox 301 3361 1888 3461; baseline -0.027 -4"><span class='ocrx_word' id='word_1_355' title='bbox 301 3361 520 3458; x_wconf 68' lang='lat' dir='ltr'><strong>sanctus</strong></span> <span class='ocrx_word' id='word_1_356' title='bbox 548 3361 842 3461; x_wconf 65' lang='lat' dir='ltr'><strong>Gregorius</strong></span> <span class='ocrx_word' id='word_1_357' title='bbox 870 3383 940 3439; x_wconf 85' lang='lat' dir='ltr'><strong>ad</strong></span> <span class='ocrx_word' id='word_1_358' title='bbox 961 3379 1247 3449; x_wconf 87' lang='lat' dir='ltr'><strong>Eulogium</strong></span> <span class='ocrx_word' id='word_1_359' title='bbox 1276 3369 1718 3432; x_wconf 85' lang='lat' dir='ltr'><strong>Alexandrinum,</strong></span> <span class='ocrx_word' id='word_1_360' title='bbox 1741 3374 1795 3420; x_wconf 90' lang='lat' dir='ltr'><strong>et</strong></span> <span class='ocrx_word' id='word_1_361' title='bbox 1824 3361 1888 3415; x_wconf 90' lang='lat' dir='ltr'><strong>ad</strong></span> 
     </span>
    </p>
   </div>
   <div class='ocr_carea' id='block_1_51' title="bbox 303 3464 1888 3549">
    <p class='ocr_par' dir='ltr' id='par_1_51' title="bbox 303 3464 1888 3549">
     <span class='ocr_line' id='line_1_52' title="bbox 303 3464 1888 3549; baseline -0.028 1"><span class='ocrx_word' id='word_1_362' title='bbox 303 3489 643 3549; x_wconf 71' lang='lat' dir='ltr'><strong>Anastasium</strong></span> <span class='ocrx_word' id='word_1_363' title='bbox 675 3478 1068 3538; x_wconf 85' lang='lat' dir='ltr'><strong>Antiochenum</strong></span> <span class='ocrx_word' id='word_1_364' title='bbox 1116 3464 1482 3542; x_wconf 86' lang='lat' dir='ltr'><strong>patriarcham</strong></span> <span class='ocrx_word' id='word_1_365' title='bbox 1503 3500 1518 3527; x_wconf 90' lang='lat'><strong>,</strong></span> <span class='ocrx_word' id='word_1_366' title='bbox 1549 3468 1888 3515; x_wconf 85' lang='lat' dir='ltr'><strong>communem</strong></span> 
     </span>
    </p>
   </div>
   <div class='ocr_carea' id='block_1_52' title="bbox 302 3545 1892 3654">
    <p class='ocr_par' dir='ltr' id='par_1_52' title="bbox 302 3545 1892 3654">
     <span class='ocr_line' id='line_1_53' title="bbox 302 3545 1892 3654; baseline -0.029 -12"><span class='ocrx_word' id='word_1_367' title='bbox 302 3545 521 3654; x_wconf 65' lang='lat' dir='ltr'><strong>scripsit</strong></span> <span class='ocrx_word' id='word_1_368' title='bbox 539 3575 827 3650; x_wconf 74' lang='lat' dir='ltr'><strong>epistolam</strong></span> <span class='ocrx_word' id='word_1_369' title='bbox 853 3567 1050 3641; x_wconf 77' lang='lat' dir='ltr'><strong>(Ibid.,</strong></span> <span class='ocrx_word' id='word_1_370' title='bbox 1073 3579 1155 3633; x_wconf 82' lang='lat' dir='ltr'><strong>ep.</strong></span> <span class='ocrx_word' id='word_1_371' title='bbox 1178 3559 1301 3629; x_wconf 71' lang='grc'><strong>45),</strong></span> <span class='ocrx_word' id='word_1_372' title='bbox 1325 3556 1409 3612; x_wconf 88' lang='lat' dir='ltr'><strong>cui</strong></span> <span class='ocrx_word' id='word_1_373' title='bbox 1440 3550 1683 3622; x_wconf 80' lang='lat' dir='ltr'><strong>adjunxit</strong></span> <span class='ocrx_word' id='word_1_374' title='bbox 1713 3545 1892 3602; x_wconf 88' lang='lat' dir='ltr'><strong>omnia</strong></span> 
     </span>
    </p>
   </div>
   <div class='ocr_carea' id='block_1_53' title="bbox 304 3647 1892 3747">
    <p class='ocr_par' dir='ltr' id='par_1_53' title="bbox 304 3647 1892 3747">
     <span class='ocr_line' id='line_1_54' title="bbox 304 3647 1892 3747; baseline -0.031 -9"><span class='ocrx_word' id='word_1_375' title='bbox 304 3647 597 3747; x_wconf 40' lang='lat' dir='ltr'><strong>litis-huius</strong></span> <span class='ocrx_word' id='word_1_376' title='bbox 619 3672 1000 3730; x_wconf 80' lang='lat' dir='ltr'><strong>instrumenta,</strong></span> <span class='ocrx_word' id='word_1_377' title='bbox 1017 3666 1074 3716; x_wconf 89' lang='lat' dir='ltr'><strong>et</strong></span> <span class='ocrx_word' id='word_1_378' title='bbox 1092 3651 1423 3724; x_wconf 75' lang='lat' dir='ltr'><strong>exemplaria</strong></span> <span class='ocrx_word' id='word_1_379' title='bbox 1445 3647 1749 3701; x_wconf 62' lang='lat' dir='ltr'><strong>litteratum</strong></span> <span class='ocrx_word' id='word_1_380' title='bbox 1783 3647 1892 3692; x_wconf 92' lang='lat' dir='ltr'><strong>tum</strong></span> 
     </span>
    </p>
   </div>
   <div class='ocr_carea' id='block_1_54' title="bbox 306 3735 1895 3838">
    <p class='ocr_par' dir='ltr' id='par_1_54' title="bbox 306 3735 1895 3838">
     <span class='ocr_line' id='line_1_55' title="bbox 306 3735 1895 3838; baseline -0.03 -10"><span class='ocrx_word' id='word_1_381' title='bbox 306 3789 336 3827; x_wconf 73' lang='grc' dir='ltr'>ει</span> <span class='ocrx_word' id='word_1_382' title='bbox 367 3735 586 3838; x_wconf 67' lang='lat' dir='ltr'><strong>Pelagio</strong></span> <span class='ocrx_word' id='word_1_383' title='bbox 613 3764 690 3826; x_wconf 84' lang='grc' dir='ltr'>ιι,</span> <span class='ocrx_word' id='word_1_384' title='bbox 720 3769 836 3814; x_wconf 85' lang='lat' dir='ltr'><strong>tum</strong></span> <span class='ocrx_word' id='word_1_385' title='bbox 864 3771 895 3810; x_wconf 86' lang='lat' dir='ltr'><strong>a</strong></span> <span class='ocrx_word' id='word_1_386' title='bbox 923 3768 984 3809; x_wconf 87' lang='lat' dir='ltr'><strong>se</strong></span> <span class='ocrx_word' id='word_1_387' title='bbox 1028 3748 1094 3804; x_wconf 84' lang='lat' dir='ltr'><strong>ad</strong></span> <span class='ocrx_word' id='word_1_388' title='bbox 1134 3746 1398 3802; x_wconf 81' lang='lat' dir='ltr'><strong>Joannem</strong></span> <span class='ocrx_word' id='word_1_389' title='bbox 1437 3738 1796 3805; x_wconf 87' lang='lat' dir='ltr'><strong>scriptarum;</strong></span> <span class='ocrx_word' id='word_1_390' title='bbox 1839 3735 1895 3781; x_wconf 90' lang='lat' dir='ltr'><strong>ut</strong></span> 
     </span>
    </p>
   </div>
   <div class='ocr_carea' id='block_1_55' title="bbox 305 3819 1897 3929">
    <p class='ocr_par' dir='ltr' id='par_1_55' title="bbox 305 3819 1897 3929">
     <span class='ocr_line' id='line_1_56' title="bbox 305 3819 1897 3929; baseline -0.031 -9"><span class='ocrx_word' id='word_1_391' title='bbox 305 3819 670 3929; x_wconf 57' lang='lat' dir='ltr'><strong>intelliguerent</strong></span> <span class='ocrx_word' id='word_1_392' title='bbox 697 3851 768 3906; x_wconf 85' lang='lat' dir='ltr'><strong>de</strong></span> <span class='ocrx_word' id='word_1_393' title='bbox 794 3859 1005 3904; x_wconf 80' lang='lat' dir='ltr'><strong>summa</strong></span> <span class='ocrx_word' id='word_1_394' title='bbox 1048 3839 1428 3909; x_wconf 85' lang='lat' dir='ltr'><strong>episcopatus,</strong></span> <span class='ocrx_word' id='word_1_395' title='bbox 1459 3827 1702 3892; x_wconf 83' lang='lat' dir='ltr'><strong>adeoque</strong></span> <span class='ocrx_word' id='word_1_396' title='bbox 1734 3819 1897 3874; x_wconf 84' lang='lat' dir='ltr'><strong>totius</strong></span> 
     </span>
    </p>
   </div>
   <div class='ocr_carea' id='block_1_56' title="bbox 306 3913 1899 4014">
    <p class='ocr_par' dir='ltr' id='par_1_56' title="bbox 306 3913 1899 4014">
     <span class='ocr_line' id='line_1_57' title="bbox 306 3913 1899 4014; baseline -0.033 -2"><span class='ocrx_word' id='word_1_397' title='bbox 306 3913 581 4013; x_wconf 49' lang='lat' dir='ltr'><strong>Ecclegiar,</strong></span> <span class='ocrx_word' id='word_1_398' title='bbox 612 3943 698 4014; x_wconf 88' lang='lat' dir='ltr'><strong>agi</strong></span> <span class='ocrx_word' id='word_1_399' title='bbox 721 3942 828 3996; x_wconf 84' lang='lat' dir='ltr'><strong>hae</strong></span> <span class='ocrx_word' id='word_1_400' title='bbox 861 3938 916 3991; x_wconf 87' lang='lat' dir='ltr'><strong>in</strong></span> <span class='ocrx_word' id='word_1_401' title='bbox 943 3925 1335 3988; x_wconf 86' lang='lat' dir='ltr'><strong>controversia.</strong></span> <span class='ocrx_word' id='word_1_402' title='bbox 1365 3920 1501 3974; x_wconf 84' lang='lat' dir='ltr'><strong>Tum</strong></span> <span class='ocrx_word' id='word_1_403' title='bbox 1529 3930 1624 3969; x_wconf 87' lang='lat' dir='ltr'><strong>eos</strong></span> <span class='ocrx_word' id='word_1_404' title='bbox 1650 3913 1899 3966; x_wconf 87' lang='lat' dir='ltr'><strong>hortatur</strong></span> 
     </span>
    </p>
   </div>
   <div class='ocr_carea' id='block_1_57' title="bbox 307 3997 1898 4102">
    <p class='ocr_par' dir='ltr' id='par_1_57' title="bbox 307 3997 1898 4102">
     <span class='ocr_line' id='line_1_58' title="bbox 307 3997 1898 4102; baseline -0.035 1"><span class='ocrx_word' id='word_1_405' title='bbox 307 4057 368 4102; x_wconf 74' lang='lat' dir='ltr'><strong>at</strong></span> <span class='ocrx_word' id='word_1_406' title='bbox 414 3997 684 4098; x_wconf 67' lang='lat' dir='ltr'><strong>neminem</strong></span> <span class='ocrx_word' id='word_1_407' title='bbox 731 4039 970 4098; x_wconf 85' lang='lat' dir='ltr'><strong>unquam</strong></span> <span class='ocrx_word' id='word_1_408' title='bbox 1010 4019 1123 4076; x_wconf 89' lang='lat' dir='ltr'><strong>suis</strong></span> <span class='ocrx_word' id='word_1_409' title='bbox 1163 4016 1220 4072; x_wconf 80' lang='lat' dir='ltr'><strong>in</strong></span> <span class='ocrx_word' id='word_1_410' title='bbox 1255 4007 1502 4083; x_wconf 84' lang='lat' dir='ltr'><strong>epistolis</strong></span> <span class='ocrx_word' id='word_1_411' title='bbox 1544 3997 1898 4058; x_wconf 89' lang='lat' dir='ltr'><strong>universalem</strong></span> 
     </span>
    </p>
   </div>
   <div class='ocr_carea' id='block_1_58' title="bbox 312 4093 1900 4196">
    <p class='ocr_par' dir='ltr' id='par_1_58' title="bbox 312 4093 1900 4196">
     <span class='ocr_line' id='line_1_59' title="bbox 312 4093 1900 4196; baseline -0.034 -4"><span class='ocrx_word' id='word_1_412' title='bbox 312 4093 594 4192; x_wconf 69' lang='lat' dir='ltr'><strong>nominent</strong></span> <span class='ocrx_word' id='word_1_413' title='bbox 615 4093 954 4196; x_wconf 63' lang='lat' dir='ltr'><strong>episcopum,</strong></span> <span class='ocrx_word' id='word_1_414' title='bbox 978 4126 1047 4167; x_wconf 85' lang='lat' dir='ltr'><strong>ne</strong></span> <span class='ocrx_word' id='word_1_415' title='bbox 1065 4107 1168 4166; x_wconf 82' lang='lat' dir='ltr'><strong>sibi</strong></span> <span class='ocrx_word' id='word_1_416' title='bbox 1187 4102 1425 4161; x_wconf 89' lang='lat' dir='ltr'><strong>debitum</strong></span> <span class='ocrx_word' id='word_1_417' title='bbox 1449 4093 1750 4156; x_wconf 86' lang='lat' dir='ltr'><strong>detrahant,</strong></span> <span class='ocrx_word' id='word_1_418' title='bbox 1779 4101 1900 4142; x_wconf 88' lang='lat' dir='ltr'><strong>cum</strong></span> 
     </span>
    </p>
   </div>
   <div class='ocr_carea' id='block_1_59' title="bbox 311 4177 1904 4284">
    <p class='ocr_par' dir='ltr' id='par_1_59' title="bbox 311 4177 1904 4284">
     <span class='ocr_line' id='line_1_60' title="bbox 311 4177 1904 4284; baseline -0.035 0"><span class='ocrx_word' id='word_1_419' title='bbox 311 4225 471 4284; x_wconf 78' lang='lat' dir='ltr'><strong>alteri</strong></span> <span class='ocrx_word' id='word_1_420' title='bbox 497 4177 766 4278; x_wconf 63' lang='lat' dir='ltr'><strong>hmini-cm</strong></span> <span class='ocrx_word' id='word_1_421' title='bbox 805 4177 1046 4266; x_wconf 67' lang='lat' dir='ltr'><strong>offerunt</strong></span> <span class='ocrx_word' id='word_1_422' title='bbox 1085 4196 1403 4255; x_wconf 84' lang='lat' dir='ltr'><strong>indebitum.</strong></span> <span class='ocrx_word' id='word_1_423' title='bbox 1433 4187 1568 4256; x_wconf 82' lang='lat' dir='ltr'><strong>Quia</strong></span> <span class='ocrx_word' id='word_1_424' title='bbox 1599 4197 1728 4239; x_wconf 75' lang='lat' dir='ltr'><strong>vero</strong></span> <span class='ocrx_word' id='word_1_425' title='bbox 1758 4177 1904 4250; x_wconf 90' lang='lat' dir='ltr'><strong>pacis</strong></span> 
     </span>
    </p>
   </div>
   <div class='ocr_carea' id='block_1_60' title="bbox 311 4268 1904 4378">
    <p class='ocr_par' dir='ltr' id='par_1_60' title="bbox 311 4268 1904 4378">
     <span class='ocr_line' id='line_1_61' title="bbox 311 4268 1904 4378; baseline -0.036 1"><span class='ocrx_word' id='word_1_426' title='bbox 311 4333 368 4378; x_wconf 77' lang='lat' dir='ltr'><strong>et</strong></span> <span class='ocrx_word' id='word_1_427' title='bbox 389 4314 614 4374; x_wconf 81' lang='lat' dir='ltr'><strong>unitatis</strong></span> <span class='ocrx_word' id='word_1_428' title='bbox 632 4320 786 4366; x_wconf 85' lang='lat' dir='ltr'><strong>amor</strong></span> <span class='ocrx_word' id='word_1_429' title='bbox 807 4297 1146 4359; x_wconf 69' lang='lat' dir='ltr'><strong>intercedere</strong></span> <span class='ocrx_word' id='word_1_430' title='bbox 1165 4291 1380 4361; x_wconf 85' lang='lat' dir='ltr'><strong>poterat</strong></span> <span class='ocrx_word' id='word_1_431' title='bbox 1395 4278 1686 4352; x_wconf 88' lang='lat' dir='ltr'><strong>quominus</strong></span> <span class='ocrx_word' id='word_1_432' title='bbox 1712 4268 1904 4326; x_wconf 87' lang='lat' dir='ltr'><strong>Joanni</strong></span> 
     </span>
    </p>
   </div>
   <div class='ocr_carea' id='block_1_61' title="bbox 313 4370 1904 4470">
    <p class='ocr_par' dir='ltr' id='par_1_61' title="bbox 313 4370 1904 4470">
     <span class='ocr_line' id='line_1_62' title="bbox 313 4370 1904 4470; baseline -0.035 0"><span class='ocrx_word' id='word_1_433' title='bbox 313 4413 665 4470; x_wconf 81' lang='lat' dir='ltr'><strong>resisterent,</strong></span> <span class='ocrx_word' id='word_1_434' title='bbox 694 4402 860 4456; x_wconf 80' lang='lat' dir='ltr'><strong>docet</strong></span> <span class='ocrx_word' id='word_1_435' title='bbox 882 4407 991 4464; x_wconf 81' lang='lat' dir='ltr'><strong>qua</strong></span> <span class='ocrx_word' id='word_1_436' title='bbox 1031 4386 1243 4445; x_wconf 83' lang='lat' dir='ltr'><strong>ratione</strong></span> <span class='ocrx_word' id='word_1_437' title='bbox 1289 4375 1519 4435; x_wconf 84' lang='lat' dir='ltr'><strong>fovenda</strong></span> <span class='ocrx_word' id='word_1_438' title='bbox 1555 4370 1625 4426; x_wconf 91' lang='lat' dir='ltr'><strong>sit</strong></span> <span class='ocrx_word' id='word_1_439' title='bbox 1669 4381 1806 4439; x_wconf 83' lang='lat' dir='ltr'><strong>pax,</strong></span> <span class='ocrx_word' id='word_1_440' title='bbox 1837 4376 1904 4416; x_wconf 85' lang='lat' dir='ltr'><strong>ex</strong></span> 
     </span>
    </p>
   </div>
   <div class='ocr_carea' id='block_1_62' title="bbox 1398 4422 3599 4532">
    <p class='ocr_par' dir='ltr' id='par_1_62' title="bbox 1398 4422 3599 4532">
     <span class='ocr_line' id='line_1_63' title="bbox 1398 4422 3599 4532; baseline -0.023 -4"><span class='ocrx_word' id='word_1_441' title='bbox 1398 4468 1513 4523; x_wconf 69' lang='lat' dir='ltr'><strong>dem</strong></span> <span class='ocrx_word' id='word_1_442' title='bbox 1527 4461 1665 4520; x_wconf 67' lang='lat' dir='ltr'><strong>vobis</strong></span> <span class='ocrx_word' id='word_1_443' title='bbox 1681 4467 1908 4525; x_wconf 50' lang='lat' dir='ltr'><strong>emtum</strong></span> <span class='ocrx_word' id='word_1_444' title='bbox 2011 4467 2133 4532; x_wconf 86' lang='lat' dir='ltr'><strong>post</strong></span> <span class='ocrx_word' id='word_1_445' title='bbox 2173 4453 2331 4523; x_wconf 86' lang='lat' dir='ltr'><strong>longa</strong></span> <span class='ocrx_word' id='word_1_446' title='bbox 2367 4422 2526 4514; x_wconf 67' lang='lat' dir='ltr'><strong>bella,</strong></span> <span class='ocrx_word' id='word_1_447' title='bbox 2559 4459 2696 4517; x_wconf 85' lang='lat' dir='ltr'><strong>pace</strong></span> <span class='ocrx_word' id='word_1_448' title='bbox 2712 4422 2940 4496; x_wconf 78' lang='lat' dir='ltr'><strong>tandem</strong></span> <span class='ocrx_word' id='word_1_449' title='bbox 2971 4437 3259 4495; x_wconf 87' lang='lat' dir='ltr'><strong>frueretur,</strong></span> <span class='ocrx_word' id='word_1_450' title='bbox 3293 4437 3454 4497; x_wconf 90' lang='lat' dir='ltr'><strong>atque</strong></span> <span class='ocrx_word' id='word_1_451' title='bbox 3495 4422 3599 4479; x_wconf 86' lang='lat' dir='ltr'><strong>im-</strong></span> 
     </span>
    </p>
   </div>
   <div class='ocr_carea' id='block_1_63' title="bbox 317 4482 1392 4577">
    <p class='ocr_par' dir='ltr' id='par_1_63' title="bbox 317 4482 1392 4577">
     <span class='ocr_line' id='line_1_64' title="bbox 317 4482 1392 4577; baseline -0.035 -16"><span class='ocrx_word' id='word_1_452' title='bbox 317 4505 575 4577; x_wconf 69' lang='lat' dir='ltr'><strong>Apostolo</strong></span> <span class='ocrx_word' id='word_1_453' title='bbox 597 4497 849 4552; x_wconf 79' lang='lat' dir='ltr'><strong>dicente:</strong></span> <span class='ocrx_word' id='word_1_454' title='bbox 871 4486 938 4542; x_wconf 82' lang='lat' dir='ltr'><strong>Si</strong></span> <span class='ocrx_word' id='word_1_455' title='bbox 955 4482 1071 4555; x_wconf 73' lang='lat' dir='ltr'><strong>ﬁeri</strong></span> <span class='ocrx_word' id='word_1_456' title='bbox 1092 4483 1278 4577; x_wconf 80' lang='lat' dir='ltr'><strong>potest,</strong></span> <span class='ocrx_word' id='word_1_457' title='bbox 1294 4487 1392 4542; x_wconf 79' lang='lat' dir='ltr'><strong>quo</strong></span> 
     </span>
    </p>
   </div>
   <div class='ocr_carea' id='block_1_64' title="bbox 317 4550 1902 4653">
    <p class='ocr_par' dir='ltr' id='par_1_64' title="bbox 317 4550 1902 4653">
     <span class='ocr_line' id='line_1_65' title="bbox 317 4550 1902 4653; baseline -0.034 1"><span class='ocrx_word' id='word_1_458' title='bbox 317 4550 877 4653; x_wconf 72' lang='lat' dir='ltr'><strong>Itonzinibus</strong></span> <span class='ocrx_word' id='word_1_459' title='bbox 1117 4567 1357 4623; x_wconf 77' lang='lat' dir='ltr'><strong>habentes</strong></span> <span class='ocrx_word' id='word_1_460' title='bbox 1387 4562 1406 4632; x_wconf 89' lang='lat'><strong>(</strong></span> <span class='ocrx_word' id='word_1_461' title='bbox 1431 4559 1579 4614; x_wconf 82' lang='lat' dir='ltr'><strong>Rom.</strong></span> <span class='ocrx_word' id='word_1_462' title='bbox 1621 4569 1725 4619; x_wconf 81' lang='lat' dir='ltr'><strong>xu,</strong></span> <span class='ocrx_word' id='word_1_463' title='bbox 1763 4550 1862 4653; x_wconf 55' lang='lat' dir='ltr'><strong>t8)</strong></span> <span class='ocrx_word' id='word_1_464' title='bbox 1890 4566 1902 4600; x_wconf 91' lang='lat'>:</span> 
     </span>
    </p>
   </div>
   <div class='ocr_carea' id='block_1_65' title="bbox 327 4641 1988 4747">
    <p class='ocr_par' dir='ltr' id='par_1_65' title="bbox 327 4641 1988 4747">
     <span class='ocr_line' id='line_1_66' title="bbox 327 4641 1988 4747; baseline -0.033 -4"><span class='ocrx_word' id='word_1_465' title='bbox 496 4641 671 4747; x_wconf 64' lang='lat' dir='ltr'><strong>enim,</strong></span> <span class='ocrx_word' id='word_1_466' title='bbox 700 4641 913 4743; x_wconf 59' lang='lat' dir='ltr'><strong>inquit,</strong></span> <span class='ocrx_word' id='word_1_467' title='bbox 939 4680 1118 4741; x_wconf 81' lang='lat' dir='ltr'><strong>pacem</strong></span> <span class='ocrx_word' id='word_1_468' title='bbox 1166 4659 1324 4715; x_wconf 87' lang='lat' dir='ltr'><strong>bonos</strong></span> <span class='ocrx_word' id='word_1_469' title='bbox 1364 4669 1479 4708; x_wconf 82' lang='lat' dir='ltr'><strong>cum</strong></span> <span class='ocrx_word' id='word_1_470' title='bbox 1523 4647 1673 4704; x_wconf 86' lang='lat' dir='ltr'><strong>malis</strong></span> <span class='ocrx_word' id='word_1_471' title='bbox 1723 4641 1910 4747; x_wconf 63' lang='lat' dir='ltr'><strong>habere</strong></span> <span class='ocrx_word' id='word_1_472' title='bbox 1935 4660 1988 4720; x_wconf 69' lang='grc' dir='ltr'><strong>υ</strong></span> 
     </span>
    </p>
   </div>
   <div class='ocr_carea' id='block_1_66' title="bbox 1011 4728 1907 4813">
    <p class='ocr_par' dir='ltr' id='par_1_66' title="bbox 1011 4728 1907 4813">
     <span class='ocr_line' id='line_1_67' title="bbox 1011 4728 1907 4813; baseline -0.035 -1"><span class='ocrx_word' id='word_1_473' title='bbox 1011 4759 1140 4813; x_wconf 83' lang='lat' dir='ltr'><strong>sicut</strong></span> <span class='ocrx_word' id='word_1_474' title='bbox 1174 4751 1368 4810; x_wconf 82' lang='lat' dir='ltr'><strong>nostis,</strong></span> <span class='ocrx_word' id='word_1_475' title='bbox 1399 4739 1670 4813; x_wconf 75' lang='lat' dir='ltr'><strong>prtemisit,</strong></span> <span class='ocrx_word' id='word_1_476' title='bbox 1716 4733 1760 4788; x_wconf 87' lang='lat' dir='ltr'><strong>si</strong></span> <span class='ocrx_word' id='word_1_477' title='bbox 1790 4728 1907 4785; x_wconf 79' lang='lat' dir='ltr'><strong>ﬁeri</strong></span> 
     </span>
    </p>
   </div>
   <div class='ocr_carea' id='block_1_67' title="bbox 577 4832 1909 4928">
    <p class='ocr_par' dir='ltr' id='par_1_67' title="bbox 577 4832 1909 4928">
     <span class='ocr_line' id='line_1_68' title="bbox 577 4832 1909 4928; baseline -0.034 -10"><span class='ocrx_word' id='word_1_478' title='bbox 577 4906 590 4919; x_wconf 89' lang='lat'><strong>.</strong></span> <span class='ocrx_word' id='word_1_479' title='bbox 613 4832 790 4928; x_wconf 42' lang='lat' dir='ltr'><strong>&#39;Quam</strong></span> <span class='ocrx_word' id='word_1_480' title='bbox 818 4850 1049 4910; x_wconf 86' lang='lat' dir='ltr'><strong>videlicet</strong></span> <span class='ocrx_word' id='word_1_481' title='bbox 1068 4858 1248 4915; x_wconf 87' lang='lat' dir='ltr'><strong>pacem</strong></span> <span class='ocrx_word' id='word_1_482' title='bbox 1279 4849 1394 4893; x_wconf 83' lang='lat' dir='ltr'><strong>tmte</strong></span> <span class='ocrx_word' id='word_1_483' title='bbox 1415 4832 1661 4890; x_wconf 85' lang='lat' dir='ltr'><strong>veraciter</strong></span> <span class='ocrx_word' id='word_1_484' title='bbox 1683 4835 1909 4880; x_wconf 88' lang='lat' dir='ltr'><strong>tenemus</strong></span> 
     </span>
    </p>
   </div>
   <div class='ocr_carea' id='block_1_68' title="bbox 322 4914 1908 5028">
    <p class='ocr_par' dir='ltr' id='par_1_68' title="bbox 322 4914 1908 5028">
     <span class='ocr_line' id='line_1_69' title="bbox 322 4914 1908 5028; baseline -0.034 -10"><span class='ocrx_word' id='word_1_485' title='bbox 322 4914 438 5019; x_wconf 63' lang='lat' dir='ltr'><strong>:nm</strong></span> <span class='ocrx_word' id='word_1_486' title='bbox 465 4914 802 5028; x_wconf 69' lang='lat' dir='ltr'><strong>superborum</strong></span> <span class='ocrx_word' id='word_1_487' title='bbox 849 4943 1026 5012; x_wconf 86' lang='lat' dir='ltr'><strong>culpas</strong></span> <span class='ocrx_word' id='word_1_488' title='bbox 1052 4914 1305 4990; x_wconf 81' lang='lat' dir='ltr'><strong>cltaritate</strong></span> <span class='ocrx_word' id='word_1_489' title='bbox 1334 4924 1488 4982; x_wconf 82' lang='lat' dir='ltr'><strong>simul</strong></span> <span class='ocrx_word' id='word_1_490' title='bbox 1520 4930 1568 4976; x_wconf 90' lang='lat' dir='ltr'><strong>et</strong></span> <span class='ocrx_word' id='word_1_491' title='bbox 1589 4917 1796 4991; x_wconf 79' lang='lat' dir='ltr'><strong>justitia</strong></span> <span class='ocrx_word' id='word_1_492' title='bbox 1821 4914 1908 4966; x_wconf 89' lang='lat' dir='ltr'><strong>in-</strong></span> 
     </span>
    </p>
   </div>
   <div class='ocr_carea' id='block_1_69' title="bbox 967 5004 1913 5090">
    <p class='ocr_par' dir='ltr' id='par_1_69' title="bbox 967 5004 1913 5090">
     <span class='ocr_line' id='line_1_70' title="bbox 967 5004 1913 5090; baseline -0.032 -5"><span class='ocrx_word' id='word_1_493' title='bbox 967 5045 1082 5084; x_wconf 85' lang='lat' dir='ltr'><strong>cum</strong></span> <span class='ocrx_word' id='word_1_494' title='bbox 1111 5041 1200 5080; x_wconf 87' lang='lat' dir='ltr'><strong>eos</strong></span> <span class='ocrx_word' id='word_1_495' title='bbox 1228 5019 1490 5090; x_wconf 88' lang='lat' dir='ltr'><strong>diligimus</strong></span> <span class='ocrx_word' id='word_1_496' title='bbox 1519 5021 1764 5067; x_wconf 88' lang='lat' dir='ltr'><strong>eteorum</strong></span> <span class='ocrx_word' id='word_1_497' title='bbox 1785 5004 1913 5060; x_wconf 89' lang='lat' dir='ltr'><strong>vitia</strong></span> 
     </span>
    </p>
   </div>
   <div class='ocr_carea' id='block_1_70' title="bbox 327 5096 1910 5204">
    <p class='ocr_par' dir='ltr' id='par_1_70' title="bbox 327 5096 1910 5204">
     <span class='ocr_line' id='line_1_71' title="bbox 327 5096 1910 5204; baseline -0.037 0"><span class='ocrx_word' id='word_1_498' title='bbox 327 5096 738 5204; x_wconf 48' lang='lat' dir='ltr'><strong>biliouliabremus:</strong></span> <span class='ocrx_word' id='word_1_499' title='bbox 772 5125 887 5186; x_wconf 80' lang='lat' dir='ltr'><strong>Hoc</strong></span> <span class='ocrx_word' id='word_1_500' title='bbox 916 5096 1096 5179; x_wconf 83' lang='lat' dir='ltr'><strong>animo</strong></span> <span class='ocrx_word' id='word_1_501' title='bbox 1126 5116 1200 5171; x_wconf 88' lang='lat' dir='ltr'><strong>ait</strong></span> <span class='ocrx_word' id='word_1_502' title='bbox 1228 5111 1427 5168; x_wconf 88' lang='lat' dir='ltr'><strong>bellum</strong></span> <span class='ocrx_word' id='word_1_503' title='bbox 1456 5101 1719 5174; x_wconf 67' lang='lat' dir='ltr'><strong>superbiat</strong></span> <span class='ocrx_word' id='word_1_504' title='bbox 1748 5096 1910 5152; x_wconf 83' lang='lat' dir='ltr'><strong>Joan-</strong></span> 
     </span>
    </p>
   </div>
   <div class='ocr_carea' id='block_1_71' title="bbox 329 5189 1915 5296">
    <p class='ocr_par' dir='ltr' id='par_1_71' title="bbox 329 5189 1915 5296">
     <span class='ocr_line' id='line_1_72' title="bbox 329 5189 1915 5296; baseline -0.036 0"><span class='ocrx_word' id='word_1_505' title='bbox 329 5243 409 5296; x_wconf 65' lang='lat' dir='ltr'><strong>ni;</strong></span> <span class='ocrx_word' id='word_1_506' title='bbox 434 5229 778 5291; x_wconf 82' lang='lat' dir='ltr'><strong>indicendum</strong></span> <span class='ocrx_word' id='word_1_507' title='bbox 804 5235 942 5283; x_wconf 87' lang='lat' dir='ltr'><strong>esse,</strong></span> <span class='ocrx_word' id='word_1_508' title='bbox 972 5223 1028 5270; x_wconf 89' lang='lat' dir='ltr'><strong>et</strong></span> <span class='ocrx_word' id='word_1_509' title='bbox 1049 5225 1150 5283; x_wconf 88' lang='lat' dir='ltr'><strong>pro</strong></span> <span class='ocrx_word' id='word_1_510' title='bbox 1176 5203 1379 5262; x_wconf 90' lang='lat' dir='ltr'><strong>tuendo</strong></span> <span class='ocrx_word' id='word_1_511' title='bbox 1405 5210 1623 5256; x_wconf 87' lang='lat' dir='ltr'><strong>suarum</strong></span> <span class='ocrx_word' id='word_1_512' title='bbox 1649 5189 1915 5246; x_wconf 79' lang='lat' dir='ltr'><strong>Ecclesia-</strong></span> 
     </span>
    </p>
   </div>
   <div class='ocr_carea' id='block_1_72' title="bbox 328 5277 1918 5386">
    <p class='ocr_par' dir='ltr' id='par_1_72' title="bbox 328 5277 1918 5386">
     <span class='ocr_line' id='line_1_73' title="bbox 328 5277 1918 5386; baseline -0.036 0"><span class='ocrx_word' id='word_1_513' title='bbox 328 5346 448 5386; x_wconf 82' lang='lat' dir='ltr'><strong>rum</strong></span> <span class='ocrx_word' id='word_1_514' title='bbox 497 5326 727 5384; x_wconf 80' lang='lat' dir='ltr'><strong>honore,</strong></span> <span class='ocrx_word' id='word_1_515' title='bbox 777 5321 874 5385; x_wconf 85' lang='lat' dir='ltr'><strong>per</strong></span> <span class='ocrx_word' id='word_1_516' title='bbox 904 5308 1042 5363; x_wconf 87' lang='lat' dir='ltr'><strong>hanc</strong></span> <span class='ocrx_word' id='word_1_517' title='bbox 1071 5294 1376 5371; x_wconf 85' lang='lat' dir='ltr'><strong>superbiam</strong></span> <span class='ocrx_word' id='word_1_518' title='bbox 1425 5282 1768 5359; x_wconf 84' lang='lat' dir='ltr'><strong>pessumdato</strong></span> <span class='ocrx_word' id='word_1_519' title='bbox 1815 5277 1918 5332; x_wconf 82' lang='lat' dir='ltr'><strong>illis</strong></span> 
     </span>
    </p>
   </div>
   <div class='ocr_carea' id='block_1_73' title="bbox 331 5371 1914 5479">
    <p class='ocr_par' dir='ltr' id='par_1_73' title="bbox 331 5371 1914 5479">
     <span class='ocr_line' id='line_1_74' title="bbox 331 5371 1914 5479; baseline -0.035 -1"><span class='ocrx_word' id='word_1_520' title='bbox 331 5435 452 5479; x_wconf 84' lang='lat' dir='ltr'><strong>csse</strong></span> <span class='ocrx_word' id='word_1_521' title='bbox 481 5371 868 5472; x_wconf 73' lang='lat' dir='ltr'><strong>decertandum</strong></span> <span class='ocrx_word' id='word_1_522' title='bbox 893 5420 906 5456; x_wconf 89' lang='lat'><strong>:</strong></span> <span class='ocrx_word' id='word_1_523' title='bbox 942 5400 1110 5459; x_wconf 81' lang='lat' dir='ltr'><strong>State,</strong></span> <span class='ocrx_word' id='word_1_524' title='bbox 1136 5389 1340 5460; x_wconf 85' lang='lat' dir='ltr'><strong>inquit,</strong></span> <span class='ocrx_word' id='word_1_525' title='bbox 1368 5385 1546 5454; x_wconf 88' lang='lat' dir='ltr'><strong>fortes,</strong></span> <span class='ocrx_word' id='word_1_526' title='bbox 1574 5383 1705 5430; x_wconf 88' lang='lat' dir='ltr'><strong>state</strong></span> <span class='ocrx_word' id='word_1_527' title='bbox 1731 5371 1914 5426; x_wconf 86' lang='lat' dir='ltr'><strong>securi.</strong></span> 
     </span>
    </p>
   </div>
   <div class='ocr_carea' id='block_1_74' title="bbox 333 5462 1922 5580">
    <p class='ocr_par' dir='ltr' id='par_1_74' title="bbox 333 5462 1922 5580">
     <span class='ocr_line' id='line_1_75' title="bbox 333 5462 1922 5580; baseline -0.034 -12"><span class='ocrx_word' id='word_1_528' title='bbox 333 5510 544 5580; x_wconf 79' lang='lat' dir='ltr'><strong>Scripta</strong></span> <span class='ocrx_word' id='word_1_529' title='bbox 595 5517 710 5556; x_wconf 82' lang='lat' dir='ltr'><strong>cum</strong></span> <span class='ocrx_word' id='word_1_530' title='bbox 755 5489 1067 5550; x_wconf 86' lang='lat' dir='ltr'><strong>universalis</strong></span> <span class='ocrx_word' id='word_1_531' title='bbox 1113 5479 1338 5538; x_wconf 85' lang='lat' dir='ltr'><strong>nominis</strong></span> <span class='ocrx_word' id='word_1_532' title='bbox 1377 5472 1629 5547; x_wconf 73' lang='lat' dir='ltr'><strong>falsitate,</strong></span> <span class='ocrx_word' id='word_1_533' title='bbox 1659 5480 1750 5519; x_wconf 86' lang='lat' dir='ltr'><strong>nec</strong></span> <span class='ocrx_word' id='word_1_534' title='bbox 1795 5462 1922 5514; x_wconf 86' lang='lat' dir='ltr'><strong>dare</strong></span> 
     </span>
     <span class='ocr_line' id='line_1_76' title="bbox 1324 5561 1921 5580; baseline -0.03 17"><span class='ocrx_word' id='word_1_535' title='bbox 1324 5570 1350 5580; x_wconf 51' lang='grc' dir='ltr'><em>ν·</em></span> <span class='ocrx_word' id='word_1_536' title='bbox 1525 5561 1579 5580; x_wconf 62' lang='grc' dir='ltr'><strong>δ’</strong></span> <span class='ocrx_word' id='word_1_537' title='bbox 1622 5575 1708 5580; x_wconf 45' lang='grc' dir='ltr'><strong>Α..-</strong></span> <span class='ocrx_word' id='word_1_538' title='bbox 1762 5565 1921 5580; x_wconf 74' lang='grc' dir='ltr'><strong>--..ο,....</strong></span> 
     </span>
    </p>
   </div>
   <div class='ocr_carea' id='block_1_75' title="bbox 1459 5561 1924 5632">
    <p class='ocr_par' dir='ltr' id='par_1_75' title="bbox 1459 5561 1924 5632">
     <span class='ocr_line' id='line_1_77' title="bbox 1459 5561 1924 5632; baseline -0.03 -12"><span class='ocrx_word' id='word_1_539' title='bbox 1459 5607 1471 5619; x_wconf 93' lang='grc'><strong>.</strong></span> <span class='ocrx_word' id='word_1_540' title='bbox 1519 5561 1579 5618; x_wconf 90' lang='lat' dir='ltr'><strong>Si</strong></span> <span class='ocrx_word' id='word_1_541' title='bbox 1609 5575 1708 5632; x_wconf 84' lang='lat' dir='ltr'><strong>quu</strong></span> <span class='ocrx_word' id='word_1_542' title='bbox 1755 5565 1924 5610; x_wconf 83' lang='lat' dir='ltr'><strong>autem</strong></span> 
     </span>
    </p>
   </div>
   <div class='ocr_carea' id='block_1_76' title="bbox 321 4766 969 4848">
    <p class='ocr_par' dir='ltr' id='par_1_76' title="bbox 321 4766 969 4848">
     <span class='ocr_line' id='line_1_78' title="bbox 321 4766 969 4848; baseline -0.032 -13"><span class='ocrx_word' id='word_1_543' title='bbox 321 4797 425 4835; x_wconf 82' lang='lat' dir='ltr'><strong>non</strong></span> <span class='ocrx_word' id='word_1_544' title='bbox 455 4790 630 4848; x_wconf 84' lang='lat' dir='ltr'><strong>posse;</strong></span> <span class='ocrx_word' id='word_1_545' title='bbox 663 4779 708 4824; x_wconf 87' lang='lat' dir='ltr'><strong>et</strong></span> <span class='ocrx_word' id='word_1_546' title='bbox 746 4766 969 4827; x_wconf 82' lang='lat' dir='ltr'><strong>idcirco,</strong></span> 
     </span>
    </p>
   </div>
   <div class='ocr_carea' id='block_1_77' title="bbox 321 4877 566 4943">
    <p class='ocr_par' dir='ltr' id='par_1_77' title="bbox 321 4877 566 4943">
     <span class='ocr_line' id='line_1_79' title="bbox 321 4877 566 4943; baseline -0.02 -20"><span class='ocrx_word' id='word_1_547' title='bbox 321 4877 566 4943; x_wconf 70' lang='lat' dir='ltr'><strong>potest...</strong></span> 
     </span>
    </p>
   </div>
   <div class='ocr_carea' id='block_1_78' title="bbox 321 5040 934 5117">
    <p class='ocr_par' dir='ltr' id='par_1_78' title="bbox 321 5040 934 5117">
     <span class='ocr_line' id='line_1_80' title="bbox 321 5040 934 5117; baseline -0.038 -8"><span class='ocrx_word' id='word_1_548' title='bbox 321 5057 536 5108; x_wconf 84' lang='lat' dir='ltr'><strong>sistente</strong></span> <span class='ocrx_word' id='word_1_549' title='bbox 562 5040 934 5117; x_wconf 80' lang='lat' dir='ltr'><strong>prosequimur,</strong></span> 
     </span>
    </p>
   </div>
   <div class='ocr_carea' id='block_1_79' title="bbox 331 5570 1446 5674">
    <p class='ocr_par' dir='ltr' id='par_1_79' title="bbox 331 5570 1446 5674">
     <span class='ocr_line' id='line_1_81' title="bbox 331 5570 1446 5674; baseline -0.039 -13"><span class='ocrx_word' id='word_1_550' title='bbox 331 5615 601 5674; x_wconf 81' lang='lat' dir='ltr'><strong>umquam,</strong></span> <span class='ocrx_word' id='word_1_551' title='bbox 651 5609 742 5648; x_wconf 87' lang='lat' dir='ltr'><strong>nec</strong></span> <span class='ocrx_word' id='word_1_552' title='bbox 787 5589 1010 5656; x_wconf 86' lang='lat' dir='ltr'><strong>recipere</strong></span> <span class='ocrx_word' id='word_1_553' title='bbox 1053 5570 1446 5652; x_wconf 75' lang='lat' dir='ltr'><strong>prwsumatis...</strong></span> 
     </span>
    </p>
   </div>
   <div class='ocr_carea' id='block_1_80' title="bbox 335 5648 1926 5754">
    <p class='ocr_par' dir='ltr' id='par_1_80' title="bbox 335 5648 1926 5754">
     <span class='ocr_line' id='line_1_82' title="bbox 335 5648 1926 5754; baseline -0.034 -2"><span class='ocrx_word' id='word_1_554' title='bbox 335 5648 559 5750; x_wconf 49' lang='lat'><strong>0430&#39;“!</strong></span> <span class='ocrx_word' id='word_1_555' title='bbox 584 5686 976 5754; x_wconf 70' lang='lat' dir='ltr'><strong>subsequantur,</strong></span> <span class='ocrx_word' id='word_1_556' title='bbox 1011 5667 1324 5726; x_wconf 84' lang='lat' dir='ltr'><strong>unanimiter</strong></span> <span class='ocrx_word' id='word_1_557' title='bbox 1371 5657 1725 5728; x_wconf 84' lang='lat' dir='ltr'><strong>persistentes,</strong></span> <span class='ocrx_word' id='word_1_558' title='bbox 1772 5648 1926 5702; x_wconf 90' lang='lat' dir='ltr'><strong>etiam</strong></span> 
     </span>
    </p>
   </div>
   <div class='ocr_carea' id='block_1_81' title="bbox 336 5744 1930 5846">
    <p class='ocr_par' dir='ltr' id='par_1_81' title="bbox 336 5744 1930 5846">
     <span class='ocr_line' id='line_1_83' title="bbox 336 5744 1930 5846; baseline -0.036 0"><span class='ocrx_word' id='word_1_559' title='bbox 336 5784 606 5846; x_wconf 84' lang='lat' dir='ltr'><strong>moriendo</strong></span> <span class='ocrx_word' id='word_1_560' title='bbox 635 5778 874 5833; x_wconf 86' lang='lat' dir='ltr'><strong>debemus</strong></span> <span class='ocrx_word' id='word_1_561' title='bbox 904 5766 1168 5823; x_wconf 81' lang='lat' dir='ltr'><strong>ostendere</strong></span> <span class='ocrx_word' id='word_1_562' title='bbox 1211 5757 1330 5827; x_wconf 88' lang='lat' dir='ltr'><strong>quia</strong></span> <span class='ocrx_word' id='word_1_563' title='bbox 1357 5753 1412 5806; x_wconf 85' lang='lat' dir='ltr'><strong>in</strong></span> <span class='ocrx_word' id='word_1_564' title='bbox 1443 5744 1744 5802; x_wconf 85' lang='lat' dir='ltr'><strong>damnando</strong></span> <span class='ocrx_word' id='word_1_565' title='bbox 1775 5747 1930 5812; x_wconf 79' lang='lat' dir='ltr'><strong>gene-</strong></span> 
     </span>
    </p>
   </div>
   <div class='ocr_carea' id='block_1_82' title="bbox 341 5840 1930 5940">
    <p class='ocr_par' dir='ltr' id='par_1_82' title="bbox 341 5840 1930 5940">
     <span class='ocr_line' id='line_1_84' title="bbox 341 5840 1930 5940; baseline -0.033 -2"><span class='ocrx_word' id='word_1_566' title='bbox 341 5881 572 5940; x_wconf 87' lang='lat' dir='ltr'><strong>ralitatis</strong></span> <span class='ocrx_word' id='word_1_567' title='bbox 600 5870 827 5931; x_wconf 83' lang='lat' dir='ltr'><strong>nomine,</strong></span> <span class='ocrx_word' id='word_1_568' title='bbox 854 5871 1084 5918; x_wconf 79' lang='lat' dir='ltr'><strong>nostrum</strong></span> <span class='ocrx_word' id='word_1_569' title='bbox 1109 5849 1402 5925; x_wconf 87' lang='lat' dir='ltr'><strong>specialiter</strong></span> <span class='ocrx_word' id='word_1_570' title='bbox 1423 5840 1626 5916; x_wconf 72' lang='lat' dir='ltr'><strong>aliquid</strong></span> <span class='ocrx_word' id='word_1_571' title='bbox 1646 5854 1754 5898; x_wconf 79' lang='lat' dir='ltr'><strong>non</strong></span> <span class='ocrx_word' id='word_1_572' title='bbox 1778 5849 1930 5890; x_wconf 82' lang='lat' dir='ltr'><strong>ama-</strong></span> 
     </span>
    </p>
   </div>
   <div class='ocr_carea' id='block_1_83' title="bbox 1969 1969 3553 2056">
    <p class='ocr_par' dir='ltr' id='par_1_83' title="bbox 1969 1969 3553 2056">
     <span class='ocr_line' id='line_1_85' title="bbox 1969 1969 3553 2056; baseline -0.015 -15"><span class='ocrx_word' id='word_1_573' title='bbox 1969 1987 2122 2041; x_wconf 84' lang='lat' dir='ltr'><strong>verba</strong></span> <span class='ocrx_word' id='word_1_574' title='bbox 2148 1999 2263 2056; x_wconf 74' lang='lat' dir='ltr'><strong>qua:</strong></span> <span class='ocrx_word' id='word_1_575' title='bbox 2290 1982 2570 2036; x_wconf 85' lang='lat' dir='ltr'><strong>vanitatem</strong></span> <span class='ocrx_word' id='word_1_576' title='bbox 2598 1978 2810 2048; x_wconf 83' lang='lat' dir='ltr'><strong>inﬂant,</strong></span> <span class='ocrx_word' id='word_1_577' title='bbox 2841 1983 2890 2028; x_wconf 89' lang='lat' dir='ltr'><strong>et</strong></span> <span class='ocrx_word' id='word_1_578' title='bbox 2921 1971 3230 2040; x_wconf 83' lang='lat' dir='ltr'><strong>charitatem</strong></span> <span class='ocrx_word' id='word_1_579' title='bbox 3259 1969 3553 2023; x_wconf 84' lang='lat' dir='ltr'><strong>vulnerant.</strong></span> 
     </span>
    </p>
   </div>
   <div class='ocr_carea' id='block_1_84' title="bbox 1974 2076 2176 2150">
    <p class='ocr_par' dir='ltr' id='par_1_84' title="bbox 1974 2076 2176 2150">
     <span class='ocr_line' id='line_1_86' title="bbox 1974 2076 2176 2150; baseline -0.005 -20"><span class='ocrx_word' id='word_1_580' title='bbox 1974 2076 2176 2150; x_wconf 85' lang='lat' dir='ltr'><strong>(Ibid.)</strong></span> 
     </span>
    </p>
   </div>
   <div class='ocr_carea' id='block_1_85' title="bbox 2046 2144 3574 2233">
    <p class='ocr_par' dir='ltr' id='par_1_85' title="bbox 2046 2144 3574 2233">
     <span class='ocr_line' id='line_1_87' title="bbox 2046 2144 3574 2233; baseline -0.014 -11"><span class='ocrx_word' id='word_1_581' title='bbox 2046 2166 2134 2222; x_wconf 72' lang='grc'><strong>12.</strong></span> <span class='ocrx_word' id='word_1_582' title='bbox 2157 2144 2330 2232; x_wconf 75' lang='lat' dir='ltr'><strong>Quod</strong></span> <span class='ocrx_word' id='word_1_583' title='bbox 2356 2168 2565 2233; x_wconf 89' lang='lat' dir='ltr'><strong>spectat</strong></span> <span class='ocrx_word' id='word_1_584' title='bbox 2591 2158 2659 2214; x_wconf 90' lang='lat' dir='ltr'><strong>ad</strong></span> <span class='ocrx_word' id='word_1_585' title='bbox 2687 2154 3050 2220; x_wconf 72' lang='lat' dir='ltr'><strong>An‘astasium,</strong></span> <span class='ocrx_word' id='word_1_586' title='bbox 3074 2167 3183 2208; x_wconf 91' lang='lat' dir='ltr'><strong>non</strong></span> <span class='ocrx_word' id='word_1_587' title='bbox 3217 2147 3469 2221; x_wconf 88' lang='lat' dir='ltr'><strong>probavit</strong></span> <span class='ocrx_word' id='word_1_588' title='bbox 3490 2144 3574 2202; x_wconf 89' lang='lat' dir='ltr'><strong>vir</strong></span> 
     </span>
    </p>
   </div>
   <div class='ocr_carea' id='block_1_86' title="bbox 1974 2249 3575 2332">
    <p class='ocr_par' dir='ltr' id='par_1_86' title="bbox 1974 2249 3575 2332">
     <span class='ocr_line' id='line_1_88' title="bbox 1974 2249 3575 2332; baseline -0.013 -15"><span class='ocrx_word' id='word_1_589' title='bbox 1974 2263 2094 2332; x_wconf 90' lang='lat' dir='ltr'><strong>pius</strong></span> <span class='ocrx_word' id='word_1_590' title='bbox 2123 2268 2328 2314; x_wconf 87' lang='lat' dir='ltr'><strong>tantam</strong></span> <span class='ocrx_word' id='word_1_591' title='bbox 2352 2273 2454 2328; x_wconf 87' lang='lat' dir='ltr'><strong>pro</strong></span> <span class='ocrx_word' id='word_1_592' title='bbox 2476 2251 2797 2312; x_wconf 72' lang='lat' dir='ltr'><strong>meumenici</strong></span> <span class='ocrx_word' id='word_1_593' title='bbox 2829 2249 2988 2304; x_wconf 91' lang='lat' dir='ltr'><strong>titulo</strong></span> <span class='ocrx_word' id='word_1_594' title='bbox 3018 2256 3222 2302; x_wconf 89' lang='lat' dir='ltr'><strong>motam</strong></span> <span class='ocrx_word' id='word_1_595' title='bbox 3256 2251 3575 2299; x_wconf 85' lang='lat' dir='ltr'><strong>controver-</strong></span> 
     </span>
    </p>
   </div>
   <div class='ocr_carea' id='block_1_87' title="bbox 1973 2332 3571 2420">
    <p class='ocr_par' dir='ltr' id='par_1_87' title="bbox 1973 2332 3571 2420">
     <span class='ocr_line' id='line_1_89' title="bbox 1973 2332 3571 2420; baseline -0.015 -10"><span class='ocrx_word' id='word_1_596' title='bbox 1973 2355 2148 2420; x_wconf 88' lang='lat' dir='ltr'><strong>siam,</strong></span> <span class='ocrx_word' id='word_1_597' title='bbox 2200 2361 2257 2408; x_wconf 88' lang='lat' dir='ltr'><strong>ut</strong></span> <span class='ocrx_word' id='word_1_598' title='bbox 2305 2357 2455 2420; x_wconf 89' lang='lat' dir='ltr'><strong>patet</strong></span> <span class='ocrx_word' id='word_1_599' title='bbox 2495 2365 2561 2402; x_wconf 79' lang='lat' dir='ltr'><strong>ex</strong></span> <span class='ocrx_word' id='word_1_600' title='bbox 2591 2346 2694 2401; x_wconf 90' lang='lat' dir='ltr'><strong>alia</strong></span> <span class='ocrx_word' id='word_1_601' title='bbox 2741 2343 2809 2398; x_wconf 88' lang='lat' dir='ltr'><strong>ad</strong></span> <span class='ocrx_word' id='word_1_602' title='bbox 2850 2341 3024 2412; x_wconf 89' lang='lat' dir='ltr'><strong>ipsum</strong></span> <span class='ocrx_word' id='word_1_603' title='bbox 3070 2335 3272 2407; x_wconf 86' lang='lat' dir='ltr'><strong>scripta</strong></span> <span class='ocrx_word' id='word_1_604' title='bbox 3321 2332 3571 2404; x_wconf 81' lang='lat' dir='ltr'><strong>epistola.</strong></span> 
     </span>
    </p>
   </div>
   <div class='ocr_carea' id='block_1_88' title="bbox 1977 2422 3574 2504">
    <p class='ocr_par' dir='ltr' id='par_1_88' title="bbox 1977 2422 3574 2504">
     <span class='ocr_line' id='line_1_90' title="bbox 1977 2422 3574 2504; baseline -0.014 -5"><span class='ocrx_word' id='word_1_605' title='bbox 1977 2444 2109 2500; x_wconf 82' lang='lat' dir='ltr'><strong>Mira</strong></span> <span class='ocrx_word' id='word_1_606' title='bbox 2153 2450 2334 2498; x_wconf 89' lang='lat' dir='ltr'><strong>autem</strong></span> <span class='ocrx_word' id='word_1_607' title='bbox 2364 2439 2534 2495; x_wconf 84' lang='lat' dir='ltr'><strong>eluxit</strong></span> <span class='ocrx_word' id='word_1_608' title='bbox 2569 2431 2815 2504; x_wconf 82' lang='lat' dir='ltr'><strong>Gregorii</strong></span> <span class='ocrx_word' id='word_1_609' title='bbox 2847 2426 3109 2486; x_wconf 89' lang='lat' dir='ltr'><strong>modestia</strong></span> <span class='ocrx_word' id='word_1_610' title='bbox 3138 2434 3192 2482; x_wconf 91' lang='lat' dir='ltr'><strong>et</strong></span> <span class='ocrx_word' id='word_1_611' title='bbox 3221 2425 3493 2481; x_wconf 78' lang='lat' dir='ltr'><strong>humilitas</strong></span> <span class='ocrx_word' id='word_1_612' title='bbox 3522 2422 3574 2477; x_wconf 91' lang='lat' dir='ltr'><strong>in</strong></span> 
     </span>
    </p>
   </div>
   <div class='ocr_carea' id='block_1_89' title="bbox 1977 2515 3577 2607">
    <p class='ocr_par' dir='ltr' id='par_1_89' title="bbox 1977 2515 3577 2607">
     <span class='ocr_line' id='line_1_91' title="bbox 1977 2515 3577 2607; baseline -0.016 -13"><span class='ocrx_word' id='word_1_613' title='bbox 1977 2536 2291 2607; x_wconf 79' lang='lat' dir='ltr'><strong>excipienda</strong></span> <span class='ocrx_word' id='word_1_614' title='bbox 2320 2535 2486 2588; x_wconf 89' lang='lat' dir='ltr'><strong>libera</strong></span> <span class='ocrx_word' id='word_1_615' title='bbox 2517 2533 2618 2587; x_wconf 91' lang='lat' dir='ltr'><strong>hac</strong></span> <span class='ocrx_word' id='word_1_616' title='bbox 2646 2527 2804 2584; x_wconf 89' lang='lat' dir='ltr'><strong>amici</strong></span> <span class='ocrx_word' id='word_1_617' title='bbox 2838 2521 3232 2588; x_wconf 86' lang='lat' dir='ltr'><strong>admonitione,</strong></span> <span class='ocrx_word' id='word_1_618' title='bbox 3257 2533 3395 2589; x_wconf 87' lang='lat' dir='ltr'><strong>pene</strong></span> <span class='ocrx_word' id='word_1_619' title='bbox 3423 2515 3577 2570; x_wconf 85' lang='lat' dir='ltr'><strong>dixe-</strong></span> 
     </span>
    </p>
   </div>
   <div class='ocr_carea' id='block_1_90' title="bbox 1976 2605 3581 2696">
    <p class='ocr_par' dir='ltr' id='par_1_90' title="bbox 1976 2605 3581 2696">
     <span class='ocr_line' id='line_1_92' title="bbox 1976 2605 3581 2696; baseline -0.017 -11"><span class='ocrx_word' id='word_1_620' title='bbox 1976 2631 2079 2686; x_wconf 89' lang='lat' dir='ltr'><strong>rim</strong></span> <span class='ocrx_word' id='word_1_621' title='bbox 2101 2626 2499 2696; x_wconf 88' lang='lat' dir='ltr'><strong>increpatione;</strong></span> <span class='ocrx_word' id='word_1_622' title='bbox 2531 2623 2616 2677; x_wconf 89' lang='lat' dir='ltr'><strong>his</strong></span> <span class='ocrx_word' id='word_1_623' title='bbox 2637 2621 2780 2675; x_wconf 90' lang='lat' dir='ltr'><strong>enim</strong></span> <span class='ocrx_word' id='word_1_624' title='bbox 2809 2614 2989 2670; x_wconf 87' lang='lat' dir='ltr'><strong>verbis</strong></span> <span class='ocrx_word' id='word_1_625' title='bbox 3019 2611 3338 2666; x_wconf 87' lang='lat' dir='ltr'><strong>charitatem</strong></span> <span class='ocrx_word' id='word_1_626' title='bbox 3369 2605 3581 2678; x_wconf 72' lang='lat' dir='ltr'><strong>Spiren-</strong></span> 
     </span>
    </p>
   </div>
   <div class='ocr_carea' id='block_1_91' title="bbox 1982 2696 3576 2784">
    <p class='ocr_par' dir='ltr' id='par_1_91' title="bbox 1982 2696 3576 2784">
     <span class='ocr_line' id='line_1_93' title="bbox 1982 2696 3576 2784; baseline -0.018 -7"><span class='ocrx_word' id='word_1_627' title='bbox 1982 2721 2123 2777; x_wconf 88' lang='lat' dir='ltr'><strong>tibus</strong></span> <span class='ocrx_word' id='word_1_628' title='bbox 2161 2719 2371 2774; x_wconf 90' lang='lat' dir='ltr'><strong>orditur</strong></span> <span class='ocrx_word' id='word_1_629' title='bbox 2414 2712 2700 2784; x_wconf 83' lang='lat' dir='ltr'><strong>epistolam</strong></span> <span class='ocrx_word' id='word_1_630' title='bbox 2733 2722 2837 2780; x_wconf 90' lang='lat' dir='ltr'><strong>qua</strong></span> <span class='ocrx_word' id='word_1_631' title='bbox 2866 2701 3150 2758; x_wconf 88' lang='lat' dir='ltr'><strong>Anastasio</strong></span> <span class='ocrx_word' id='word_1_632' title='bbox 3194 2696 3436 2753; x_wconf 89' lang='lat' dir='ltr'><strong>monenti</strong></span> <span class='ocrx_word' id='word_1_633' title='bbox 3461 2710 3576 2750; x_wconf 89' lang='lat' dir='ltr'><strong>res-</strong></span> 
     </span>
    </p>
   </div>
   <div class='ocr_carea' id='block_1_92' title="bbox 1983 2788 3576 2882">
    <p class='ocr_par' dir='ltr' id='par_1_92' title="bbox 1983 2788 3576 2882">
     <span class='ocr_line' id='line_1_94' title="bbox 1983 2788 3576 2882; baseline -0.018 -16"><span class='ocrx_word' id='word_1_634' title='bbox 1983 2809 2185 2882; x_wconf 86' lang='lat' dir='ltr'><strong>pondet</strong></span> <span class='ocrx_word' id='word_1_635' title='bbox 2224 2826 2237 2861; x_wconf 90' lang='lat'>:</span> <span class='ocrx_word' id='word_1_636' title='bbox 2291 2804 2655 2859; x_wconf 83' lang='lat' dir='ltr'><strong>Desideratum</strong></span> <span class='ocrx_word' id='word_1_637' title='bbox 2700 2797 3018 2854; x_wconf 71' lang='lat' dir='ltr'><strong>suavissima:</strong></span> <span class='ocrx_word' id='word_1_638' title='bbox 3058 2797 3238 2847; x_wconf 74' lang='lat' dir='ltr'><strong>vestra:</strong></span> <span class='ocrx_word' id='word_1_639' title='bbox 3280 2788 3576 2843; x_wconf 85' lang='lat' dir='ltr'><strong>sanctitatis</strong></span> 
     </span>
    </p>
   </div>
   <div class='ocr_carea' id='block_1_93' title="bbox 1984 2880 3582 2976">
    <p class='ocr_par' dir='ltr' id='par_1_93' title="bbox 1984 2880 3582 2976">
     <span class='ocr_line' id='line_1_95' title="bbox 1984 2880 3582 2976; baseline -0.02 -15"><span class='ocrx_word' id='word_1_640' title='bbox 1984 2905 2256 2976; x_wconf 84' lang='lat' dir='ltr'><strong>epistolam</strong></span> <span class='ocrx_word' id='word_1_641' title='bbox 2288 2897 2543 2954; x_wconf 88' lang='lat' dir='ltr'><strong>communi</strong></span> <span class='ocrx_word' id='word_1_642' title='bbox 2595 2893 2707 2965; x_wconf 85' lang='lat' dir='ltr'><strong>ﬁlio</strong></span> <span class='ocrx_word' id='word_1_643' title='bbox 2739 2888 3030 2946; x_wconf 88' lang='lat' dir='ltr'><strong>Sabiniano</strong></span> <span class='ocrx_word' id='word_1_644' title='bbox 3071 2883 3290 2937; x_wconf 85' lang='lat' dir='ltr'><strong>diacono</strong></span> <span class='ocrx_word' id='word_1_645' title='bbox 3321 2880 3582 2950; x_wconf 79' lang='lat' dir='ltr'><strong>deferente</strong></span> 
     </span>
    </p>
   </div>
   <div class='ocr_carea' id='block_1_94' title="bbox 1985 2968 3581 3062">
    <p class='ocr_par' dir='ltr' id='par_1_94' title="bbox 1985 2968 3581 3062">
     <span class='ocr_line' id='line_1_96' title="bbox 1985 2968 3581 3062; baseline -0.017 -16"><span class='ocrx_word' id='word_1_646' title='bbox 1985 2993 2210 3062; x_wconf 84' lang='lat' dir='ltr'><strong>suscepi,</strong></span> <span class='ocrx_word' id='word_1_647' title='bbox 2241 2991 2294 3043; x_wconf 88' lang='lat' dir='ltr'><strong>in</strong></span> <span class='ocrx_word' id='word_1_648' title='bbox 2324 3003 2426 3060; x_wconf 90' lang='lat' dir='ltr'><strong>qua</strong></span> <span class='ocrx_word' id='word_1_649' title='bbox 2455 3002 2560 3038; x_wconf 88' lang='lat' dir='ltr'><strong>non</strong></span> <span class='ocrx_word' id='word_1_650' title='bbox 2591 2983 2802 3052; x_wconf 68' lang='lat' dir='ltr'><strong>linguae,</strong></span> <span class='ocrx_word' id='word_1_651' title='bbox 2835 2976 2924 3030; x_wconf 83' lang='lat' dir='ltr'><strong>sed</strong></span> <span class='ocrx_word' id='word_1_652' title='bbox 2952 2975 3144 3028; x_wconf 67' lang='lat' dir='ltr'><strong>animo:</strong></span> <span class='ocrx_word' id='word_1_653' title='bbox 3175 2969 3326 3026; x_wconf 86' lang='lat' dir='ltr'><strong>verba</strong></span> <span class='ocrx_word' id='word_1_654' title='bbox 3356 2968 3581 3040; x_wconf 76' lang='lat' dir='ltr'><strong>proflue-</strong></span> 
     </span>
    </p>
   </div>
   <div class='ocr_carea' id='block_1_95' title="bbox 1987 3056 3585 3137">
    <p class='ocr_par' dir='ltr' id='par_1_95' title="bbox 1987 3056 3585 3137">
     <span class='ocr_line' id='line_1_97' title="bbox 1987 3056 3585 3137; baseline -0.018 -1"><span class='ocrx_word' id='word_1_655' title='bbox 1987 3056 2232 3136; x_wconf 29' lang='lat' dir='ltr'><strong>bantlEt</strong></span> <span class='ocrx_word' id='word_1_656' title='bbox 2262 3056 2364 3133; x_wconf 80' lang='lat' dir='ltr'><strong>non</strong></span> <span class='ocrx_word' id='word_1_657' title='bbox 2394 3076 2582 3128; x_wconf 85' lang='lat' dir='ltr'><strong>mirum</strong></span> <span class='ocrx_word' id='word_1_658' title='bbox 2610 3071 2657 3126; x_wconf 87' lang='lat' dir='ltr'><strong>si</strong></span> <span class='ocrx_word' id='word_1_659' title='bbox 2685 3067 2813 3124; x_wconf 86' lang='lat' dir='ltr'><strong>bene</strong></span> <span class='ocrx_word' id='word_1_660' title='bbox 2837 3065 3066 3137; x_wconf 86' lang='lat' dir='ltr'><strong>loquitur</strong></span> <span class='ocrx_word' id='word_1_661' title='bbox 3093 3062 3181 3133; x_wconf 85' lang='lat' dir='ltr'><strong>qui</strong></span> <span class='ocrx_word' id='word_1_662' title='bbox 3209 3061 3434 3132; x_wconf 80' lang='lat' dir='ltr'><strong>perfecte</strong></span> <span class='ocrx_word' id='word_1_663' title='bbox 3463 3056 3585 3110; x_wconf 84' lang='lat' dir='ltr'><strong>vivit</strong></span> 
     </span>
    </p>
   </div>
   <div class='ocr_carea' id='block_1_96' title="bbox 1993 3163 2514 3244">
    <p class='ocr_par' dir='ltr' id='par_1_96' title="bbox 1993 3163 2514 3244">
     <span class='ocr_line' id='line_1_98' title="bbox 1993 3163 2514 3244; baseline -0.013 -19"><span class='ocrx_word' id='word_1_664' title='bbox 1993 3169 2143 3244; x_wconf 87' lang='lat' dir='ltr'><strong>(Lib.</strong></span> <span class='ocrx_word' id='word_1_665' title='bbox 2174 3163 2514 3237; x_wconf 60' lang='lat' dir='ltr'><strong>vu,‘ep.%7).</strong></span> 
     </span>
    </p>
   </div>
   <div class='ocr_carea' id='block_1_97' title="bbox 1913 3238 3583 3338">
    <p class='ocr_par' dir='ltr' id='par_1_97' title="bbox 1913 3238 3583 3338">
     <span class='ocr_line' id='line_1_99' title="bbox 1913 3238 3583 3338; baseline -0.016 -17"><span class='ocrx_word' id='word_1_666' title='bbox 1913 3279 1960 3338; x_wconf 71' lang='grc' dir='ltr'>ε</span> <span class='ocrx_word' id='word_1_667' title='bbox 2065 3263 2132 3318; x_wconf 84' lang='grc' dir='ltr'>Ει</span> <span class='ocrx_word' id='word_1_668' title='bbox 2179 3259 2423 3334; x_wconf 88' lang='lat' dir='ltr'><strong>quamvis</strong></span> <span class='ocrx_word' id='word_1_669' title='bbox 2472 3257 2538 3311; x_wconf 91' lang='lat' dir='ltr'><strong>ab</strong></span> <span class='ocrx_word' id='word_1_670' title='bbox 2588 3249 2906 3310; x_wconf 88' lang='lat' dir='ltr'><strong>insectando</strong></span> <span class='ocrx_word' id='word_1_671' title='bbox 2949 3242 3268 3302; x_wconf 72' lang='lat' dir='ltr'><strong>mcumenici</strong></span> <span class='ocrx_word' id='word_1_672' title='bbox 3315 3238 3583 3296; x_wconf 86' lang='lat' dir='ltr'><strong>vocabulo</strong></span> 
     </span>
    </p>
   </div>
   <div class='ocr_carea' id='block_1_98' title="bbox 1996 3334 3586 3428">
    <p class='ocr_par' dir='ltr' id='par_1_98' title="bbox 1996 3334 3586 3428">
     <span class='ocr_line' id='line_1_100' title="bbox 1996 3334 3586 3428; baseline -0.017 -14"><span class='ocrx_word' id='word_1_673' title='bbox 1996 3370 2267 3428; x_wconf 90' lang='lat' dir='ltr'><strong>nunquam</strong></span> <span class='ocrx_word' id='word_1_674' title='bbox 2296 3347 2604 3415; x_wconf 88' lang='lat' dir='ltr'><strong>cessaverit,</strong></span> <span class='ocrx_word' id='word_1_675' title='bbox 2630 3344 2772 3418; x_wconf 89' lang='lat' dir='ltr'><strong>quod</strong></span> <span class='ocrx_word' id='word_1_676' title='bbox 2811 3341 2941 3398; x_wconf 90' lang='lat' dir='ltr'><strong>illud</strong></span> <span class='ocrx_word' id='word_1_677' title='bbox 2969 3337 3272 3411; x_wconf 85' lang='lat' dir='ltr'><strong>profanum,</strong></span> <span class='ocrx_word' id='word_1_678' title='bbox 3298 3339 3353 3390; x_wconf 85' lang='lat' dir='ltr'><strong>et</strong></span> <span class='ocrx_word' id='word_1_679' title='bbox 3373 3334 3586 3404; x_wconf 88' lang='lat' dir='ltr'><strong>episco-</strong></span> 
     </span>
    </p>
   </div>
   <div class='ocr_carea' id='block_1_99' title="bbox 1993 3428 3589 3524">
    <p class='ocr_par' dir='ltr' id='par_1_99' title="bbox 1993 3428 3589 3524">
     <span class='ocr_line' id='line_1_101' title="bbox 1993 3428 3589 3524; baseline -0.018 -18"><span class='ocrx_word' id='word_1_680' title='bbox 1993 3451 2076 3524; x_wconf 84' lang='lat' dir='ltr'><strong>pis</strong></span> <span class='ocrx_word' id='word_1_681' title='bbox 2102 3446 2358 3505; x_wconf 85' lang='lat' dir='ltr'><strong>omnibus</strong></span> <span class='ocrx_word' id='word_1_682' title='bbox 2385 3441 2701 3512; x_wconf 72' lang='lat' dir='ltr'><strong>iniuriosum</strong></span> <span class='ocrx_word' id='word_1_683' title='bbox 2726 3439 2970 3508; x_wconf 88' lang='lat' dir='ltr'><strong>putaret;</strong></span> <span class='ocrx_word' id='word_1_684' title='bbox 3002 3428 3349 3486; x_wconf 88' lang='lat' dir='ltr'><strong>nihilominus</strong></span> <span class='ocrx_word' id='word_1_685' title='bbox 3378 3441 3407 3479; x_wconf 90' lang='lat' dir='ltr'><strong>a</strong></span> <span class='ocrx_word' id='word_1_686' title='bbox 3435 3438 3589 3481; x_wconf 79' lang='lat' dir='ltr'><strong>com-</strong></span> 
     </span>
    </p>
   </div>
   <div class='ocr_carea' id='block_1_100' title="bbox 1995 3521 3591 3609">
    <p class='ocr_par' dir='ltr' id='par_1_100' title="bbox 1995 3521 3591 3609">
     <span class='ocr_line' id='line_1_102' title="bbox 1995 3521 3591 3609; baseline -0.02 -9"><span class='ocrx_word' id='word_1_687' title='bbox 1995 3521 2252 3601; x_wconf 79' lang='lat' dir='ltr'><strong>munione</strong></span> <span class='ocrx_word' id='word_1_688' title='bbox 2299 3533 2620 3609; x_wconf 82' lang='lat' dir='ltr'><strong>patriarchae</strong></span> <span class='ocrx_word' id='word_1_689' title='bbox 2665 3527 2770 3586; x_wconf 75' lang='grc' dir='ltr'><strong>ΟΡ.</strong></span> <span class='ocrx_word' id='word_1_690' title='bbox 2812 3543 2920 3584; x_wconf 93' lang='lat' dir='ltr'><strong>non</strong></span> <span class='ocrx_word' id='word_1_691' title='bbox 2969 3521 3241 3581; x_wconf 86' lang='lat' dir='ltr'><strong>recessit:</strong></span> <span class='ocrx_word' id='word_1_692' title='bbox 3276 3526 3331 3574; x_wconf 87' lang='lat' dir='ltr'><strong>et</strong></span> <span class='ocrx_word' id='word_1_693' title='bbox 3375 3525 3591 3572; x_wconf 87' lang='lat' dir='ltr'><strong>mortuo</strong></span> 
     </span>
    </p>
   </div>
   <div class='ocr_carea' id='block_1_101' title="bbox 1995 3604 3590 3701">
    <p class='ocr_par' dir='ltr' id='par_1_101' title="bbox 1995 3604 3590 3701">
     <span class='ocr_line' id='line_1_103' title="bbox 1995 3604 3590 3701; baseline -0.021 -10"><span class='ocrx_word' id='word_1_694' title='bbox 1995 3625 2463 3701; x_wconf 80' lang='lat' dir='ltr'><strong>Joanne,Cyriaci</strong></span> <span class='ocrx_word' id='word_1_695' title='bbox 2509 3625 2628 3696; x_wconf 85' lang='lat' dir='ltr'><strong>ejus</strong></span> <span class='ocrx_word' id='word_1_696' title='bbox 2677 3617 3007 3677; x_wconf 90' lang='lat' dir='ltr'><strong>successoris</strong></span> <span class='ocrx_word' id='word_1_697' title='bbox 3035 3611 3322 3684; x_wconf 87' lang='lat' dir='ltr'><strong>epistolam</strong></span> <span class='ocrx_word' id='word_1_698' title='bbox 3367 3604 3590 3679; x_wconf 83' lang='lat' dir='ltr'><strong>synodi-</strong></span> 
     </span>
    </p>
   </div>
   <div class='ocr_carea' id='block_1_102' title="bbox 1998 3699 3593 3794">
    <p class='ocr_par' dir='ltr' id='par_1_102' title="bbox 1998 3699 3593 3794">
     <span class='ocr_line' id='line_1_104' title="bbox 1998 3699 3593 3794; baseline -0.02 -11"><span class='ocrx_word' id='word_1_699' title='bbox 1998 3744 2137 3794; x_wconf 87' lang='lat' dir='ltr'><strong>cam,</strong></span> <span class='ocrx_word' id='word_1_700' title='bbox 2171 3727 2225 3780; x_wconf 90' lang='lat' dir='ltr'><strong>in</strong></span> <span class='ocrx_word' id='word_1_701' title='bbox 2275 3737 2380 3792; x_wconf 87' lang='lat' dir='ltr'><strong>qua</strong></span> <span class='ocrx_word' id='word_1_702' title='bbox 2408 3716 2802 3776; x_wconf 68' lang='lat' dir='ltr'><strong>mcumenicum</strong></span> <span class='ocrx_word' id='word_1_703' title='bbox 2842 3726 2901 3766; x_wconf 90' lang='lat' dir='ltr'><strong>se</strong></span> <span class='ocrx_word' id='word_1_704' title='bbox 2941 3705 3298 3779; x_wconf 89' lang='lat' dir='ltr'><strong>patriarcham</strong></span> <span class='ocrx_word' id='word_1_705' title='bbox 3337 3699 3593 3772; x_wconf 61' lang='lat' dir='ltr'><strong>prafatus</strong></span> 
     </span>
    </p>
   </div>
   <div class='ocr_carea' id='block_1_103' title="bbox 1999 3788 3593 3883">
    <p class='ocr_par' dir='ltr' id='par_1_103' title="bbox 1999 3788 3593 3883">
     <span class='ocr_line' id='line_1_105' title="bbox 1999 3788 3593 3883; baseline -0.02 -9"><span class='ocrx_word' id='word_1_706' title='bbox 1999 3819 2216 3883; x_wconf 84' lang='lat' dir='ltr'><strong>fuerat,</strong></span> <span class='ocrx_word' id='word_1_707' title='bbox 2263 3788 2538 3880; x_wconf 80' lang='lat' dir='ltr'><strong>suscepit,</strong></span> <span class='ocrx_word' id='word_1_708' title='bbox 2590 3819 2658 3860; x_wconf 90' lang='lat' dir='ltr'><strong>ne</strong></span> <span class='ocrx_word' id='word_1_709' title='bbox 2706 3804 2964 3857; x_wconf 86' lang='lat' dir='ltr'><strong>unitatem</strong></span> <span class='ocrx_word' id='word_1_710' title='bbox 3011 3793 3266 3850; x_wconf 62' lang='lat' dir='ltr'><strong>Ecclesia</strong></span> <span class='ocrx_word' id='word_1_711' title='bbox 3301 3788 3593 3845; x_wconf 78' lang='lat' dir='ltr'><strong>sclnderet.</strong></span> 
     </span>
    </p>
   </div>
   <div class='ocr_carea' id='block_1_104' title="bbox 2001 3880 3594 3982">
    <p class='ocr_par' dir='ltr' id='par_1_104' title="bbox 2001 3880 3594 3982">
     <span class='ocr_line' id='line_1_106' title="bbox 2001 3880 3594 3982; baseline -0.023 -14"><span class='ocrx_word' id='word_1_712' title='bbox 2001 3915 2117 3982; x_wconf 83' lang='lat' dir='ltr'><strong>Qua</strong></span> <span class='ocrx_word' id='word_1_713' title='bbox 2155 3924 2284 3964; x_wconf 91' lang='lat' dir='ltr'><strong>vero</strong></span> <span class='ocrx_word' id='word_1_714' title='bbox 2313 3906 2382 3962; x_wconf 90' lang='lat' dir='ltr'><strong>de</strong></span> <span class='ocrx_word' id='word_1_715' title='bbox 2408 3917 2572 3961; x_wconf 86' lang='lat' dir='ltr'><strong>causa</strong></span> <span class='ocrx_word' id='word_1_716' title='bbox 2605 3899 2875 3971; x_wconf 89' lang='lat' dir='ltr'><strong>patienter</strong></span> <span class='ocrx_word' id='word_1_717' title='bbox 2916 3886 3193 3946; x_wconf 86' lang='lat' dir='ltr'><strong>ferendum</strong></span> <span class='ocrx_word' id='word_1_718' title='bbox 3221 3885 3328 3940; x_wconf 84' lang='lat' dir='ltr'><strong>hoc</strong></span> <span class='ocrx_word' id='word_1_719' title='bbox 3353 3880 3594 3936; x_wconf 88' lang='lat' dir='ltr'><strong>vocabu-</strong></span> 
     </span>
    </p>
   </div>
   <div class='ocr_carea' id='block_1_105' title="bbox 2003 3968 3592 4059">
    <p class='ocr_par' dir='ltr' id='par_1_105' title="bbox 2003 3968 3592 4059">
     <span class='ocr_line' id='line_1_107' title="bbox 2003 3968 3592 4059; baseline -0.023 0"><span class='ocrx_word' id='word_1_720' title='bbox 2003 4005 2112 4059; x_wconf 92' lang='lat' dir='ltr'><strong>lum</strong></span> <span class='ocrx_word' id='word_1_721' title='bbox 2136 3998 2367 4058; x_wconf 88' lang='lat' dir='ltr'><strong>senserit</strong></span> <span class='ocrx_word' id='word_1_722' title='bbox 2389 3968 2722 4055; x_wconf 76' lang='lat' dir='ltr'><strong>Anastasius,</strong></span> <span class='ocrx_word' id='word_1_723' title='bbox 2740 3983 2888 4040; x_wconf 89' lang='lat' dir='ltr'><strong>haud</strong></span> <span class='ocrx_word' id='word_1_724' title='bbox 2909 3979 3128 4038; x_wconf 75' lang='lat' dir='ltr'><strong>difficile</strong></span> <span class='ocrx_word' id='word_1_725' title='bbox 3149 3981 3233 4032; x_wconf 84' lang='lat' dir='ltr'><strong>est</strong></span> <span class='ocrx_word' id='word_1_726' title='bbox 3251 3968 3592 4029; x_wconf 82' lang='lat' dir='ltr'><strong>sttbodorari.</strong></span> 
     </span>
    </p>
   </div>
   <div class='ocr_carea' id='block_1_106' title="bbox 2004 4060 3595 4164">
    <p class='ocr_par' dir='ltr' id='par_1_106' title="bbox 2004 4060 3595 4164">
     <span class='ocr_line' id='line_1_108' title="bbox 2004 4060 3595 4164; baseline -0.022 -15"><span class='ocrx_word' id='word_1_727' title='bbox 2004 4093 2184 4164; x_wconf 84' lang='lat' dir='ltr'><strong>Nuper</strong></span> <span class='ocrx_word' id='word_1_728' title='bbox 2229 4087 2404 4151; x_wconf 91' lang='lat' dir='ltr'><strong>enim,</strong></span> <span class='ocrx_word' id='word_1_729' title='bbox 2449 4098 2480 4138; x_wconf 91' lang='lat' dir='ltr'><strong>e</strong></span> <span class='ocrx_word' id='word_1_730' title='bbox 2508 4079 2641 4136; x_wconf 85' lang='lat' dir='ltr'><strong>vivis</strong></span> <span class='ocrx_word' id='word_1_731' title='bbox 2683 4075 2896 4134; x_wconf 88' lang='lat' dir='ltr'><strong>sublato</strong></span> <span class='ocrx_word' id='word_1_732' title='bbox 2942 4069 3206 4138; x_wconf 86' lang='lat' dir='ltr'><strong>Gregorio</strong></span> <span class='ocrx_word' id='word_1_733' title='bbox 3246 4060 3595 4118; x_wconf 76' lang='lat' dir='ltr'><strong>.Antiocheno</strong></span> 
     </span>
    </p>
   </div>
   <div class='ocr_carea' id='block_1_107' title="bbox 2007 4151 3596 4258">
    <p class='ocr_par' dir='ltr' id='par_1_107' title="bbox 2007 4151 3596 4258">
     <span class='ocr_line' id='line_1_109' title="bbox 2007 4151 3596 4258; baseline -0.025 -17"><span class='ocrx_word' id='word_1_734' title='bbox 2007 4151 2333 4258; x_wconf 64' lang='lat' dir='ltr'><strong>patriarcha,</strong></span> <span class='ocrx_word' id='word_1_735' title='bbox 2359 4175 2425 4232; x_wconf 91' lang='lat' dir='ltr'><strong>ab</strong></span> <span class='ocrx_word' id='word_1_736' title='bbox 2452 4171 2640 4231; x_wconf 84' lang='lat' dir='ltr'><strong>exsilio</strong></span> <span class='ocrx_word' id='word_1_737' title='bbox 2667 4171 2954 4225; x_wconf 91' lang='lat' dir='ltr'><strong>revocatus</strong></span> <span class='ocrx_word' id='word_1_738' title='bbox 2977 4162 3154 4215; x_wconf 80' lang='lat' dir='ltr'><strong>fuerat</strong></span> <span class='ocrx_word' id='word_1_739' title='bbox 3182 4151 3515 4217; x_wconf 76' lang='lat' dir='ltr'><strong>Anastasius,</strong></span> <span class='ocrx_word' id='word_1_740' title='bbox 3543 4157 3596 4204; x_wconf 87' lang='lat' dir='ltr'><strong>et</strong></span> 
     </span>
    </p>
   </div>
   <div class='ocr_carea' id='block_1_108' title="bbox 2007 4243 3598 4349">
    <p class='ocr_par' dir='ltr' id='par_1_108' title="bbox 2007 4243 3598 4349">
     <span class='ocr_line' id='line_1_110' title="bbox 2007 4243 3598 4349; baseline -0.023 -17"><span class='ocrx_word' id='word_1_741' title='bbox 2007 4243 2249 4349; x_wconf 67' lang='lat' dir='ltr'><strong>pristinae</strong></span> <span class='ocrx_word' id='word_1_742' title='bbox 2277 4243 2392 4325; x_wconf 83' lang='lat' dir='ltr'><strong>sedi</strong></span> <span class='ocrx_word' id='word_1_743' title='bbox 2423 4265 2739 4327; x_wconf 75' lang='lat' dir='ltr'><strong>restitutus;</strong></span> <span class='ocrx_word' id='word_1_744' title='bbox 2769 4272 2874 4327; x_wconf 91' lang='lat' dir='ltr'><strong>qua</strong></span> <span class='ocrx_word' id='word_1_745' title='bbox 2904 4254 2971 4310; x_wconf 93' lang='lat' dir='ltr'><strong>de</strong></span> <span class='ocrx_word' id='word_1_746' title='bbox 2996 4267 3057 4308; x_wconf 89' lang='lat' dir='ltr'><strong>re</strong></span> <span class='ocrx_word' id='word_1_747' title='bbox 3077 4249 3373 4321; x_wconf 78' lang='lat' dir='ltr'><strong>gratulatus</strong></span> <span class='ocrx_word' id='word_1_748' title='bbox 3401 4244 3451 4299; x_wconf 85' lang='lat' dir='ltr'><strong>ei</strong></span> <span class='ocrx_word' id='word_1_749' title='bbox 3481 4243 3598 4297; x_wconf 82' lang='lat' dir='ltr'><strong>lue-</strong></span> 
     </span>
    </p>
   </div>
   <div class='ocr_carea' id='block_1_109' title="bbox 2009 4335 3602 4428">
    <p class='ocr_par' dir='ltr' id='par_1_109' title="bbox 2009 4335 3602 4428">
     <span class='ocr_line' id='line_1_111' title="bbox 2009 4335 3602 4428; baseline -0.023 -4"><span class='ocrx_word' id='word_1_750' title='bbox 2009 4335 2094 4424; x_wconf 61' lang='lat' dir='ltr'><strong>iat</strong></span> <span class='ocrx_word' id='word_1_751' title='bbox 2121 4369 2307 4422; x_wconf 88' lang='lat' dir='ltr'><strong>noster</strong></span> <span class='ocrx_word' id='word_1_752' title='bbox 2354 4355 2647 4428; x_wconf 76' lang='lat' dir='ltr'><strong>Gregorids</strong></span> <span class='ocrx_word' id='word_1_753' title='bbox 2701 4350 2853 4424; x_wconf 81' lang='lat' dir='ltr'><strong>(Lib.</strong></span> <span class='ocrx_word' id='word_1_754' title='bbox 2885 4363 2941 4417; x_wconf 89' lang='lat' dir='ltr'><strong>v,</strong></span> <span class='ocrx_word' id='word_1_755' title='bbox 2971 4361 3054 4416; x_wconf 89' lang='lat' dir='ltr'><strong>ep.</strong></span> <span class='ocrx_word' id='word_1_756' title='bbox 3087 4340 3210 4410; x_wconf 80' lang='lat'><strong>39).</strong></span> <span class='ocrx_word' id='word_1_757' title='bbox 3257 4338 3392 4395; x_wconf 84' lang='lat' dir='ltr'><strong>Cum</strong></span> <span class='ocrx_word' id='word_1_758' title='bbox 3437 4335 3602 4406; x_wconf 80' lang='lat' dir='ltr'><strong>igitur</strong></span> 
     </span>
    </p>
   </div>
   <div class='ocr_carea' id='block_1_110' title="bbox 2013 4513 3604 4618">
    <p class='ocr_par' dir='ltr' id='par_1_110' title="bbox 2013 4513 3604 4618">
     <span class='ocr_line' id='line_1_112' title="bbox 2013 4513 3604 4618; baseline -0.026 -13"><span class='ocrx_word' id='word_1_759' title='bbox 2013 4513 2594 4618; x_wconf 49' lang='lat' dir='ltr'><strong>peratorisvbeneﬁcio,</strong></span> <span class='ocrx_word' id='word_1_760' title='bbox 2629 4532 2909 4588; x_wconf 84' lang='lat' dir='ltr'><strong>annitente</strong></span> <span class='ocrx_word' id='word_1_761' title='bbox 2933 4537 3149 4596; x_wconf 87' lang='lat' dir='ltr'><strong>quoque</strong></span> <span class='ocrx_word' id='word_1_762' title='bbox 3187 4520 3368 4574; x_wconf 80' lang='lat' dir='ltr'><strong>forsan</strong></span> <span class='ocrx_word' id='word_1_763' title='bbox 3394 4513 3604 4567; x_wconf 87' lang='lat' dir='ltr'><strong>Joanne</strong></span> 
     </span>
    </p>
   </div>
   <div class='ocr_carea' id='block_1_111' title="bbox 2013 4602 3605 4711">
    <p class='ocr_par' dir='ltr' id='par_1_111' title="bbox 2013 4602 3605 4711">
     <span class='ocr_line' id='line_1_113' title="bbox 2013 4602 3605 4711; baseline -0.026 -12"><span class='ocrx_word' id='word_1_764' title='bbox 2166 4631 2495 4711; x_wconf 85' lang='lat' dir='ltr'><strong>patriarcha,</strong></span> <span class='ocrx_word' id='word_1_765' title='bbox 2538 4602 2698 4700; x_wconf 88' lang='lat' dir='ltr'><strong>quem</strong></span> <span class='ocrx_word' id='word_1_766' title='bbox 2748 4623 3016 4692; x_wconf 85' lang='lat' dir='ltr'><strong>Augustus</strong></span> <span class='ocrx_word' id='word_1_767' title='bbox 3061 4615 3131 4670; x_wconf 87' lang='lat' dir='ltr'><strong>de</strong></span> <span class='ocrx_word' id='word_1_768' title='bbox 3173 4607 3404 4678; x_wconf 81' lang='lat' dir='ltr'><strong>negotiis</strong></span> <span class='ocrx_word' id='word_1_769' title='bbox 3427 4602 3605 4659; x_wconf 78' lang='lat' dir='ltr'><strong>eccle-</strong></span> 
     </span>
    </p>
   </div>
   <div class='ocr_carea' id='block_1_112' title="bbox 2016 4699 3603 4788">
    <p class='ocr_par' dir='ltr' id='par_1_112' title="bbox 2016 4699 3603 4788">
     <span class='ocr_line' id='line_1_114' title="bbox 2016 4699 3603 4788; baseline -0.028 1"><span class='ocrx_word' id='word_1_770' title='bbox 2016 4731 2245 4788; x_wconf 88' lang='lat' dir='ltr'><strong>siasticis</strong></span> <span class='ocrx_word' id='word_1_771' title='bbox 2265 4725 2545 4784; x_wconf 88' lang='lat' dir='ltr'><strong>consulere</strong></span> <span class='ocrx_word' id='word_1_772' title='bbox 2566 4718 2799 4782; x_wconf 90' lang='lat' dir='ltr'><strong>solebat,</strong></span> <span class='ocrx_word' id='word_1_773' title='bbox 2828 4724 2979 4766; x_wconf 90' lang='lat' dir='ltr'><strong>suam</strong></span> <span class='ocrx_word' id='word_1_774' title='bbox 3001 4704 3184 4762; x_wconf 88' lang='lat' dir='ltr'><strong>sedem</strong></span> <span class='ocrx_word' id='word_1_775' title='bbox 3208 4699 3603 4766; x_wconf 76' lang='lat' dir='ltr'><strong>recuperasset,</strong></span> 
     </span>
    </p>
   </div>
   <div class='ocr_carea' id='block_1_113' title="bbox 2018 4781 3605 4887">
    <p class='ocr_par' dir='ltr' id='par_1_113' title="bbox 2018 4781 3605 4887">
     <span class='ocr_line' id='line_1_115' title="bbox 2018 4781 3605 4887; baseline -0.03 -5"><span class='ocrx_word' id='word_1_776' title='bbox 2018 4827 2210 4880; x_wconf 84' lang='lat' dir='ltr'><strong>iterum</strong></span> <span class='ocrx_word' id='word_1_777' title='bbox 2238 4820 2386 4875; x_wconf 89' lang='lat' dir='ltr'><strong>adire</strong></span> <span class='ocrx_word' id='word_1_778' title='bbox 2407 4811 2646 4887; x_wconf 90' lang='lat' dir='ltr'><strong>pericula</strong></span> <span class='ocrx_word' id='word_1_779' title='bbox 2674 4781 2944 4867; x_wconf 87' lang='lat' dir='ltr'><strong>metuens,</strong></span> <span class='ocrx_word' id='word_1_780' title='bbox 2968 4811 3000 4852; x_wconf 88' lang='lat' dir='ltr'><strong>e</strong></span> <span class='ocrx_word' id='word_1_781' title='bbox 3029 4808 3092 4850; x_wconf 88' lang='lat' dir='ltr'><strong>re</strong></span> <span class='ocrx_word' id='word_1_782' title='bbox 3127 4789 3297 4860; x_wconf 84' lang='lat' dir='ltr'><strong>magis</strong></span> <span class='ocrx_word' id='word_1_783' title='bbox 3325 4799 3446 4842; x_wconf 84' lang='lat' dir='ltr'><strong>esse</strong></span> <span class='ocrx_word' id='word_1_784' title='bbox 3464 4781 3605 4853; x_wconf 82' lang='lat' dir='ltr'><strong>judi-</strong></span> 
     </span>
    </p>
   </div>
   <div class='ocr_carea' id='block_1_114' title="bbox 2021 4881 3604 4978">
    <p class='ocr_par' dir='ltr' id='par_1_114' title="bbox 2021 4881 3604 4978">
     <span class='ocr_line' id='line_1_116' title="bbox 2021 4881 3604 4978; baseline -0.028 -6"><span class='ocrx_word' id='word_1_785' title='bbox 2021 4915 2163 4972; x_wconf 85' lang='lat' dir='ltr'><strong>cavit</strong></span> <span class='ocrx_word' id='word_1_786' title='bbox 2190 4881 2423 4978; x_wconf 77' lang='lat' dir='ltr'><strong>henigne</strong></span> <span class='ocrx_word' id='word_1_787' title='bbox 2447 4897 2765 4960; x_wconf 84' lang='lat' dir='ltr'><strong>oecumenici</strong></span> <span class='ocrx_word' id='word_1_788' title='bbox 2799 4892 3012 4948; x_wconf 90' lang='lat' dir='ltr'><strong>titulum</strong></span> <span class='ocrx_word' id='word_1_789' title='bbox 3052 4881 3418 4953; x_wconf 76' lang='lat' dir='ltr'><strong>interpretari,</strong></span> <span class='ocrx_word' id='word_1_790' title='bbox 3443 4890 3604 4948; x_wconf 84' lang='lat' dir='ltr'><strong>quam</strong></span> 
     </span>
    </p>
   </div>
   <div class='ocr_carea' id='block_1_115' title="bbox 2021 4975 3323 5076">
    <p class='ocr_par' dir='ltr' id='par_1_115' title="bbox 2021 4975 3323 5076">
     <span class='ocr_line' id='line_1_117' title="bbox 2021 4975 3323 5076; baseline -0.025 -16"><span class='ocrx_word' id='word_1_791' title='bbox 2021 5022 2120 5076; x_wconf 85' lang='lat' dir='ltr'><strong>pro</strong></span> <span class='ocrx_word' id='word_1_792' title='bbox 2144 4999 2235 5056; x_wconf 90' lang='lat' dir='ltr'><strong>illo</strong></span> <span class='ocrx_word' id='word_1_793' title='bbox 2266 4975 2526 5066; x_wconf 77' lang='lat' dir='ltr'><strong>usurpato</strong></span> <span class='ocrx_word' id='word_1_794' title='bbox 2549 4985 2859 5046; x_wconf 84' lang='lat' dir='ltr'><strong>tumultuari</strong></span> <span class='ocrx_word' id='word_1_795' title='bbox 2889 4990 2946 5035; x_wconf 70' lang='lat' dir='ltr'><strong>et</strong></span> <span class='ocrx_word' id='word_1_796' title='bbox 2972 4975 3323 5035; x_wconf 77' lang='lat' dir='ltr'><strong>contendere.</strong></span> 
     </span>
    </p>
   </div>
   <div class='ocr_carea' id='block_1_116' title="bbox 2095 5060 3607 5165">
    <p class='ocr_par' dir='ltr' id='par_1_116' title="bbox 2095 5060 3607 5165">
     <span class='ocr_line' id='line_1_118' title="bbox 2095 5060 3607 5165; baseline -0.024 -17"><span class='ocrx_word' id='word_1_797' title='bbox 2095 5091 2250 5165; x_wconf 67' lang='lat'><strong>231</strong></span> <span class='ocrx_word' id='word_1_798' title='bbox 2303 5060 2543 5141; x_wconf 46' lang='lat' dir='ltr'><strong>lii—Hac</strong></span> <span class='ocrx_word' id='word_1_799' title='bbox 2582 5082 2634 5135; x_wconf 83' lang='lat' dir='ltr'><strong>in</strong></span> <span class='ocrx_word' id='word_1_800' title='bbox 2684 5073 2914 5147; x_wconf 81' lang='lat' dir='ltr'><strong>epistola</strong></span> <span class='ocrx_word' id='word_1_801' title='bbox 2965 5065 3350 5126; x_wconf 80' lang='lat' dir='ltr'><strong>observatione</strong></span> <span class='ocrx_word' id='word_1_802' title='bbox 3387 5060 3607 5130; x_wconf 83' lang='lat' dir='ltr'><strong>dignum</strong></span> 
     </span>
    </p>
   </div>
   <div class='ocr_carea' id='block_1_117' title="bbox 2019 5156 3609 5244">
    <p class='ocr_par' dir='ltr' id='par_1_117' title="bbox 2019 5156 3609 5244">
     <span class='ocr_line' id='line_1_119' title="bbox 2019 5156 3609 5244; baseline -0.024 -4"><span class='ocrx_word' id='word_1_803' title='bbox 2019 5156 2262 5244; x_wconf 41' lang='lat' dir='ltr'><strong>videant,</strong></span> <span class='ocrx_word' id='word_1_804' title='bbox 2287 5179 2404 5233; x_wconf 50' lang='lat' dir='ltr'><strong>hanc</strong></span> <span class='ocrx_word' id='word_1_805' title='bbox 2452 5172 2619 5228; x_wconf 83' lang='lat' dir='ltr'><strong>verba</strong></span> <span class='ocrx_word' id='word_1_806' title='bbox 2646 5170 2810 5222; x_wconf 78' lang='lat' dir='ltr'><strong>Amen</strong></span> <span class='ocrx_word' id='word_1_807' title='bbox 2841 5163 3049 5236; x_wconf 73' lang='lat' dir='ltr'><strong>gratia,</strong></span> <span class='ocrx_word' id='word_1_808' title='bbox 3096 5156 3306 5213; x_wconf 84' lang='lat' dir='ltr'><strong>laudari</strong></span> <span class='ocrx_word' id='word_1_809' title='bbox 3355 5162 3609 5221; x_wconf 77' lang='lat' dir='ltr'><strong>tauquam</strong></span> 
     </span>
    </p>
   </div>
   <div class='ocr_carea' id='block_1_118' title="bbox 2022 5243 3613 5337">
    <p class='ocr_par' dir='ltr' id='par_1_118' title="bbox 2022 5243 3613 5337">
     <span class='ocr_line' id='line_1_120' title="bbox 2022 5243 3613 5337; baseline -0.024 -8"><span class='ocrx_word' id='word_1_810' title='bbox 2022 5272 2196 5329; x_wconf 81' lang='lat' dir='ltr'><strong>Sancti</strong></span> <span class='ocrx_word' id='word_1_811' title='bbox 2225 5243 2475 5337; x_wconf 84' lang='lat' dir='ltr'><strong>martyris</strong></span> <span class='ocrx_word' id='word_1_812' title='bbox 2504 5258 2695 5330; x_wconf 80' lang='lat' dir='ltr'><strong>lgnatii</strong></span> <span class='ocrx_word' id='word_1_813' title='bbox 2718 5250 3040 5311; x_wconf 82' lang='lat' dir='ltr'><strong>Antiocheui</strong></span> <span class='ocrx_word' id='word_1_814' title='bbox 3063 5245 3326 5319; x_wconf 79' lang='lat' dir='ltr'><strong>episcopi,</strong></span> <span class='ocrx_word' id='word_1_815' title='bbox 3355 5243 3613 5312; x_wconf 82' lang='lat' dir='ltr'><strong>priusque</strong></span> 
     </span>
    </p>
   </div>
   <div class='ocr_carea' id='block_1_119' title="bbox 2022 5330 3614 5434">
    <p class='ocr_par' dir='ltr' id='par_1_119' title="bbox 2022 5330 3614 5434">
     <span class='ocr_line' id='line_1_121' title="bbox 2022 5330 3614 5434; baseline -0.024 -12"><span class='ocrx_word' id='word_1_816' title='bbox 2022 5372 2277 5434; x_wconf 88' lang='lat' dir='ltr'><strong>usurpata</strong></span> <span class='ocrx_word' id='word_1_817' title='bbox 2306 5330 2468 5416; x_wconf 77' lang='lat' dir='ltr'><strong>etiam</strong></span> <span class='ocrx_word' id='word_1_818' title='bbox 2510 5355 2577 5410; x_wconf 85' lang='lat' dir='ltr'><strong>ab</strong></span> <span class='ocrx_word' id='word_1_819' title='bbox 2611 5347 2896 5407; x_wconf 83' lang='lat' dir='ltr'><strong>Anastasio</strong></span> <span class='ocrx_word' id='word_1_820' title='bbox 2924 5346 3088 5401; x_wconf 81' lang='lat' dir='ltr'><strong>fuisse</strong></span> <span class='ocrx_word' id='word_1_821' title='bbox 3123 5341 3270 5396; x_wconf 85' lang='lat' dir='ltr'><strong>velut</strong></span> <span class='ocrx_word' id='word_1_822' title='bbox 3297 5335 3368 5391; x_wconf 80' lang='lat' dir='ltr'><strong>ab</strong></span> <span class='ocrx_word' id='word_1_823' title='bbox 3406 5330 3614 5401; x_wconf 80' lang='lat' dir='ltr'><strong>lgnatio</strong></span> 
     </span>
    </p>
   </div>
   <div class='ocr_carea' id='block_1_120' title="bbox 2024 5421 3614 5521">
    <p class='ocr_par' dir='ltr' id='par_1_120' title="bbox 2024 5421 3614 5521">
     <span class='ocr_line' id='line_1_122' title="bbox 2024 5421 3614 5521; baseline -0.027 -5"><span class='ocrx_word' id='word_1_824' title='bbox 2024 5457 2136 5516; x_wconf 90' lang='lat' dir='ltr'><strong>suis</strong></span> <span class='ocrx_word' id='word_1_825' title='bbox 2157 5421 2361 5512; x_wconf 74' lang='lat' dir='ltr'><strong>inserta</strong></span> <span class='ocrx_word' id='word_1_826' title='bbox 2386 5445 2628 5521; x_wconf 86' lang='lat' dir='ltr'><strong>epistolis</strong></span> <span class='ocrx_word' id='word_1_827' title='bbox 2655 5460 2668 5497; x_wconf 91' lang='lat'><strong>:</strong></span> <span class='ocrx_word' id='word_1_828' title='bbox 2702 5457 2767 5497; x_wconf 88' lang='lat' dir='ltr'><strong>ea</strong></span> <span class='ocrx_word' id='word_1_829' title='bbox 2794 5447 2977 5494; x_wconf 82' lang='lat' dir='ltr'><strong>tamen</strong></span> <span class='ocrx_word' id='word_1_830' title='bbox 3022 5435 3078 5489; x_wconf 89' lang='lat' dir='ltr'><strong>in</strong></span> <span class='ocrx_word' id='word_1_831' title='bbox 3123 5427 3396 5502; x_wconf 76' lang='lat' dir='ltr'><strong>germanis</strong></span> <span class='ocrx_word' id='word_1_832' title='bbox 3419 5432 3476 5478; x_wconf 88' lang='lat' dir='ltr'><strong>et</strong></span> <span class='ocrx_word' id='word_1_833' title='bbox 3499 5421 3614 5478; x_wconf 86' lang='lat' dir='ltr'><strong>sin-</strong></span> 
     </span>
    </p>
   </div>
   <div class='ocr_carea' id='block_1_121' title="bbox 2030 5511 3618 5616">
    <p class='ocr_par' dir='ltr' id='par_1_121' title="bbox 2030 5511 3618 5616">
     <span class='ocr_line' id='line_1_123' title="bbox 2030 5511 3618 5616; baseline -0.026 -10"><span class='ocrx_word' id='word_1_834' title='bbox 2030 5551 2168 5607; x_wconf 87' lang='lat' dir='ltr'><strong>ceris</strong></span> <span class='ocrx_word' id='word_1_835' title='bbox 2191 5511 2438 5616; x_wconf 47' lang='lat' dir='ltr'><strong>ejusdem-</strong></span> <span class='ocrx_word' id='word_1_836' title='bbox 2458 5537 2711 5610; x_wconf 84' lang='lat' dir='ltr'><strong>martyris</strong></span> <span class='ocrx_word' id='word_1_837' title='bbox 2733 5531 2982 5605; x_wconf 84' lang='lat' dir='ltr'><strong>epistolis</strong></span> <span class='ocrx_word' id='word_1_838' title='bbox 3003 5525 3224 5582; x_wconf 83' lang='lat' dir='ltr'><strong>minime</strong></span> <span class='ocrx_word' id='word_1_839' title='bbox 3251 5515 3500 5589; x_wconf 82' lang='lat' dir='ltr'><strong>reperiri,</strong></span> <span class='ocrx_word' id='word_1_840' title='bbox 3523 5511 3618 5575; x_wconf 84' lang='lat' dir='ltr'><strong>sed</strong></span> 
     </span>
    </p>
   </div>
   <div class='ocr_carea' id='block_1_122' title="bbox 2030 5609 3619 5701">
    <p class='ocr_par' dir='ltr' id='par_1_122' title="bbox 2030 5609 3619 5701">
     <span class='ocr_line' id='line_1_124' title="bbox 2030 5609 3619 5701; baseline -0.026 -3"><span class='ocrx_word' id='word_1_841' title='bbox 2030 5644 2293 5698; x_wconf 86' lang='lat' dir='ltr'><strong>duntaxat</strong></span> <span class='ocrx_word' id='word_1_842' title='bbox 2332 5637 2384 5692; x_wconf 91' lang='lat' dir='ltr'><strong>in</strong></span> <span class='ocrx_word' id='word_1_843' title='bbox 2415 5609 2714 5701; x_wconf 87' lang='lat' dir='ltr'><strong>corruptis;</strong></span> <span class='ocrx_word' id='word_1_844' title='bbox 2759 5625 2900 5681; x_wconf 87' lang='lat' dir='ltr'><strong>unde</strong></span> <span class='ocrx_word' id='word_1_845' title='bbox 2938 5624 3152 5677; x_wconf 77' lang='lat' dir='ltr'><strong>constat</strong></span> <span class='ocrx_word' id='word_1_846' title='bbox 3204 5628 3298 5668; x_wconf 78' lang='lat' dir='ltr'><strong>eas</strong></span> <span class='ocrx_word' id='word_1_847' title='bbox 3344 5609 3452 5678; x_wconf 69' lang='lat' dir='ltr'><strong>iam</strong></span> <span class='ocrx_word' id='word_1_848' title='bbox 3494 5615 3619 5660; x_wconf 85' lang='lat' dir='ltr'><strong>tunc</strong></span> 
     </span>
    </p>
   </div>
   <div class='ocr_carea' id='block_1_123' title="bbox 2036 5731 2570 5801">
    <p class='ocr_par' dir='ltr' id='par_1_123' title="bbox 2036 5731 2570 5801">
     <span class='ocr_line' id='line_1_125' title="bbox 2036 5731 2570 5801; baseline -0.028 -9"><span class='ocrx_word' id='word_1_849' title='bbox 2036 5735 2200 5792; x_wconf 81' lang='lat' dir='ltr'><strong>fuisse</strong></span> <span class='ocrx_word' id='word_1_850' title='bbox 2229 5731 2570 5801; x_wconf 80' lang='lat' dir='ltr'><strong>depravatas.</strong></span> 
     </span>
    </p>
   </div>
   <div class='ocr_carea' id='block_1_124' title="bbox 2109 5793 3621 5881">
    <p class='ocr_par' dir='ltr' id='par_1_124' title="bbox 2109 5793 3621 5881">
     <span class='ocr_line' id='line_1_126' title="bbox 2109 5793 3621 5881; baseline -0.024 0"><span class='ocrx_word' id='word_1_851' title='bbox 2109 5825 2195 5880; x_wconf 71' lang='grc'><strong>14.</strong></span> <span class='ocrx_word' id='word_1_852' title='bbox 2234 5793 2671 5877; x_wconf 55' lang='grc' dir='ltr'><strong>ιη’όὶεοιιιὶθιιδὶε</strong></span> <span class='ocrx_word' id='word_1_853' title='bbox 2700 5807 2908 5867; x_wconf 66' lang='lat' dir='ltr'><strong>ueteris</strong></span> <span class='ocrx_word' id='word_1_854' title='bbox 2953 5798 3198 5881; x_wconf 79' lang='lat' dir='ltr'><strong>Gregorii</strong></span> <span class='ocrx_word' id='word_1_855' title='bbox 3241 5810 3362 5852; x_wconf 88' lang='lat' dir='ltr'><strong>eam</strong></span> <span class='ocrx_word' id='word_1_856' title='bbox 3407 5793 3478 5848; x_wconf 90' lang='lat' dir='ltr'><strong>ob</strong></span> <span class='ocrx_word' id='word_1_857' title='bbox 3506 5804 3621 5847; x_wconf 83' lang='lat' dir='ltr'><strong>rem</strong></span> 
     </span>
    </p>
   </div>
   <div class='ocr_carea' id='block_1_125' title="bbox 2037 5888 3601 5990">
    <p class='ocr_par' dir='ltr' id='par_1_125' title="bbox 2037 5888 3601 5990">
     <span class='ocr_line' id='line_1_127' title="bbox 2037 5888 3601 5990; baseline -0.024 -13"><span class='ocrx_word' id='word_1_858' title='bbox 2037 5917 2254 5990; x_wconf 81' lang='lat' dir='ltr'><strong>scriptis</strong></span> <span class='ocrx_word' id='word_1_859' title='bbox 2282 5901 2524 5984; x_wconf 85' lang='lat' dir='ltr'><strong>epistolis</strong></span> <span class='ocrx_word' id='word_1_860' title='bbox 2569 5922 2677 5962; x_wconf 89' lang='lat' dir='ltr'><strong>non</strong></span> <span class='ocrx_word' id='word_1_861' title='bbox 2726 5897 3109 5962; x_wconf 74' lang='lat' dir='ltr'><strong>immorantur;</strong></span> <span class='ocrx_word' id='word_1_862' title='bbox 3142 5897 3197 5948; x_wconf 80' lang='lat' dir='ltr'><strong>at</strong></span> <span class='ocrx_word' id='word_1_863' title='bbox 3234 5888 3448 5948; x_wconf 79' lang='lat' dir='ltr'><strong>silentio</strong></span> <span class='ocrx_word' id='word_1_864' title='bbox 3488 5899 3601 5958; x_wconf 64' lang='lat' dir='ltr'><strong>pra:</strong></span> 
     </span>
    </p>
   </div>
  </div>
