  <div class='ocr_page' id='page_1' title='image "/cluster/home/n/w/nwhite01/storage/ocr_20150623/75/hvd.32044015469380/183.png"; bbox 0 0 4138 6470; ppageno 0'>
   <div class='ocr_carea' id='block_1_1' title="bbox 615 415 3920 489">
    <p class='ocr_par' dir='ltr' id='par_1_1' title="bbox 615 415 3920 489">
     <span class='ocr_line' id='line_1_1' title="bbox 615 415 3920 489; baseline -0.001 -12"><span class='ocrx_word' id='word_1_1' title='bbox 615 421 723 478; x_wconf 74' lang='grc'>551</span> <span class='ocrx_word' id='word_1_2' title='bbox 1090 422 1153 482; x_wconf 89' lang='lat' dir='ltr'><strong>S.</strong></span> <span class='ocrx_word' id='word_1_3' title='bbox 1192 418 1518 480; x_wconf 80' lang='lat' dir='ltr'><strong>GREGORII</strong></span> <span class='ocrx_word' id='word_1_4' title='bbox 1557 419 1772 479; x_wconf 79' lang='lat' dir='ltr'><strong>MAGNI</strong></span> <span class='ocrx_word' id='word_1_5' title='bbox 1814 418 1998 489; x_wconf 83' lang='lat' dir='ltr'><strong>Vl&#39;l‘A,</strong></span> <span class='ocrx_word' id='word_1_6' title='bbox 2040 419 2134 476; x_wconf 78' lang='lat' dir='ltr'><strong>EX</strong></span> <span class='ocrx_word' id='word_1_7' title='bbox 2171 417 2335 477; x_wconf 82' lang='lat' dir='ltr'><strong>EJUS</strong></span> <span class='ocrx_word' id='word_1_8' title='bbox 2370 415 2676 480; x_wconf 80' lang='lat' dir='ltr'><strong>SCRIPTIS</strong></span> <span class='ocrx_word' id='word_1_9' title='bbox 2714 416 3111 475; x_wconf 77' lang='lat' dir='ltr'><strong>ADORNATA.</strong></span> <span class='ocrx_word' id='word_1_10' title='bbox 3149 415 3277 473; x_wconf 86' lang='lat' dir='ltr'><strong>LIB.</strong></span> <span class='ocrx_word' id='word_1_11' title='bbox 3316 416 3406 471; x_wconf 89' lang='lat' dir='ltr'><strong>III.</strong></span> <span class='ocrx_word' id='word_1_12' title='bbox 3805 420 3920 475; x_wconf 67' lang='lat'><strong>352</strong></span> 
     </span>
    </p>
   </div>
   <div class='ocr_carea' id='block_1_2' title="bbox 617 518 3918 613">
    <p class='ocr_par' dir='ltr' id='par_1_2' title="bbox 617 518 3918 613">
     <span class='ocr_line' id='line_1_2' title="bbox 617 518 3918 613; baseline -0.002 -19"><span class='ocrx_word' id='word_1_13' title='bbox 617 538 880 595; x_wconf 88' lang='lat' dir='ltr'><strong>tereunda</strong></span> <span class='ocrx_word' id='word_1_14' title='bbox 901 554 1009 595; x_wconf 92' lang='lat' dir='ltr'><strong>non</strong></span> <span class='ocrx_word' id='word_1_15' title='bbox 1034 548 1119 597; x_wconf 88' lang='lat' dir='ltr'><strong>est</strong></span> <span class='ocrx_word' id='word_1_16' title='bbox 1146 555 1211 597; x_wconf 90' lang='lat' dir='ltr'><strong>ea</strong></span> <span class='ocrx_word' id='word_1_17' title='bbox 1229 556 1334 611; x_wconf 86' lang='lat' dir='ltr'><strong>qua</strong></span> <span class='ocrx_word' id='word_1_18' title='bbox 1358 542 1535 613; x_wconf 89' lang='lat' dir='ltr'><strong>ipsum</strong></span> <span class='ocrx_word' id='word_1_19' title='bbox 1556 539 1817 597; x_wconf 81' lang='lat' dir='ltr'><strong>Joannem</strong></span> <span class='ocrx_word' id='word_1_20' title='bbox 1837 540 1906 595; x_wconf 85' lang='lat' dir='ltr'><strong>ad</strong></span> <span class='ocrx_word' id='word_1_21' title='bbox 1932 518 2203 596; x_wconf 80' lang='lat' dir='ltr'><strong>saniorem</strong></span> <span class='ocrx_word' id='word_1_22' title='bbox 2236 540 2285 601; x_wconf 85' lang='lat' dir='ltr'><strong>A</strong></span> <span class='ocrx_word' id='word_1_23' title='bbox 2308 547 2403 595; x_wconf 88' lang='lat' dir='ltr'><strong>aut</strong></span> <span class='ocrx_word' id='word_1_24' title='bbox 2450 538 2678 594; x_wconf 87' lang='lat' dir='ltr'><strong>similem</strong></span> <span class='ocrx_word' id='word_1_25' title='bbox 2726 534 2941 591; x_wconf 78' lang='lat' dir='ltr'><strong>titulum</strong></span> <span class='ocrx_word' id='word_1_26' title='bbox 2985 548 3140 605; x_wconf 72' lang='lat' dir='ltr'><strong>mque</strong></span> <span class='ocrx_word' id='word_1_27' title='bbox 3188 533 3508 589; x_wconf 87' lang='lat' dir='ltr'><strong>insolentem</strong></span> <span class='ocrx_word' id='word_1_28' title='bbox 3548 533 3817 589; x_wconf 74' lang='lat' dir='ltr'><strong>ambienti</strong></span> <span class='ocrx_word' id='word_1_29' title='bbox 3858 541 3918 589; x_wconf 84' lang='lat' dir='ltr'><strong>et</strong></span> 
     </span>
    </p>
   </div>
   <div class='ocr_carea' id='block_1_3' title="bbox 614 631 2204 703">
    <p class='ocr_par' dir='ltr' id='par_1_3' title="bbox 614 631 2204 703">
     <span class='ocr_line' id='line_1_3' title="bbox 614 631 2204 703; baseline -0.001 -14"><span class='ocrx_word' id='word_1_30' title='bbox 614 642 851 689; x_wconf 83' lang='lat' dir='ltr'><strong>mentem</strong></span> <span class='ocrx_word' id='word_1_31' title='bbox 893 649 1149 691; x_wconf 88' lang='lat' dir='ltr'><strong>revocare</strong></span> <span class='ocrx_word' id='word_1_32' title='bbox 1178 635 1422 690; x_wconf 89' lang='lat' dir='ltr'><strong>tentavit.</strong></span> <span class='ocrx_word' id='word_1_33' title='bbox 1452 633 1511 688; x_wconf 95' lang='lat' dir='ltr'><strong>In</strong></span> <span class='ocrx_word' id='word_1_34' title='bbox 1541 650 1603 690; x_wconf 91' lang='lat' dir='ltr'><strong>ea</strong></span> <span class='ocrx_word' id='word_1_35' title='bbox 1635 634 1817 690; x_wconf 88' lang='lat' dir='ltr'><strong>statim</strong></span> <span class='ocrx_word' id='word_1_36' title='bbox 1847 633 1913 688; x_wconf 94' lang='lat' dir='ltr'><strong>de</strong></span> <span class='ocrx_word' id='word_1_37' title='bbox 1940 647 2075 703; x_wconf 83' lang='lat' dir='ltr'><strong>pace</strong></span> <span class='ocrx_word' id='word_1_38' title='bbox 2098 631 2204 688; x_wconf 88' lang='lat' dir='ltr'><strong>Ec-</strong></span> 
     </span>
    </p>
   </div>
   <div class='ocr_carea' id='block_1_4' title="bbox 613 722 2209 797">
    <p class='ocr_par' dir='ltr' id='par_1_4' title="bbox 613 722 2209 797">
     <span class='ocr_line' id='line_1_4' title="bbox 613 722 2209 797; baseline -0.001 -15"><span class='ocrx_word' id='word_1_39' title='bbox 613 722 792 782; x_wconf 74' lang='lat' dir='ltr'><strong>clesia:</strong></span> <span class='ocrx_word' id='word_1_40' title='bbox 821 727 889 781; x_wconf 89' lang='lat' dir='ltr'><strong>ab</strong></span> <span class='ocrx_word' id='word_1_41' title='bbox 914 727 1032 797; x_wconf 89' lang='lat' dir='ltr'><strong>ipso</strong></span> <span class='ocrx_word' id='word_1_42' title='bbox 1059 728 1271 783; x_wconf 91' lang='lat' dir='ltr'><strong>turbata</strong></span> <span class='ocrx_word' id='word_1_43' title='bbox 1295 726 1672 797; x_wconf 85' lang='lat' dir='ltr'><strong>conqueritur,</strong></span> <span class='ocrx_word' id='word_1_44' title='bbox 1704 727 2037 795; x_wconf 83' lang='lat' dir='ltr'><strong>miraturque</strong></span> <span class='ocrx_word' id='word_1_45' title='bbox 2064 723 2209 795; x_wconf 90' lang='lat' dir='ltr'><strong>quod</strong></span> 
     </span>
    </p>
   </div>
   <div class='ocr_carea' id='block_1_5' title="bbox 612 819 2204 891">
    <p class='ocr_par' dir='ltr' id='par_1_5' title="bbox 612 819 2204 891">
     <span class='ocr_line' id='line_1_5' title="bbox 612 819 2204 891; baseline -0.003 -15"><span class='ocrx_word' id='word_1_46' title='bbox 612 835 735 876; x_wconf 87' lang='lat' dir='ltr'><strong>cum</strong></span> <span class='ocrx_word' id='word_1_47' title='bbox 762 819 831 874; x_wconf 90' lang='lat' dir='ltr'><strong>ad</strong></span> <span class='ocrx_word' id='word_1_48' title='bbox 853 820 1230 891; x_wconf 87' lang='lat' dir='ltr'><strong>episcopatum</strong></span> <span class='ocrx_word' id='word_1_49' title='bbox 1261 821 1461 875; x_wconf 89' lang='lat' dir='ltr'><strong>invitus</strong></span> <span class='ocrx_word' id='word_1_50' title='bbox 1491 819 1804 884; x_wconf 89' lang='lat' dir='ltr'><strong>accesserit,</strong></span> <span class='ocrx_word' id='word_1_51' title='bbox 1836 819 1889 873; x_wconf 93' lang='lat' dir='ltr'><strong>in</strong></span> <span class='ocrx_word' id='word_1_52' title='bbox 1912 834 1979 873; x_wconf 91' lang='lat' dir='ltr'><strong>eo</strong></span> <span class='ocrx_word' id='word_1_53' title='bbox 2006 826 2204 882; x_wconf 89' lang='lat' dir='ltr'><strong>tamen,</strong></span> 
     </span>
    </p>
   </div>
   <div class='ocr_carea' id='block_1_6' title="bbox 610 910 2208 983">
    <p class='ocr_par' dir='ltr' id='par_1_6' title="bbox 610 910 2208 983">
     <span class='ocr_line' id='line_1_6' title="bbox 610 910 2208 983; baseline 0 -18"><span class='ocrx_word' id='word_1_54' title='bbox 610 919 894 981; x_wconf 83' lang='lat' dir='ltr'><strong>postquam</strong></span> <span class='ocrx_word' id='word_1_55' title='bbox 934 911 1161 983; x_wconf 91' lang='lat' dir='ltr'><strong>adeptus</strong></span> <span class='ocrx_word' id='word_1_56' title='bbox 1203 921 1308 977; x_wconf 88' lang='lat' dir='ltr'><strong>est,</strong></span> <span class='ocrx_word' id='word_1_57' title='bbox 1335 912 1409 966; x_wconf 91' lang='lat' dir='ltr'><strong>ita</strong></span> <span class='ocrx_word' id='word_1_58' title='bbox 1451 927 1511 968; x_wconf 90' lang='lat' dir='ltr'><strong>se</strong></span> <span class='ocrx_word' id='word_1_59' title='bbox 1540 926 1729 982; x_wconf 91' lang='lat' dir='ltr'><strong>gerere</strong></span> <span class='ocrx_word' id='word_1_60' title='bbox 1777 910 2038 975; x_wconf 88' lang='lat' dir='ltr'><strong>videatur,</strong></span> <span class='ocrx_word' id='word_1_61' title='bbox 2070 926 2133 966; x_wconf 91' lang='lat' dir='ltr'><strong>ac</strong></span> <span class='ocrx_word' id='word_1_62' title='bbox 2161 910 2208 965; x_wconf 89' lang='lat' dir='ltr'><strong>si</strong></span> 
     </span>
    </p>
   </div>
   <div class='ocr_carea' id='block_1_7' title="bbox 612 1003 2207 1076">
    <p class='ocr_par' dir='ltr' id='par_1_7' title="bbox 612 1003 2207 1076">
     <span class='ocr_line' id='line_1_7' title="bbox 612 1003 2207 1076; baseline -0.002 -17"><span class='ocrx_word' id='word_1_63' title='bbox 612 1006 905 1061; x_wconf 85' lang='lat' dir='ltr'><strong>ambitione</strong></span> <span class='ocrx_word' id='word_1_64' title='bbox 945 1007 1011 1061; x_wconf 91' lang='lat' dir='ltr'><strong>ad</strong></span> <span class='ocrx_word' id='word_1_65' title='bbox 1050 1022 1261 1062; x_wconf 87' lang='lat' dir='ltr'><strong>sacram</strong></span> <span class='ocrx_word' id='word_1_66' title='bbox 1295 1008 1441 1062; x_wconf 83' lang='lat' dir='ltr'><strong>illam</strong></span> <span class='ocrx_word' id='word_1_67' title='bbox 1468 1006 1781 1076; x_wconf 85' lang='lat' dir='ltr'><strong>dignitatem</strong></span> <span class='ocrx_word' id='word_1_68' title='bbox 1812 1004 1951 1059; x_wconf 91' lang='lat' dir='ltr'><strong>viam</strong></span> <span class='ocrx_word' id='word_1_69' title='bbox 1981 1003 2081 1058; x_wconf 88' lang='lat' dir='ltr'><strong>sibi</strong></span> <span class='ocrx_word' id='word_1_70' title='bbox 2112 1017 2207 1072; x_wconf 89' lang='lat' dir='ltr'><strong>pa-</strong></span> 
     </span>
    </p>
   </div>
   <div class='ocr_carea' id='block_1_8' title="bbox 607 1090 2205 1166">
    <p class='ocr_par' dir='ltr' id='par_1_8' title="bbox 607 1090 2205 1166">
     <span class='ocr_line' id='line_1_8' title="bbox 607 1090 2205 1166; baseline -0.004 -13"><span class='ocrx_word' id='word_1_71' title='bbox 607 1106 800 1153; x_wconf 76' lang='lat' dir='ltr'><strong>rasset.</strong></span> <span class='ocrx_word' id='word_1_72' title='bbox 839 1094 1029 1151; x_wconf 89' lang='lat' dir='ltr'><strong>Omnia</strong></span> <span class='ocrx_word' id='word_1_73' title='bbox 1060 1106 1249 1152; x_wconf 89' lang='lat' dir='ltr'><strong>contra</strong></span> <span class='ocrx_word' id='word_1_74' title='bbox 1279 1112 1403 1153; x_wconf 92' lang='lat' dir='ltr'><strong>eum</strong></span> <span class='ocrx_word' id='word_1_75' title='bbox 1452 1106 1603 1166; x_wconf 88' lang='lat' dir='ltr'><strong>gesta</strong></span> <span class='ocrx_word' id='word_1_76' title='bbox 1646 1105 1891 1165; x_wconf 89' lang='lat' dir='ltr'><strong>tempore</strong></span> <span class='ocrx_word' id='word_1_77' title='bbox 1931 1093 2132 1160; x_wconf 81' lang='lat' dir='ltr'><strong>Pelagii</strong></span> <span class='ocrx_word' id='word_1_78' title='bbox 2160 1090 2205 1146; x_wconf 89' lang='lat' dir='ltr'><strong>Il</strong></span> 
     </span>
    </p>
   </div>
   <div class='ocr_carea' id='block_1_9' title="bbox 607 1185 2204 1258">
    <p class='ocr_par' dir='ltr' id='par_1_9' title="bbox 607 1185 2204 1258">
     <span class='ocr_line' id='line_1_9' title="bbox 607 1185 2204 1258; baseline -0.003 -14"><span class='ocrx_word' id='word_1_79' title='bbox 607 1189 677 1244; x_wconf 89' lang='lat' dir='ltr'><strong>ad</strong></span> <span class='ocrx_word' id='word_1_80' title='bbox 703 1196 939 1244; x_wconf 88' lang='lat' dir='ltr'><strong>mentem</strong></span> <span class='ocrx_word' id='word_1_81' title='bbox 968 1198 1206 1253; x_wconf 86' lang='lat' dir='ltr'><strong>revocat,</strong></span> <span class='ocrx_word' id='word_1_82' title='bbox 1231 1203 1461 1258; x_wconf 73' lang='lat' dir='ltr'><strong>quzeque</strong></span> <span class='ocrx_word' id='word_1_83' title='bbox 1490 1189 1607 1257; x_wconf 91' lang='lat' dir='ltr'><strong>ipse</strong></span> <span class='ocrx_word' id='word_1_84' title='bbox 1638 1186 2032 1254; x_wconf 89' lang='lat' dir='ltr'><strong>ingravescenti</strong></span> <span class='ocrx_word' id='word_1_85' title='bbox 2061 1185 2204 1239; x_wconf 92' lang='lat' dir='ltr'><strong>malo</strong></span> 
     </span>
    </p>
   </div>
   <div class='ocr_carea' id='block_1_10' title="bbox 605 1275 2205 1350">
    <p class='ocr_par' dir='ltr' id='par_1_10' title="bbox 605 1275 2205 1350">
     <span class='ocr_line' id='line_1_10' title="bbox 605 1275 2205 1350; baseline -0.004 -12"><span class='ocrx_word' id='word_1_86' title='bbox 605 1282 746 1338; x_wconf 90' lang='lat' dir='ltr'><strong>lenia</strong></span> <span class='ocrx_word' id='word_1_87' title='bbox 797 1282 1026 1350; x_wconf 91' lang='lat' dir='ltr'><strong>primum</strong></span> <span class='ocrx_word' id='word_1_88' title='bbox 1058 1296 1153 1350; x_wconf 91' lang='lat' dir='ltr'><strong>per</strong></span> <span class='ocrx_word' id='word_1_89' title='bbox 1180 1281 1407 1348; x_wconf 67' lang='lat' dir='ltr'><strong>legatos&quot;</strong></span> <span class='ocrx_word' id='word_1_90' title='bbox 1432 1295 1561 1334; x_wconf 91' lang='lat' dir='ltr'><strong>suos</strong></span> <span class='ocrx_word' id='word_1_91' title='bbox 1591 1278 1829 1333; x_wconf 88' lang='lat' dir='ltr'><strong>remedia</strong></span> <span class='ocrx_word' id='word_1_92' title='bbox 1872 1285 2099 1339; x_wconf 86' lang='lat' dir='ltr'><strong>conatus</strong></span> <span class='ocrx_word' id='word_1_93' title='bbox 2136 1275 2205 1331; x_wconf 89' lang='lat' dir='ltr'><strong>sit</strong></span> 
     </span>
    </p>
   </div>
   <div class='ocr_carea' id='block_1_11' title="bbox 607 1364 2205 1440">
    <p class='ocr_par' dir='ltr' id='par_1_11' title="bbox 607 1364 2205 1440">
     <span class='ocr_line' id='line_1_11' title="bbox 607 1364 2205 1440; baseline -0.004 -13"><span class='ocrx_word' id='word_1_94' title='bbox 607 1373 887 1435; x_wconf 89' lang='lat' dir='ltr'><strong>adhibere,</strong></span> <span class='ocrx_word' id='word_1_95' title='bbox 903 1364 1197 1440; x_wconf 72' lang='lat' dir='ltr'><strong>antequam</strong></span> <span class='ocrx_word' id='word_1_96' title='bbox 1220 1372 1290 1424; x_wconf 84' lang='lat' dir='ltr'><strong>ad</strong></span> <span class='ocrx_word' id='word_1_97' title='bbox 1312 1372 1550 1424; x_wconf 86' lang='lat' dir='ltr'><strong>districta</strong></span> <span class='ocrx_word' id='word_1_98' title='bbox 1572 1379 1619 1423; x_wconf 91' lang='lat' dir='ltr'><strong>et</strong></span> <span class='ocrx_word' id='word_1_99' title='bbox 1642 1368 1895 1423; x_wconf 86' lang='lat' dir='ltr'><strong>canonica</strong></span> <span class='ocrx_word' id='word_1_100' title='bbox 1922 1366 2205 1436; x_wconf 86' lang='lat' dir='ltr'><strong>pervenire</strong></span> 
     </span>
    </p>
   </div>
   <div class='ocr_carea' id='block_1_12' title="bbox 573 1458 2203 1533">
    <p class='ocr_par' dir='ltr' id='par_1_12' title="bbox 573 1458 2203 1533">
     <span class='ocr_line' id='line_1_12' title="bbox 573 1458 2203 1533; baseline -0.006 -13"><span class='ocrx_word' id='word_1_101' title='bbox 573 1462 906 1533; x_wconf 74' lang='lat' dir='ltr'><strong>&#39;cogeretur.</strong></span> <span class='ocrx_word' id='word_1_102' title='bbox 961 1461 1028 1515; x_wconf 88' lang='lat' dir='ltr'><strong>Et</strong></span> <span class='ocrx_word' id='word_1_103' title='bbox 1075 1464 1232 1533; x_wconf 88' lang='lat' dir='ltr'><strong>quia,</strong></span> <span class='ocrx_word' id='word_1_104' title='bbox 1266 1463 1466 1531; x_wconf 86' lang='lat' dir='ltr'><strong>inquit,</strong></span> <span class='ocrx_word' id='word_1_105' title='bbox 1504 1460 1788 1515; x_wconf 85' lang='lat' dir='ltr'><strong>resecanda</strong></span> <span class='ocrx_word' id='word_1_106' title='bbox 1820 1461 2033 1512; x_wconf 84' lang='lat' dir='ltr'><strong>vulnera</strong></span> <span class='ocrx_word' id='word_1_107' title='bbox 2059 1458 2203 1527; x_wconf 87' lang='lat' dir='ltr'><strong>prius</strong></span> 
     </span>
    </p>
   </div>
   <div class='ocr_carea' id='block_1_13' title="bbox 603 1552 2202 1624">
    <p class='ocr_par' dir='ltr' id='par_1_13' title="bbox 603 1552 2202 1624">
     <span class='ocr_line' id='line_1_13' title="bbox 603 1552 2202 1624; baseline -0.005 -14"><span class='ocrx_word' id='word_1_108' title='bbox 603 1555 706 1611; x_wconf 83' lang='lat' dir='ltr'><strong>leui</strong></span> <span class='ocrx_word' id='word_1_109' title='bbox 752 1571 909 1607; x_wconf 88' lang='lat' dir='ltr'><strong>manu</strong></span> <span class='ocrx_word' id='word_1_110' title='bbox 963 1553 1228 1624; x_wconf 86' lang='lat' dir='ltr'><strong>palpanda</strong></span> <span class='ocrx_word' id='word_1_111' title='bbox 1275 1564 1434 1619; x_wconf 88' lang='lat' dir='ltr'><strong>sunt,</strong></span> <span class='ocrx_word' id='word_1_112' title='bbox 1463 1569 1609 1622; x_wconf 85' lang='lat' dir='ltr'><strong>rogo,</strong></span> <span class='ocrx_word' id='word_1_113' title='bbox 1638 1552 1887 1618; x_wconf 81' lang='lat' dir='ltr'><strong>deprecor</strong></span> <span class='ocrx_word' id='word_1_114' title='bbox 1930 1558 1978 1602; x_wconf 88' lang='lat' dir='ltr'><strong>et</strong></span> <span class='ocrx_word' id='word_1_115' title='bbox 2007 1556 2202 1618; x_wconf 79' lang='lat' dir='ltr'><strong>quanta</strong></span> 
     </span>
    </p>
   </div>
   <div class='ocr_carea' id='block_1_14' title="bbox 601 1641 2199 1715">
    <p class='ocr_par' dir='ltr' id='par_1_14' title="bbox 601 1641 2199 1715">
     <span class='ocr_line' id='line_1_14' title="bbox 601 1641 2199 1715; baseline -0.005 -15"><span class='ocrx_word' id='word_1_116' title='bbox 601 1662 809 1715; x_wconf 84' lang='lat' dir='ltr'><strong>possum</strong></span> <span class='ocrx_word' id='word_1_117' title='bbox 835 1644 1106 1698; x_wconf 77' lang='lat' dir='ltr'><strong>dulcedine</strong></span> <span class='ocrx_word' id='word_1_118' title='bbox 1124 1660 1367 1714; x_wconf 75' lang='lat' dir='ltr'><strong>exposco,</strong></span> <span class='ocrx_word' id='word_1_119' title='bbox 1400 1652 1454 1695; x_wconf 88' lang='lat' dir='ltr'><strong>ut</strong></span> <span class='ocrx_word' id='word_1_120' title='bbox 1482 1643 1783 1712; x_wconf 77' lang='lat' dir='ltr'><strong>fraternitas</strong></span> <span class='ocrx_word' id='word_1_121' title='bbox 1812 1650 1980 1694; x_wconf 86' lang='lat' dir='ltr'><strong>vestra</strong></span> <span class='ocrx_word' id='word_1_122' title='bbox 2003 1641 2199 1693; x_wconf 87' lang='lat' dir='ltr'><strong>cunctis</strong></span> 
     </span>
    </p>
   </div>
   <div class='ocr_carea' id='block_1_15' title="bbox 600 1730 2198 1805">
    <p class='ocr_par' dir='ltr' id='par_1_15' title="bbox 600 1730 2198 1805">
     <span class='ocr_line' id='line_1_15' title="bbox 600 1730 2198 1805; baseline -0.004 -15"><span class='ocrx_word' id='word_1_123' title='bbox 600 1734 695 1790; x_wconf 84' lang='lat' dir='ltr'><strong>sibi</strong></span> <span class='ocrx_word' id='word_1_124' title='bbox 723 1734 1057 1788; x_wconf 78' lang='lat' dir='ltr'><strong>adulantibus</strong></span> <span class='ocrx_word' id='word_1_125' title='bbox 1092 1743 1244 1805; x_wconf 89' lang='lat' dir='ltr'><strong>atque</strong></span> <span class='ocrx_word' id='word_1_126' title='bbox 1274 1736 1464 1787; x_wconf 85' lang='lat' dir='ltr'><strong>erroris</strong></span> <span class='ocrx_word' id='word_1_127' title='bbox 1486 1750 1673 1788; x_wconf 83' lang='lat' dir='ltr'><strong>nomen</strong></span> <span class='ocrx_word' id='word_1_128' title='bbox 1702 1730 2053 1804; x_wconf 77' lang='lat' dir='ltr'><strong>deferentibus</strong></span> <span class='ocrx_word' id='word_1_129' title='bbox 2074 1747 2198 1785; x_wconf 84' lang='lat' dir='ltr'><strong>con-</strong></span> 
     </span>
    </p>
   </div>
   <div class='ocr_carea' id='block_1_16' title="bbox 601 1824 2197 1897">
    <p class='ocr_par' dir='ltr' id='par_1_16' title="bbox 601 1824 2197 1897">
     <span class='ocr_line' id='line_1_16' title="bbox 601 1824 2197 1897; baseline -0.004 -15"><span class='ocrx_word' id='word_1_130' title='bbox 601 1830 847 1893; x_wconf 83' lang='lat' dir='ltr'><strong>tradicat,</strong></span> <span class='ocrx_word' id='word_1_131' title='bbox 872 1844 963 1882; x_wconf 83' lang='lat' dir='ltr'><strong>nec</strong></span> <span class='ocrx_word' id='word_1_132' title='bbox 988 1827 1144 1882; x_wconf 82' lang='lat' dir='ltr'><strong>stulto</strong></span> <span class='ocrx_word' id='word_1_133' title='bbox 1173 1843 1234 1880; x_wconf 86' lang='lat' dir='ltr'><strong>ac</strong></span> <span class='ocrx_word' id='word_1_134' title='bbox 1264 1825 1485 1897; x_wconf 78' lang='lat' dir='ltr'><strong>superbo</strong></span> <span class='ocrx_word' id='word_1_135' title='bbox 1508 1824 1756 1879; x_wconf 83' lang='lat' dir='ltr'><strong>vocabulo</strong></span> <span class='ocrx_word' id='word_1_136' title='bbox 1787 1824 2044 1893; x_wconf 85' lang='lat' dir='ltr'><strong>appellari</strong></span> <span class='ocrx_word' id='word_1_137' title='bbox 2072 1840 2197 1876; x_wconf 87' lang='lat' dir='ltr'><strong>con-</strong></span> 
     </span>
    </p>
   </div>
   <div class='ocr_carea' id='block_1_17' title="bbox 2311 626 3914 697">
    <p class='ocr_par' dir='ltr' id='par_1_17' title="bbox 2311 626 3914 697">
     <span class='ocr_line' id='line_1_17' title="bbox 2311 626 3914 697; baseline 0 -12"><span class='ocrx_word' id='word_1_138' title='bbox 2311 629 2543 686; x_wconf 89' lang='lat' dir='ltr'><strong>sectanti</strong></span> <span class='ocrx_word' id='word_1_139' title='bbox 2572 629 2697 686; x_wconf 89' lang='lat' dir='ltr'><strong>totis</strong></span> <span class='ocrx_word' id='word_1_140' title='bbox 2717 627 2920 683; x_wconf 91' lang='lat' dir='ltr'><strong>viribus</strong></span> <span class='ocrx_word' id='word_1_141' title='bbox 2948 626 3361 694; x_wconf 84' lang='lat' dir='ltr'><strong>intercessisset,</strong></span> <span class='ocrx_word' id='word_1_142' title='bbox 3392 634 3558 697; x_wconf 90' lang='lat' dir='ltr'><strong>utque</strong></span> <span class='ocrx_word' id='word_1_143' title='bbox 3585 627 3914 695; x_wconf 85' lang='lat' dir='ltr'><strong>dignitatem</strong></span> 
     </span>
    </p>
   </div>
   <div class='ocr_carea' id='block_1_18' title="bbox 2312 716 3915 792">
    <p class='ocr_par' dir='ltr' id='par_1_18' title="bbox 2312 716 3915 792">
     <span class='ocr_line' id='line_1_18' title="bbox 2312 716 3915 792; baseline 0.001 -17"><span class='ocrx_word' id='word_1_144' title='bbox 2312 720 2676 792; x_wconf 83' lang='lat' dir='ltr'><strong>episcopalem</strong></span> <span class='ocrx_word' id='word_1_145' title='bbox 2730 725 2988 783; x_wconf 86' lang='lat' dir='ltr'><strong>tueretur,</strong></span> <span class='ocrx_word' id='word_1_146' title='bbox 3020 716 3213 773; x_wconf 87' lang='lat' dir='ltr'><strong>lubens</strong></span> <span class='ocrx_word' id='word_1_147' title='bbox 3254 717 3505 774; x_wconf 88' lang='lat' dir='ltr'><strong>omnibus</strong></span> <span class='ocrx_word' id='word_1_148' title='bbox 3544 732 3605 774; x_wconf 88' lang='lat' dir='ltr'><strong>se</strong></span> <span class='ocrx_word' id='word_1_149' title='bbox 3650 720 3915 790; x_wconf 83' lang='lat' dir='ltr'><strong>periculis</strong></span> 
     </span>
    </p>
   </div>
   <div class='ocr_carea' id='block_1_19' title="bbox 2309 815 2687 886">
    <p class='ocr_par' dir='ltr' id='par_1_19' title="bbox 2309 815 2687 886">
     <span class='ocr_line' id='line_1_19' title="bbox 2309 815 2687 886; baseline -0.008 -15"><span class='ocrx_word' id='word_1_150' title='bbox 2309 815 2648 886; x_wconf 81' lang='lat' dir='ltr'><strong>exposuisset</strong></span> <span class='ocrx_word' id='word_1_151' title='bbox 2663 815 2687 868; x_wconf 85' lang='lat'><strong>?</strong></span> 
     </span>
    </p>
   </div>
   <div class='ocr_carea' id='block_1_20' title="bbox 2380 894 3914 975">
    <p class='ocr_par' dir='ltr' id='par_1_20' title="bbox 2380 894 3914 975">
     <span class='ocr_line' id='line_1_20' title="bbox 2380 894 3914 975; baseline 0.003 -17"><span class='ocrx_word' id='word_1_152' title='bbox 2380 904 2469 959; x_wconf 90' lang='grc'><strong>17.</strong></span> <span class='ocrx_word' id='word_1_153' title='bbox 2530 904 2804 960; x_wconf 89' lang='lat' dir='ltr'><strong>Immerito</strong></span> <span class='ocrx_word' id='word_1_154' title='bbox 2841 920 2974 960; x_wconf 91' lang='lat' dir='ltr'><strong>vero</strong></span> <span class='ocrx_word' id='word_1_155' title='bbox 3022 902 3344 959; x_wconf 79' lang='lat' dir='ltr'><strong>heterodoxi</strong></span> <span class='ocrx_word' id='word_1_156' title='bbox 3395 894 3711 975; x_wconf 76' lang='lat' dir='ltr'><strong>apustolicze</strong></span> <span class='ocrx_word' id='word_1_157' title='bbox 3760 905 3914 963; x_wconf 87' lang='lat' dir='ltr'><strong>sedis</strong></span> 
     </span>
    </p>
   </div>
   <div class='ocr_carea' id='block_1_21' title="bbox 2307 995 3913 1067">
    <p class='ocr_par' dir='ltr' id='par_1_21' title="bbox 2307 995 3913 1067">
     <span class='ocr_line' id='line_1_21' title="bbox 2307 995 3913 1067; baseline -0.001 -14"><span class='ocrx_word' id='word_1_158' title='bbox 2307 998 2492 1053; x_wconf 87' lang='lat' dir='ltr'><strong>hostes</strong></span> <span class='ocrx_word' id='word_1_159' title='bbox 2518 996 2866 1052; x_wconf 87' lang='lat' dir='ltr'><strong>infensissimi</strong></span> <span class='ocrx_word' id='word_1_160' title='bbox 2905 995 2970 1050; x_wconf 89' lang='lat' dir='ltr'><strong>ad</strong></span> <span class='ocrx_word' id='word_1_161' title='bbox 3021 1010 3081 1051; x_wconf 89' lang='lat' dir='ltr'><strong>se</strong></span> <span class='ocrx_word' id='word_1_162' title='bbox 3108 996 3327 1051; x_wconf 89' lang='lat' dir='ltr'><strong>trahunt</strong></span> <span class='ocrx_word' id='word_1_163' title='bbox 3352 996 3495 1067; x_wconf 91' lang='lat' dir='ltr'><strong>quod</strong></span> <span class='ocrx_word' id='word_1_164' title='bbox 3524 1004 3745 1051; x_wconf 85' lang='lat' dir='ltr'><strong>sanctus</strong></span> <span class='ocrx_word' id='word_1_165' title='bbox 3772 996 3913 1052; x_wconf 74' lang='lat' dir='ltr'><strong>Gre-</strong></span> 
     </span>
    </p>
   </div>
   <div class='ocr_carea' id='block_1_22' title="bbox 2306 1088 3909 1161">
    <p class='ocr_par' dir='ltr' id='par_1_22' title="bbox 2306 1088 3909 1161">
     <span class='ocr_line' id='line_1_22' title="bbox 2306 1088 3909 1161; baseline 0 -15"><span class='ocrx_word' id='word_1_166' title='bbox 2306 1090 2489 1161; x_wconf 89' lang='lat' dir='ltr'><strong>gorius</strong></span> <span class='ocrx_word' id='word_1_167' title='bbox 2516 1090 2697 1154; x_wconf 88' lang='lat' dir='ltr'><strong>docet,</strong></span> <span class='ocrx_word' id='word_1_168' title='bbox 2730 1088 3053 1145; x_wconf 79' lang='lat' dir='ltr'><strong>meumenici</strong></span> <span class='ocrx_word' id='word_1_169' title='bbox 3081 1104 3278 1143; x_wconf 89' lang='lat' dir='ltr'><strong>nomen</strong></span> <span class='ocrx_word' id='word_1_170' title='bbox 3308 1103 3377 1144; x_wconf 92' lang='lat' dir='ltr'><strong>ne</strong></span> <span class='ocrx_word' id='word_1_171' title='bbox 3414 1088 3657 1145; x_wconf 82' lang='lat' dir='ltr'><strong>Romano</strong></span> <span class='ocrx_word' id='word_1_172' title='bbox 3685 1091 3909 1159; x_wconf 89' lang='lat' dir='ltr'><strong>quidem</strong></span> 
     </span>
    </p>
   </div>
   <div class='ocr_carea' id='block_1_23' title="bbox 2305 1180 3910 1252">
    <p class='ocr_par' dir='ltr' id='par_1_23' title="bbox 2305 1180 3910 1252">
     <span class='ocr_line' id='line_1_23' title="bbox 2305 1180 3910 1252; baseline 0.002 -16"><span class='ocrx_word' id='word_1_173' title='bbox 2305 1182 2549 1252; x_wconf 84' lang='lat' dir='ltr'><strong>pontiﬁci</strong></span> <span class='ocrx_word' id='word_1_174' title='bbox 2577 1181 2801 1236; x_wconf 89' lang='lat' dir='ltr'><strong>concedi</strong></span> <span class='ocrx_word' id='word_1_175' title='bbox 2852 1195 3013 1249; x_wconf 86' lang='lat' dir='ltr'><strong>posse</strong></span> <span class='ocrx_word' id='word_1_176' title='bbox 3034 1221 3049 1247; x_wconf 94' lang='lat'><strong>,</strong></span> <span class='ocrx_word' id='word_1_177' title='bbox 3081 1180 3235 1249; x_wconf 90' lang='lat' dir='ltr'><strong>cujus</strong></span> <span class='ocrx_word' id='word_1_178' title='bbox 3272 1181 3558 1250; x_wconf 88' lang='lat' dir='ltr'><strong>primatum</strong></span> <span class='ocrx_word' id='word_1_179' title='bbox 3586 1190 3643 1236; x_wconf 94' lang='lat' dir='ltr'><strong>et</strong></span> <span class='ocrx_word' id='word_1_180' title='bbox 3682 1183 3910 1252; x_wconf 80' lang='lat' dir='ltr'><strong>amplis-</strong></span> 
     </span>
    </p>
   </div>
   <div class='ocr_carea' id='block_1_24' title="bbox 2304 1273 3909 1343">
    <p class='ocr_par' dir='ltr' id='par_1_24' title="bbox 2304 1273 3909 1343">
     <span class='ocr_line' id='line_1_24' title="bbox 2304 1273 3909 1343; baseline 0.004 -15"><span class='ocrx_word' id='word_1_181' title='bbox 2304 1276 2492 1329; x_wconf 90' lang='lat' dir='ltr'><strong>simam</strong></span> <span class='ocrx_word' id='word_1_182' title='bbox 2522 1276 2573 1328; x_wconf 90' lang='lat' dir='ltr'><strong>in</strong></span> <span class='ocrx_word' id='word_1_183' title='bbox 2605 1274 2779 1328; x_wconf 92' lang='lat' dir='ltr'><strong>omnis</strong></span> <span class='ocrx_word' id='word_1_184' title='bbox 2807 1273 3063 1330; x_wconf 63' lang='lat' dir='ltr'><strong>Ecclesiae</strong></span> <span class='ocrx_word' id='word_1_185' title='bbox 3090 1274 3524 1343; x_wconf 90' lang='lat' dir='ltr'><strong>jurisdictiouem</strong></span> <span class='ocrx_word' id='word_1_186' title='bbox 3552 1277 3656 1335; x_wconf 87' lang='lat' dir='ltr'><strong>hac</strong></span> <span class='ocrx_word' id='word_1_187' title='bbox 3680 1288 3909 1334; x_wconf 86' lang='lat' dir='ltr'><strong>senten-</strong></span> 
     </span>
    </p>
   </div>
   <div class='ocr_carea' id='block_1_25' title="bbox 2304 1364 3909 1435">
    <p class='ocr_par' dir='ltr' id='par_1_25' title="bbox 2304 1364 3909 1435">
     <span class='ocr_line' id='line_1_25' title="bbox 2304 1364 3909 1435; baseline 0.005 -17"><span class='ocrx_word' id='word_1_188' title='bbox 2304 1366 2376 1419; x_wconf 92' lang='lat' dir='ltr'><strong>tia</strong></span> <span class='ocrx_word' id='word_1_189' title='bbox 2406 1364 2609 1435; x_wconf 89' lang='lat' dir='ltr'><strong>pulsari</strong></span> <span class='ocrx_word' id='word_1_190' title='bbox 2638 1365 2993 1420; x_wconf 91' lang='lat' dir='ltr'><strong>contendunt.</strong></span> <span class='ocrx_word' id='word_1_191' title='bbox 3019 1365 3109 1421; x_wconf 89' lang='lat' dir='ltr'><strong>Sic</strong></span> <span class='ocrx_word' id='word_1_192' title='bbox 3131 1382 3199 1421; x_wconf 84' lang='lat' dir='ltr'><strong>ex</strong></span> <span class='ocrx_word' id='word_1_193' title='bbox 3219 1369 3391 1424; x_wconf 85' lang='lat' dir='ltr'><strong>sancti</strong></span> <span class='ocrx_word' id='word_1_194' title='bbox 3412 1369 3515 1425; x_wconf 90' lang='lat' dir='ltr'><strong>viri</strong></span> <span class='ocrx_word' id='word_1_195' title='bbox 3544 1370 3820 1425; x_wconf 87' lang='lat' dir='ltr'><strong>modestia</strong></span> <span class='ocrx_word' id='word_1_196' title='bbox 3853 1384 3909 1427; x_wconf 89' lang='lat' dir='ltr'><strong>et</strong></span> 
     </span>
    </p>
   </div>
   <div class='ocr_carea' id='block_1_26' title="bbox 2302 1456 3903 1532">
    <p class='ocr_par' dir='ltr' id='par_1_26' title="bbox 2302 1456 3903 1532">
     <span class='ocr_line' id='line_1_26' title="bbox 2302 1456 3903 1532; baseline 0.004 -21"><span class='ocrx_word' id='word_1_197' title='bbox 2302 1457 2603 1512; x_wconf 86' lang='lat' dir='ltr'><strong>humilitate</strong></span> <span class='ocrx_word' id='word_1_198' title='bbox 2631 1456 2988 1524; x_wconf 80' lang='lat' dir='ltr'><strong>fragrantibus</strong></span> <span class='ocrx_word' id='word_1_199' title='bbox 3010 1458 3113 1514; x_wconf 89' lang='lat' dir='ltr'><strong>illis</strong></span> <span class='ocrx_word' id='word_1_200' title='bbox 3141 1457 3363 1515; x_wconf 82' lang='lat' dir='ltr'><strong>ﬂoribus</strong></span> <span class='ocrx_word' id='word_1_201' title='bbox 3389 1476 3511 1516; x_wconf 66' lang='lat' dir='ltr'><strong>non~</strong></span> <span class='ocrx_word' id='word_1_202' title='bbox 3524 1462 3631 1516; x_wconf 93' lang='lat' dir='ltr'><strong>mel</strong></span> <span class='ocrx_word' id='word_1_203' title='bbox 3662 1471 3723 1516; x_wconf 91' lang='lat' dir='ltr'><strong>ut</strong></span> <span class='ocrx_word' id='word_1_204' title='bbox 3743 1478 3903 1532; x_wconf 81' lang='lat' dir='ltr'><strong>apes,</strong></span> 
     </span>
    </p>
   </div>
   <div class='ocr_carea' id='block_1_27' title="bbox 2302 1547 3905 1617">
    <p class='ocr_par' dir='ltr' id='par_1_27' title="bbox 2302 1547 3905 1617">
     <span class='ocr_line' id='line_1_27' title="bbox 2302 1547 3905 1617; baseline 0.004 -14"><span class='ocrx_word' id='word_1_205' title='bbox 2302 1547 2397 1603; x_wconf 88' lang='lat' dir='ltr'><strong>sed</strong></span> <span class='ocrx_word' id='word_1_206' title='bbox 2420 1563 2687 1603; x_wconf 90' lang='lat' dir='ltr'><strong>venenum</strong></span> <span class='ocrx_word' id='word_1_207' title='bbox 2716 1547 3009 1604; x_wconf 79' lang='lat' dir='ltr'><strong>coniiciunt</strong></span> <span class='ocrx_word' id='word_1_208' title='bbox 3038 1557 3097 1604; x_wconf 92' lang='lat' dir='ltr'><strong>ut</strong></span> <span class='ocrx_word' id='word_1_209' title='bbox 3125 1565 3356 1606; x_wconf 63' lang='lat' dir='ltr'><strong>araneae.</strong></span> <span class='ocrx_word' id='word_1_210' title='bbox 3385 1551 3455 1605; x_wconf 83' lang='lat' dir='ltr'><strong>At</strong></span> <span class='ocrx_word' id='word_1_211' title='bbox 3475 1568 3580 1606; x_wconf 93' lang='lat' dir='ltr'><strong>non</strong></span> <span class='ocrx_word' id='word_1_212' title='bbox 3606 1553 3905 1617; x_wconf 80' lang='lat' dir='ltr'><strong>attendunt</strong></span> 
     </span>
    </p>
   </div>
   <div class='ocr_carea' id='block_1_28' title="bbox 2302 1640 3908 1712">
    <p class='ocr_par' dir='ltr' id='par_1_28' title="bbox 2302 1640 3908 1712">
     <span class='ocr_line' id='line_1_28' title="bbox 2302 1640 3908 1712; baseline 0.004 -17"><span class='ocrx_word' id='word_1_213' title='bbox 2302 1640 2691 1695; x_wconf 66' lang='lat' dir='ltr'><strong>uacumenicum</strong></span> <span class='ocrx_word' id='word_1_214' title='bbox 2722 1655 2790 1694; x_wconf 90' lang='lat' dir='ltr'><strong>eo</strong></span> <span class='ocrx_word' id='word_1_215' title='bbox 2819 1655 2981 1696; x_wconf 89' lang='lat' dir='ltr'><strong>sensu</strong></span> <span class='ocrx_word' id='word_1_216' title='bbox 3003 1656 3111 1711; x_wconf 91' lang='lat' dir='ltr'><strong>quo</strong></span> <span class='ocrx_word' id='word_1_217' title='bbox 3140 1651 3358 1697; x_wconf 89' lang='lat' dir='ltr'><strong>sanctus</strong></span> <span class='ocrx_word' id='word_1_218' title='bbox 3382 1642 3675 1712; x_wconf 84' lang='lat' dir='ltr'><strong>Gregorius</strong></span> <span class='ocrx_word' id='word_1_219' title='bbox 3709 1660 3908 1701; x_wconf 87' lang='lat' dir='ltr'><strong>vocem</strong></span> 
     </span>
    </p>
   </div>
   <div class='ocr_carea' id='block_1_29' title="bbox 2300 1734 3909 1803">
    <p class='ocr_par' dir='ltr' id='par_1_29' title="bbox 2300 1734 3909 1803">
     <span class='ocr_line' id='line_1_29' title="bbox 2300 1734 3909 1803; baseline 0.004 -14"><span class='ocrx_word' id='word_1_220' title='bbox 2300 1735 2441 1790; x_wconf 89' lang='lat' dir='ltr'><strong>hanc</strong></span> <span class='ocrx_word' id='word_1_221' title='bbox 2471 1734 2876 1803; x_wconf 89' lang='lat' dir='ltr'><strong>interpretatur,</strong></span> <span class='ocrx_word' id='word_1_222' title='bbox 2909 1734 3211 1803; x_wconf 85' lang='lat' dir='ltr'><strong>significare</strong></span> <span class='ocrx_word' id='word_1_223' title='bbox 3240 1736 3455 1790; x_wconf 90' lang='lat' dir='ltr'><strong>unicum</strong></span> <span class='ocrx_word' id='word_1_224' title='bbox 3486 1738 3538 1791; x_wconf 91' lang='lat' dir='ltr'><strong>in</strong></span> <span class='ocrx_word' id='word_1_225' title='bbox 3570 1746 3684 1792; x_wconf 89' lang='lat' dir='ltr'><strong>tota</strong></span> <span class='ocrx_word' id='word_1_226' title='bbox 3709 1737 3909 1795; x_wconf 66' lang='lat' dir='ltr'><strong>Eccle-</strong></span> 
     </span>
    </p>
   </div>
   <div class='ocr_carea' id='block_1_30' title="bbox 2299 1826 3907 1898">
    <p class='ocr_par' dir='ltr' id='par_1_30' title="bbox 2299 1826 3907 1898">
     <span class='ocr_line' id='line_1_30' title="bbox 2299 1826 3907 1898; baseline 0.002 -18"><span class='ocrx_word' id='word_1_227' title='bbox 2299 1826 2378 1880; x_wconf 92' lang='lat' dir='ltr'><strong>sia</strong></span> <span class='ocrx_word' id='word_1_228' title='bbox 2417 1827 2769 1896; x_wconf 88' lang='lat' dir='ltr'><strong>episcopum,</strong></span> <span class='ocrx_word' id='word_1_229' title='bbox 2814 1827 2958 1896; x_wconf 86' lang='lat' dir='ltr'><strong>quod</strong></span> <span class='ocrx_word' id='word_1_230' title='bbox 2999 1827 3142 1881; x_wconf 93' lang='lat' dir='ltr'><strong>ultro</strong></span> <span class='ocrx_word' id='word_1_231' title='bbox 3172 1826 3403 1882; x_wconf 83' lang='lat' dir='ltr'><strong>fatemur</strong></span> <span class='ocrx_word' id='word_1_232' title='bbox 3432 1844 3583 1898; x_wconf 70' lang='lat' dir='ltr'><strong>papa:</strong></span> <span class='ocrx_word' id='word_1_233' title='bbox 3627 1844 3740 1884; x_wconf 93' lang='lat' dir='ltr'><strong>non</strong></span> <span class='ocrx_word' id='word_1_234' title='bbox 3769 1846 3907 1885; x_wconf 85' lang='lat' dir='ltr'><strong>con-</strong></span> 
     </span>
    </p>
   </div>
   <div class='ocr_carea' id='block_1_31' title="bbox 597 1915 3905 1991">
    <p class='ocr_par' dir='ltr' id='par_1_31' title="bbox 597 1915 3905 1991">
     <span class='ocr_line' id='line_1_31' title="bbox 597 1915 3905 1991; baseline 0 -16"><span class='ocrx_word' id='word_1_235' title='bbox 597 1922 787 1975; x_wconf 86' lang='lat' dir='ltr'><strong>sentiat</strong></span> <span class='ocrx_word' id='word_1_236' title='bbox 837 1918 990 1991; x_wconf 97' lang='lat' dir='ltr'><strong>(Lib.</strong></span> <span class='ocrx_word' id='word_1_237' title='bbox 1017 1935 1069 1983; x_wconf 91' lang='lat' dir='ltr'><strong>v,</strong></span> <span class='ocrx_word' id='word_1_238' title='bbox 1095 1937 1177 1989; x_wconf 84' lang='lat' dir='ltr'><strong>ep.</strong></span> <span class='ocrx_word' id='word_1_239' title='bbox 1205 1918 1325 1988; x_wconf 89' lang='grc'>18).</span> <span class='ocrx_word' id='word_1_240' title='bbox 1378 1917 1527 1973; x_wconf 90' lang='lat' dir='ltr'><strong>Sileo</strong></span> <span class='ocrx_word' id='word_1_241' title='bbox 1576 1918 1814 1971; x_wconf 88' lang='lat' dir='ltr'><strong>rationes</strong></span> <span class='ocrx_word' id='word_1_242' title='bbox 1860 1916 2054 1984; x_wconf 92' lang='lat' dir='ltr'><strong>quibus</strong></span> <span class='ocrx_word' id='word_1_243' title='bbox 2094 1915 2197 1969; x_wconf 94' lang='lat' dir='ltr'><strong>hoc</strong></span> <span class='ocrx_word' id='word_1_244' title='bbox 2227 1918 2274 1978; x_wconf 86' lang='lat' dir='ltr'><strong>B</strong></span> <span class='ocrx_word' id='word_1_245' title='bbox 2300 1931 2509 1986; x_wconf 88' lang='lat' dir='ltr'><strong>gruere,</strong></span> <span class='ocrx_word' id='word_1_246' title='bbox 2542 1925 2596 1972; x_wconf 91' lang='lat' dir='ltr'><strong>et</strong></span> <span class='ocrx_word' id='word_1_247' title='bbox 2625 1917 2693 1971; x_wconf 91' lang='lat' dir='ltr'><strong>ad</strong></span> <span class='ocrx_word' id='word_1_248' title='bbox 2723 1931 3027 1985; x_wconf 88' lang='lat' dir='ltr'><strong>supremam</strong></span> <span class='ocrx_word' id='word_1_249' title='bbox 3058 1917 3175 1986; x_wconf 87' lang='lat' dir='ltr'><strong>ejus</strong></span> <span class='ocrx_word' id='word_1_250' title='bbox 3203 1917 3520 1986; x_wconf 88' lang='lat' dir='ltr'><strong>dignitatem</strong></span> <span class='ocrx_word' id='word_1_251' title='bbox 3560 1934 3627 1974; x_wconf 92' lang='lat' dir='ltr'><strong>ac</strong></span> <span class='ocrx_word' id='word_1_252' title='bbox 3654 1928 3905 1989; x_wconf 84' lang='lat' dir='ltr'><strong>potesta-</strong></span> 
     </span>
    </p>
   </div>
   <div class='ocr_carea' id='block_1_32' title="bbox 597 2006 2193 2080">
    <p class='ocr_par' dir='ltr' id='par_1_32' title="bbox 597 2006 2193 2080">
     <span class='ocr_line' id='line_1_32' title="bbox 597 2006 2193 2080; baseline -0.003 -15"><span class='ocrx_word' id='word_1_253' title='bbox 597 2012 917 2068; x_wconf 90' lang='lat' dir='ltr'><strong>vocabulum</strong></span> <span class='ocrx_word' id='word_1_254' title='bbox 946 2012 1253 2080; x_wconf 84' lang='lat' dir='ltr'><strong>impugnat;</strong></span> <span class='ocrx_word' id='word_1_255' title='bbox 1301 2008 1507 2065; x_wconf 74' lang='lat' dir='ltr'><strong>eaedem</strong></span> <span class='ocrx_word' id='word_1_256' title='bbox 1545 2009 1689 2065; x_wconf 92' lang='lat' dir='ltr'><strong>cnim</strong></span> <span class='ocrx_word' id='word_1_257' title='bbox 1737 2016 1862 2063; x_wconf 90' lang='lat' dir='ltr'><strong>sunt</strong></span> <span class='ocrx_word' id='word_1_258' title='bbox 1907 2022 2042 2076; x_wconf 88' lang='lat' dir='ltr'><strong>quas</strong></span> <span class='ocrx_word' id='word_1_259' title='bbox 2081 2006 2193 2075; x_wconf 89' lang='lat' dir='ltr'><strong>jam</strong></span> 
     </span>
    </p>
   </div>
   <div class='ocr_carea' id='block_1_33' title="bbox 596 2104 893 2172">
    <p class='ocr_par' dir='ltr' id='par_1_33' title="bbox 596 2104 893 2172">
     <span class='ocr_line' id='line_1_33' title="bbox 596 2104 893 2172; baseline -0.003 -13"><span class='ocrx_word' id='word_1_260' title='bbox 596 2104 893 2172; x_wconf 81' lang='lat' dir='ltr'><strong>attigimus.</strong></span> 
     </span>
    </p>
   </div>
   <div class='ocr_carea' id='block_1_34' title="bbox 667 2192 2193 2261">
    <p class='ocr_par' dir='ltr' id='par_1_34' title="bbox 667 2192 2193 2261">
     <span class='ocr_line' id='line_1_34' title="bbox 667 2192 2193 2261; baseline -0.001 -10"><span class='ocrx_word' id='word_1_261' title='bbox 667 2197 755 2253; x_wconf 85' lang='grc'>15.</span> <span class='ocrx_word' id='word_1_262' title='bbox 794 2197 936 2253; x_wconf 91' lang='lat' dir='ltr'><strong>Irriti</strong></span> <span class='ocrx_word' id='word_1_263' title='bbox 985 2195 1202 2252; x_wconf 91' lang='lat' dir='ltr'><strong>fuerunt</strong></span> <span class='ocrx_word' id='word_1_264' title='bbox 1243 2204 1325 2251; x_wconf 89' lang='lat' dir='ltr'><strong>tot</strong></span> <span class='ocrx_word' id='word_1_265' title='bbox 1374 2203 1629 2261; x_wconf 91' lang='lat' dir='ltr'><strong>conatus;</strong></span> <span class='ocrx_word' id='word_1_266' title='bbox 1671 2192 1909 2248; x_wconf 85' lang='lat' dir='ltr'><strong>Joannes</strong></span> <span class='ocrx_word' id='word_1_267' title='bbox 1937 2194 2079 2249; x_wconf 89' lang='lat' dir='ltr'><strong>enim</strong></span> <span class='ocrx_word' id='word_1_268' title='bbox 2108 2208 2193 2249; x_wconf 83' lang='lat' dir='ltr'><strong>as-</strong></span> 
     </span>
    </p>
   </div>
   <div class='ocr_carea' id='block_1_35' title="bbox 593 2286 2193 2360">
    <p class='ocr_par' dir='ltr' id='par_1_35' title="bbox 593 2286 2193 2360">
     <span class='ocr_line' id='line_1_35' title="bbox 593 2286 2193 2360; baseline -0.003 -15"><span class='ocrx_word' id='word_1_269' title='bbox 593 2299 867 2360; x_wconf 88' lang='lat' dir='ltr'><strong>sumptum</strong></span> <span class='ocrx_word' id='word_1_270' title='bbox 916 2289 1129 2343; x_wconf 89' lang='lat' dir='ltr'><strong>titulum</strong></span> <span class='ocrx_word' id='word_1_271' title='bbox 1178 2303 1349 2357; x_wconf 90' lang='lat' dir='ltr'><strong>usque</strong></span> <span class='ocrx_word' id='word_1_272' title='bbox 1393 2287 1461 2342; x_wconf 92' lang='lat' dir='ltr'><strong>ad</strong></span> <span class='ocrx_word' id='word_1_273' title='bbox 1504 2294 1738 2341; x_wconf 89' lang='lat' dir='ltr'><strong>mortem</strong></span> <span class='ocrx_word' id='word_1_274' title='bbox 1778 2286 2031 2350; x_wconf 88' lang='lat' dir='ltr'><strong>retinuit,</strong></span> <span class='ocrx_word' id='word_1_275' title='bbox 2074 2301 2193 2354; x_wconf 75' lang='lat' dir='ltr'><strong>quae</strong></span> 
     </span>
    </p>
   </div>
   <div class='ocr_carea' id='block_1_36' title="bbox 592 2377 2192 2452">
    <p class='ocr_par' dir='ltr' id='par_1_36' title="bbox 592 2377 2192 2452">
     <span class='ocr_line' id='line_1_36' title="bbox 592 2377 2192 2452; baseline -0.003 -16"><span class='ocrx_word' id='word_1_276' title='bbox 592 2382 755 2452; x_wconf 88' lang='lat' dir='ltr'><strong>paulo</strong></span> <span class='ocrx_word' id='word_1_277' title='bbox 784 2390 907 2450; x_wconf 87' lang='lat' dir='ltr'><strong>post</strong></span> <span class='ocrx_word' id='word_1_278' title='bbox 934 2388 1212 2449; x_wconf 89' lang='lat' dir='ltr'><strong>acceptam</strong></span> <span class='ocrx_word' id='word_1_279' title='bbox 1263 2380 1403 2435; x_wconf 92' lang='lat' dir='ltr'><strong>hanc</strong></span> <span class='ocrx_word' id='word_1_280' title='bbox 1440 2378 1731 2448; x_wconf 84' lang='lat' dir='ltr'><strong>epistolam</strong></span> <span class='ocrx_word' id='word_1_281' title='bbox 1770 2377 2016 2448; x_wconf 80' lang='lat' dir='ltr'><strong>contigit.</strong></span> <span class='ocrx_word' id='word_1_282' title='bbox 2058 2377 2192 2431; x_wconf 89' lang='lat' dir='ltr'><strong>Data</strong></span> 
     </span>
    </p>
   </div>
   <div class='ocr_carea' id='block_1_37' title="bbox 593 2469 2193 2533">
    <p class='ocr_par' dir='ltr' id='par_1_37' title="bbox 593 2469 2193 2533">
     <span class='ocr_line' id='line_1_37' title="bbox 593 2469 2193 2533; baseline -0.003 -4"><span class='ocrx_word' id='word_1_283' title='bbox 593 2482 677 2530; x_wconf 88' lang='lat' dir='ltr'><strong>est</strong></span> <span class='ocrx_word' id='word_1_284' title='bbox 704 2475 848 2529; x_wconf 91' lang='lat' dir='ltr'><strong>enim</strong></span> <span class='ocrx_word' id='word_1_285' title='bbox 892 2470 1148 2529; x_wconf 79' lang='lat' dir='ltr'><strong>Kalendis</strong></span> <span class='ocrx_word' id='word_1_286' title='bbox 1196 2471 1437 2528; x_wconf 84' lang='lat' dir='ltr'><strong>Januarii</strong></span> <span class='ocrx_word' id='word_1_287' title='bbox 1488 2470 1798 2527; x_wconf 90' lang='lat' dir='ltr'><strong>indictionis</strong></span> <span class='ocrx_word' id='word_1_288' title='bbox 1839 2469 1939 2533; x_wconf 79' lang='lat' dir='ltr'><strong>I5,</strong></span> <span class='ocrx_word' id='word_1_289' title='bbox 1985 2471 2193 2526; x_wconf 88' lang='lat' dir='ltr'><strong>scilicet</strong></span> 
     </span>
    </p>
   </div>
   <div class='ocr_carea' id='block_1_38' title="bbox 591 2563 2188 2636">
    <p class='ocr_par' dir='ltr' id='par_1_38' title="bbox 591 2563 2188 2636">
     <span class='ocr_line' id='line_1_38' title="bbox 591 2563 2188 2636; baseline -0.002 -14"><span class='ocrx_word' id='word_1_290' title='bbox 591 2567 720 2622; x_wconf 90' lang='lat' dir='ltr'><strong>anni</strong></span> <span class='ocrx_word' id='word_1_291' title='bbox 750 2564 884 2636; x_wconf 76' lang='lat'>595&#39;,</span> <span class='ocrx_word' id='word_1_292' title='bbox 915 2581 1025 2636; x_wconf 93' lang='lat' dir='ltr'><strong>quo</strong></span> <span class='ocrx_word' id='word_1_293' title='bbox 1055 2580 1198 2621; x_wconf 90' lang='lat' dir='ltr'><strong>anno</strong></span> <span class='ocrx_word' id='word_1_294' title='bbox 1246 2563 1513 2620; x_wconf 90' lang='lat' dir='ltr'><strong>Joannem</strong></span> <span class='ocrx_word' id='word_1_295' title='bbox 1539 2580 1571 2619; x_wconf 91' lang='lat' dir='ltr'><strong>e</strong></span> <span class='ocrx_word' id='word_1_296' title='bbox 1598 2564 1735 2618; x_wconf 88' lang='lat' dir='ltr'><strong>vivis</strong></span> <span class='ocrx_word' id='word_1_297' title='bbox 1765 2563 2061 2619; x_wconf 82' lang='lat' dir='ltr'><strong>excessisse</strong></span> <span class='ocrx_word' id='word_1_298' title='bbox 2090 2563 2188 2619; x_wconf 91' lang='lat' dir='ltr'><strong>do-</strong></span> 
     </span>
    </p>
   </div>
   <div class='ocr_carea' id='block_1_39' title="bbox 590 2655 2191 2730">
    <p class='ocr_par' dir='ltr' id='par_1_39' title="bbox 590 2655 2191 2730">
     <span class='ocr_line' id='line_1_39' title="bbox 590 2655 2191 2730; baseline -0.002 -16"><span class='ocrx_word' id='word_1_299' title='bbox 590 2668 717 2715; x_wconf 87' lang='lat' dir='ltr'><strong>cent</strong></span> <span class='ocrx_word' id='word_1_300' title='bbox 762 2659 855 2730; x_wconf 90' lang='lat' dir='ltr'><strong>qui</strong></span> <span class='ocrx_word' id='word_1_301' title='bbox 902 2658 971 2713; x_wconf 87' lang='lat' dir='ltr'><strong>de</strong></span> <span class='ocrx_word' id='word_1_302' title='bbox 1020 2659 1140 2728; x_wconf 91' lang='lat' dir='ltr'><strong>ipso</strong></span> <span class='ocrx_word' id='word_1_303' title='bbox 1183 2658 1468 2729; x_wconf 90' lang='lat' dir='ltr'><strong>scripsere.</strong></span> <span class='ocrx_word' id='word_1_304' title='bbox 1519 2655 1732 2728; x_wconf 86' lang='lat' dir='ltr'><strong>Cyriaci</strong></span> <span class='ocrx_word' id='word_1_305' title='bbox 1776 2657 2111 2711; x_wconf 90' lang='lat' dir='ltr'><strong>successoris</strong></span> <span class='ocrx_word' id='word_1_306' title='bbox 2140 2656 2191 2711; x_wconf 92' lang='lat' dir='ltr'><strong>ei</strong></span> 
     </span>
    </p>
   </div>
   <div class='ocr_carea' id='block_1_40' title="bbox 588 2748 2189 2826">
    <p class='ocr_par' dir='ltr' id='par_1_40' title="bbox 588 2748 2189 2826">
     <span class='ocr_line' id='line_1_40' title="bbox 588 2748 2189 2826; baseline -0.004 -16"><span class='ocrx_word' id='word_1_307' title='bbox 588 2755 701 2810; x_wconf 90' lang='lat' dir='ltr'><strong>dati</strong></span> <span class='ocrx_word' id='word_1_308' title='bbox 749 2753 1063 2826; x_wconf 89' lang='lat' dir='ltr'><strong>synodicam</strong></span> <span class='ocrx_word' id='word_1_309' title='bbox 1103 2753 1389 2825; x_wconf 89' lang='lat' dir='ltr'><strong>epistolam</strong></span> <span class='ocrx_word' id='word_1_310' title='bbox 1420 2752 1625 2822; x_wconf 86' lang='lat' dir='ltr'><strong>recepit</strong></span> <span class='ocrx_word' id='word_1_311' title='bbox 1654 2750 1871 2822; x_wconf 91' lang='lat' dir='ltr'><strong>quidem</strong></span> <span class='ocrx_word' id='word_1_312' title='bbox 1900 2748 2189 2820; x_wconf 88' lang='lat' dir='ltr'><strong>sapientis-</strong></span> 
     </span>
    </p>
   </div>
   <div class='ocr_carea' id='block_1_41' title="bbox 587 2841 2187 2920">
    <p class='ocr_par' dir='ltr' id='par_1_41' title="bbox 587 2841 2187 2920">
     <span class='ocr_line' id='line_1_41' title="bbox 587 2841 2187 2920; baseline -0.008 -14"><span class='ocrx_word' id='word_1_313' title='bbox 587 2852 756 2906; x_wconf 90' lang='lat' dir='ltr'><strong>simus</strong></span> <span class='ocrx_word' id='word_1_314' title='bbox 782 2865 954 2920; x_wconf 91' lang='lat' dir='ltr'><strong>papa;</strong></span> <span class='ocrx_word' id='word_1_315' title='bbox 987 2864 1111 2906; x_wconf 92' lang='lat' dir='ltr'><strong>eum</strong></span> <span class='ocrx_word' id='word_1_316' title='bbox 1141 2856 1323 2904; x_wconf 90' lang='lat' dir='ltr'><strong>tamen</strong></span> <span class='ocrx_word' id='word_1_317' title='bbox 1353 2848 1635 2905; x_wconf 90' lang='lat' dir='ltr'><strong>admonuit</strong></span> <span class='ocrx_word' id='word_1_318' title='bbox 1665 2845 1825 2920; x_wconf 89' lang='lat' dir='ltr'><strong>(Lib.</strong></span> <span class='ocrx_word' id='word_1_319' title='bbox 1858 2862 1951 2911; x_wconf 87' lang='lat' dir='ltr'><strong>vn,</strong></span> <span class='ocrx_word' id='word_1_320' title='bbox 1981 2861 2064 2913; x_wconf 85' lang='lat' dir='ltr'><strong>ep.</strong></span> <span class='ocrx_word' id='word_1_321' title='bbox 2098 2841 2187 2913; x_wconf 74' lang='lat'><strong>4),</strong></span> 
     </span>
    </p>
   </div>
   <div class='ocr_carea' id='block_1_42' title="bbox 588 2938 2190 3012">
    <p class='ocr_par' dir='ltr' id='par_1_42' title="bbox 588 2938 2190 3012">
     <span class='ocr_line' id='line_1_42' title="bbox 588 2938 2190 3012; baseline -0.003 -16"><span class='ocrx_word' id='word_1_322' title='bbox 588 2948 649 2996; x_wconf 91' lang='lat' dir='ltr'><strong>ut</strong></span> <span class='ocrx_word' id='word_1_323' title='bbox 673 2938 957 3012; x_wconf 90' lang='lat' dir='ltr'><strong>profanum</strong></span> <span class='ocrx_word' id='word_1_324' title='bbox 987 2954 1185 2996; x_wconf 89' lang='lat' dir='ltr'><strong>nomen</strong></span> <span class='ocrx_word' id='word_1_325' title='bbox 1226 2940 1530 3010; x_wconf 83' lang='lat' dir='ltr'><strong>deponeret</strong></span> <span class='ocrx_word' id='word_1_326' title='bbox 1578 2947 1660 2994; x_wconf 91' lang='lat' dir='ltr'><strong>tot</strong></span> <span class='ocrx_word' id='word_1_327' title='bbox 1698 2938 2073 2994; x_wconf 90' lang='lat' dir='ltr'><strong>scandalorum</strong></span> <span class='ocrx_word' id='word_1_328' title='bbox 2104 2951 2190 2991; x_wconf 89' lang='lat' dir='ltr'><strong>se-</strong></span> 
     </span>
    </p>
   </div>
   <div class='ocr_carea' id='block_1_43' title="bbox 586 3028 2184 3104">
    <p class='ocr_par' dir='ltr' id='par_1_43' title="bbox 586 3028 2184 3104">
     <span class='ocr_line' id='line_1_43' title="bbox 586 3028 2184 3104; baseline -0.004 -17"><span class='ocrx_word' id='word_1_329' title='bbox 586 3030 896 3097; x_wconf 87' lang='lat' dir='ltr'><strong>minarium.</strong></span> <span class='ocrx_word' id='word_1_330' title='bbox 943 3031 1003 3088; x_wconf 92' lang='lat' dir='ltr'><strong>In</strong></span> <span class='ocrx_word' id='word_1_331' title='bbox 1041 3032 1275 3104; x_wconf 90' lang='lat' dir='ltr'><strong>epistola</strong></span> <span class='ocrx_word' id='word_1_332' title='bbox 1304 3032 1372 3087; x_wconf 90' lang='lat' dir='ltr'><strong>ad</strong></span> <span class='ocrx_word' id='word_1_333' title='bbox 1402 3031 1719 3087; x_wconf 85' lang='lat' dir='ltr'><strong>Mauricium</strong></span> <span class='ocrx_word' id='word_1_334' title='bbox 1751 3032 1953 3101; x_wconf 90' lang='lat' dir='ltr'><strong>scripta</strong></span> <span class='ocrx_word' id='word_1_335' title='bbox 1986 3028 2184 3101; x_wconf 86' lang='lat' dir='ltr'><strong>(Ibid.,</strong></span> 
     </span>
    </p>
   </div>
   <div class='ocr_carea' id='block_1_44' title="bbox 584 3121 2181 3198">
    <p class='ocr_par' dir='ltr' id='par_1_44' title="bbox 584 3121 2181 3198">
     <span class='ocr_line' id='line_1_44' title="bbox 584 3121 2181 3198; baseline -0.004 -17"><span class='ocrx_word' id='word_1_336' title='bbox 584 3142 669 3197; x_wconf 85' lang='lat' dir='ltr'><strong>ep.</strong></span> <span class='ocrx_word' id='word_1_337' title='bbox 694 3124 779 3196; x_wconf 87' lang='lat'><strong>6),</strong></span> <span class='ocrx_word' id='word_1_338' title='bbox 803 3124 857 3180; x_wconf 90' lang='lat' dir='ltr'><strong>in</strong></span> <span class='ocrx_word' id='word_1_339' title='bbox 878 3140 985 3195; x_wconf 92' lang='lat' dir='ltr'><strong>qua</strong></span> <span class='ocrx_word' id='word_1_340' title='bbox 1014 3125 1081 3181; x_wconf 90' lang='lat' dir='ltr'><strong>de</strong></span> <span class='ocrx_word' id='word_1_341' title='bbox 1100 3123 1314 3198; x_wconf 85' lang='lat' dir='ltr'><strong>Cyriaci</strong></span> <span class='ocrx_word' id='word_1_342' title='bbox 1336 3125 1601 3180; x_wconf 91' lang='lat' dir='ltr'><strong>electione</strong></span> <span class='ocrx_word' id='word_1_343' title='bbox 1627 3125 1831 3194; x_wconf 88' lang='lat' dir='ltr'><strong>gratias</strong></span> <span class='ocrx_word' id='word_1_344' title='bbox 1860 3124 1990 3192; x_wconf 87' lang='lat' dir='ltr'><strong>agit,</strong></span> <span class='ocrx_word' id='word_1_345' title='bbox 2014 3121 2181 3177; x_wconf 86' lang='lat' dir='ltr'><strong>Joan-</strong></span> 
     </span>
    </p>
   </div>
   <div class='ocr_carea' id='block_1_45' title="bbox 586 3214 2186 3290">
    <p class='ocr_par' dir='ltr' id='par_1_45' title="bbox 586 3214 2186 3290">
     <span class='ocr_line' id='line_1_45' title="bbox 586 3214 2186 3290; baseline -0.001 -17"><span class='ocrx_word' id='word_1_346' title='bbox 586 3234 709 3274; x_wconf 89' lang='lat' dir='ltr'><strong>nem</strong></span> <span class='ocrx_word' id='word_1_347' title='bbox 738 3227 941 3274; x_wconf 70' lang='lat' dir='ltr'><strong>sanctae</strong></span> <span class='ocrx_word' id='word_1_348' title='bbox 962 3220 1239 3274; x_wconf 86' lang='lat' dir='ltr'><strong>memoriae</strong></span> <span class='ocrx_word' id='word_1_349' title='bbox 1262 3218 1576 3290; x_wconf 90' lang='lat' dir='ltr'><strong>episcopum</strong></span> <span class='ocrx_word' id='word_1_350' title='bbox 1605 3217 1859 3289; x_wconf 87' lang='lat' dir='ltr'><strong>appellat,</strong></span> <span class='ocrx_word' id='word_1_351' title='bbox 1884 3214 2027 3285; x_wconf 89' lang='lat' dir='ltr'><strong>quod</strong></span> <span class='ocrx_word' id='word_1_352' title='bbox 2054 3214 2186 3271; x_wconf 89' lang='lat' dir='ltr'><strong>satis</strong></span> 
     </span>
    </p>
   </div>
   <div class='ocr_carea' id='block_1_46' title="bbox 584 3308 2187 3381">
    <p class='ocr_par' dir='ltr' id='par_1_46' title="bbox 584 3308 2187 3381">
     <span class='ocr_line' id='line_1_46' title="bbox 584 3308 2187 3381; baseline -0.002 -15"><span class='ocrx_word' id='word_1_353' title='bbox 584 3310 781 3381; x_wconf 88' lang='lat' dir='ltr'><strong>probat</strong></span> <span class='ocrx_word' id='word_1_354' title='bbox 800 3325 924 3365; x_wconf 91' lang='lat' dir='ltr'><strong>eum</strong></span> <span class='ocrx_word' id='word_1_355' title='bbox 945 3324 1218 3380; x_wconf 92' lang='lat' dir='ltr'><strong>nunquam</strong></span> <span class='ocrx_word' id='word_1_356' title='bbox 1240 3326 1272 3365; x_wconf 92' lang='lat' dir='ltr'><strong>a</strong></span> <span class='ocrx_word' id='word_1_357' title='bbox 1309 3310 1452 3365; x_wconf 89' lang='lat' dir='ltr'><strong>sedis</strong></span> <span class='ocrx_word' id='word_1_358' title='bbox 1472 3309 1786 3380; x_wconf 66' lang='lat' dir='ltr'><strong>apostolicae</strong></span> <span class='ocrx_word' id='word_1_359' title='bbox 1806 3308 2187 3364; x_wconf 90' lang='lat' dir='ltr'><strong>communione</strong></span> 
     </span>
    </p>
   </div>
   <div class='ocr_carea' id='block_1_47' title="bbox 586 3399 2187 3474">
    <p class='ocr_par' dir='ltr' id='par_1_47' title="bbox 586 3399 2187 3474">
     <span class='ocr_line' id='line_1_47' title="bbox 586 3399 2187 3474; baseline -0.001 -18"><span class='ocrx_word' id='word_1_360' title='bbox 586 3402 756 3458; x_wconf 92' lang='lat' dir='ltr'><strong>fuisse</strong></span> <span class='ocrx_word' id='word_1_361' title='bbox 781 3412 807 3439; x_wconf 74' lang='grc' dir='ltr'>τι</span> <span class='ocrx_word' id='word_1_362' title='bbox 838 3401 1124 3472; x_wconf 78' lang='lat' dir='ltr'><strong>reiectum.</strong></span> <span class='ocrx_word' id='word_1_363' title='bbox 1156 3402 1457 3474; x_wconf 90' lang='lat' dir='ltr'><strong>Imperator</strong></span> <span class='ocrx_word' id='word_1_364' title='bbox 1502 3404 1571 3458; x_wconf 91' lang='lat' dir='ltr'><strong>de</strong></span> <span class='ocrx_word' id='word_1_365' title='bbox 1615 3416 1933 3464; x_wconf 89' lang='lat' dir='ltr'><strong>successore</strong></span> <span class='ocrx_word' id='word_1_366' title='bbox 1962 3399 2187 3457; x_wconf 89' lang='lat' dir='ltr'><strong>Joannis</strong></span> 
     </span>
    </p>
   </div>
   <div class='ocr_carea' id='block_1_48' title="bbox 584 3492 2185 3566">
    <p class='ocr_par' dir='ltr' id='par_1_48' title="bbox 584 3492 2185 3566">
     <span class='ocr_line' id='line_1_48' title="bbox 584 3492 2185 3566; baseline -0.001 -16"><span class='ocrx_word' id='word_1_367' title='bbox 584 3494 677 3550; x_wconf 91' lang='lat' dir='ltr'><strong>diu</strong></span> <span class='ocrx_word' id='word_1_368' title='bbox 708 3494 1139 3561; x_wconf 85' lang='lat' dir='ltr'><strong>deliberaverat;</strong></span> <span class='ocrx_word' id='word_1_369' title='bbox 1194 3495 1337 3550; x_wconf 88' lang='lat' dir='ltr'><strong>unde</strong></span> <span class='ocrx_word' id='word_1_370' title='bbox 1379 3511 1489 3551; x_wconf 91' lang='lat' dir='ltr'><strong>non</strong></span> <span class='ocrx_word' id='word_1_371' title='bbox 1534 3495 1728 3551; x_wconf 92' lang='lat' dir='ltr'><strong>mirum</strong></span> <span class='ocrx_word' id='word_1_372' title='bbox 1779 3502 1864 3549; x_wconf 89' lang='lat' dir='ltr'><strong>est</strong></span> <span class='ocrx_word' id='word_1_373' title='bbox 1900 3492 2185 3566; x_wconf 89' lang='lat' dir='ltr'><strong>Cyriacum</strong></span> 
     </span>
    </p>
   </div>
   <div class='ocr_carea' id='block_1_49' title="bbox 585 3584 2183 3658">
    <p class='ocr_par' dir='ltr' id='par_1_49' title="bbox 585 3584 2183 3658">
     <span class='ocr_line' id='line_1_49' title="bbox 585 3584 2183 3658; baseline 0 -19"><span class='ocrx_word' id='word_1_374' title='bbox 585 3584 831 3655; x_wconf 90' lang='lat' dir='ltr'><strong>tardius,</strong></span> <span class='ocrx_word' id='word_1_375' title='bbox 877 3586 1088 3655; x_wconf 84' lang='lat' dir='ltr'><strong>integro</strong></span> <span class='ocrx_word' id='word_1_376' title='bbox 1142 3586 1305 3642; x_wconf 89' lang='lat' dir='ltr'><strong>etiam</strong></span> <span class='ocrx_word' id='word_1_377' title='bbox 1362 3602 1503 3644; x_wconf 89' lang='lat' dir='ltr'><strong>anno</strong></span> <span class='ocrx_word' id='word_1_378' title='bbox 1554 3586 1771 3658; x_wconf 91' lang='lat' dir='ltr'><strong>elapso,</strong></span> <span class='ocrx_word' id='word_1_379' title='bbox 1814 3586 1979 3641; x_wconf 90' lang='lat' dir='ltr'><strong>fuisse</strong></span> <span class='ocrx_word' id='word_1_380' title='bbox 2034 3585 2183 3640; x_wconf 83' lang='lat' dir='ltr'><strong>ordi-</strong></span> 
     </span>
    </p>
   </div>
   <div class='ocr_carea' id='block_1_50' title="bbox 588 3684 799 3735">
    <p class='ocr_par' dir='ltr' id='par_1_50' title="bbox 588 3684 799 3735">
     <span class='ocr_line' id='line_1_50' title="bbox 588 3684 799 3735; baseline 0.019 -4"><span class='ocrx_word' id='word_1_381' title='bbox 588 3684 799 3735; x_wconf 89' lang='lat' dir='ltr'><strong>natum.</strong></span> 
     </span>
    </p>
   </div>
   <div class='ocr_carea' id='block_1_51' title="bbox 658 3768 2181 3842">
    <p class='ocr_par' dir='ltr' id='par_1_51' title="bbox 658 3768 2181 3842">
     <span class='ocr_line' id='line_1_51' title="bbox 658 3768 2181 3842; baseline -0.001 -18"><span class='ocrx_word' id='word_1_382' title='bbox 658 3768 748 3826; x_wconf 72' lang='grc' dir='ltr'><strong>16τ</strong></span> <span class='ocrx_word' id='word_1_383' title='bbox 789 3768 959 3826; x_wconf 89' lang='lat' dir='ltr'><strong>Paulo</strong></span> <span class='ocrx_word' id='word_1_384' title='bbox 1009 3769 1353 3842; x_wconf 73' lang='lat' dir='ltr'><strong>post&#39;sancti</strong></span> <span class='ocrx_word' id='word_1_385' title='bbox 1400 3769 1646 3840; x_wconf 87' lang='lat' dir='ltr'><strong>Gregorii</strong></span> <span class='ocrx_word' id='word_1_386' title='bbox 1676 3769 1960 3824; x_wconf 89' lang='lat' dir='ltr'><strong>transitum</strong></span> <span class='ocrx_word' id='word_1_387' title='bbox 1991 3768 2060 3823; x_wconf 92' lang='lat' dir='ltr'><strong>ad</strong></span> <span class='ocrx_word' id='word_1_388' title='bbox 2087 3783 2181 3824; x_wconf 92' lang='lat' dir='ltr'><strong>su-</strong></span> 
     </span>
    </p>
   </div>
   <div class='ocr_carea' id='block_1_52' title="bbox 583 3860 2179 3934">
    <p class='ocr_par' dir='ltr' id='par_1_52' title="bbox 583 3860 2179 3934">
     <span class='ocr_line' id='line_1_52' title="bbox 583 3860 2179 3934; baseline 0 -17"><span class='ocrx_word' id='word_1_389' title='bbox 583 3876 775 3933; x_wconf 88' lang='lat' dir='ltr'><strong>peros,</strong></span> <span class='ocrx_word' id='word_1_390' title='bbox 814 3860 1123 3920; x_wconf 86' lang='lat' dir='ltr'><strong>Bonifacius</strong></span> <span class='ocrx_word' id='word_1_391' title='bbox 1170 3864 1363 3919; x_wconf 88' lang='lat' dir='ltr'><strong>tertius</strong></span> <span class='ocrx_word' id='word_1_392' title='bbox 1409 3864 1501 3934; x_wconf 93' lang='lat' dir='ltr'><strong>qui</strong></span> <span class='ocrx_word' id='word_1_393' title='bbox 1542 3864 1609 3918; x_wconf 90' lang='lat' dir='ltr'><strong>ab</strong></span> <span class='ocrx_word' id='word_1_394' title='bbox 1652 3863 1770 3934; x_wconf 89' lang='lat' dir='ltr'><strong>ipso</strong></span> <span class='ocrx_word' id='word_1_395' title='bbox 1820 3862 1892 3917; x_wconf 85' lang='lat' dir='ltr'><strong>ad</strong></span> <span class='ocrx_word' id='word_1_396' title='bbox 1940 3862 2179 3918; x_wconf 88' lang='lat' dir='ltr'><strong>Pbocam</strong></span> 
     </span>
    </p>
   </div>
   <div class='ocr_carea' id='block_1_53' title="bbox 581 3954 2180 4027">
    <p class='ocr_par' dir='ltr' id='par_1_53' title="bbox 581 3954 2180 4027">
     <span class='ocr_line' id='line_1_53' title="bbox 581 3954 2180 4027; baseline -0.001 -17"><span class='ocrx_word' id='word_1_397' title='bbox 581 3954 966 4025; x_wconf 88' lang='lat' dir='ltr'><strong>imperatorem</strong></span> <span class='ocrx_word' id='word_1_398' title='bbox 1020 3956 1404 4027; x_wconf 88' lang='lat' dir='ltr'><strong>apocrisiarius</strong></span> <span class='ocrx_word' id='word_1_399' title='bbox 1449 3955 1626 4010; x_wconf 85' lang='lat' dir='ltr'><strong>fuerat</strong></span> <span class='ocrx_word' id='word_1_400' title='bbox 1670 3955 1900 4016; x_wconf 85' lang='lat' dir='ltr'><strong>missus,</strong></span> <span class='ocrx_word' id='word_1_401' title='bbox 1947 3969 2180 4023; x_wconf 89' lang='lat' dir='ltr'><strong>eumque</strong></span> 
     </span>
    </p>
   </div>
   <div class='ocr_carea' id='block_1_54' title="bbox 582 4045 2179 4117">
    <p class='ocr_par' dir='ltr' id='par_1_54' title="bbox 582 4045 2179 4117">
     <span class='ocr_line' id='line_1_54' title="bbox 582 4045 2179 4117; baseline -0.001 -17"><span class='ocrx_word' id='word_1_402' title='bbox 582 4046 686 4101; x_wconf 90' lang='lat' dir='ltr'><strong>sibi</strong></span> <span class='ocrx_word' id='word_1_403' title='bbox 716 4045 1078 4113; x_wconf 90' lang='lat' dir='ltr'><strong>demeruerat,</strong></span> <span class='ocrx_word' id='word_1_404' title='bbox 1101 4047 1129 4086; x_wconf 70' lang='grc' dir='ltr'>δ</span> <span class='ocrx_word' id='word_1_405' title='bbox 1152 4046 1220 4102; x_wconf 86' lang='lat' dir='ltr'><strong>ab</strong></span> <span class='ocrx_word' id='word_1_406' title='bbox 1250 4062 1316 4102; x_wconf 91' lang='lat' dir='ltr'><strong>eo</strong></span> <span class='ocrx_word' id='word_1_407' title='bbox 1344 4046 1655 4117; x_wconf 91' lang='lat' dir='ltr'><strong>impetravit</strong></span> <span class='ocrx_word' id='word_1_408' title='bbox 1682 4046 2041 4115; x_wconf 87' lang='lat' dir='ltr'><strong>sanctionem,</strong></span> <span class='ocrx_word' id='word_1_409' title='bbox 2071 4061 2179 4116; x_wconf 89' lang='lat' dir='ltr'><strong>qua</strong></span> 
     </span>
    </p>
   </div>
   <div class='ocr_carea' id='block_1_55' title="bbox 579 4137 2179 4211">
    <p class='ocr_par' dir='ltr' id='par_1_55' title="bbox 579 4137 2179 4211">
     <span class='ocr_line' id='line_1_55' title="bbox 579 4137 2179 4211; baseline -0.002 -16"><span class='ocrx_word' id='word_1_410' title='bbox 579 4139 872 4195; x_wconf 83' lang='lat' dir='ltr'><strong>cavebatur</strong></span> <span class='ocrx_word' id='word_1_411' title='bbox 899 4155 969 4197; x_wconf 89' lang='lat' dir='ltr'><strong>ne</strong></span> <span class='ocrx_word' id='word_1_412' title='bbox 998 4142 1051 4196; x_wconf 93' lang='lat' dir='ltr'><strong>in</strong></span> <span class='ocrx_word' id='word_1_413' title='bbox 1095 4148 1370 4211; x_wconf 90' lang='lat' dir='ltr'><strong>posterum</strong></span> <span class='ocrx_word' id='word_1_414' title='bbox 1413 4139 1692 4211; x_wconf 83' lang='lat' dir='ltr'><strong>Cyriacus,</strong></span> <span class='ocrx_word' id='word_1_415' title='bbox 1724 4140 1811 4194; x_wconf 89' lang='lat' dir='ltr'><strong>cui</strong></span> <span class='ocrx_word' id='word_1_416' title='bbox 1841 4137 2049 4194; x_wconf 89' lang='lat' dir='ltr'><strong>Phocas</strong></span> <span class='ocrx_word' id='word_1_417' title='bbox 2099 4138 2179 4192; x_wconf 89' lang='lat' dir='ltr'><strong>in-</strong></span> 
     </span>
    </p>
   </div>
   <div class='ocr_carea' id='block_1_56' title="bbox 580 4230 2178 4302">
    <p class='ocr_par' dir='ltr' id='par_1_56' title="bbox 580 4230 2178 4302">
     <span class='ocr_line' id='line_1_56' title="bbox 580 4230 2178 4302; baseline 0.001 -17"><span class='ocrx_word' id='word_1_418' title='bbox 580 4230 764 4287; x_wconf 88' lang='lat' dir='ltr'><strong>fensus</strong></span> <span class='ocrx_word' id='word_1_419' title='bbox 793 4240 931 4298; x_wconf 90' lang='lat' dir='ltr'><strong>erat,</strong></span> <span class='ocrx_word' id='word_1_420' title='bbox 966 4240 1059 4288; x_wconf 89' lang='lat' dir='ltr'><strong>aut</strong></span> <span class='ocrx_word' id='word_1_421' title='bbox 1087 4233 1177 4287; x_wconf 88' lang='lat' dir='ltr'><strong>alii</strong></span> <span class='ocrx_word' id='word_1_422' title='bbox 1220 4232 1474 4302; x_wconf 82' lang='lat' dir='ltr'><strong>deinceps</strong></span> <span class='ocrx_word' id='word_1_423' title='bbox 1517 4231 1623 4288; x_wconf 76' lang='grc' dir='ltr'>ΟΡ.</span> <span class='ocrx_word' id='word_1_424' title='bbox 1654 4230 1993 4302; x_wconf 74' lang='lat' dir='ltr'><strong>patriarchm,</strong></span> <span class='ocrx_word' id='word_1_425' title='bbox 2027 4247 2178 4287; x_wconf 85' lang='lat' dir='ltr'><strong>oecu-</strong></span> 
     </span>
    </p>
   </div>
   <div class='ocr_carea' id='block_1_57' title="bbox 578 4322 2176 4393">
    <p class='ocr_par' dir='ltr' id='par_1_57' title="bbox 578 4322 2176 4393">
     <span class='ocr_line' id='line_1_57' title="bbox 578 4322 2176 4393; baseline 0.001 -16"><span class='ocrx_word' id='word_1_426' title='bbox 578 4322 822 4378; x_wconf 90' lang='lat' dir='ltr'><strong>menicos</strong></span> <span class='ocrx_word' id='word_1_427' title='bbox 841 4323 984 4378; x_wconf 88' lang='lat' dir='ltr'><strong>ultra</strong></span> <span class='ocrx_word' id='word_1_428' title='bbox 995 4339 1055 4379; x_wconf 90' lang='lat' dir='ltr'><strong>se</strong></span> <span class='ocrx_word' id='word_1_429' title='bbox 1070 4323 1471 4393; x_wconf 88' lang='lat' dir='ltr'><strong>proliterentur.</strong></span> <span class='ocrx_word' id='word_1_430' title='bbox 1499 4324 1598 4379; x_wconf 91' lang='lat' dir='ltr'><strong>Diu</strong></span> <span class='ocrx_word' id='word_1_431' title='bbox 1621 4333 1799 4379; x_wconf 92' lang='lat' dir='ltr'><strong>tamen</strong></span> <span class='ocrx_word' id='word_1_432' title='bbox 1821 4325 1937 4380; x_wconf 69' lang='lat' dir='ltr'><strong>haec</strong></span> <span class='ocrx_word' id='word_1_433' title='bbox 1956 4325 2043 4379; x_wconf 86' lang='lat' dir='ltr'><strong>lex</strong></span> <span class='ocrx_word' id='word_1_434' title='bbox 2069 4339 2176 4379; x_wconf 92' lang='lat' dir='ltr'><strong>non</strong></span> 
     </span>
    </p>
   </div>
   <div class='ocr_carea' id='block_1_58' title="bbox 578 4414 2175 4489">
    <p class='ocr_par' dir='ltr' id='par_1_58' title="bbox 578 4414 2175 4489">
     <span class='ocr_line' id='line_1_58' title="bbox 578 4414 2175 4489; baseline 0 -18"><span class='ocrx_word' id='word_1_435' title='bbox 578 4414 779 4484; x_wconf 88' lang='lat' dir='ltr'><strong>viguit;</strong></span> <span class='ocrx_word' id='word_1_436' title='bbox 811 4430 937 4471; x_wconf 88' lang='lat' dir='ltr'><strong>nam</strong></span> <span class='ocrx_word' id='word_1_437' title='bbox 967 4416 1023 4471; x_wconf 90' lang='lat' dir='ltr'><strong>in</strong></span> <span class='ocrx_word' id='word_1_438' title='bbox 1052 4417 1272 4489; x_wconf 86' lang='lat' dir='ltr'><strong>synodis</strong></span> <span class='ocrx_word' id='word_1_439' title='bbox 1301 4417 1641 4486; x_wconf 87' lang='lat' dir='ltr'><strong>generalibus</strong></span> <span class='ocrx_word' id='word_1_440' title='bbox 1680 4426 1833 4472; x_wconf 81' lang='lat' dir='ltr'><strong>sexta</strong></span> <span class='ocrx_word' id='word_1_441' title='bbox 1864 4424 1920 4472; x_wconf 91' lang='lat' dir='ltr'><strong>et</strong></span> <span class='ocrx_word' id='word_1_442' title='bbox 1947 4417 2175 4487; x_wconf 88' lang='lat' dir='ltr'><strong>septima</strong></span> 
     </span>
    </p>
   </div>
   <div class='ocr_carea' id='block_1_59' title="bbox 578 4507 2173 4577">
    <p class='ocr_par' dir='ltr' id='par_1_59' title="bbox 578 4507 2173 4577">
     <span class='ocr_line' id='line_1_59' title="bbox 578 4507 2173 4577; baseline 0 -15"><span class='ocrx_word' id='word_1_443' title='bbox 578 4507 683 4563; x_wconf 88' lang='lat' dir='ltr'><strong>hoc</strong></span> <span class='ocrx_word' id='word_1_444' title='bbox 725 4507 928 4577; x_wconf 87' lang='lat' dir='ltr'><strong>titulo,</strong></span> <span class='ocrx_word' id='word_1_445' title='bbox 960 4523 1071 4563; x_wconf 92' lang='lat' dir='ltr'><strong>non</strong></span> <span class='ocrx_word' id='word_1_446' title='bbox 1117 4523 1275 4564; x_wconf 87' lang='lat' dir='ltr'><strong>secus</strong></span> <span class='ocrx_word' id='word_1_447' title='bbox 1317 4524 1381 4563; x_wconf 92' lang='lat' dir='ltr'><strong>ac</strong></span> <span class='ocrx_word' id='word_1_448' title='bbox 1412 4507 1640 4564; x_wconf 82' lang='lat' dir='ltr'><strong>Romani</strong></span> <span class='ocrx_word' id='word_1_449' title='bbox 1684 4508 2004 4577; x_wconf 89' lang='lat' dir='ltr'><strong>pontilices,</strong></span> <span class='ocrx_word' id='word_1_450' title='bbox 2044 4508 2173 4564; x_wconf 88' lang='lat' dir='ltr'><strong>insi-</strong></span> 
     </span>
    </p>
   </div>
   <div class='ocr_carea' id='block_1_60' title="bbox 577 4598 2171 4670">
    <p class='ocr_par' dir='ltr' id='par_1_60' title="bbox 577 4598 2171 4670">
     <span class='ocr_line' id='line_1_60' title="bbox 577 4598 2171 4670; baseline 0.001 -17"><span class='ocrx_word' id='word_1_451' title='bbox 577 4599 855 4668; x_wconf 88' lang='lat' dir='ltr'><strong>gniuntur,</strong></span> <span class='ocrx_word' id='word_1_452' title='bbox 879 4599 1082 4670; x_wconf 85' lang='lat' dir='ltr'><strong>illoque</strong></span> <span class='ocrx_word' id='word_1_453' title='bbox 1110 4599 1307 4670; x_wconf 90' lang='lat' dir='ltr'><strong>gaudet</strong></span> <span class='ocrx_word' id='word_1_454' title='bbox 1334 4599 1510 4655; x_wconf 89' lang='lat' dir='ltr'><strong>adhuc</strong></span> <span class='ocrx_word' id='word_1_455' title='bbox 1539 4598 2171 4668; x_wconf 87' lang='lat' dir='ltr'><strong>Constantinopolitanus</strong></span> 
     </span>
    </p>
   </div>
   <div class='ocr_carea' id='block_1_61' title="bbox 579 4693 830 4749">
    <p class='ocr_par' dir='ltr' id='par_1_61' title="bbox 579 4693 830 4749">
     <span class='ocr_line' id='line_1_61' title="bbox 579 4693 830 4749; baseline 0.008 -2"><span class='ocrx_word' id='word_1_456' title='bbox 579 4693 830 4749; x_wconf 89' lang='lat' dir='ltr'><strong>antistes.</strong></span> 
     </span>
    </p>
   </div>
   <div class='ocr_carea' id='block_1_62' title="bbox 648 4780 2171 4855">
    <p class='ocr_par' dir='ltr' id='par_1_62' title="bbox 648 4780 2171 4855">
     <span class='ocr_line' id='line_1_62' title="bbox 648 4780 2171 4855; baseline 0 -18"><span class='ocrx_word' id='word_1_457' title='bbox 648 4782 726 4838; x_wconf 90' lang='lat' dir='ltr'><strong>De</strong></span> <span class='ocrx_word' id='word_1_458' title='bbox 767 4782 856 4837; x_wconf 90' lang='lat' dir='ltr'><strong>illa</strong></span> <span class='ocrx_word' id='word_1_459' title='bbox 883 4797 1021 4839; x_wconf 90' lang='lat' dir='ltr'><strong>voce</strong></span> <span class='ocrx_word' id='word_1_460' title='bbox 1063 4783 1318 4855; x_wconf 91' lang='lat' dir='ltr'><strong>contigit,</strong></span> <span class='ocrx_word' id='word_1_461' title='bbox 1358 4782 1504 4853; x_wconf 89' lang='lat' dir='ltr'><strong>quod</strong></span> <span class='ocrx_word' id='word_1_462' title='bbox 1550 4780 1619 4836; x_wconf 88' lang='lat' dir='ltr'><strong>de</strong></span> <span class='ocrx_word' id='word_1_463' title='bbox 1657 4780 1840 4837; x_wconf 91' lang='lat' dir='ltr'><strong>multis</strong></span> <span class='ocrx_word' id='word_1_464' title='bbox 1883 4780 2003 4836; x_wconf 90' lang='lat' dir='ltr'><strong>aliis</strong></span> <span class='ocrx_word' id='word_1_465' title='bbox 2051 4796 2171 4851; x_wconf 71' lang='lat' dir='ltr'><strong>qua:</strong></span> 
     </span>
    </p>
   </div>
   <div class='ocr_carea' id='block_1_63' title="bbox 575 4871 2170 4944">
    <p class='ocr_par' dir='ltr' id='par_1_63' title="bbox 575 4871 2170 4944">
     <span class='ocr_line' id='line_1_63' title="bbox 575 4871 2170 4944; baseline 0.001 -17"><span class='ocrx_word' id='word_1_466' title='bbox 575 4873 756 4928; x_wconf 81' lang='lat' dir='ltr'><strong>statim</strong></span> <span class='ocrx_word' id='word_1_467' title='bbox 786 4872 858 4929; x_wconf 85' lang='lat' dir='ltr'><strong>ob</strong></span> <span class='ocrx_word' id='word_1_468' title='bbox 884 4874 1179 4930; x_wconf 90' lang='lat' dir='ltr'><strong>novitatem</strong></span> <span class='ocrx_word' id='word_1_469' title='bbox 1220 4874 1537 4944; x_wconf 67' lang='lat' dir='ltr'><strong>periculosa:</strong></span> <span class='ocrx_word' id='word_1_470' title='bbox 1562 4873 1690 4928; x_wconf 74' lang='lat' dir='ltr'><strong>visa:</strong></span> <span class='ocrx_word' id='word_1_471' title='bbox 1731 4880 1859 4927; x_wconf 89' lang='lat' dir='ltr'><strong>sunt</strong></span> <span class='ocrx_word' id='word_1_472' title='bbox 1886 4880 1939 4927; x_wconf 91' lang='lat' dir='ltr'><strong>et</strong></span> <span class='ocrx_word' id='word_1_473' title='bbox 1969 4871 2170 4929; x_wconf 88' lang='lat' dir='ltr'><strong>idcirco</strong></span> 
     </span>
    </p>
   </div>
   <div class='ocr_carea' id='block_1_64' title="bbox 577 4962 2173 5035">
    <p class='ocr_par' dir='ltr' id='par_1_64' title="bbox 577 4962 2173 5035">
     <span class='ocr_line' id='line_1_64' title="bbox 577 4962 2173 5035; baseline 0.003 -20"><span class='ocrx_word' id='word_1_474' title='bbox 577 4962 915 5031; x_wconf 71' lang='lat' dir='ltr'><strong>rejiciendte,</strong></span> <span class='ocrx_word' id='word_1_475' title='bbox 956 4965 1215 5035; x_wconf 86' lang='lat' dir='ltr'><strong>paulatim</strong></span> <span class='ocrx_word' id='word_1_476' title='bbox 1243 4980 1408 5031; x_wconf 90' lang='lat' dir='ltr'><strong>vero,</strong></span> <span class='ocrx_word' id='word_1_477' title='bbox 1450 4980 1571 5020; x_wconf 89' lang='lat' dir='ltr'><strong>cum</strong></span> <span class='ocrx_word' id='word_1_478' title='bbox 1614 4979 1709 5021; x_wconf 89' lang='lat' dir='ltr'><strong>eas</strong></span> <span class='ocrx_word' id='word_1_479' title='bbox 1735 4978 1947 5021; x_wconf 88' lang='lat' dir='ltr'><strong>veneno</strong></span> <span class='ocrx_word' id='word_1_480' title='bbox 1984 4980 2173 5020; x_wconf 89' lang='lat' dir='ltr'><strong>carere</strong></span> 
     </span>
    </p>
   </div>
   <div class='ocr_carea' id='block_1_65' title="bbox 574 5053 2173 5128">
    <p class='ocr_par' dir='ltr' id='par_1_65' title="bbox 574 5053 2173 5128">
     <span class='ocr_line' id='line_1_65' title="bbox 574 5053 2173 5128; baseline 0.003 -20"><span class='ocrx_word' id='word_1_481' title='bbox 574 5062 632 5108; x_wconf 91' lang='lat' dir='ltr'><strong>et</strong></span> <span class='ocrx_word' id='word_1_482' title='bbox 676 5053 746 5109; x_wconf 82' lang='lat' dir='ltr'><strong>ad</strong></span> <span class='ocrx_word' id='word_1_483' title='bbox 788 5054 1085 5123; x_wconf 89' lang='lat' dir='ltr'><strong>legitimum</strong></span> <span class='ocrx_word' id='word_1_484' title='bbox 1131 5071 1351 5114; x_wconf 88' lang='lat' dir='ltr'><strong>sensum</strong></span> <span class='ocrx_word' id='word_1_485' title='bbox 1394 5055 1597 5113; x_wconf 82' lang='lat' dir='ltr'><strong>inﬂecti</strong></span> <span class='ocrx_word' id='word_1_486' title='bbox 1639 5071 1798 5128; x_wconf 88' lang='lat' dir='ltr'><strong>posse</strong></span> <span class='ocrx_word' id='word_1_487' title='bbox 1825 5056 2173 5126; x_wconf 82' lang='lat' dir='ltr'><strong>exploratum</strong></span> 
     </span>
    </p>
   </div>
   <div class='ocr_carea' id='block_1_66' title="bbox 574 5146 2172 5222">
    <p class='ocr_par' dir='ltr' id='par_1_66' title="bbox 574 5146 2172 5222">
     <span class='ocr_line' id='line_1_66' title="bbox 574 5146 2172 5222; baseline 0.003 -22"><span class='ocrx_word' id='word_1_488' title='bbox 574 5146 694 5213; x_wconf 87' lang='lat' dir='ltr'><strong>luit,</strong></span> <span class='ocrx_word' id='word_1_489' title='bbox 724 5146 792 5205; x_wconf 88' lang='lat' dir='ltr'><strong>iis</strong></span> <span class='ocrx_word' id='word_1_490' title='bbox 817 5146 1094 5204; x_wconf 82' lang='lat' dir='ltr'><strong>assueﬁeri</strong></span> <span class='ocrx_word' id='word_1_491' title='bbox 1123 5158 1382 5222; x_wconf 73' lang='lat' dir='ltr'><strong>emptum.</strong></span> <span class='ocrx_word' id='word_1_492' title='bbox 1438 5149 1625 5222; x_wconf 76' lang='lat' dir='ltr'><strong>Neque</strong></span> <span class='ocrx_word' id='word_1_493' title='bbox 1665 5158 1849 5206; x_wconf 90' lang='lat' dir='ltr'><strong>tamen</strong></span> <span class='ocrx_word' id='word_1_494' title='bbox 1876 5149 2172 5219; x_wconf 82' lang='lat' dir='ltr'><strong>vituperari</strong></span> 
     </span>
    </p>
   </div>
   <div class='ocr_carea' id='block_1_67' title="bbox 573 5240 2168 5315">
    <p class='ocr_par' dir='ltr' id='par_1_67' title="bbox 573 5240 2168 5315">
     <span class='ocr_line' id='line_1_67' title="bbox 573 5240 2168 5315; baseline 0.002 -19"><span class='ocrx_word' id='word_1_495' title='bbox 573 5241 734 5298; x_wconf 87' lang='lat' dir='ltr'><strong>debet</strong></span> <span class='ocrx_word' id='word_1_496' title='bbox 762 5240 895 5298; x_wconf 90' lang='lat' dir='ltr'><strong>illud</strong></span> <span class='ocrx_word' id='word_1_497' title='bbox 922 5240 1170 5313; x_wconf 88' lang='lat' dir='ltr'><strong>Gregorii</strong></span> <span class='ocrx_word' id='word_1_498' title='bbox 1205 5243 1442 5300; x_wconf 87' lang='lat' dir='ltr'><strong>studium</strong></span> <span class='ocrx_word' id='word_1_499' title='bbox 1472 5259 1581 5314; x_wconf 90' lang='lat' dir='ltr'><strong>quo</strong></span> <span class='ocrx_word' id='word_1_500' title='bbox 1606 5244 1729 5315; x_wconf 84' lang='lat' dir='ltr'><strong>voci</strong></span> <span class='ocrx_word' id='word_1_501' title='bbox 1757 5244 1965 5311; x_wconf 59' lang='lat' dir='ltr'><strong>dubia},</strong></span> <span class='ocrx_word' id='word_1_502' title='bbox 1994 5258 2168 5311; x_wconf 61' lang='lat' dir='ltr'><strong>novae,</strong></span> 
     </span>
    </p>
   </div>
   <div class='ocr_carea' id='block_1_68' title="bbox 571 5336 2175 5408">
    <p class='ocr_par' dir='ltr' id='par_1_68' title="bbox 571 5336 2175 5408">
     <span class='ocr_line' id='line_1_68' title="bbox 571 5336 2175 5408; baseline 0.001 -17"><span class='ocrx_word' id='word_1_503' title='bbox 571 5336 903 5408; x_wconf 68' lang='lat' dir='ltr'><strong>peregrinis,</strong></span> <span class='ocrx_word' id='word_1_504' title='bbox 933 5336 1129 5395; x_wconf 81' lang='lat' dir='ltr'><strong>fastum</strong></span> <span class='ocrx_word' id='word_1_505' title='bbox 1169 5339 1467 5408; x_wconf 88' lang='lat' dir='ltr'><strong>redolenti,</strong></span> <span class='ocrx_word' id='word_1_506' title='bbox 1496 5337 1787 5405; x_wconf 85' lang='lat' dir='ltr'><strong>multisque</strong></span> <span class='ocrx_word' id='word_1_507' title='bbox 1828 5338 2011 5408; x_wconf 85' lang='lat' dir='ltr'><strong>pravis</strong></span> <span class='ocrx_word' id='word_1_508' title='bbox 2048 5352 2175 5394; x_wconf 83' lang='lat' dir='ltr'><strong>sen-</strong></span> 
     </span>
    </p>
   </div>
   <div class='ocr_carea' id='block_1_69' title="bbox 572 5426 2173 5498">
    <p class='ocr_par' dir='ltr' id='par_1_69' title="bbox 572 5426 2173 5498">
     <span class='ocr_line' id='line_1_69' title="bbox 572 5426 2173 5498; baseline 0.002 -17"><span class='ocrx_word' id='word_1_509' title='bbox 572 5426 720 5482; x_wconf 88' lang='lat' dir='ltr'><strong>sibus</strong></span> <span class='ocrx_word' id='word_1_510' title='bbox 762 5436 820 5483; x_wconf 86' lang='lat' dir='ltr'><strong>et</strong></span> <span class='ocrx_word' id='word_1_511' title='bbox 856 5427 1244 5498; x_wconf 83' lang='lat' dir='ltr'><strong>signiﬁcatibus</strong></span> <span class='ocrx_word' id='word_1_512' title='bbox 1282 5429 1531 5485; x_wconf 60' lang='lat' dir='ltr'><strong>obnoxiae</strong></span> <span class='ocrx_word' id='word_1_513' title='bbox 1574 5426 1805 5483; x_wconf 90' lang='lat' dir='ltr'><strong>obstitit.</strong></span> <span class='ocrx_word' id='word_1_514' title='bbox 1852 5427 2012 5483; x_wconf 88' lang='lat' dir='ltr'><strong>Certe</strong></span> <span class='ocrx_word' id='word_1_515' title='bbox 2053 5442 2173 5484; x_wconf 87' lang='lat' dir='ltr'><strong>mo-</strong></span> 
     </span>
    </p>
   </div>
   <div class='ocr_carea' id='block_1_70' title="bbox 572 5519 2165 5592">
    <p class='ocr_par' dir='ltr' id='par_1_70' title="bbox 572 5519 2165 5592">
     <span class='ocr_line' id='line_1_70' title="bbox 572 5519 2165 5592; baseline 0.002 -19"><span class='ocrx_word' id='word_1_516' title='bbox 572 5519 682 5574; x_wconf 88' lang='lat' dir='ltr'><strong>rosi</strong></span> <span class='ocrx_word' id='word_1_517' title='bbox 704 5519 780 5575; x_wconf 90' lang='lat' dir='ltr'><strong>illi</strong></span> <span class='ocrx_word' id='word_1_518' title='bbox 800 5536 1079 5590; x_wconf 88' lang='lat' dir='ltr'><strong>censores,</strong></span> <span class='ocrx_word' id='word_1_519' title='bbox 1095 5523 1187 5592; x_wconf 93' lang='lat' dir='ltr'><strong>qui</strong></span> <span class='ocrx_word' id='word_1_520' title='bbox 1207 5537 1330 5579; x_wconf 91' lang='lat' dir='ltr'><strong>eum</strong></span> <span class='ocrx_word' id='word_1_521' title='bbox 1349 5528 1448 5592; x_wconf 89' lang='lat' dir='ltr'><strong>pro</strong></span> <span class='ocrx_word' id='word_1_522' title='bbox 1474 5521 1663 5576; x_wconf 87' lang='lat' dir='ltr'><strong>vocula</strong></span> <span class='ocrx_word' id='word_1_523' title='bbox 1685 5520 1886 5578; x_wconf 87' lang='lat' dir='ltr'><strong>tamdiu</strong></span> <span class='ocrx_word' id='word_1_524' title='bbox 1907 5521 2165 5592; x_wconf 87' lang='lat' dir='ltr'><strong>digladia-</strong></span> 
     </span>
    </p>
   </div>
   <div class='ocr_carea' id='block_1_71' title="bbox 574 5612 2168 5683">
    <p class='ocr_par' dir='ltr' id='par_1_71' title="bbox 574 5612 2168 5683">
     <span class='ocr_line' id='line_1_71' title="bbox 574 5612 2168 5683; baseline 0.003 -19"><span class='ocrx_word' id='word_1_525' title='bbox 574 5618 688 5666; x_wconf 91' lang='lat' dir='ltr'><strong>tum</strong></span> <span class='ocrx_word' id='word_1_526' title='bbox 719 5626 840 5669; x_wconf 90' lang='lat' dir='ltr'><strong>esse</strong></span> <span class='ocrx_word' id='word_1_527' title='bbox 867 5612 1243 5680; x_wconf 88' lang='lat' dir='ltr'><strong>criminantur,</strong></span> <span class='ocrx_word' id='word_1_528' title='bbox 1283 5613 1500 5683; x_wconf 87' lang='lat' dir='ltr'><strong>quantis</strong></span> <span class='ocrx_word' id='word_1_529' title='bbox 1544 5613 1793 5670; x_wconf 89' lang='lat' dir='ltr'><strong>laudibus</strong></span> <span class='ocrx_word' id='word_1_530' title='bbox 1840 5614 2168 5671; x_wconf 80' lang='lat' dir='ltr'><strong>extollerent</strong></span> 
     </span>
    </p>
   </div>
   <div class='ocr_carea' id='block_1_72' title="bbox 574 5703 2169 5779">
    <p class='ocr_par' dir='ltr' id='par_1_72' title="bbox 574 5703 2169 5779">
     <span class='ocr_line' id='line_1_72' title="bbox 574 5703 2169 5779; baseline 0.003 -20"><span class='ocrx_word' id='word_1_531' title='bbox 574 5704 887 5777; x_wconf 88' lang='lat' dir='ltr'><strong>episcopum</strong></span> <span class='ocrx_word' id='word_1_532' title='bbox 927 5706 1239 5778; x_wconf 87' lang='lat' dir='ltr'><strong>quempiam</strong></span> <span class='ocrx_word' id='word_1_533' title='bbox 1281 5706 1374 5779; x_wconf 90' lang='lat' dir='ltr'><strong>qui</strong></span> <span class='ocrx_word' id='word_1_534' title='bbox 1415 5703 1662 5763; x_wconf 81' lang='lat' dir='ltr'><strong>Romano</strong></span> <span class='ocrx_word' id='word_1_535' title='bbox 1710 5704 1984 5778; x_wconf 81' lang='lat' dir='ltr'><strong>pontiﬁci,</strong></span> <span class='ocrx_word' id='word_1_536' title='bbox 2022 5705 2169 5763; x_wconf 89' lang='lat' dir='ltr'><strong>hunc</strong></span> 
     </span>
    </p>
   </div>
   <div class='ocr_carea' id='block_1_73' title="bbox 647 5855 2170 5915">
    <p class='ocr_par' dir='ltr' id='par_1_73' title="bbox 647 5855 2170 5915">
     <span class='ocr_line' id='line_1_73' title="bbox 647 5855 2170 5915; baseline 0.001 -2"><span class='ocrx_word' id='word_1_537' title='bbox 647 5864 673 5896; x_wconf 77' lang='grc' dir='ltr'>ι</span> <span class='ocrx_word' id='word_1_538' title='bbox 711 5856 759 5913; x_wconf 80' lang='grc' dir='ltr'><strong>Δ</strong></span> <span class='ocrx_word' id='word_1_539' title='bbox 786 5866 976 5915; x_wconf 87' lang='lat' dir='ltr'><strong>sancto</strong></span> <span class='ocrx_word' id='word_1_540' title='bbox 1003 5855 1210 5914; x_wconf 88' lang='lat' dir='ltr'><strong>Isidoro</strong></span> <span class='ocrx_word' id='word_1_541' title='bbox 1237 5857 1465 5914; x_wconf 90' lang='lat' dir='ltr'><strong>multum</strong></span> <span class='ocrx_word' id='word_1_542' title='bbox 1491 5857 1745 5914; x_wconf 90' lang='lat' dir='ltr'><strong>laudatur</strong></span> <span class='ocrx_word' id='word_1_543' title='bbox 1777 5857 2017 5913; x_wconf 85' lang='lat' dir='ltr'><strong>Joannes</strong></span> <span class='ocrx_word' id='word_1_544' title='bbox 2041 5875 2055 5910; x_wconf 89' lang='lat'><strong>:</strong></span> <span class='ocrx_word' id='word_1_545' title='bbox 2086 5872 2170 5914; x_wconf 79' lang='lat' dir='ltr'><strong>se-</strong></span> 
     </span>
    </p>
   </div>
   <div class='ocr_carea' id='block_1_74' title="bbox 575 5926 2168 5988">
    <p class='ocr_par' dir='ltr' id='par_1_74' title="bbox 575 5926 2168 5988">
     <span class='ocr_line' id='line_1_74' title="bbox 575 5926 2168 5988; baseline 0.002 -5"><span class='ocrx_word' id='word_1_546' title='bbox 575 5940 671 5985; x_wconf 83' lang='lat' dir='ltr'><strong>cus</strong></span> <span class='ocrx_word' id='word_1_547' title='bbox 719 5937 902 5987; x_wconf 84' lang='lat' dir='ltr'><strong>autem</strong></span> <span class='ocrx_word' id='word_1_548' title='bbox 928 5926 1148 5987; x_wconf 80' lang='lat' dir='ltr'><strong>fecisset</strong></span> <span class='ocrx_word' id='word_1_549' title='bbox 1187 5928 1233 5987; x_wconf 88' lang='lat' dir='ltr'><strong>si</strong></span> <span class='ocrx_word' id='word_1_550' title='bbox 1260 5929 1315 5986; x_wconf 90' lang='lat' dir='ltr'><strong>in</strong></span> <span class='ocrx_word' id='word_1_551' title='bbox 1360 5929 1651 5987; x_wconf 85' lang='lat' dir='ltr'><strong>schismate</strong></span> <span class='ocrx_word' id='word_1_552' title='bbox 1698 5928 1844 5985; x_wconf 88' lang='lat' dir='ltr'><strong>diem</strong></span> <span class='ocrx_word' id='word_1_553' title='bbox 1886 5928 2168 5988; x_wconf 81' lang='lat' dir='ltr'><strong>clausisset</strong></span> 
     </span>
    </p>
   </div>
   <div class='ocr_carea' id='block_1_75' title="bbox 2300 2008 3904 2080">
    <p class='ocr_par' dir='ltr' id='par_1_75' title="bbox 2300 2008 3904 2080">
     <span class='ocr_line' id='line_1_75' title="bbox 2300 2008 3904 2080; baseline 0.002 -15"><span class='ocrx_word' id='word_1_554' title='bbox 2300 2019 2409 2065; x_wconf 92' lang='lat' dir='ltr'><strong>tem</strong></span> <span class='ocrx_word' id='word_1_555' title='bbox 2453 2010 2671 2063; x_wconf 91' lang='lat' dir='ltr'><strong>minime</strong></span> <span class='ocrx_word' id='word_1_556' title='bbox 2720 2010 3031 2065; x_wconf 88' lang='lat' dir='ltr'><strong>convenire.</strong></span> <span class='ocrx_word' id='word_1_557' title='bbox 3083 2008 3385 2065; x_wconf 68' lang='lat' dir='ltr'><strong>Caecutiunt</strong></span> <span class='ocrx_word' id='word_1_558' title='bbox 3431 2020 3611 2065; x_wconf 89' lang='lat' dir='ltr'><strong>autem</strong></span> <span class='ocrx_word' id='word_1_559' title='bbox 3649 2012 3743 2080; x_wconf 91' lang='lat' dir='ltr'><strong>qui</strong></span> <span class='ocrx_word' id='word_1_560' title='bbox 3787 2027 3904 2068; x_wconf 88' lang='lat' dir='ltr'><strong>non</strong></span> 
     </span>
    </p>
   </div>
   <div class='ocr_carea' id='block_1_76' title="bbox 2297 2104 3904 2176">
    <p class='ocr_par' dir='ltr' id='par_1_76' title="bbox 2297 2104 3904 2176">
     <span class='ocr_line' id='line_1_76' title="bbox 2297 2104 3904 2176; baseline 0.004 -17"><span class='ocrx_word' id='word_1_561' title='bbox 2297 2104 2479 2160; x_wconf 90' lang='lat' dir='ltr'><strong>vident</strong></span> <span class='ocrx_word' id='word_1_562' title='bbox 2522 2104 2840 2173; x_wconf 83' lang='lat' dir='ltr'><strong>Gregorium</strong></span> <span class='ocrx_word' id='word_1_563' title='bbox 2890 2106 3065 2176; x_wconf 87' lang='lat' dir='ltr'><strong>ipsum</strong></span> <span class='ocrx_word' id='word_1_564' title='bbox 3106 2107 3173 2160; x_wconf 93' lang='lat' dir='ltr'><strong>de</strong></span> <span class='ocrx_word' id='word_1_565' title='bbox 3221 2122 3281 2161; x_wconf 89' lang='lat' dir='ltr'><strong>se</strong></span> <span class='ocrx_word' id='word_1_566' title='bbox 3317 2119 3521 2175; x_wconf 87' lang='lat' dir='ltr'><strong>suaque</strong></span> <span class='ocrx_word' id='word_1_567' title='bbox 3567 2108 3904 2165; x_wconf 84' lang='lat' dir='ltr'><strong>auctoritate</strong></span> 
     </span>
    </p>
   </div>
   <div class='ocr_carea' id='block_1_77' title="bbox 2300 2197 3901 2267">
    <p class='ocr_par' dir='ltr' id='par_1_77' title="bbox 2300 2197 3901 2267">
     <span class='ocr_line' id='line_1_77' title="bbox 2300 2197 3901 2267; baseline 0.003 -17"><span class='ocrx_word' id='word_1_568' title='bbox 2300 2204 2405 2250; x_wconf 92' lang='lat' dir='ltr'><strong>tam</strong></span> <span class='ocrx_word' id='word_1_569' title='bbox 2454 2197 2698 2253; x_wconf 88' lang='lat' dir='ltr'><strong>modeste</strong></span> <span class='ocrx_word' id='word_1_570' title='bbox 2742 2198 3095 2263; x_wconf 91' lang='lat' dir='ltr'><strong>sentientem,</strong></span> <span class='ocrx_word' id='word_1_571' title='bbox 3131 2198 3557 2267; x_wconf 87' lang='lat' dir='ltr'><strong>jurisdictionem</strong></span> <span class='ocrx_word' id='word_1_572' title='bbox 3604 2208 3791 2254; x_wconf 90' lang='lat' dir='ltr'><strong>tamen</strong></span> <span class='ocrx_word' id='word_1_573' title='bbox 3845 2202 3901 2255; x_wconf 91' lang='lat' dir='ltr'><strong>in</strong></span> 
     </span>
    </p>
   </div>
   <div class='ocr_carea' id='block_1_78' title="bbox 2297 2288 3893 2364">
    <p class='ocr_par' dir='ltr' id='par_1_78' title="bbox 2297 2288 3893 2364">
     <span class='ocr_line' id='line_1_78' title="bbox 2297 2288 3893 2364; baseline 0.003 -21"><span class='ocrx_word' id='word_1_574' title='bbox 2297 2297 2410 2345; x_wconf 90' lang='lat' dir='ltr'><strong>tota</strong></span> <span class='ocrx_word' id='word_1_575' title='bbox 2435 2288 2669 2346; x_wconf 87' lang='lat' dir='ltr'><strong>Ecclesia</strong></span> <span class='ocrx_word' id='word_1_576' title='bbox 2711 2292 3051 2358; x_wconf 82' lang='lat' dir='ltr'><strong>exercuisse;</strong></span> <span class='ocrx_word' id='word_1_577' title='bbox 3084 2292 3137 2346; x_wconf 92' lang='lat' dir='ltr'><strong>in</strong></span> <span class='ocrx_word' id='word_1_578' title='bbox 3181 2291 3389 2357; x_wconf 85' lang='lat' dir='ltr'><strong>Africa,</strong></span> <span class='ocrx_word' id='word_1_579' title='bbox 3436 2290 3693 2364; x_wconf 67' lang='lat' dir='ltr'><strong>Aigypto,</strong></span> <span class='ocrx_word' id='word_1_580' title='bbox 3730 2293 3893 2359; x_wconf 81' lang='lat' dir='ltr'><strong>Asia,</strong></span> 
     </span>
    </p>
   </div>
   <div class='ocr_carea' id='block_1_79' title="bbox 2296 2379 3899 2450">
    <p class='ocr_par' dir='ltr' id='par_1_79' title="bbox 2296 2379 3899 2450">
     <span class='ocr_line' id='line_1_79' title="bbox 2296 2379 3899 2450; baseline 0.002 -16"><span class='ocrx_word' id='word_1_581' title='bbox 2296 2380 2435 2435; x_wconf 91' lang='lat' dir='ltr'><strong>intra</strong></span> <span class='ocrx_word' id='word_1_582' title='bbox 2466 2382 2610 2450; x_wconf 92' lang='lat' dir='ltr'><strong>ipsos</strong></span> <span class='ocrx_word' id='word_1_583' title='bbox 2642 2379 2744 2435; x_wconf 88' lang='lat' dir='ltr'><strong>CP.</strong></span> <span class='ocrx_word' id='word_1_584' title='bbox 2777 2382 3178 2450; x_wconf 89' lang='lat' dir='ltr'><strong>patriarchatus</strong></span> <span class='ocrx_word' id='word_1_585' title='bbox 3210 2382 3364 2449; x_wconf 82' lang='lat' dir='ltr'><strong>lines,</strong></span> <span class='ocrx_word' id='word_1_586' title='bbox 3396 2392 3454 2435; x_wconf 91' lang='lat' dir='ltr'><strong>ut</strong></span> <span class='ocrx_word' id='word_1_587' title='bbox 3482 2399 3550 2437; x_wconf 79' lang='lat' dir='ltr'><strong>ex</strong></span> <span class='ocrx_word' id='word_1_588' title='bbox 3579 2398 3745 2439; x_wconf 87' lang='lat' dir='ltr'><strong>causa</strong></span> <span class='ocrx_word' id='word_1_589' title='bbox 3778 2400 3899 2438; x_wconf 83' lang='lat' dir='ltr'><strong>mo-</strong></span> 
     </span>
    </p>
   </div>
   <div class='ocr_carea' id='block_1_80' title="bbox 2294 2473 3893 2544">
    <p class='ocr_par' dir='ltr' id='par_1_80' title="bbox 2294 2473 3893 2544">
     <span class='ocr_line' id='line_1_80' title="bbox 2294 2473 3893 2544; baseline 0.002 -16"><span class='ocrx_word' id='word_1_590' title='bbox 2294 2475 2590 2530; x_wconf 90' lang='lat' dir='ltr'><strong>nachorum</strong></span> <span class='ocrx_word' id='word_1_591' title='bbox 2645 2473 2861 2527; x_wconf 67' lang='lat' dir='ltr'><strong>Isauriae</strong></span> <span class='ocrx_word' id='word_1_592' title='bbox 2917 2474 3106 2542; x_wconf 92' lang='lat' dir='ltr'><strong>liquet.</strong></span> <span class='ocrx_word' id='word_1_593' title='bbox 3164 2473 3325 2529; x_wconf 88' lang='lat' dir='ltr'><strong>Libro</strong></span> <span class='ocrx_word' id='word_1_594' title='bbox 3371 2490 3459 2541; x_wconf 89' lang='grc' dir='ltr'>ιιι,</span> <span class='ocrx_word' id='word_1_595' title='bbox 3499 2489 3586 2544; x_wconf 89' lang='lat' dir='ltr'><strong>ep.</strong></span> <span class='ocrx_word' id='word_1_596' title='bbox 3639 2474 3743 2538; x_wconf 77' lang='lat'><strong>30,</strong></span> <span class='ocrx_word' id='word_1_597' title='bbox 3776 2477 3893 2531; x_wconf 91' lang='lat' dir='ltr'><strong>ait:</strong></span> 
     </span>
    </p>
   </div>
   <div class='ocr_carea' id='block_1_81' title="bbox 2293 2561 3896 2635">
    <p class='ocr_par' dir='ltr' id='par_1_81' title="bbox 2293 2561 3896 2635">
     <span class='ocr_line' id='line_1_81' title="bbox 2293 2561 3896 2635; baseline 0.004 -19"><span class='ocrx_word' id='word_1_598' title='bbox 2293 2564 2593 2633; x_wconf 82' lang='lat' dir='ltr'><strong>Apostolica</strong></span> <span class='ocrx_word' id='word_1_599' title='bbox 2614 2563 2781 2628; x_wconf 87' lang='lat' dir='ltr'><strong>sedes,</strong></span> <span class='ocrx_word' id='word_1_600' title='bbox 2815 2561 2927 2618; x_wconf 88' lang='lat' dir='ltr'><strong>Deo</strong></span> <span class='ocrx_word' id='word_1_601' title='bbox 2948 2571 3179 2630; x_wconf 87' lang='lat' dir='ltr'><strong>auctore,</strong></span> <span class='ocrx_word' id='word_1_602' title='bbox 3212 2566 3410 2618; x_wconf 85' lang='lat' dir='ltr'><strong>cunctis</strong></span> <span class='ocrx_word' id='word_1_603' title='bbox 3439 2566 3659 2635; x_wconf 71' lang='lat' dir='ltr'><strong>prazlata</strong></span> <span class='ocrx_word' id='word_1_604' title='bbox 3687 2576 3896 2622; x_wconf 84' lang='lat' dir='ltr'><strong>constat</strong></span> 
     </span>
    </p>
   </div>
   <div class='ocr_carea' id='block_1_82' title="bbox 2293 2653 3891 2727">
    <p class='ocr_par' dir='ltr' id='par_1_82' title="bbox 2293 2653 3891 2727">
     <span class='ocr_line' id='line_1_82' title="bbox 2293 2653 3891 2727; baseline 0.002 -20"><span class='ocrx_word' id='word_1_605' title='bbox 2293 2653 2564 2711; x_wconf 81' lang='lat' dir='ltr'><strong>Ecclesiis.</strong></span> <span class='ocrx_word' id='word_1_606' title='bbox 2602 2654 2761 2709; x_wconf 90' lang='lat' dir='ltr'><strong>Libro</strong></span> <span class='ocrx_word' id='word_1_607' title='bbox 2790 2669 2843 2717; x_wconf 89' lang='lat' dir='ltr'><strong>v,</strong></span> <span class='ocrx_word' id='word_1_608' title='bbox 2872 2669 2959 2723; x_wconf 92' lang='lat' dir='ltr'><strong>ep.</strong></span> <span class='ocrx_word' id='word_1_609' title='bbox 2996 2654 3103 2708; x_wconf 76' lang='lat' dir='ltr'><strong>I5:</strong></span> <span class='ocrx_word' id='word_1_610' title='bbox 3136 2653 3319 2720; x_wconf 70' lang='lat' dir='ltr'><strong>Curre,</strong></span> <span class='ocrx_word' id='word_1_611' title='bbox 3353 2656 3544 2725; x_wconf 92' lang='lat' dir='ltr'><strong>inquit,</strong></span> <span class='ocrx_word' id='word_1_612' title='bbox 3577 2658 3725 2711; x_wconf 89' lang='lat' dir='ltr'><strong>nobis</strong></span> <span class='ocrx_word' id='word_1_613' title='bbox 3757 2661 3891 2727; x_wconf 76' lang='lat' dir='ltr'><strong>fuit,</strong></span> 
     </span>
    </p>
   </div>
   <div class='ocr_carea' id='block_1_83' title="bbox 2293 2744 3891 2819">
    <p class='ocr_par' dir='ltr' id='par_1_83' title="bbox 2293 2744 3891 2819">
     <span class='ocr_line' id='line_1_83' title="bbox 2293 2744 3891 2819; baseline 0.002 -18"><span class='ocrx_word' id='word_1_614' title='bbox 2293 2764 2407 2819; x_wconf 75' lang='lat' dir='ltr'><strong>qua:</strong></span> <span class='ocrx_word' id='word_1_615' title='bbox 2433 2747 2685 2800; x_wconf 71' lang='lat' dir='ltr'><strong>universis</strong></span> <span class='ocrx_word' id='word_1_616' title='bbox 2715 2744 2963 2800; x_wconf 83' lang='lat' dir='ltr'><strong>Ecclesiis</strong></span> <span class='ocrx_word' id='word_1_617' title='bbox 2993 2764 3025 2799; x_wconf 88' lang='lat' dir='ltr'><strong>a</strong></span> <span class='ocrx_word' id='word_1_618' title='bbox 3054 2746 3199 2802; x_wconf 85' lang='lat' dir='ltr'><strong>nobis</strong></span> <span class='ocrx_word' id='word_1_619' title='bbox 3241 2748 3580 2818; x_wconf 83' lang='lat' dir='ltr'><strong>impenditur.</strong></span> <span class='ocrx_word' id='word_1_620' title='bbox 3632 2747 3755 2804; x_wconf 86' lang='lat' dir='ltr'><strong>Lib.</strong></span> <span class='ocrx_word' id='word_1_621' title='bbox 3790 2766 3891 2817; x_wconf 83' lang='lat' dir='ltr'><strong>vn,</strong></span> 
     </span>
    </p>
   </div>
   <div class='ocr_carea' id='block_1_84' title="bbox 2291 2837 3890 2911">
    <p class='ocr_par' dir='ltr' id='par_1_84' title="bbox 2291 2837 3890 2911">
     <span class='ocr_line' id='line_1_84' title="bbox 2291 2837 3890 2911; baseline 0.001 -16"><span class='ocrx_word' id='word_1_622' title='bbox 2291 2856 2380 2911; x_wconf 87' lang='lat' dir='ltr'><strong>ep.</strong></span> <span class='ocrx_word' id='word_1_623' title='bbox 2430 2838 2497 2893; x_wconf 88' lang='grc'><strong>19</strong></span> <span class='ocrx_word' id='word_1_624' title='bbox 2526 2859 2539 2894; x_wconf 92' lang='lat'>:</span> <span class='ocrx_word' id='word_1_625' title='bbox 2569 2837 2705 2905; x_wconf 87' lang='lat' dir='ltr'><strong>Quia</strong></span> <span class='ocrx_word' id='word_1_626' title='bbox 2753 2847 3055 2893; x_wconf 86' lang='lat' dir='ltr'><strong>cunctarum</strong></span> <span class='ocrx_word' id='word_1_627' title='bbox 3102 2839 3455 2893; x_wconf 86' lang='lat' dir='ltr'><strong>Ecclesiarum</strong></span> <span class='ocrx_word' id='word_1_628' title='bbox 3501 2841 3739 2911; x_wconf 85' lang='lat' dir='ltr'><strong>injuncta</strong></span> <span class='ocrx_word' id='word_1_629' title='bbox 3794 2860 3890 2897; x_wconf 85' lang='lat' dir='ltr'><strong>nos</strong></span> 
     </span>
    </p>
   </div>
   <div class='ocr_carea' id='block_1_85' title="bbox 2292 2929 3889 3001">
    <p class='ocr_par' dir='ltr' id='par_1_85' title="bbox 2292 2929 3889 3001">
     <span class='ocr_line' id='line_1_85' title="bbox 2292 2929 3889 3001; baseline -0.002 -12"><span class='ocrx_word' id='word_1_630' title='bbox 2292 2932 2657 2989; x_wconf 75' lang='lat' dir='ltr'><strong>sollicitudinis</strong></span> <span class='ocrx_word' id='word_1_631' title='bbox 2688 2948 2814 2985; x_wconf 87' lang='lat' dir='ltr'><strong>cura</strong></span> <span class='ocrx_word' id='word_1_632' title='bbox 2842 2932 3172 3001; x_wconf 80' lang='lat' dir='ltr'><strong>constringit,</strong></span> <span class='ocrx_word' id='word_1_633' title='bbox 3224 2940 3328 2985; x_wconf 87' lang='lat' dir='ltr'><strong>etc.</strong></span> <span class='ocrx_word' id='word_1_634' title='bbox 3378 2929 3494 2985; x_wconf 89' lang='lat' dir='ltr'><strong>Lib.</strong></span> <span class='ocrx_word' id='word_1_635' title='bbox 3546 2947 3619 2997; x_wconf 78' lang='grc' dir='ltr'>ιιι,</span> <span class='ocrx_word' id='word_1_636' title='bbox 3652 2947 3743 3001; x_wconf 90' lang='lat' dir='ltr'><strong>ep.</strong></span> <span class='ocrx_word' id='word_1_637' title='bbox 3787 2931 3889 3000; x_wconf 74' lang='lat'><strong>59,</strong></span> 
     </span>
    </p>
   </div>
   <div class='ocr_carea' id='block_1_86' title="bbox 2291 3022 3890 3096">
    <p class='ocr_par' dir='ltr' id='par_1_86' title="bbox 2291 3022 3890 3096">
     <span class='ocr_line' id='line_1_86' title="bbox 2291 3022 3890 3096; baseline -0.003 -13"><span class='ocrx_word' id='word_1_638' title='bbox 2291 3027 2579 3083; x_wconf 89' lang='lat' dir='ltr'><strong>occasione</strong></span> <span class='ocrx_word' id='word_1_639' title='bbox 2607 3025 2849 3095; x_wconf 91' lang='lat' dir='ltr'><strong>primatis</strong></span> <span class='ocrx_word' id='word_1_640' title='bbox 2874 3023 3140 3096; x_wconf 80' lang='lat' dir='ltr'><strong>Byzaceni</strong></span> <span class='ocrx_word' id='word_1_641' title='bbox 3170 3024 3224 3077; x_wconf 92' lang='lat' dir='ltr'><strong>in</strong></span> <span class='ocrx_word' id='word_1_642' title='bbox 3247 3022 3446 3089; x_wconf 83' lang='lat' dir='ltr'><strong>Africa,</strong></span> <span class='ocrx_word' id='word_1_643' title='bbox 3471 3024 3561 3092; x_wconf 92' lang='lat' dir='ltr'><strong>qui</strong></span> <span class='ocrx_word' id='word_1_644' title='bbox 3581 3038 3640 3078; x_wconf 90' lang='lat' dir='ltr'><strong>se</strong></span> <span class='ocrx_word' id='word_1_645' title='bbox 3665 3031 3890 3093; x_wconf 89' lang='lat' dir='ltr'><strong>aposto-</strong></span> 
     </span>
    </p>
   </div>
   <div class='ocr_carea' id='block_1_87' title="bbox 2290 3113 3888 3187">
    <p class='ocr_par' dir='ltr' id='par_1_87' title="bbox 2290 3113 3888 3187">
     <span class='ocr_line' id='line_1_87' title="bbox 2290 3113 3888 3187; baseline -0.002 -14"><span class='ocrx_word' id='word_1_646' title='bbox 2290 3118 2408 3173; x_wconf 74' lang='lat' dir='ltr'><strong>lica:</strong></span> <span class='ocrx_word' id='word_1_647' title='bbox 2454 3117 2567 3173; x_wconf 88' lang='lat' dir='ltr'><strong>sedi</strong></span> <span class='ocrx_word' id='word_1_648' title='bbox 2613 3116 2887 3172; x_wconf 91' lang='lat' dir='ltr'><strong>subditum</strong></span> <span class='ocrx_word' id='word_1_649' title='bbox 2930 3116 3303 3187; x_wconf 76' lang='lat' dir='ltr'><strong>proﬁtebatur,</strong></span> <span class='ocrx_word' id='word_1_650' title='bbox 3334 3116 3450 3170; x_wconf 64' lang='lat' dir='ltr'><strong>haac</strong></span> <span class='ocrx_word' id='word_1_651' title='bbox 3477 3115 3665 3171; x_wconf 80' lang='lat' dir='ltr'><strong>scribit</strong></span> <span class='ocrx_word' id='word_1_652' title='bbox 3690 3113 3888 3170; x_wconf 87' lang='lat' dir='ltr'><strong>Joanni</strong></span> 
     </span>
    </p>
   </div>
   <div class='ocr_carea' id='block_1_88' title="bbox 2291 3208 3887 3283">
    <p class='ocr_par' dir='ltr' id='par_1_88' title="bbox 2291 3208 3887 3283">
     <span class='ocr_line' id='line_1_88' title="bbox 2291 3208 3887 3283; baseline -0.003 -17"><span class='ocrx_word' id='word_1_653' title='bbox 2291 3210 2631 3283; x_wconf 87' lang='lat' dir='ltr'><strong>Syracusano</strong></span> <span class='ocrx_word' id='word_1_654' title='bbox 2670 3229 2682 3264; x_wconf 92' lang='lat'><strong>:</strong></span> <span class='ocrx_word' id='word_1_655' title='bbox 2728 3208 2789 3265; x_wconf 89' lang='lat' dir='ltr'><strong>Si</strong></span> <span class='ocrx_word' id='word_1_656' title='bbox 2837 3226 2939 3281; x_wconf 90' lang='lat' dir='ltr'><strong>qua</strong></span> <span class='ocrx_word' id='word_1_657' title='bbox 2990 3208 3142 3277; x_wconf 87' lang='lat' dir='ltr'><strong>culpa</strong></span> <span class='ocrx_word' id='word_1_658' title='bbox 3185 3208 3241 3261; x_wconf 90' lang='lat' dir='ltr'><strong>in</strong></span> <span class='ocrx_word' id='word_1_659' title='bbox 3292 3208 3543 3278; x_wconf 83' lang='lat' dir='ltr'><strong>episcopis</strong></span> <span class='ocrx_word' id='word_1_660' title='bbox 3590 3209 3887 3277; x_wconf 78' lang='lat' dir='ltr'><strong>invenitur,</strong></span> 
     </span>
    </p>
   </div>
   <div class='ocr_carea' id='block_1_89' title="bbox 2213 3277 3888 3386">
    <p class='ocr_par' dir='ltr' id='par_1_89' title="bbox 2213 3277 3888 3386">
     <span class='ocr_line' id='line_1_89' title="bbox 2213 3277 3888 3386; baseline 0.001 -30"><span class='ocrx_word' id='word_1_661' title='bbox 2213 3277 2260 3340; x_wconf 67' lang='grc' dir='ltr'><strong>θ</strong></span> <span class='ocrx_word' id='word_1_662' title='bbox 2291 3277 2463 3356; x_wconf 78' lang='lat' dir='ltr'><strong>nescio</strong></span> <span class='ocrx_word' id='word_1_663' title='bbox 2479 3303 2589 3374; x_wconf 85' lang='lat' dir='ltr'><strong>quis</strong></span> <span class='ocrx_word' id='word_1_664' title='bbox 2611 3302 2658 3356; x_wconf 85' lang='lat' dir='ltr'><strong>ei</strong></span> <span class='ocrx_word' id='word_1_665' title='bbox 2679 3277 2949 3371; x_wconf 78' lang='lat' dir='ltr'><strong>episcopus</strong></span> <span class='ocrx_word' id='word_1_666' title='bbox 2970 3298 3227 3370; x_wconf 86' lang='lat' dir='ltr'><strong>subjectus</strong></span> <span class='ocrx_word' id='word_1_667' title='bbox 3250 3277 3353 3353; x_wconf 86' lang='lat' dir='ltr'><strong>non</strong></span> <span class='ocrx_word' id='word_1_668' title='bbox 3375 3296 3603 3386; x_wconf 37' lang='lat' dir='ltr'><strong>sitgﬂoc</strong></span> <span class='ocrx_word' id='word_1_669' title='bbox 3614 3299 3737 3367; x_wconf 86' lang='lat' dir='ltr'><strong>jure</strong></span> <span class='ocrx_word' id='word_1_670' title='bbox 3761 3315 3888 3357; x_wconf 84' lang='lat' dir='ltr'><strong>usus</strong></span> 
     </span>
    </p>
   </div>
   <div class='ocr_carea' id='block_1_90' title="bbox 2291 3390 3889 3464">
    <p class='ocr_par' dir='ltr' id='par_1_90' title="bbox 2291 3390 3889 3464">
     <span class='ocr_line' id='line_1_90' title="bbox 2291 3390 3889 3464; baseline -0.002 -15"><span class='ocrx_word' id='word_1_671' title='bbox 2291 3402 2375 3449; x_wconf 91' lang='lat' dir='ltr'><strong>est</strong></span> <span class='ocrx_word' id='word_1_672' title='bbox 2402 3393 2454 3448; x_wconf 93' lang='lat' dir='ltr'><strong>in</strong></span> <span class='ocrx_word' id='word_1_673' title='bbox 2485 3394 2788 3464; x_wconf 84' lang='lat' dir='ltr'><strong>episcopos,</strong></span> <span class='ocrx_word' id='word_1_674' title='bbox 2823 3408 2945 3447; x_wconf 89' lang='lat' dir='ltr'><strong>cum</strong></span> <span class='ocrx_word' id='word_1_675' title='bbox 2978 3390 3142 3455; x_wconf 89' lang='lat' dir='ltr'><strong>Petri,</strong></span> <span class='ocrx_word' id='word_1_676' title='bbox 3175 3390 3412 3447; x_wconf 84' lang='lat' dir='ltr'><strong>Africani</strong></span> <span class='ocrx_word' id='word_1_677' title='bbox 3459 3391 3723 3462; x_wconf 87' lang='lat' dir='ltr'><strong>episcopi,</strong></span> <span class='ocrx_word' id='word_1_678' title='bbox 3758 3407 3889 3447; x_wconf 84' lang='lat' dir='ltr'><strong>cau-</strong></span> 
     </span>
    </p>
   </div>
   <div class='ocr_carea' id='block_1_91' title="bbox 2288 3481 3887 3554">
    <p class='ocr_par' dir='ltr' id='par_1_91' title="bbox 2288 3481 3887 3554">
     <span class='ocr_line' id='line_1_91' title="bbox 2288 3481 3887 3554; baseline -0.003 -13"><span class='ocrx_word' id='word_1_679' title='bbox 2288 3501 2404 3542; x_wconf 88' lang='lat' dir='ltr'><strong>sam</strong></span> <span class='ocrx_word' id='word_1_680' title='bbox 2452 3484 2754 3549; x_wconf 87' lang='lat' dir='ltr'><strong>Columbo,</strong></span> <span class='ocrx_word' id='word_1_681' title='bbox 2808 3484 2861 3538; x_wconf 91' lang='lat' dir='ltr'><strong>in</strong></span> <span class='ocrx_word' id='word_1_682' title='bbox 2902 3482 3148 3537; x_wconf 89' lang='lat' dir='ltr'><strong>Numidia</strong></span> <span class='ocrx_word' id='word_1_683' title='bbox 3193 3484 3489 3554; x_wconf 87' lang='lat' dir='ltr'><strong>episcopo,</strong></span> <span class='ocrx_word' id='word_1_684' title='bbox 3535 3481 3887 3550; x_wconf 89' lang='lat' dir='ltr'><strong>judicandam</strong></span> 
     </span>
    </p>
   </div>
   <div class='ocr_carea' id='block_1_92' title="bbox 2287 3574 3886 3652">
    <p class='ocr_par' dir='ltr' id='par_1_92' title="bbox 2287 3574 3886 3652">
     <span class='ocr_line' id='line_1_92' title="bbox 2287 3574 3886 3652; baseline -0.003 -15"><span class='ocrx_word' id='word_1_685' title='bbox 2287 3582 2557 3638; x_wconf 91' lang='lat' dir='ltr'><strong>commisit</strong></span> <span class='ocrx_word' id='word_1_686' title='bbox 2607 3579 2760 3652; x_wconf 88' lang='lat' dir='ltr'><strong>(Lib.</strong></span> <span class='ocrx_word' id='word_1_687' title='bbox 2793 3595 2869 3647; x_wconf 84' lang='lat' dir='ltr'><strong>vr,</strong></span> <span class='ocrx_word' id='word_1_688' title='bbox 2901 3596 2981 3649; x_wconf 87' lang='lat' dir='ltr'><strong>ep.</strong></span> <span class='ocrx_word' id='word_1_689' title='bbox 3016 3577 3140 3648; x_wconf 80' lang='lat'><strong>&#39;57);</strong></span> <span class='ocrx_word' id='word_1_690' title='bbox 3170 3574 3429 3645; x_wconf 90' lang='lat' dir='ltr'><strong>Ursicini,</strong></span> <span class='ocrx_word' id='word_1_691' title='bbox 3459 3575 3708 3631; x_wconf 69' lang='lat' dir='ltr'><strong>Taurinre</strong></span> <span class='ocrx_word' id='word_1_692' title='bbox 3753 3576 3886 3632; x_wconf 90' lang='lat' dir='ltr'><strong>civi-</strong></span> 
     </span>
    </p>
   </div>
   <div class='ocr_carea' id='block_1_93' title="bbox 2286 3668 3882 3744">
    <p class='ocr_par' dir='ltr' id='par_1_93' title="bbox 2286 3668 3882 3744">
     <span class='ocr_line' id='line_1_93' title="bbox 2286 3668 3882 3744; baseline -0.003 -15"><span class='ocrx_word' id='word_1_693' title='bbox 2286 3677 2413 3731; x_wconf 70' lang='lat' dir='ltr'><strong>tatis</strong></span> <span class='ocrx_word' id='word_1_694' title='bbox 2467 3672 2747 3744; x_wconf 90' lang='lat' dir='ltr'><strong>episcopi,</strong></span> <span class='ocrx_word' id='word_1_695' title='bbox 2776 3672 3002 3743; x_wconf 88' lang='lat' dir='ltr'><strong>Syagrio</strong></span> <span class='ocrx_word' id='word_1_696' title='bbox 3053 3669 3526 3741; x_wconf 85' lang='lat' dir='ltr'><strong>Augustodunensi</strong></span> <span class='ocrx_word' id='word_1_697' title='bbox 3575 3668 3733 3739; x_wconf 88' lang='lat' dir='ltr'><strong>(Lib.</strong></span> <span class='ocrx_word' id='word_1_698' title='bbox 3786 3685 3882 3736; x_wconf 69' lang='grc' dir='ltr'>ιι,</span> 
     </span>
    </p>
   </div>
   <div class='ocr_carea' id='block_1_94' title="bbox 2283 3759 3884 3836">
    <p class='ocr_par' dir='ltr' id='par_1_94' title="bbox 2283 3759 3884 3836">
     <span class='ocr_line' id='line_1_94' title="bbox 2283 3759 3884 3836; baseline -0.003 -16"><span class='ocrx_word' id='word_1_699' title='bbox 2283 3782 2367 3836; x_wconf 89' lang='lat' dir='ltr'><strong>ep.</strong></span> <span class='ocrx_word' id='word_1_700' title='bbox 2393 3764 2518 3835; x_wconf 87' lang='grc'><strong>115)</strong></span> <span class='ocrx_word' id='word_1_701' title='bbox 2540 3782 2554 3830; x_wconf 89' lang='grc'><strong>;</strong></span> <span class='ocrx_word' id='word_1_702' title='bbox 2578 3772 2635 3818; x_wconf 90' lang='lat' dir='ltr'><strong>et</strong></span> <span class='ocrx_word' id='word_1_703' title='bbox 2652 3761 2914 3826; x_wconf 90' lang='lat' dir='ltr'><strong>Januarii,</strong></span> <span class='ocrx_word' id='word_1_704' title='bbox 2938 3761 3245 3817; x_wconf 85' lang='lat' dir='ltr'><strong>Malacitani</strong></span> <span class='ocrx_word' id='word_1_705' title='bbox 3272 3760 3536 3830; x_wconf 90' lang='lat' dir='ltr'><strong>episcopi,</strong></span> <span class='ocrx_word' id='word_1_706' title='bbox 3553 3759 3884 3829; x_wconf 89' lang='lat' dir='ltr'><strong>alteriusque</strong></span> 
     </span>
    </p>
   </div>
   <div class='ocr_carea' id='block_1_95' title="bbox 2283 3850 3881 3926">
    <p class='ocr_par' dir='ltr' id='par_1_95' title="bbox 2283 3850 3881 3926">
     <span class='ocr_line' id='line_1_95' title="bbox 2283 3850 3881 3926; baseline -0.003 -15"><span class='ocrx_word' id='word_1_707' title='bbox 2283 3856 2522 3926; x_wconf 90' lang='lat' dir='ltr'><strong>episcopi</strong></span> <span class='ocrx_word' id='word_1_708' title='bbox 2544 3854 2761 3909; x_wconf 90' lang='lat' dir='ltr'><strong>nomine</strong></span> <span class='ocrx_word' id='word_1_709' title='bbox 2778 3851 3057 3923; x_wconf 68' lang='lat' dir='ltr'><strong>Stephani,</strong></span> <span class='ocrx_word' id='word_1_710' title='bbox 3076 3852 3271 3908; x_wconf 89' lang='lat' dir='ltr'><strong>Joauni</strong></span> <span class='ocrx_word' id='word_1_711' title='bbox 3299 3850 3579 3908; x_wconf 90' lang='lat' dir='ltr'><strong>Defensori</strong></span> <span class='ocrx_word' id='word_1_712' title='bbox 3602 3850 3747 3917; x_wconf 83' lang='lat' dir='ltr'><strong>(Lib.</strong></span> <span class='ocrx_word' id='word_1_713' title='bbox 3768 3869 3881 3919; x_wconf 76' lang='lat' dir='ltr'><strong>xui,</strong></span> 
     </span>
    </p>
   </div>
   <div class='ocr_carea' id='block_1_96' title="bbox 2282 3943 3883 4021">
    <p class='ocr_par' dir='ltr' id='par_1_96' title="bbox 2282 3943 3883 4021">
     <span class='ocr_line' id='line_1_96' title="bbox 2282 3943 3883 4021; baseline -0.001 -18"><span class='ocrx_word' id='word_1_714' title='bbox 2282 3966 2363 4020; x_wconf 90' lang='lat' dir='ltr'><strong>ep.</strong></span> <span class='ocrx_word' id='word_1_715' title='bbox 2414 3947 2528 4021; x_wconf 79' lang='grc'>45).</span> <span class='ocrx_word' id='word_1_716' title='bbox 2581 3946 2807 4002; x_wconf 89' lang='lat' dir='ltr'><strong>Paulum</strong></span> <span class='ocrx_word' id='word_1_717' title='bbox 2856 3947 2909 4001; x_wconf 91' lang='lat' dir='ltr'><strong>in</strong></span> <span class='ocrx_word' id='word_1_718' title='bbox 2952 3946 3131 4002; x_wconf 84' lang='lat' dir='ltr'><strong>Africa</strong></span> <span class='ocrx_word' id='word_1_719' title='bbox 3173 3947 3481 4018; x_wconf 91' lang='lat' dir='ltr'><strong>episcopum</strong></span> <span class='ocrx_word' id='word_1_720' title='bbox 3524 3961 3556 4000; x_wconf 87' lang='lat' dir='ltr'><strong>a</strong></span> <span class='ocrx_word' id='word_1_721' title='bbox 3596 3943 3883 4002; x_wconf 84' lang='lat' dir='ltr'><strong>Gennadio</strong></span> 
     </span>
    </p>
   </div>
   <div class='ocr_carea' id='block_1_97' title="bbox 2282 4036 3885 4111">
    <p class='ocr_par' dir='ltr' id='par_1_97' title="bbox 2282 4036 3885 4111">
     <span class='ocr_line' id='line_1_97' title="bbox 2282 4036 3885 4111; baseline -0.001 -17"><span class='ocrx_word' id='word_1_722' title='bbox 2282 4040 2511 4111; x_wconf 89' lang='lat' dir='ltr'><strong>patricio</strong></span> <span class='ocrx_word' id='word_1_723' title='bbox 2560 4047 2869 4094; x_wconf 88' lang='lat' dir='ltr'><strong>accusatum</strong></span> <span class='ocrx_word' id='word_1_724' title='bbox 2896 4081 2910 4105; x_wconf 91' lang='lat'><strong>,</strong></span> <span class='ocrx_word' id='word_1_725' title='bbox 2941 4051 3063 4091; x_wconf 90' lang='lat' dir='ltr'><strong>cum</strong></span> <span class='ocrx_word' id='word_1_726' title='bbox 3115 4037 3231 4107; x_wconf 89' lang='lat' dir='ltr'><strong>ipse</strong></span> <span class='ocrx_word' id='word_1_727' title='bbox 3273 4046 3333 4091; x_wconf 92' lang='lat' dir='ltr'><strong>ut</strong></span> <span class='ocrx_word' id='word_1_728' title='bbox 3369 4036 3573 4106; x_wconf 91' lang='lat' dir='ltr'><strong>judicio</strong></span> <span class='ocrx_word' id='word_1_729' title='bbox 3618 4051 3774 4107; x_wconf 67' lang='lat' dir='ltr'><strong>papa:</strong></span> <span class='ocrx_word' id='word_1_730' title='bbox 3823 4051 3885 4093; x_wconf 85' lang='lat' dir='ltr'><strong>se</strong></span> 
     </span>
    </p>
   </div>
   <div class='ocr_carea' id='block_1_98' title="bbox 2281 4124 3880 4195">
    <p class='ocr_par' dir='ltr' id='par_1_98' title="bbox 2281 4124 3880 4195">
     <span class='ocr_line' id='line_1_98' title="bbox 2281 4124 3880 4195; baseline -0.002 -10"><span class='ocrx_word' id='word_1_731' title='bbox 2281 4131 2517 4195; x_wconf 90' lang='lat' dir='ltr'><strong>sisteret,</strong></span> <span class='ocrx_word' id='word_1_732' title='bbox 2541 4129 2778 4184; x_wconf 90' lang='lat' dir='ltr'><strong>venisset</strong></span> <span class='ocrx_word' id='word_1_733' title='bbox 2806 4128 3055 4193; x_wconf 77' lang='lat' dir='ltr'><strong>Romam,</strong></span> <span class='ocrx_word' id='word_1_734' title='bbox 3081 4142 3181 4182; x_wconf 89' lang='lat' dir='ltr'><strong>nec</strong></span> <span class='ocrx_word' id='word_1_735' title='bbox 3209 4124 3505 4182; x_wconf 85' lang='lat' dir='ltr'><strong>adfuissent</strong></span> <span class='ocrx_word' id='word_1_736' title='bbox 3529 4136 3880 4184; x_wconf 83' lang='lat' dir='ltr'><strong>accusatores</strong></span> 
     </span>
    </p>
   </div>
   <div class='ocr_carea' id='block_1_99' title="bbox 2279 4217 3880 4291">
    <p class='ocr_par' dir='ltr' id='par_1_99' title="bbox 2279 4217 3880 4291">
     <span class='ocr_line' id='line_1_99' title="bbox 2279 4217 3880 4291; baseline -0.001 -13"><span class='ocrx_word' id='word_1_737' title='bbox 2279 4223 2493 4286; x_wconf 88' lang='lat' dir='ltr'><strong>idonei,</strong></span> <span class='ocrx_word' id='word_1_738' title='bbox 2539 4222 2749 4276; x_wconf 88' lang='lat' dir='ltr'><strong>remisit</strong></span> <span class='ocrx_word' id='word_1_739' title='bbox 2797 4219 2937 4288; x_wconf 87' lang='lat' dir='ltr'><strong>(Lib.</strong></span> <span class='ocrx_word' id='word_1_740' title='bbox 2986 4236 3078 4288; x_wconf 86' lang='lat' dir='ltr'><strong>vn,</strong></span> <span class='ocrx_word' id='word_1_741' title='bbox 3109 4237 3191 4291; x_wconf 85' lang='lat' dir='ltr'><strong>ep.</strong></span> <span class='ocrx_word' id='word_1_742' title='bbox 3217 4218 3295 4291; x_wconf 71' lang='grc'><strong>2).</strong></span> <span class='ocrx_word' id='word_1_743' title='bbox 3326 4217 3589 4289; x_wconf 85' lang='lat' dir='ltr'><strong>Joannis,</strong></span> <span class='ocrx_word' id='word_1_744' title='bbox 3636 4220 3880 4290; x_wconf 84' lang='lat' dir='ltr'><strong>episcopi</strong></span> 
     </span>
    </p>
   </div>
   <div class='ocr_carea' id='block_1_100' title="bbox 2279 4309 3877 4385">
    <p class='ocr_par' dir='ltr' id='par_1_100' title="bbox 2279 4309 3877 4385">
     <span class='ocr_line' id='line_1_100' title="bbox 2279 4309 3877 4385; baseline -0.003 -17"><span class='ocrx_word' id='word_1_745' title='bbox 2279 4315 2465 4385; x_wconf 74' lang='lat' dir='ltr'><strong>prima:</strong></span> <span class='ocrx_word' id='word_1_746' title='bbox 2516 4311 2829 4367; x_wconf 69' lang='lat' dir='ltr'><strong>Justiniana:</strong></span> <span class='ocrx_word' id='word_1_747' title='bbox 2878 4312 2932 4365; x_wconf 92' lang='lat' dir='ltr'><strong>in</strong></span> <span class='ocrx_word' id='word_1_748' title='bbox 2981 4310 3192 4382; x_wconf 85' lang='lat' dir='ltr'><strong>Illyrico</strong></span> <span class='ocrx_word' id='word_1_749' title='bbox 3241 4309 3479 4379; x_wconf 86' lang='lat' dir='ltr'><strong>episcopi</strong></span> <span class='ocrx_word' id='word_1_750' title='bbox 3507 4317 3565 4364; x_wconf 91' lang='lat' dir='ltr'><strong>et</strong></span> <span class='ocrx_word' id='word_1_751' title='bbox 3591 4309 3877 4379; x_wconf 87' lang='lat' dir='ltr'><strong>primatis,</strong></span> 
     </span>
    </p>
   </div>
   <div class='ocr_carea' id='block_1_101' title="bbox 2280 4402 3877 4473">
    <p class='ocr_par' dir='ltr' id='par_1_101' title="bbox 2280 4402 3877 4473">
     <span class='ocr_line' id='line_1_101' title="bbox 2280 4402 3877 4473; baseline -0.004 -11"><span class='ocrx_word' id='word_1_752' title='bbox 2280 4407 2711 4469; x_wconf 90' lang='lat' dir='ltr'><strong>ordinationem,</strong></span> <span class='ocrx_word' id='word_1_753' title='bbox 2758 4404 3064 4473; x_wconf 80' lang='lat' dir='ltr'><strong>petentibus</strong></span> <span class='ocrx_word' id='word_1_754' title='bbox 3117 4402 3409 4472; x_wconf 81' lang='lat' dir='ltr'><strong>provinciae</strong></span> <span class='ocrx_word' id='word_1_755' title='bbox 3455 4402 3747 4472; x_wconf 89' lang='lat' dir='ltr'><strong>episcopis,</strong></span> <span class='ocrx_word' id='word_1_756' title='bbox 3778 4417 3877 4457; x_wconf 87' lang='lat' dir='ltr'><strong>sua</strong></span> 
     </span>
    </p>
   </div>
   <div class='ocr_carea' id='block_1_102' title="bbox 2279 4490 3880 4563">
    <p class='ocr_par' dir='ltr' id='par_1_102' title="bbox 2279 4490 3880 4563">
     <span class='ocr_line' id='line_1_102' title="bbox 2279 4490 3880 4563; baseline -0.004 -12"><span class='ocrx_word' id='word_1_757' title='bbox 2279 4497 2607 4551; x_wconf 85' lang='lat' dir='ltr'><strong>auctoritate</strong></span> <span class='ocrx_word' id='word_1_758' title='bbox 2674 4494 3052 4561; x_wconf 82' lang='lat' dir='ltr'><strong>conﬁrmavit,</strong></span> <span class='ocrx_word' id='word_1_759' title='bbox 3107 4507 3339 4561; x_wconf 88' lang='lat' dir='ltr'><strong>eumque</strong></span> <span class='ocrx_word' id='word_1_760' title='bbox 3410 4491 3576 4563; x_wconf 91' lang='lat' dir='ltr'><strong>pallio</strong></span> <span class='ocrx_word' id='word_1_761' title='bbox 3653 4490 3880 4546; x_wconf 89' lang='lat' dir='ltr'><strong>donavit</strong></span> 
     </span>
    </p>
   </div>
   <div class='ocr_carea' id='block_1_103' title="bbox 2283 4581 3876 4658">
    <p class='ocr_par' dir='ltr' id='par_1_103' title="bbox 2283 4581 3876 4658">
     <span class='ocr_line' id='line_1_103' title="bbox 2283 4581 3876 4658; baseline -0.003 -18"><span class='ocrx_word' id='word_1_762' title='bbox 2283 4585 2443 4658; x_wconf 87' lang='lat' dir='ltr'><strong>(Lib.</strong></span> <span class='ocrx_word' id='word_1_763' title='bbox 2477 4602 2547 4653; x_wconf 84' lang='grc' dir='ltr'>ιι,</span> <span class='ocrx_word' id='word_1_764' title='bbox 2582 4603 2661 4656; x_wconf 88' lang='lat' dir='ltr'><strong>ep.</strong></span> <span class='ocrx_word' id='word_1_765' title='bbox 2692 4584 2763 4638; x_wconf 73' lang='grc'>22</span> <span class='ocrx_word' id='word_1_766' title='bbox 2798 4592 2846 4638; x_wconf 88' lang='lat' dir='ltr'><strong>et</strong></span> <span class='ocrx_word' id='word_1_767' title='bbox 2884 4583 3011 4653; x_wconf 71' lang='lat'><strong>25).</strong></span> <span class='ocrx_word' id='word_1_768' title='bbox 3058 4582 3297 4638; x_wconf 90' lang='lat' dir='ltr'><strong>Plurima</strong></span> <span class='ocrx_word' id='word_1_769' title='bbox 3339 4582 3444 4637; x_wconf 89' lang='lat' dir='ltr'><strong>alia</strong></span> <span class='ocrx_word' id='word_1_770' title='bbox 3484 4581 3876 4651; x_wconf 88' lang='lat' dir='ltr'><strong>jurisdictionis</strong></span> 
     </span>
    </p>
   </div>
   <div class='ocr_carea' id='block_1_104' title="bbox 2196 4663 3871 4748">
    <p class='ocr_par' dir='ltr' id='par_1_104' title="bbox 2196 4663 3871 4748">
     <span class='ocr_line' id='line_1_104' title="bbox 2196 4663 3871 4748; baseline -0.004 -16"><span class='ocrx_word' id='word_1_771' title='bbox 2196 4663 2252 4726; x_wconf 82' lang='grc' dir='ltr'><strong>Ῐ)</strong></span> <span class='ocrx_word' id='word_1_772' title='bbox 2280 4678 2438 4748; x_wconf 87' lang='lat' dir='ltr'><strong>hujus</strong></span> <span class='ocrx_word' id='word_1_773' title='bbox 2468 4676 2716 4747; x_wconf 84' lang='lat' dir='ltr'><strong>exempla</strong></span> <span class='ocrx_word' id='word_1_774' title='bbox 2738 4676 2852 4746; x_wconf 90' lang='lat' dir='ltr'><strong>jam</strong></span> <span class='ocrx_word' id='word_1_775' title='bbox 2892 4674 3256 4741; x_wconf 79' lang='lat' dir='ltr'><strong>exhibuimus,</strong></span> <span class='ocrx_word' id='word_1_776' title='bbox 3286 4681 3341 4730; x_wconf 90' lang='lat' dir='ltr'><strong>et</strong></span> <span class='ocrx_word' id='word_1_777' title='bbox 3391 4673 3530 4729; x_wconf 84' lang='lat' dir='ltr'><strong>infra</strong></span> <span class='ocrx_word' id='word_1_778' title='bbox 3560 4682 3871 4729; x_wconf 86' lang='lat' dir='ltr'><strong>occurrent.</strong></span> 
     </span>
    </p>
   </div>
   <div class='ocr_carea' id='block_1_105' title="bbox 2817 4806 3329 4882">
    <p class='ocr_par' dir='ltr' id='par_1_105' title="bbox 2817 4806 3329 4882">
     <span class='ocr_line' id='line_1_105' title="bbox 2817 4806 3329 4882; baseline -0.002 -19"><span class='ocrx_word' id='word_1_779' title='bbox 2817 4809 2979 4882; x_wconf 75' lang='lat'><strong>252</strong></span> <span class='ocrx_word' id='word_1_780' title='bbox 3014 4806 3242 4863; x_wconf 84' lang='lat' dir='ltr'><strong>CAPUT</strong></span> <span class='ocrx_word' id='word_1_781' title='bbox 3266 4806 3329 4862; x_wconf 89' lang='grc' dir='ltr'>ιι.</span> 
     </span>
    </p>
   </div>
   <div class='ocr_carea' id='block_1_106' title="bbox 2276 4918 3872 4983">
    <p class='ocr_par' dir='ltr' id='par_1_106' title="bbox 2276 4918 3872 4983">
     <span class='ocr_line' id='line_1_106' title="bbox 2276 4918 3872 4983; baseline -0.004 -10"><span class='ocrx_word' id='word_1_782' title='bbox 2276 4923 2471 4974; x_wconf 65' lang='lat' dir='ltr'><strong>Ancum.</strong></span> <span class='ocrx_word' id='word_1_783' title='bbox 2495 4947 2556 4959; x_wconf 90' lang='lat'><strong>-—</strong></span> <span class='ocrx_word' id='word_1_784' title='bbox 2578 4922 2623 4972; x_wconf 89' lang='lat' dir='ltr'><strong>I.</strong></span> <span class='ocrx_word' id='word_1_785' title='bbox 2648 4921 2874 4983; x_wconf 81' lang='lat' dir='ltr'><strong>Gregorii</strong></span> <span class='ocrx_word' id='word_1_786' title='bbox 2905 4933 2990 4982; x_wconf 91' lang='lat' dir='ltr'><strong>pro</strong></span> <span class='ocrx_word' id='word_1_787' title='bbox 3015 4933 3166 4983; x_wconf 83' lang='lat' dir='ltr'><strong>pace_</strong></span> <span class='ocrx_word' id='word_1_788' title='bbox 3179 4918 3393 4983; x_wconf 79' lang='lat' dir='ltr'><strong>facienda</strong></span> <span class='ocrx_word' id='word_1_789' title='bbox 3426 4918 3719 4969; x_wconf 88' lang='lat' dir='ltr'><strong>sollicitudo.</strong></span> <span class='ocrx_word' id='word_1_790' title='bbox 3747 4945 3803 4983; x_wconf 58' lang='grc' dir='ltr'><strong>έ-</strong></span> <span class='ocrx_word' id='word_1_791' title='bbox 3826 4920 3872 4967; x_wconf 64' lang='lat'><strong>1</strong></span> 
     </span>
    </p>
   </div>
   <div class='ocr_carea' id='block_1_107' title="bbox 2338 4980 3874 5044">
    <p class='ocr_par' dir='ltr' id='par_1_107' title="bbox 2338 4980 3874 5044">
     <span class='ocr_line' id='line_1_107' title="bbox 2338 4980 3874 5044; baseline -0.005 -10"><span class='ocrx_word' id='word_1_792' title='bbox 2338 4988 2445 5034; x_wconf 71' lang='lat' dir='ltr'><strong>Non</strong></span> <span class='ocrx_word' id='word_1_793' title='bbox 2469 4986 2659 5034; x_wconf 85' lang='lat' dir='ltr'><strong>auditur</strong></span> <span class='ocrx_word' id='word_1_794' title='bbox 2685 4980 3085 5044; x_wconf 61' lang='lat' dir='ltr'><strong>ab&#39;impei&#39;atore.</strong></span> <span class='ocrx_word' id='word_1_795' title='bbox 3134 4980 3284 5029; x_wconf 70' lang='lat' dir='ltr'><strong>Falsas</strong></span> <span class='ocrx_word' id='word_1_796' title='bbox 3309 4988 3476 5030; x_wconf 88' lang='lat' dir='ltr'><strong>contra</strong></span> <span class='ocrx_word' id='word_1_797' title='bbox 3503 4994 3617 5044; x_wconf 84' lang='lat' dir='ltr'><strong>eum</strong></span> <span class='ocrx_word' id='word_1_798' title='bbox 3641 4982 3874 5044; x_wconf 66' lang='lat' dir='ltr'><strong>crimian</strong></span> 
     </span>
    </p>
   </div>
   <div class='ocr_carea' id='block_1_108' title="bbox 2339 5041 3875 5107">
    <p class='ocr_par' dir='ltr' id='par_1_108' title="bbox 2339 5041 3875 5107">
     <span class='ocr_line' id='line_1_108' title="bbox 2339 5041 3875 5107; baseline -0.004 -10"><span class='ocrx_word' id='word_1_799' title='bbox 2339 5050 2517 5097; x_wconf 87' lang='lat' dir='ltr'><strong>tiones.</strong></span> <span class='ocrx_word' id='word_1_800' title='bbox 2545 5074 2602 5081; x_wconf 93' lang='lat'><strong>—-</strong></span> <span class='ocrx_word' id='word_1_801' title='bbox 2625 5049 2676 5095; x_wconf 80' lang='grc'>5.</span> <span class='ocrx_word' id='word_1_802' title='bbox 2701 5041 2864 5107; x_wconf 73' lang='lat' dir='ltr'><strong>Luget</strong></span> <span class='ocrx_word' id='word_1_803' title='bbox 2886 5045 2936 5092; x_wconf 89' lang='lat' dir='ltr'><strong>S.</strong></span> <span class='ocrx_word' id='word_1_804' title='bbox 2966 5044 3312 5093; x_wconf 72' lang='lat' dir='ltr'><strong>Maximianum</strong></span> <span class='ocrx_word' id='word_1_805' title='bbox 3337 5046 3431 5092; x_wconf 84' lang='lat' dir='ltr'><strong>vita</strong></span> <span class='ocrx_word' id='word_1_806' title='bbox 3454 5043 3759 5107; x_wconf 81' lang='lat' dir='ltr'><strong>defunctum.</strong></span> <span class='ocrx_word' id='word_1_807' title='bbox 3787 5041 3875 5107; x_wconf 82' lang='lat' dir='ltr'><strong>Cui</strong></span> 
     </span>
    </p>
   </div>
   <div class='ocr_carea' id='block_1_109' title="bbox 2340 5105 3874 5160">
    <p class='ocr_par' dir='ltr' id='par_1_109' title="bbox 2340 5105 3874 5160">
     <span class='ocr_line' id='line_1_109' title="bbox 2340 5105 3874 5160; baseline -0.005 -1"><span class='ocrx_word' id='word_1_808' title='bbox 2340 5122 2674 5160; x_wconf 85' lang='lat' dir='ltr'><strong>successorem</strong></span> <span class='ocrx_word' id='word_1_809' title='bbox 2717 5105 2800 5157; x_wconf 82' lang='lat' dir='ltr'><strong>dat</strong></span> <span class='ocrx_word' id='word_1_810' title='bbox 2842 5107 3081 5155; x_wconf 83' lang='lat' dir='ltr'><strong>Joannem</strong></span> <span class='ocrx_word' id='word_1_811' title='bbox 3126 5108 3284 5154; x_wconf 82' lang='lat' dir='ltr'><strong>virum</strong></span> <span class='ocrx_word' id='word_1_812' title='bbox 3329 5106 3786 5154; x_wconf 81' lang='lat' dir='ltr'><strong>sanctissimum.—</strong></span> <span class='ocrx_word' id='word_1_813' title='bbox 3826 5105 3874 5154; x_wconf 72' lang='grc' dir='ltr'>ι.</span> 
     </span>
    </p>
   </div>
   <div class='ocr_carea' id='block_1_110' title="bbox 2338 5166 3877 5227">
    <p class='ocr_par' dir='ltr' id='par_1_110' title="bbox 2338 5166 3877 5227">
     <span class='ocr_line' id='line_1_110' title="bbox 2338 5166 3877 5227; baseline -0.005 -5"><span class='ocrx_word' id='word_1_814' title='bbox 2338 5172 2555 5223; x_wconf 88' lang='lat' dir='ltr'><strong>Joannes</strong></span> <span class='ocrx_word' id='word_1_815' title='bbox 2580 5172 2836 5221; x_wconf 76' lang='lat' dir='ltr'><strong>Baveuuas</strong></span> <span class='ocrx_word' id='word_1_816' title='bbox 2867 5170 3089 5217; x_wconf 72' lang='lat' dir='ltr'><strong>moritur.</strong></span> <span class='ocrx_word' id='word_1_817' title='bbox 3115 5193 3175 5201; x_wconf 96' lang='lat'><strong><em>—</em></strong></span> <span class='ocrx_word' id='word_1_818' title='bbox 3198 5169 3244 5216; x_wconf 86' lang='lat'><strong>5.</strong></span> <span class='ocrx_word' id='word_1_819' title='bbox 3273 5166 3393 5217; x_wconf 87' lang='lat' dir='ltr'><strong>Cura</strong></span> <span class='ocrx_word' id='word_1_820' title='bbox 3444 5168 3496 5216; x_wconf 83' lang='lat' dir='ltr'><strong>S.</strong></span> <span class='ocrx_word' id='word_1_821' title='bbox 3516 5166 3746 5226; x_wconf 81' lang='lat' dir='ltr'><strong>Gregorii</strong></span> <span class='ocrx_word' id='word_1_822' title='bbox 3789 5178 3877 5227; x_wconf 84' lang='lat' dir='ltr'><strong>pro</strong></span> 
     </span>
    </p>
   </div>
   <div class='ocr_carea' id='block_1_111' title="bbox 2339 5229 3874 5292">
    <p class='ocr_par' dir='ltr' id='par_1_111' title="bbox 2339 5229 3874 5292">
     <span class='ocr_line' id='line_1_111' title="bbox 2339 5229 3874 5292; baseline -0.007 -7"><span class='ocrx_word' id='word_1_823' title='bbox 2339 5235 2668 5285; x_wconf 82' lang='lat' dir='ltr'><strong>monasteriis.</strong></span> <span class='ocrx_word' id='word_1_824' title='bbox 2695 5259 2755 5268; x_wconf 92' lang='lat'><strong><em>—</em></strong></span> <span class='ocrx_word' id='word_1_825' title='bbox 2779 5232 2828 5280; x_wconf 88' lang='lat'><strong>6.</strong></span> <span class='ocrx_word' id='word_1_826' title='bbox 2856 5231 3155 5280; x_wconf 83' lang='lat' dir='ltr'><strong>Manniauus</strong></span> <span class='ocrx_word' id='word_1_827' title='bbox 3178 5229 3421 5292; x_wconf 62' lang='lat' dir='ltr'><strong>Ravenna</strong></span> <span class='ocrx_word' id='word_1_828' title='bbox 3444 5230 3497 5280; x_wconf 84' lang='lat' dir='ltr'><strong>Iit</strong></span> <span class='ocrx_word' id='word_1_829' title='bbox 3520 5230 3874 5292; x_wconf 76' lang='lat' dir='ltr'><strong>episcopus.—</strong></span> 
     </span>
    </p>
   </div>
   <div class='ocr_carea' id='block_1_112' title="bbox 2338 5290 3873 5356">
    <p class='ocr_par' dir='ltr' id='par_1_112' title="bbox 2338 5290 3873 5356">
     <span class='ocr_line' id='line_1_112' title="bbox 2338 5290 3873 5356; baseline -0.005 -9"><span class='ocrx_word' id='word_1_830' title='bbox 2338 5300 2383 5348; x_wconf 93' lang='lat'><strong>7.</strong></span> <span class='ocrx_word' id='word_1_831' title='bbox 2414 5295 2638 5346; x_wconf 71' lang='lat' dir='ltr'><strong>Romanas</strong></span> <span class='ocrx_word' id='word_1_832' title='bbox 2663 5296 2831 5356; x_wconf 83' lang='lat' dir='ltr'><strong>synodi</strong></span> <span class='ocrx_word' id='word_1_833' title='bbox 2855 5295 3210 5356; x_wconf 15' lang='lat' dir='ltr'><strong>decreta—,8.</strong></span> <span class='ocrx_word' id='word_1_834' title='bbox 3239 5290 3315 5341; x_wconf 83' lang='lat' dir='ltr'><strong>De</strong></span> <span class='ocrx_word' id='word_1_835' title='bbox 3341 5290 3607 5356; x_wconf 79' lang='lat' dir='ltr'><strong>Mariniano</strong></span> <span class='ocrx_word' id='word_1_836' title='bbox 3629 5290 3873 5356; x_wconf 60' lang='lat' dir='ltr'><strong>querela}.</strong></span> 
     </span>
    </p>
   </div>
   <div class='ocr_carea' id='block_1_113' title="bbox 2335 5354 3873 5415">
    <p class='ocr_par' dir='ltr' id='par_1_113' title="bbox 2335 5354 3873 5415">
     <span class='ocr_line' id='line_1_113' title="bbox 2335 5354 3873 5415; baseline -0.005 -6"><span class='ocrx_word' id='word_1_837' title='bbox 2335 5387 2396 5397; x_wconf 95' lang='lat'><strong>—</strong></span> <span class='ocrx_word' id='word_1_838' title='bbox 2416 5363 2464 5409; x_wconf 87' lang='lat'><strong>9.</strong></span> <span class='ocrx_word' id='word_1_839' title='bbox 2492 5354 2703 5408; x_wconf 81' lang='lat' dir='ltr'><strong>Maxime</strong></span> <span class='ocrx_word' id='word_1_840' title='bbox 2728 5358 2854 5415; x_wconf 81' lang='lat' dir='ltr'><strong>quoi</strong></span> <span class='ocrx_word' id='word_1_841' title='bbox 2899 5355 3186 5403; x_wconf 85' lang='lat' dir='ltr'><strong>monasteria</strong></span> <span class='ocrx_word' id='word_1_842' title='bbox 3214 5355 3385 5402; x_wconf 79' lang='lat' dir='ltr'><strong>vexari</strong></span> <span class='ocrx_word' id='word_1_843' title='bbox 3410 5361 3684 5415; x_wconf 86' lang='lat' dir='ltr'><strong>pateretur.</strong></span> <span class='ocrx_word' id='word_1_844' title='bbox 3704 5379 3770 5389; x_wconf 89' lang='lat'><strong>—</strong></span> <span class='ocrx_word' id='word_1_845' title='bbox 3794 5354 3873 5404; x_wconf 80' lang='grc' dir='ltr'><strong>ιο.</strong></span> 
     </span>
    </p>
   </div>
   <div class='ocr_carea' id='block_1_114' title="bbox 2338 5416 3749 5483">
    <p class='ocr_par' dir='ltr' id='par_1_114' title="bbox 2338 5416 3749 5483">
     <span class='ocr_line' id='line_1_114' title="bbox 2338 5416 3749 5483; baseline -0.007 -11"><span class='ocrx_word' id='word_1_846' title='bbox 2338 5422 2659 5483; x_wconf 79' lang='lat' dir='ltr'><strong>Privilegiutu</strong></span> <span class='ocrx_word' id='word_1_847' title='bbox 2684 5417 2931 5467; x_wconf 86' lang='lat' dir='ltr'><strong>monachis</strong></span> <span class='ocrx_word' id='word_1_848' title='bbox 2952 5428 3252 5466; x_wconf 86' lang='lat' dir='ltr'><strong>concessum.</strong></span> <span class='ocrx_word' id='word_1_849' title='bbox 3277 5417 3394 5477; x_wconf 80' lang='lat' dir='ltr'><strong>(An.</strong></span> <span class='ocrx_word' id='word_1_850' title='bbox 3419 5417 3512 5467; x_wconf 69' lang='grc'><strong>594</strong></span> <span class='ocrx_word' id='word_1_851' title='bbox 3536 5424 3589 5465; x_wconf 88' lang='lat' dir='ltr'><strong>et</strong></span> <span class='ocrx_word' id='word_1_852' title='bbox 3612 5416 3749 5476; x_wconf 72' lang='lat'><strong>595.)</strong></span> 
     </span>
    </p>
   </div>
   <div class='ocr_carea' id='block_1_115' title="bbox 2345 5518 3875 5594">
    <p class='ocr_par' dir='ltr' id='par_1_115' title="bbox 2345 5518 3875 5594">
     <span class='ocr_line' id='line_1_115' title="bbox 2345 5518 3875 5594; baseline -0.007 -10"><span class='ocrx_word' id='word_1_853' title='bbox 2345 5530 2398 5584; x_wconf 92' lang='grc'><strong>1.</strong></span> <span class='ocrx_word' id='word_1_854' title='bbox 2441 5526 2545 5582; x_wconf 87' lang='lat' dir='ltr'><strong>Pro</strong></span> <span class='ocrx_word' id='word_1_855' title='bbox 2592 5539 2725 5594; x_wconf 91' lang='lat' dir='ltr'><strong>pace</strong></span> <span class='ocrx_word' id='word_1_856' title='bbox 2768 5522 3042 5578; x_wconf 81' lang='lat' dir='ltr'><strong>Romanos</strong></span> <span class='ocrx_word' id='word_1_857' title='bbox 3087 5521 3228 5574; x_wconf 92' lang='lat' dir='ltr'><strong>inter</strong></span> <span class='ocrx_word' id='word_1_858' title='bbox 3268 5529 3323 5574; x_wconf 86' lang='lat' dir='ltr'><strong>et</strong></span> <span class='ocrx_word' id='word_1_859' title='bbox 3366 5519 3753 5590; x_wconf 88' lang='lat' dir='ltr'><strong>Langobardos</strong></span> <span class='ocrx_word' id='word_1_860' title='bbox 3791 5518 3875 5575; x_wconf 82' lang='lat' dir='ltr'><strong>fa-</strong></span> 
     </span>
    </p>
   </div>
   <div class='ocr_carea' id='block_1_116' title="bbox 2274 5612 3876 5686">
    <p class='ocr_par' dir='ltr' id='par_1_116' title="bbox 2274 5612 3876 5686">
     <span class='ocr_line' id='line_1_116' title="bbox 2274 5612 3876 5686; baseline -0.006 -7"><span class='ocrx_word' id='word_1_861' title='bbox 2274 5622 2465 5679; x_wconf 81' lang='lat' dir='ltr'><strong>cienda</strong></span> <span class='ocrx_word' id='word_1_862' title='bbox 2492 5626 2546 5675; x_wconf 90' lang='lat' dir='ltr'><strong>et</strong></span> <span class='ocrx_word' id='word_1_863' title='bbox 2574 5614 3020 5686; x_wconf 85' lang='lat' dir='ltr'><strong>coagmentanda,</strong></span> <span class='ocrx_word' id='word_1_864' title='bbox 3056 5615 3159 5668; x_wconf 90' lang='lat' dir='ltr'><strong>hoc</strong></span> <span class='ocrx_word' id='word_1_865' title='bbox 3180 5629 3322 5667; x_wconf 88' lang='lat' dir='ltr'><strong>anno</strong></span> <span class='ocrx_word' id='word_1_866' title='bbox 3342 5612 3636 5681; x_wconf 86' lang='lat' dir='ltr'><strong>Gregorius</strong></span> <span class='ocrx_word' id='word_1_867' title='bbox 3658 5612 3876 5669; x_wconf 81' lang='lat' dir='ltr'><strong>adlabo-</strong></span> 
     </span>
    </p>
   </div>
   <div class='ocr_carea' id='block_1_117' title="bbox 2273 5703 3874 5776">
    <p class='ocr_par' dir='ltr' id='par_1_117' title="bbox 2273 5703 3874 5776">
     <span class='ocr_line' id='line_1_117' title="bbox 2273 5703 3874 5776; baseline -0.014 -6"><span class='ocrx_word' id='word_1_868' title='bbox 2273 5712 2433 5770; x_wconf 89' lang='lat' dir='ltr'><strong>ravit.</strong></span> <span class='ocrx_word' id='word_1_869' title='bbox 2465 5710 2547 5765; x_wconf 84' lang='lat' dir='ltr'><strong>Ab</strong></span> <span class='ocrx_word' id='word_1_870' title='bbox 2566 5723 2633 5764; x_wconf 88' lang='lat' dir='ltr'><strong>ea</strong></span> <span class='ocrx_word' id='word_1_871' title='bbox 2654 5722 2763 5762; x_wconf 87' lang='lat' dir='ltr'><strong>non</strong></span> <span class='ocrx_word' id='word_1_872' title='bbox 2790 5705 3121 5761; x_wconf 88' lang='lat' dir='ltr'><strong>abhorrebat</strong></span> <span class='ocrx_word' id='word_1_873' title='bbox 3143 5703 3406 5775; x_wconf 82' lang='lat' dir='ltr'><strong>Agilullus</strong></span> <span class='ocrx_word' id='word_1_874' title='bbox 3427 5718 3562 5773; x_wconf 81' lang='lat' dir='ltr'><strong>rex;</strong></span> <span class='ocrx_word' id='word_1_875' title='bbox 3596 5710 3653 5758; x_wconf 87' lang='lat' dir='ltr'><strong>at</strong></span> <span class='ocrx_word' id='word_1_876' title='bbox 3679 5711 3874 5776; x_wconf 63' lang='lat' dir='ltr'><strong>post“.</strong></span> 
     </span>
    </p>
   </div>
   <div class='ocr_carea' id='block_1_118' title="bbox 2274 5862 3489 5990">
    <p class='ocr_par' dir='ltr' id='par_1_118' title="bbox 2274 5862 3489 5990">
     <span class='ocr_line' id='line_1_118' title="bbox 2274 5862 3489 5990; baseline 0.001 -16"><span class='ocrx_word' id='word_1_877' title='bbox 2274 5862 2867 5979; x_wconf 36' lang='lat' dir='ltr'><strong>exiriluildlenbaronium</strong></span> <span class='ocrx_word' id='word_1_878' title='bbox 2888 5918 2956 5975; x_wconf 86' lang='lat' dir='ltr'><strong>ad</strong></span> <span class='ocrx_word' id='word_1_879' title='bbox 2984 5931 3185 5975; x_wconf 89' lang='lat' dir='ltr'><strong>annum</strong></span> <span class='ocrx_word' id='word_1_880' title='bbox 3211 5914 3340 5985; x_wconf 84' lang='lat'><strong>606,</strong></span> <span class='ocrx_word' id='word_1_881' title='bbox 3370 5915 3399 5990; x_wconf 84' lang='lat'><strong>§</strong></span> <span class='ocrx_word' id='word_1_882' title='bbox 3430 5915 3489 5974; x_wconf 73' lang='lat'><strong>2.</strong></span> 
     </span>
    </p>
   </div>
  </div>
