4138 6448
264 391 376 450 353

737 381 797 438 S.
834 373 1161 435 GREGORII
1200 368 1413 428 MAGNI
1444 367 1628 435 VITA,
1673 364 1767 423 EX
1800 360 1966 419 ειυς
2001 357 2306 417 SCRIPTIS
2344 352 2738 415 ADORNATA.
2776 350 2905 408 LIB.
2944 346 3033 407 III.

3434 342 3542 402 35L

262 507 413 563 labat
456 512 516 557 ut
549 510 668 569 quae
700 503 941 564 tempore
977 488 1127 559 pacis
1167 485 1344 541 ablata
1387 482 1489 537 sibi
1535 494 1631 551 per
1666 477 1845 532 dolum
1881 477 1920 534 Α
1949 470 2330 533 Maximianum
2359 468 2500 525 diem
2528 466 2786 524 clausisse
2826 471 3126 520 extremum
3152 472 3342 516 mense
3385 458 3545 514 circi-

265 596 500 659 fuerant,
521 588 959 648 restituerentur;
988 578 1329 646 vicissimque
1348 592 1403 630 se
1428 573 1593 629 modis
1615 568 1847 627 omnibus

264 690 657 759 satisfacturum
692 676 1049 751 pollicebatur,
1070 675 1115 727 si
1138 671 1258 744 quid
1287 687 1319 723 a
1344 667 1574 739 partibus
1596 666 1701 719 suis
1729 679 1851 717 con-

264 753 454 840 stiterit
496 794 606 833 esse
662 771 988 829 commissum
1005 766 1144 840 (Lib.
1170 782 1231 827 v,
1274 781 1355 834 ep.
1388 761 1496 829 '56).
1529 759 1586 813 Id
1613 753 1851 825 aequitati

266 879 687 931 consentaneum
718 879 838 920 esse
861 860 1118 931 judicavit
1152 865 1368 912 sanctus
1397 850 1633 923 pontifex
1659 890 1672 912 ,
1704 856 1759 903 et
1786 860 1853 901 ne

266 967 334 1020 ab
363 962 599 1020 exarcbo
645 963 1017 1027 respueretur,
1050 950 1116 1004 ad
1145 949 1401 1004 Severum
1433 943 1669 1013 ejusdem
1697 939 1854 995 scho-

266 1057 515 1111 lasticum
556 1049 804 1119 scripsit,
860 1054 918 1099 ut
959 1042 1059 1112 ipsi
1098 1037 1450 1112 persuaderet
1486 1032 1695 1086 oblatas
1732 1027 1854 1082 illas

266 1149 415 1220 pacis
461 1143 797 1201 conditiones
869 1152 977 1191 non
1031 1131 1334 1202 repudiare.
1386 1124 1571 1181 Romae
1614 1121 1853 1193 quidem,

266 1257 506 1313 agroque
531 1239 780 1293 Romano
807 1246 996 1305 pacem
1018 1226 1267 1301 privatim
1291 1236 1582 1291 procurare
1603 1220 1656 1273 in
1683 1230 1857 1288 prom-

266 1343 365 1406 ptu
399 1310 543 1400 erat,
580 1331 648 1386 ad
690 1343 809 1384 eam
854 1325 997 1381 enim
1045 1316 1440 1377 concedendam
1491 1310 1859 1383 propendebat

268 1404 551 1498 bgilulfus.
593 1424 663 1480 At
683 1420 989 1491 Gregorius,
1021 1424 1081 1470 ut
1109 1409 1405 1469 communis
1428 1415 1597 1477 pater,
1628 1404 1694 1457 de
1724 1415 1858 1472 pace

265 1520 505 1591 generali
532 1512 864 1573 conficienda
908 1507 1172 1564 sollicitus
1208 1509 1355 1569 erat,
1382 1499 1505 1570 quia
1528 1496 1627 1550 nisi
1655 1494 1857 1549 bellum

264 1628 389 1668 cum
438 1605 802 1678 Langobardis
845 1604 1290 1670 componeretur,
1342 1586 1765 1659 diverswlinsulaz
1812 1593 1861 1638 et

265 1704 383 1760 loca
423 1703 527 1756 alia
573 1695 906 1771 proculdubio
944 1690 1172 1761 peritura
1219 1694 1387 1740 erant.

338 1794 392 1849 2.
426 1795 494 1848 At
523 1795 589 1847 de
611 1804 743 1861 pace
772 1787 994 1843 minime
1021 1778 1291 1851 cogitabat
1320 1776 1605 1841 exarcbus,
1628 1772 1719 1841 qui
1746 1770 1861 1826 bel-

340 1838 392 1849 -.
525 1838 589 1847 υ-
612 1838 741 1861 ιη--
1089 1838 1118 1851 υ
1592 1838 1600 1841 ν
1646 1838 1660 1841 _

264 1886 379 1949 lum
408 1884 507 1939 toti
531 1879 839 1951 reipublicae
871 1874 1190 1935 exitiosum,
1218 1868 1319 1924 sibi
1358 1866 1696 1922 utilissimum
1739 1876 1860 1917 esse

1974 1846 2140 1917 posita
2188 1843 2520 1913 requireret,
2583 1838 2759 1908 inquit

266 1970 613 2041 futurumque
657 1966 1015 2039 perspiciebat
1047 1982 1059 2016 :
1094 1979 1157 2017 ex
1194 1958 1531 2015 detrimentis
1558 1956 1702 2010 enim
1730 1955 1859 2008 alie-

266 2070 350 2124 nis
383 2068 533 2120 lucra
589 2069 809 2131 captare
848 2073 955 2113 non
993 2054 1300 2110 verebatur.
1340 2049 1488 2105 Illius
1516 2049 1698 2118 itaque
1728 2045 1858 2099 alio-

266 2171 495 2228 rumque
538 2153 790 2209 similium
839 2147 1065 2219 publicce
1092 2145 1172 2199 rei
1217 2140 1708 2196 administratorum
1738 2150 1860 2190 sua-

266 2251 510 2309 sionibus
556 2254 612 2301 et
656 2242 895 2300 consiliis
924 2240 1182 2308 deceptus
1208 2232 1518 2295 Mauricius,
1552 2217 1660 2284 non
1685 2227 1861 2283 solum

265 2344 415 2404 bello
446 2342 607 2395 finem
653 2339 932 2406 imponere
967 2329 1187 2385 minime
1227 2323 1531 2392 consensit,
1577 2319 1674 2377 sed
1700 2318 1862 2374 etiam

268 2431 587 2505 Gregorium
629 2429 699 2485 ad
737 2427 860 2485 odia
899 2422 1218 2495 deponenda
1260 2426 1315 2473 et
1357 2415 1645 2472 ineundum
1692 2414 1865 2469 foedus

267 2529 599 2589 hortantem,
630 2523 806 2578 nimiae
833 2517 1181 2590 simplicitatis
1209 2512 1420 2582 arguit,
1463 2509 1697 2566 maxime
1719 2506 1863 2577 quod

269 2625 340 2681 de
366 2623 602 2685 Ariulfo,
657 2617 950 2689 Spoletano
989 2612 1154 2673 duce,
1206 2606 1538 2678 scripsisset,
1592 2618 1714 2658 eum
1762 2610 1864 2656 toto

276 2717 431 2774 corde
474 2716 647 2770 venire
691 2711 761 2765 ad
811 2705 1183 2778 rempublicam
1221 2708 1462 2772 paratum
1515 2712 1626 2751 esse
1673 2692 1863 2765 (Ibid.,

273 2806 384 2877 Ep.‘
409 2806 532 2877 40),
566 2802 669 2859 hoc
697 2809 808 2867 est,
860 2798 927 2852 ad
952 2809 1139 2867 pacem
1167 2799 1221 2848 et
1248 2789 1564 2845 societatem
1606 2798 1727 2839 cum
1757 2781 1868 2834 Ro-

272 2900 453 2957 manis
478 2896 776 2953 faciendam
806 2906 1055 2963 pronum.
1089 2886 1285 2955 Sicque
1313 2882 1441 2937 dum
1466 2893 1615 2949 papa:
1640 2874 1870 2931 saniori-

271 2993 378 3049 bus
405 2989 637 3047 consiliis
666 3004 771 3043 non
801 2983 1140 3047 credebatur,
1186 2977 1327 3031 vires
1355 2972 1587 3028 hostium
1616 2966 1868 3023 immani-

277 3095 366 3141 ter
394 3082 793 3145 excrescebant,
830 3086 886 3134 et
910 3076 1063 3131 Italia
1090 3070 1329 3142 quotidie
1357 3068 1456 3123 sub
1484 3062 1870 3131 Langobardo-

278 3192 401 3234 rum
453 3176 581 3244 jugo
620 3172 834 3243 captiva
900 3166 1217 3223 ducebatur.
1278 3160 1403 3215 Haec
1456 3156 1704 3227 deplorat
1748 3154 1870 3224 pius

279 3280 498 3343 pastor,
527 3275 583 3323 et
608 3265 787 3322 clades
816 3273 928 3319 tum
957 3260 1149 3324 Italiae,

282 3454 623 3530 petendaque
634 3464 766 3522 pace
787 3462 894 3503 non
914 3448 1170 3506 cessaret,
1203 3436 1441 3493 adhibita
1460 3430 1694 3488 Castorii
1715 3436 1875 3483 nota-

282 3518 562 3620 rii-opera,
585 3518 746 3616 quem
766 3542 1037 3597 Ravennae
1066 3530 1439 3604 responsalem
1464 3525 1700 3583 habebat
1725 3518 1880 3591 'apud

284 3616 579 3701 exarchum
610 3658 623 3693 :
658 3635 883 3703 Quidam
912 3631 1126 3703 maligni
1152 3627 1363 3698 spiritus
1391 3619 1608 3677 consilio
1632 3616 1879 3687 repletus,

284 3742 470 3791 contra
494 3733 627 3787 hunc
648 3736 900 3785 nocturno
926 3723 1152 3786 silentio,
1173 3721 1229 3773 in
1246 3716 1469 3772 civitatis
1494 3714 1605 3768 loco
1623 3715 1880 3764 contesta-

284 3834 478 3889 tionem
504 3826 677 3898 posuit
700 3826 757 3879 in
797 3822 910 3893 ejus
951 3818 1163 3871 crimine
1205 3814 1520 3882 loquentem,
1562 3815 1611 3859 et
1634 3801 1882 3873 Gregorio

283 3926 446 3984 etiam
468 3894 531 3975 de
552 3915 791 3992 facienda
812 3928 939 3985 pace
955 3907 1144 3963 callide
1177 3901 1616 3960 contradicentem
1648 3894 1784 3966 (Lib.
1810 3906 1881 3956 vt,

288 4038 372 4092 ep.
404 4016 520 4087 51).
552 4009 825 4068 Adversus
846 4002 1012 4061 libelli
1052 3998 1211 4071 hujus
1240 3992 1432 4052 famosi
1473 3994 1759 4047 auctorem
1791 4000 1886 4041 ex-

291 4078 798 4166 communicationis
816 4094 1143 4155 sententiam
1164 4090 1289 4146 tulit
1304 4101 1465 4159 papa,
1489 4082 1593 4138 nisi
1620 4078 1886 4151 prodiret,

293 4217 360 4257 ac
386 4214 451 4256 ea
476 4211 598 4269 quae
618 4195 672 4250 in
700 4189 1099 4249 contestatione
1137 4180 1566 4253 objiciebantur,
1598 4172 1886 4243 probaret;

294 4303 391 4352 aut
418 4292 545 4348 facti
575 4288 874 4361 paenitens,
917 4279 1135 4353 publica
1159 4272 1500 4333 confessione
1536 4281 1688 4324 suam
1718 4277 1889 4334 agno-

296 4391 474 4442 sceret
520 4358 767 4451 culpam,
816 4382 1142 4447 pronamque
1194 4365 1437 4421 debitam
1484 4358 1888 4429 deprecaretur.

300 4476 503 4533 Eadem
549 4448 1108 4529 excommunicatione
1151 4454 1434 4514 mulctavit
1480 4466 1603 4516 eos,
1651 4448 1744 4518 qui
1768 4462 1895 4501 con-

301 4585 509 4626 sensum
557 4567 613 4620 in
647 4570 808 4617 tanta:
849 4552 1139 4628 iniquitatis
1176 4545 1391 4604 consilio
1424 4540 1783 4615 prazbuissent.

1200 3264 1313 3310 tum
1340 3250 1637 3323 praesertim
1686 3246 1873 3300 Roma:
1904 3256 1949 3320 ρ

318 3313 455 3325 νιν-νν
482 3313 498 3337 s
530 3313 582 3323 ν-
612 3313 786 3322 ν---ντ
819 3313 928 3319 v—~——
958 3313 975 3315 —
1136 3313 1149 3324 ι
1340 3313 1357 3323 .

282 3313 459 3421 illatas
502 3364 802 3417 enumerat.
851 3352 1096 3422 Cumque
1138 3345 1490 3403 nihilominus
1524 3357 1556 3395 a
1597 3336 1873 3396 suadenda
1913 3313 2122 3385 ’(Ῑιίθ·
2153 3328 2206 3378 Vr

1950 576 2035 623 ter
2066 560 2352 617 Novembri
2384 575 2472 614 an.
2507 558 2629 614 594.
2657 557 2874 614 Nobiles
2920 551 3244 627 Syracusani
3280 550 3543 606 electionis

1951 667 2109 705 onera
2145 652 2406 723 sapienter
2432 651 2745 705 declinantes
2790 647 2988 721 (Ibid.,
3026 663 3108 717 ep.
3139 644 3230 714 22)
3253 684 3269 711 ,
3298 640 3544 711 Gregorii

1952 741 2175 798 arbitrio
2220 742 2636 807 commiserant,
2667 740 2860 810 quibus
2896 738 3096 808 gratias
3122 748 3287 804 agens
3308 731 3545 802 scripsit,

1949 847 2011 889 se
2056 847 2218 903 quem
2260 833 2393 904 ipsis
2429 834 2584 887 daret
2628 840 2902 903 pastorem
2949 828 3276 883 Maximiano
3315 824 3547 879 similem

1952 939 2059 980 non
2090 925 2309 982 habere.
2340 923 2611 997 Cypriano
2639 922 2871 979 diacono
2902 929 3084 976 tamen
3116 916 3369 974 indicavit
3389 913 3550 970 Joan-

1954 1032 2078 1093 nem
2125 1017 2441 1074 Catanensis
2485 1014 2739 1070 Ecclesia:
2784 1011 3225 1066 archidiaconum
3291 1014 3550 1074 tanquam

1955 1112 2142 1182 magis
2170 1107 2604 1175 idoneum;cui,
2634 1106 2680 1161 si
2708 1104 3033 1173 eligeretur,
3074 1101 3245 1155 voluit
3289 1114 3319 1154 a
3368 1097 3553 1153 Leone

1954 1203 2244 1259 Catanensi
2264 1203 2523 1272 episcopo
2545 1199 2849 1264 cessionem,
2871 1195 2985 1250 sive
3011 1200 3074 1248 ut
3088 1192 3248 1247 modo
3262 1189 3551 1260 loquimur,

1956 1295 2285 1351 dimissorias
2302 1294 2507 1349 litteras
2519 1290 2655 1355 dari,
2669 1297 2959 1356 antequam
2974 1283 3337 1341 ordinaretur.
3352 1278 3556 1337 Deinde

1958 1384 2135 1440 electo
2158 1393 2214 1439 et
2247 1382 2499 1440 ordinato
2543 1380 2762 1450 pallium
2808 1377 2975 1433 misit.

2030 1474 2266 1531 Joannes
2304 1475 2359 1528 in
2410 1472 2723 1544 episcopatu
2760 1468 3049 1525 virtutibus
3098 1465 3348 1522 omnibus
3387 1461 3556 1531 fulsit,

1958 1568 2255 1640 prtesertim
2290 1565 2457 1622 effusa
2501 1565 2557 1620 in
2597 1577 2863 1634 pauperes
2892 1559 3242 1629 liberalitate,
3276 1558 3349 1612 ita
3397 1565 3480 1622 ut,
3509 1563 3560 1609 et

1961 1665 2007 1719 si
2034 1663 2331 1717 innumeros
2353 1659 2493 1731 apud
2532 1675 2587 1713 se
2620 1672 2869 1728 pauperes
2900 1653 3142 1719 haberet,
3171 1666 3270 1723 pro
3293 1648 3560 1721 explenda

1961 1763 2144 1809 tamen
2170 1752 2417 1821 largitate
2443 1747 2848 1813 misericordiae,
2872 1745 3033 1799 etiam
3058 1744 3174 1798 loca
3195 1742 3297 1796 alia
3325 1749 3381 1795 et
3400 1741 3563 1807 longe

2807 1843 3027 1891 sanctus
3077 1830 3368 1901 Gregorius
3384 1870 3400 1896 ,
3458 1828 3560 1898 ipsi

1962 1936 2162 2005 gratias
2180 1934 2421 1989 referens
2436 1946 2537 2001 pro
2557 1925 2917 1998 eleemosynis
2937 1923 3007 1978 ad
3032 1939 3091 1978 se
3116 1920 3293 1977 missis
3316 1918 3459 1991 (Lib.
3482 1934 3557 1984 vt,

1961 2045 2043 2099 ep.
2093 2020 2204 2097 18).
2250 2024 2378 2080 Ideo
2424 2022 2654 2078 fortasse
2693 2018 2748 2074 in
2797 2029 2999 2086 egenos
3040 2015 3117 2068 ita
3164 2009 3469 2067 beneficum
3498 2022 3561 2062 se

1962 2119 2219 2191 praebuit,
2249 2116 2393 2186 quod
2424 2113 2492 2169 ad
2518 2110 2849 2169 sanctissimi
2877 2105 3119 2163 doctoris
3152 2110 3419 2174 praecepta
3444 2115 3566 2156 sese

1962 2217 2347 2282 componeret,
2378 2220 2552 2276 eaque
2578 2203 2796 2259 assidua
2824 2199 3149 2269 scriptorum
3166 2194 3301 2264 «ejus
3327 2192 3565 2248 lectione

1962 2306 2225 2362 imbibere
2253 2308 2488 2357 curaret.
2510 2296 2666 2352 Hanc
2693 2294 2981 2351 lectionem
3010 2306 3120 2347 sua:
3141 2302 3363 2353 mensae,
3395 2285 3562 2340 etiam

1965 2413 2141 2452 coram
2170 2393 2432 2449 extraneis
2462 2388 2775 2455 adhibebat,
2804 2398 2912 2455 qua
2957 2382 3109 2439 cibos
3147 2375 3557 2450 quodammodo

1965 2488 2230 2545 condiret.
2265 2484 2328 2539 'Id
2357 2496 2499 2552 aegre
2527 2478 2750 2535 omnino
2777 2476 2899 2531 tulit
2927 2473 3010 2529 vir
3038 2484 3261 2528 summie
3291 2467 3570 2524 humilita-

1965 2581 2037 2637 tis
2061 2588 2118 2636 et
2144 2577 2443 2641 modestie,
2470 2578 2769 2640 auctorque
2788 2566 2889 2622 fuit
2912 2572 2973 2622 ut
2991 2565 3183 2621 saltem
3205 2576 3389 2618 coram
3410 2572 3570 2631 pere-

1967 2670 2134 2740 grinis
2164 2667 2232 2722 ab
2258 2668 2361 2722 hac
2391 2663 2623 2720 lectione
2662 2658 2899 2715 Joannes
2945 2656 3272 2717 abstineret,
3316 2666 3383 2706 ac
3428 2650 3573 2703 anti-

1968 2763 2204 2831 quiorum
2233 2757 2453 2812 Patrum
2480 2754 2621 2807 dicta
2645 2750 2752 2820 legi
2783 2749 3029 2818 juberet,
3059 2761 3123 2800 ea:
3151 2759 3367 2816 quorum
3391 2748 3573 2797 aucto-

1970 2855 2127 2908 ritate
2153 2852 2380 2907 ualerent
2404 2845 2682 2919 informari
2712 2840 2850 2915 (Lib.
2884 2855 2957 2894 vn
2976 2880 2992 2908 ,
3021 2854 3104 2908 ep.
3134 2837 3213 2906 9).

2042 2947 2096 3001 4.
2140 2945 2342 3000 Eodem
2395 2953 2612 3010 quoque
2660 2950 2805 2991 anno
2844 2947 2952 3003 quo
3001 2928 3359 2984 Maximianus
3400 2923 3571 2979 Joan-

1971 3052 2105 3106 nes,
2132 3036 2508 3090 Ravennatum
2566 3025 3031 3095 archiepiscopus,
3076 3035 3108 3076 e
3148 3019 3257 3074 vita
3304 3014 3574 3086 migravit,

1976 3129 2215 3184 nondum
2241 3127 2413 3196 sopita
2442 3122 2509 3178 de
2532 3135 2632 3176 usu
2658 3116 2808 3189 pallii
2829 3112 3222 3175 controversia,
3253 3117 3312 3165 ut
3336 3123 3406 3163 ex
3436 3121 3575 3162 non-

1979 3220 2141 3276 nullis
2188 3195 2436 3286 Gregorii
2465 3207 2707 3281 epistolis
2733 3207 2801 3261 ad
2830 3220 2954 3261 eum
2984 3202 3144 3271 paulo
3173 3208 3333 3256 antea
3362 3195 3579 3267 scriptis

2216 3322 2309 3380 ‘ep.
2342 3307 2431 3373 25,
2458 3304 2550 3373 48,
2567 3302 2686 3372 56),
2712 3299 3054 3370 perspicuum
3074 3304 3176 3350 est.
3201 3290 3578 3346 Imminentem

1980 3415 2216 3463 mortem
2250 3402 2297 3458 ei
2325 3396 2719 3471 praenuntiasse
2764 3391 2911 3445 visus
2946 3393 3030 3444 est
3074 3383 3442 3441 sanctissimus
3479 3378 3582 3434 Pa-

1977 3507 2062 3553 ter
2100 3495 2184 3551 his
2227 3492 2438 3558 verbis,
2489 3502 2577 3557 ep.
2627 3482 2696 3537 15
2730 3500 2742 3535 :
2774 3480 2902 3535 Haec
2933 3493 3055 3550 ergo
3104 3475 3307 3540 omnia,
3338 3486 3454 3543 qua:
3487 3485 3579 3525 su-

1982 3592 2151 3662 perius
2180 3587 2321 3648 dixi,
2354 3586 2516 3655 frater
2541 3576 2872 3641 charissime,
2902 3573 3152 3643 recogita.
3182 3569 3331 3621 Diem
3355 3575 3454 3620 tute
3491 3579 3584 3619 vo-

1982 3681 2202 3734 cationis
2242 3677 2474 3739 attende,
2524 3688 2649 3742 quas
2680 3670 2909 3723 rationes
2938 3664 3003 3718 de
3024 3663 3232 3717 sarcina
3260 3659 3589 3729 episcopatus

1978 3771 2277 3825 redditurus
2317 3783 2404 3832 es,
2443 3764 2732 3818 considera.
2765 3758 3002 3811 Emenda
3030 3754 3148 3807 illos
3179 3766 3346 3805 mores
3370 3748 3585 3802 notarii.

1994 3860 2126 3915 Vide
2154 3859 2277 3931 quid
2304 3859 2357 3910 in
2379 3857 2584 3925 lingua,
2617 3852 2738 3923 qui!
2788 3852 2842 3902 in
2885 3856 3001 3900 actu
3048 3845 3341 3916 episcopum
3386 3840 3585 3894 deceat.

1984 3954 2116 4012 Esto
2144 3960 2277 4009 totus
2306 3964 2461 4019 purus
2492 3944 2741 4020 fratribus
2768 3941 2888 3996 tuis.
2926 3936 3051 3994 Non
3077 3935 3221 3991 aliud
3244 3932 3504 4005 loquaris,
3536 3939 3587 3985 et

1989 4051 2133 4106 aliud
2159 4052 2215 4104 in
2246 4046 2400 4102 corde
2431 4041 2639 4097 habeas.
2674 4036 2787 4093 Nec
2831 4044 3045 4104 appetas
3072 4032 3211 4085 ultra
3236 4028 3399 4083 uideri
3434 4042 3589 4096 quam

1990 4164 2079 4211 es,
2126 4150 2182 4196 ut
2229 4139 2396 4210 possis
2438 4136 2578 4190 ultra
2623 4146 2734 4187 esse
2776 4145 2928 4202 quam
2952 4125 3139 4181 videris
3177 4121 3378 4194 (Ibid.,
3408 4136 3490 4191 ep.
3524 4116 3587 4171 11

1990 4247 2041 4294 et
2070 4236 2180 4306 15).
2220 4233 2374 4288 Prius
2418 4244 2541 4286 eum
2590 4227 2962 4296 increpaverat
3003 4217 3146 4290 quod
3186 4214 3442 4271 irrisoriis
3472 4227 3596 4268 ver-

1990 4329 2074 4385 bis
2110 4331 2387 4390 uteretur;
2436 4318 2582 4391 quod
2633 4316 2803 4374 servis
2851 4313 2995 4379 suis,
3041 4324 3164 4365 cum
3204 4307 3434 4373 fureret,
3479 4312 3595 4359 tur-

1991 4423 2082 4495 pia
2129 4422 2433 4490 imponeret
2493 4412 2753 4476 crimina;
2822 4405 2968 4479 quod
3022 4420 3083 4460 se
3142 4400 3425 4459 dominum
3477 4405 3599 4452 tan-

1995 4516 2274 4576 tummodo
2320 4510 2533 4570 clericis
2576 4508 2890 4571 exbiberet,
2931 4516 3071 4574 quos
3115 4499 3263 4555 nulla
3306 4495 3597 4553 coercebat

376 4608 1057 4729 de
1084 4640 1315 4714 publicis
1341 4608 1738 4693 calamitatibus
1765 4641 1873 4729 coni

1974 4660 1976 4676 ,
1997 4608 2299 4681 disciplina.

2076 4699 2106 4729 ιε
2170 4696 2293 4729 li‘mn

305 4763 555 4826 ceptum,
600 4746 751 4804 auxit
798 4744 975 4799 luctus
1016 4736 1085 4791 de
1114 4732 1273 4790 amici
1317 4737 1524 4795 morte,
1556 4722 1811 4778 nimirum
1832 4716 1893 4772 S.

306 4810 646 4908 bidximiani,
690 4837 782 4909 qui
832 4850 900 4890 ex
936 4828 1204 4885 monacho
1247 4831 1304 4879 et
1350 4820 1545 4876 abbate
1570 4815 1628 4871 S.
1671 4810 1899 4868 Andrea:

306 4947 527 4997 creatus
554 4900 726 4989 fueral
750 4918 1454 4998 episcopus-Syracusanus.
1489 4908 1662 4963 Tanto
1688 4905 1806 4959 viro
1832 4900 1900 4955 de

256 5046 261 5049 '
307 5046 370 5089 se
394 5027 598 5099 optime
625 5019 819 5077 merito
838 5015 924 5069 bis
949 5010 1126 5067 verbis
1145 5007 1289 5077 justa
1315 5000 1594 5074 persolvit,
1625 5003 1680 5052 et
1701 5007 1897 5065 paren-

310 5059 370 5089 W
394 5059 427 5084 υ
470 5059 598 5081 "Iuv
626 5059 818 5077 μου-ην
843 5059 924 5069 ιιι-ο
960 5059 1123 5067 -ν--τη
1145 5059 1253 5077 ,κη
1318 5059 1333 5074 ,
1581 5059 1590 5063 _
1703 5059 1715 5065 _

310 5059 465 5177 tavil’
493 5110 862 5171 sanctissimus
905 5110 1091 5175 pater,
1138 5096 1206 5152 ad
1247 5093 1571 5165 Cyprianum
1610 5087 1899 5142 diaconum
2010 5080 2123 5135 ταν,
2169 5067 2329 5169 2ξ3
2376 5060 2551 5131 inquit
2588 5059 2646 5114 S-

311 5212 557 5270 scribens
596 5225 610 5261 :
655 5201 1027 5259 Amarissimas
1076 5203 1174 5246 tua:
1220 5185 1509 5242 dilectionis
1550 5178 1795 5251 epistolas
1841 5175 1904 5228 de

314 5304 493 5361 damni
530 5295 839 5355 Maximiani
861 5290 1003 5346 obitu
1023 5299 1195 5340 mense
1225 5276 1530 5334 Novembris
1569 5270 1790 5340 suscepi.
1837 5263 1908 5318 Et

1531 5374 1577 5430 t,
1716 5323 1910 5430 infelix
2010 5349 2252 5419 regulam
2282 5360 2387 5400 non
2409 5340 2632 5421 implet,
2664 5337 2731 5391 ad
2761 5349 2880 5391 eam
2918 5331 3157 5388 strictius
3207 5323 3598 5384 observandam

1552 5415 1588 5523 ί,
1620 5455 1707 5527 qui
1735 5415 1914 5522 pbsto-
2014 5415 2151 5499 alios
2176 5452 2371 5509 cogere
2394 5415 2629 5506 poterit?
2654 5426 2890 5485 Proinde
2917 5439 3027 5480 non
3057 5419 3326 5477 immerito
3352 5415 3608 5489 providus

1339 5511 1797 5607 Proinde'di'leclio
1820 5551 1911 5596 tua
2011 5538 2174 5593 Pater
2190 5541 2338 5590 tanto
2359 5528 2502 5586 malo
2522 5522 2729 5583 mederi
2742 5518 3064 5593 quantocius
3084 5513 3313 5579 curavit,
3325 5511 3441 5566 loca
3456 5523 3609 5563 sacra

1732 5634 1911 5691 debeat
2012 5649 2105 5705 per
2123 5629 2425 5685 clericorum
2444 5620 2693 5678 ambitum
2712 5615 2909 5672 destrui
2930 5610 3152 5668 minime
3170 5606 3381 5680 patiens
3392 5601 3533 5677 (Lib.
3546 5618 3603 5671 ν,

314 5398 523 5470 quidem
549 5394 637 5447 ille
665 5389 732 5443 ad
759 5385 973 5459 praemia
1004 5377 1297 5433 desiderata
1322 5367 1523 5442 perveni

316 5462 537 5563 populus
582 5484 927 5556 Syracusana
953 5471 1172 5529 civitatis
1219 5462 1465 5536 lugendus
1493 5475 1545 5513 es

318 5599 430 5637 rem
472 5580 629 5634 talem
654 5575 743 5627 diu
762 5569 948 5625 habere
976 5581 1080 5620 non
1102 5558 1306 5616 meruit.

322 5669 719 5730 sollicitudinem
741 5671 905 5735 gerat,
925 5670 979 5712 ut
1014 5659 1070 5711 in
1097 5652 1276 5708 eadem
1308 5644 1539 5700 Ecclesia
1570 5640 1686 5693 talis

2073 4675 2421 4768 5.-Ejusdem
2462 4690 2728 4750 socordiae
2772 4685 2994 4744 forsitan
3032 4680 3193 4738 tribui
3233 4678 3422 4742 debet,
3452 4675 3600 4748 quod

2003 4793 2188 4851 clerici
2218 4791 2387 4846 multa
2431 4783 2760 4844 monasteria
2789 4778 3172 4852 pervasissent.
3204 4774 3463 4829 Nimirum
3492 4772 3600 4842 fin-

2004 4895 2178 4960 gentes
2215 4884 2452 4954 religiose
2500 4876 2664 4933 vibere
2685 4917 2700 4944 ,
2755 4869 3083 4927 monasteriis
3131 4866 3365 4937 praponi
3392 4871 3603 4934 appete-

2006 4955 2159 5042 bant;
2193 4990 2365 5030 verum
2389 4986 2483 5039 per
2510 4983 2687 5023 eorum
2713 4965 2871 5019 vitam
2916 4959 3235 5015 monasteria
3268 4955 3605 5012 destrueban-

2687 5054 2978 5124 Gregorius
3010 5068 3025 5105 :
3056 5051 3149 5122 qui
3186 5048 3331 5105 enim
3358 5048 3414 5103 in
3442 5046 3604 5103 cleri-

2009 5170 2133 5218 catu
2178 5158 2404 5220 militat,
2461 5158 2665 5206 arctam
2711 5144 3025 5202 monasterii
3098 5140 3435 5212 disciplinam
3489 5139 3605 5208 ipse

2007 5270 2224 5316 servare
2249 5268 2356 5309 non
2377 5255 2578 5321 potest.
2597 5245 2716 5313 Quo
2740 5243 2926 5311 itaque
2945 5246 3109 5311 pacto
3133 5236 3225 5307 qui
3247 5226 3601 5291 monasticam

324 5724 768 5821 adi—ordinandum
790 5724 947 5823 eligi,
986 5749 1070 5821 qui
1094 5756 1210 5818 post
1254 5744 1500 5796 domuum
1530 5732 1914 5790 Maximianum
2016 5744 2100 5797 ep.
2124 5724 2199 5793 1).

326 5838 557 5932 ejusdem
595 5848 860 5923 regiminis
905 5845 1073 5899 locum
1100 5856 1202 5895 non
1238 5836 1471 5891 videatur
1514 5826 1770 5885 immerito
1799 5836 1916 5877 sor-

333 5917 418 6009 ιῖνί
449 5948 599 6025 (Lib.
630 5917 696 6013 v',
725 5960 807 6014 ep.
840 5937 966 6010 l7).
1024 5933 1105 5990 Ex
1158 5933 1259 5987 hac
1305 5925 1532 6001 epistola
1572 5917 1919 5990 intelligimus

2090 5813 2339 5874 Nonnulli
2364 5813 2467 5869 hac
2504 5807 2587 5865 usi
2613 5812 2741 5863 sunt
2779 5798 3041 5873 epistola,
3068 5804 3129 5852 ut
3163 5792 3459 5868 probarent
3484 5800 3609 5845 mo-

2023 5910 2243 5967 nasticze
2264 5908 2386 5963 vitae
2405 5912 2603 5960 statum
2625 5914 2657 5954 a
2679 5895 2935 5954 clericatn
2954 5906 3177 5965 prorsus
3203 5902 3324 5947 esse
3347 5884 3605 5942 alienum.
