4138 6450
592 323 698 388 355
1057 333 1117 388 S.
1157 331 1490 396 GREGORII
1534 333 1751 398 HAGNI
1795 335 1977 412 νιΤΑ,
2019 339 2111 396 EX
2148 335 2307 394 EJUS
2346 333 2652 396 SCRIPTIS
2694 337 3087 396 ADORNATA.
3131 339 3261 400 LIB.
3299 332 3385 422 lii.
3431 371 3438 378 ε
3782 342 3909 400 356

590 449 792 506 Verum
817 457 1077 519 quantum
1120 449 1173 505 id
1203 465 1232 506 a
1256 459 1437 507 mente
1474 450 1533 508 S.
1581 451 1831 511 Doctoris
1870 458 2180 518 abhorreat.
2216 455 2260 512 A
2287 449 2569 521 Epistolas.
2619 450 2891 522 Praecipua
2929 461 3055 510 sunt
3091 452 3159 508 de
3195 453 3542 516 diaconorum
3579 453 3800 521 officio,
3843 456 3918 512 tle

590 541 708 612 ipse
749 541 1032 598 manifeste
1059 541 1293 597 ostendit
1317 555 1437 598 cum
1466 541 1532 602 ad
1562 558 1747 600 sacros
1786 547 2004 602 ordines
2032 587 2048 612 ,
2079 547 2188 602 imo

590 633 659 688 ad
687 633 1054 704 episcOpatum
1085 632 1379 692 monachos
1405 634 1832 704 quamplurimas
1865 645 1978 694 tum
2011 653 2041 692 e
2088 652 2188 692 suo

589 729 702 778 tum
749 737 818 777 ex
866 722 984 777 aliis
1032 724 1372 784 monasteriis
1410 726 1726 800 assumpsit,
1776 735 1832 784 et
1874 727 2188 798 apostolicis

588 814 754 870 etiam
783 814 1021 886 praefecit
1063 817 1280 873 muniis.
1311 817 1451 884 Quid
1492 820 1636 889 quod
1664 822 2045 879 monachatum
2085 821 2154 876 ali
2175 853 2188 864 -

589 905 805 976 quando
831 907 1068 975 assignat
1090 916 1143 962 et
1171 908 1394 977 gradum
1417 917 1472 966 et
1493 909 1902 981 dispositionem
1933 912 2187 981 praeviam

589 996 658 1052 ad
685 997 1097 1067 episcopatum?
1119 997 1426 1056 Hortandus
1453 1011 1557 1066 est,
1595 1003 1797 1074 inquit,
1832 1001 2187 1076 Opportunus,

586 1096 644 1143 ut
671 1088 749 1144 vel
776 1089 1059 1144 monachus
1094 1092 1169 1152 uel
1199 1108 1231 1146 a
1272 1090 1411 1150 vobis
1441 1092 1784 1150 subdiaconus
1822 1095 1952 1164 fiat;
1984 1104 2040 1149 ut
2075 1104 2190 1166 post

587 1179 965 1252 aliquantulum
993 1183 1258 1251 temporis,
1283 1185 1326 1238 si
1349 1181 1455 1242 Deo
1476 1185 1748 1254 placuerit,
1778 1187 1890 1256 ipse
1917 1187 1988 1242 ad
2014 1198 2190 1258 pasto-

587 1274 753 1329 ralem
781 1291 959 1329 curam
985 1274 1166 1330 debeat
1194 1279 1481 1346 promoveri
1511 1278 1650 1351 (Lib.
1692 1296 1764 1336 xu
1784 1320 1798 1345 ,
1831 1299 1912 1352 ep.
1959 1282 2074 1351 12).
2121 1283 2190 1337 At

587 1366 947 1423 consulendus
962 1375 1045 1421 est
1065 1367 1408 1424 doctissimus
1430 1369 1768 1428 Mabillonius
1797 1380 1907 1428 tum
1928 1373 2106 1429 saeculi
2137 1389 2190 1429 tv

587 1455 921 1520 Benedictini
970 1465 1116 1513 tomo
1163 1457 1184 1514 ι
1234 1458 1286 1514 in
1328 1458 1574 1528 Prsefat.,
1608 1470 1718 1518 tum
1759 1463 1814 1519 in
1870 1464 2184 1525 Annalibus.

586 1545 738 1606 Mens
763 1547 922 1616 igitur
947 1549 1118 1604 sancti
1148 1549 1396 1606 Doctoris
1420 1551 1518 1607 fuit
1541 1563 1563 1588 α
1589 1563 1852 1622 quantum
1881 1569 1950 1611 ex
1972 1555 2190 1612 laudata

590 1638 716 1694 libri
745 1640 915 1712 quinti
943 1641 1114 1710 prima
1139 1642 1295 1711 epist.
1322 1653 1378 1698 et
1395 1659 1462 1699 ex
1488 1644 1608 1702 aliis
1636 1648 1847 1717 assequi
1878 1662 2185 1718 possumus.

585 1733 1034 1788 monasteriorum
1090 1734 1459 1802 prmlecturam
1518 1737 1738 1794 minime
1798 1741 2011 1797 clericis
2063 1755 2185 1797 esse

2293 543 2605 598 amovendis
2654 559 2683 602 a
2739 541 3062 613 pontificalis
3108 543 3339 600 cubiculi
3390 544 3691 600 ministerio
3744 547 3917 603 laicis

2291 634 2491 704 pueris,
2521 634 2588 690 de
2617 634 2932 692 coercendis
2955 643 3225 700 rectorum
3249 636 3604 706 ecclesiastici
3631 639 3914 707 patrium—

2292 724 2362 780 nii
2402 725 2915 796 deprzcdationibns,
2973 726 3040 782 de
3088 727 3254 794 sacris
3302 727 3577 782 ordinibus
3616 730 3915 800 pallioqne

2289 818 2454 886 gratis
2495 825 2549 872 et
2579 819 2780 890 absque
2815 819 2924 874 ullo
2955 821 3127 890 pretio
3158 819 3529 885 conferendis,
3562 830 3668 876 etc.
3701 820 3758 876 In
3796 821 3914 878 hac

2295 911 2502 979 synodo
2531 910 2737 966 sancita
2775 910 3012 972 unanimi
3062 925 3326 966 consensu
3368 913 3796 970 corroborarunt
3851 924 3912 970 et

2290 1001 2774 1072 subscriptionibus
2810 1003 3118 1070 munierunt
3157 1005 3338 1074 viginti
3392 1016 3500 1063 tres
3536 1009 3774 1080 episcopi
3838 1024 3909 1065 ac

2294 1093 2506 1166 plurimi
2537 1097 2833 1169 presbyteri
2863 1097 2952 1166 qui
2977 1100 3256 1168 prmc‘puis
3291 1097 3444 1155 Urbis
3475 1102 3644 1158 titulis
3669 1118 3769 1158 seu
3803 1116 3907 1160 eo-

2292 1188 2469 1244 clesiis
2493 1198 2779 1259 praeerant,
2811 1205 2918 1245 non
2940 1199 3116 1256 autem
3145 1192 3354 1250 diaconi
3383 1203 3437 1262 et
3469 1197 3647 1269 caeteri
3677 1196 3899 1252 clerici.

2290 1277 2347 1334 In
2388 1279 2876 1350 subscriptionibns
2921 1282 3157 1338 secundo
3205 1283 3328 1340 loco
3371 1285 3565 1355 legitur
3609 1287 3904 1344 Mariniani

2299 1387 2524 1436 nomen,
2553 1372 2760 1428 scilicet
2792 1382 2914 1444 post
2953 1374 3294 1444 Gregorium.
3329 1376 3403 1432 De
3442 1378 3546 1440 hoc
3576 1390 3717 1436 coetu
3749 1381 3903 1449 loqui

2290 1463 2527 1520 creditur
2541 1473 2755 1519 sanctus
2774 1480 2930 1544 papa,
2949 1466 3036 1520 ubi
3062 1466 3303 1536 plurimis
3321 1468 3372 1522 in
3391 1469 3631 1539 epistolis
3655 1469 3797 1541 (Lib.
3822 1491 3898 1536 vr,

2289 1571 2405 1624 epp.
2431 1552 2518 1621 14,
2550 1551 2634 1618 15,
2672 1554 2757 1618 16,
2784 1554 2874 1618 l7)
2919 1563 3147 1610 testatur
3170 1555 3430 1613 Joannem
3453 1556 3703 1616 Ecclesia:
3733 1563 3904 1618 Chal-

2290 1645 2609 1701 cedonensis
2653 1647 3025 1719 presbyterum
3069 1649 3136 1704 de
3165 1665 3272 1720 quo
3320 1651 3426 1720 jam
3461 1649 3660 1706 dictum
3697 1654 3898 1727 (Sup.,

2290 1736 2381 1792 lib.
2413 1753 2469 1801 tt,
2502 1754 2549 1791 c.
2575 1735 2626 1802 9,
2653 1755 2794 1796 num.
2817 1738 2893 1809 5),
2927 1739 2979 1796 in
3011 1740 3242 1811 synodo,
3275 1741 3654 1816 episcoporum
3682 1743 3900 1814 judicio

593 1823 1106 1891 commendandam;
1127 1826 1254 1895 quia
1279 1828 1704 1898 cumdisciplinaa
1723 1831 2189 1904 laxioriserviant,
2223 1843 2268 1904 Β
2298 1825 2459 1884 fuisse
2487 1829 2554 1883 ab
2577 1828 2796 1884 hmI‘BSiS
2823 1830 3047 1885 crimine
3080 1831 3386 1886 liberatum-

584 1931 686 1972 nec
710 1916 1069 1972 severioribus
1092 1920 1481 1976 monachorum
1522 1923 1763 1980 moribus
1788 1926 1896 1980 sint
1917 1927 2182 1994 innutriti,

583 2007 650 2061 de
675 2008 872 2078 regulas
901 2011 1213 2066 monasticae
1233 2013 1572 2070 observantia
1601 2017 1778 2073 minus
1799 2019 2013 2075 solliciti
2033 2029 2178 2074 sunt.

582 2099 847 2158 Praeterea
877 2101 1314 2172 quandoquidem
1361 2113 1454 2159 aut
1495 2107 1760 2173 ambitus,
1802 2119 1894 2163 ant
1933 2109 2179 2170 avaritia,

583 2201 678 2246 aut
710 2209 910 2263 pravus
949 2195 1217 2264 quispiam
1257 2197 1394 2250 alius
1432 2196 1687 2262 aﬂ'ectus,
1721 2199 1784 2253 iis
1811 2200 2024 2255 clericis
2051 2215 2184 2269 quos

583 2281 876 2350 Gregorius
903 2285 1218 2350 insectatur,
1247 2287 1388 2342 viam
1418 2289 1484 2343 ad
1513 2290 1840 2358 abbatialem
1869 2292 2184 2360 dignitatem

583 2373 881 2440 munierat,
912 2376 1249 2431 saecularium
1283 2378 1498 2434 vivendi
1527 2381 1771 2454 _modum
1810 2384 2182 2448 sectabantur,

584 2466 639 2518 in
671 2464 875 2533 epulis,
913 2466 967 2520 in
1004 2468 1393 2536 suppellectili,
1437 2471 1492 2525 in
1529 2473 1800 2540 vestibus,
1843 2475 2038 2544 quibus
2083 2474 2185 2531 sibi

583 2554 940 2623 procurandis
965 2565 1025 2612 ut
1065 2571 1224 2627 pares
1250 2574 1370 2616 esse
1397 2571 1641 2632 possent,
1669 2566 1998 2622 monasteria
2026 2566 2149 2635 expi
2167 2597 2184 2610 -

584 2643 790 2702 labant.

651 2755 704 2810 ϐ.
736 2756 948 2814 Mortuo
975 2759 1208 2824 Joanne,
1247 2761 1316 2818 de
1347 2764 1600 2834 eligendo
1627 2781 1946 2823 successore
1974 2769 2182 2825 sollici-

581 2851 818 2908 tudinem
848 2854 1012 2922 gessit
1034 2865 1251 2911 sanctus
1277 2860 1537 2926 pontifex.
1565 2861 1830 2918 Donatum
1853 2865 2187 2920 archidiaco-

580 2958 707 2998 num
739 2944 1045 3014 postulabat
1089 2949 1389 3014 exarchus;
1423 2967 1546 3008 eum
1577 2954 1720 3008 enim
1765 2957 2032 3024 designari
2063 2973 2185 3013 cre-

579 3036 755 3090 dimus
780 3035 860 3091 his
892 3039 1071 3094 verbis
1108 3039 1594 3099 :Eatcellentissimi
1626 3047 1721 3100 viri
1761 3047 1938 3103 damni
1978 3050 2184 3120 patricii

577 3126 891 3182 voluntatem
939 3131 993 3183 in
1049 3148 1269 3200 persona
1326 3132 1517 3189 Donati
1571 3137 1928 3193 archidiaconi
1975 3139 2183 3209 impleri

2358 1918 2410 1974 8.
2445 1919 2710 1975 Castorum
2735 1937 2841 1976 non
2873 1921 3046 1976 multo
3077 1931 3229 1992 post,
3278 1923 3511 1993 suscepti
3535 1925 3898 1996 episc0patus

2287 2022 2341 2068 et
2361 2014 2570 2070 amissae
2590 2013 2902 2070 monasticae
2919 2014 3320 2084 tranquillitatis
3344 2015 3592 2089 ptenituit
3641 2016 3901 2073 Marinia-

2290 2121 2414 2160 num
2436 2147 2451 2176 ,
2480 2105 2934 2161 calumniantibus
2980 2106 3338 2164 schismaticis
3364 2123 3487 2162 eum
3519 2109 3695 2162 minus
3730 2124 3900 2178 quam

2290 2194 2511 2249 deceret
2555 2196 2843 2251 concilium
2888 2194 3333 2253 Chalcedonense
3379 2200 3643 2252 venerari.
3675 2199 3792 2268 Qua
3825 2201 3897 2255 de

2288 2304 2345 2343 re
2373 2289 2587 2358 scripsit
2608 2288 2663 2342 S.
2694 2286 2985 2357 Gregorius
3012 2287 3077 2342 ad
3107 2288 3310 2342 clerum
3340 2297 3396 2344 et
3425 2289 3636 2360 plebem
3685 2290 3901 2348 Raven-

2289 2387 2501 2440 natem,
2545 2394 2792 2433 asserens
2842 2377 3194 2433 Marinianum
3233 2395 3264 2431 a
3300 2378 3564 2432 cunabulis
3609 2381 3664 2434 in
3700 2393 3904 2438 sancta:

2286 2471 2591 2524 universalis
2610 2469 2857 2524 Ecclesiae
2888 2471 3082 2540 gremio
3116 2470 3386 2535 nutritum,
3419 2480 3606 2524 rectam
3622 2473 3750 2542 fidei
3771 2491 3904 2544 prie-

2286 2561 2593 2614 dicationem
2626 2561 2848 2612 tenuisse
2873 2558 3009 2630 (Lib.
3041 2576 3123 2625 v1,
3170 2576 3250 2631 ep.
3279 2559 3365 2629 ‘2),
3400 2577 3498 2615 nec
3542 2561 3704 2626 aliter
3733 2579 3900 2638 quam

2287 2667 2386 2721 par
2411 2660 2555 2707 esset
2582 2653 2648 2705 de
2674 2652 3099 2707 Chalcedonensi
3129 2653 3330 2706 sentire
3377 2653 3604 2724 synodo.
3642 2653 3897 2721 Proinde,

2288 2745 2480 2812 inquit,
2510 2745 2921 2815 satisfactionem
2948 2746 3299 2814 plenissimam
3327 2748 3630 2816 recipientes
3648 2792 3662 2814 ,
3709 2750 3895 2804 chari-

2289 2844 2393 2888 tate
2414 2837 2616 2906 integra
2635 2877 2648 2899 ,
2686 2853 2812 2900 puro
2844 2837 3028 2900 corde,
3059 2847 3316 2906 pastorem
3339 2848 3557 2892 vestrum
3585 2841 3808 2911 diligite,
3843 2853 3898 2897 ut

2287 2927 2426 2997 apud
2455 2925 2618 2980 Deum
2641 2929 2819 2996 purius
2851 2928 2967 2998 [usa
2993 2929 3226 3000 ejusdem
3253 2928 3394 2984 vobis
3438 2931 3606 2985 valeat
3649 2934 3895 3002 prodesse

2287 3020 2585 3074 intercessio
2614 3021 2837 3089 pastoris
2875 3018 3090 3092 (Ibid.).
3125 3020 3249 3077 Haec
3282 3038 3379 3092 pro
3429 3022 3728 3082 Mariniano
3757 3025 3894 3083 Gre-

2288 3127 2495 3183 gorms.

579 3219 832 3274 voluimus
866 3222 884 3291 (
906 3220 1020 3277 Lib.
1051 3240 1110 3289 ν,
1155 3242 1236 3292 ep.
1283 3226 1414 3297 48).
1463 3227 1606 3282 Sane
1650 3230 2012 3299 periculosum
2064 3241 2182 3287 erat
2210 3223 2257 3287 C
2360 3226 2555 3284 Postea
2584 3245 2706 3286 cum
2737 3233 3034 3320 accepisset
3061 3250 3182 3306 eum
3212 3236 3263 3292 in
3294 3252 3560 3308 pauperes
3585 3255 3704 3320 esse
3734 3243 3896 3305 nitnis

577 3311 773 3364 summi
791 3311 948 3380 hujus
971 3311 1208 3383 prtefecti
1235 3317 1586 3386 postulationi
1611 3335 1816 3374 morem
1832 3337 1939 3375 non
1961 3336 2181 3391 gerere;

576 3400 670 3470 qui
698 3416 820 3456 cum
850 3399 1123 3459 Ravennae
1152 3407 1336 3461 sedem
1365 3407 1621 3474 haberet,
1674 3410 1728 3466 in
1761 3413 2001 3483 episcopi
2044 3414 2184 3468 illius

584 3485 733 3547 urbis
792 3491 1055 3549 electione
1103 3497 1394 3566 plurimum
1455 3500 1558 3556 sibi
1605 3501 1930 3559 vindicabat.
1982 3503 2182 3560 Verum

576 3600 699 3639 cum
727 3599 833 3641 non
884 3601 1052 3656 pauca
1079 3589 1444 3647 innotuissent
1485 3592 1538 3648 in
1575 3595 1683 3650 vita
1712 3603 1769 3651 et
1810 3597 2050 3653 moribus
2072 3597 2180 3652 Do-

574 3678 684 3732 nati
714 3694 833 3749 qute
861 3679 929 3735 ab
970 3683 1283 3754 episcopatu
1314 3686 1685 3756 repellendum
1716 3705 1839 3744 eum
1869 3691 2178 3758 suaderent,

574 3767 689 3837 ejus
716 3771 1039 3828 ordinationi
1089 3790 1415 3832 consensum
1449 3794 1554 3834 non
1586 3781 1934 3850 prtebendum
1972 3783 2182 3838 censuit

576 3857 885 3932 Gregorius.
925 3863 1188 3923 Joannem
1217 3885 1435 3941 quoque
1465 3873 1841 3945 presbyterum
1871 3875 1937 3930 ad
1964 3877 2178 3946 episco-

573 3953 752 4023 palem
796 3955 1111 4025 dignitatem
1151 3963 1462 4031 promoveri
1509 3980 1618 4019 non
1649 3972 1734 4020 est
1782 3981 2004 4035 passus,
2033 3967 2179 4036 quod

573 4043 911 4101 Psalmorum
929 4051 1145 4106 nescius
1169 4050 1331 4120 foret,
1349 4068 1414 4108 ac
1441 4053 1496 4108 in
1521 4053 1706 4109 ofﬁcio
1720 4055 2044 4110 sacerdotali
2072 4056 2176 4110 mi-

573 4153 672 4191 nus
711 4147 987 4196 strenuus.
1017 4141 1258 4199 Tandem
1281 4147 1520 4201 unanimi
1547 4162 1814 4202 consensu
1852 4149 2057 4203 electus
2096 4158 2178 4205 est

572 4227 920 4296 Marinianus,
954 4233 1154 4290 invitus
1176 4244 1231 4290 et
1255 4237 1544 4293 reluctans.
1581 4239 1679 4294 llic
1699 4238 1792 4294 diu
1820 4239 1876 4294 in
1902 4250 2176 4297 monaste-

571 4319 654 4373 rio
683 4334 803 4374 cum
832 4320 1094 4390 Gregorio
1134 4327 1376 4394 vixerat;
1414 4329 1506 4398 qui
1545 4345 1668 4386 eum
1698 4331 1926 4387 Andreae
1953 4333 2172 4389 schola-

571 4410 709 4466 stico
735 4412 835 4468 sibi
882 4414 1132 4472 familiari
1182 4421 1596 4477 commendavit.

643 4501 866 4559 Gratum
902 4520 1029 4575 erga
1059 4525 1214 4563 suum
1260 4512 1694 4582 archipraesulem
1740 4519 1979 4574 animum
2007 4526 2170 4575 testa-

573 4602 725 4649 turus
752 4596 1024 4663 Andreas,
1058 4600 1198 4669 apud
1226 4600 1282 4655 S.
1323 4599 1640 4672 Gregorium
1688 4618 1877 4678 postea
1923 4612 2174 4681 precibus
2203 4604 2254 4664 D

571 4686 702 4754 egit,
731 4688 794 4740 de
819 4704 915 4742 usu
953 4691 1102 4759 pallii
1142 4694 1420 4748 secundum
1466 4700 1730 4770 antiquam
1751 4706 2171 4760 consuetudinem

573 4775 628 4864 in
679 4775 976 4834 Ravennati
1003 4781 1236 4838 Ecclesia
1265 4789 1578 4845 restituendo
1627 4791 1763 4862 (Lib.
1791 4813 1869 4862 Vl,
1914 4815 1996 4867 ep.
2040 4798 2167 4870 61).

575 4859 774 4922 Verum
801 4881 1086 4939 antequam
1117 4887 1409 4941 annueret,
1439 4888 1500 4934 ut
1527 4859 1951 4952 quibusdam-in.
1970 4859 2172 4945 litaniis

572 4965 628 5011 et
653 4958 843 5014 diebus
872 4961 1199 5021 solemnibus
1225 4969 1386 5036 pallio
1409 4979 1652 5028 uteretur
1671 4975 2020 5042 Mariuianus,
2049 4980 2169 5050 jus-

571 5048 642 5102 sit
673 5050 888 5118 sapiens
925 5054 1166 5123 pontifex
1192 5073 1256 5113 ea
1304 5060 1371 5115 de
1409 5077 1468 5117 re
1506 5066 1776 5134 explorari
1806 5048 2169 5128 archidiaconi

571 5147 628 5193 et
651 5142 924 5202 seniorum
941 5147 1087 5203 urbis
1116 5152 1437 5220 testimonia,
1467 5159 1706 5226 praesuta
1727 5159 1878 5227 prius
1898 5176 1926 5215 a
1944 5163 2169 5234 singulis

570 5245 930 5291 sacramento.

640 5342 693 5398 7.
727 5345 1091 5408 Ravennatem
1107 5355 1419 5415 Ecclesium
1439 5375 1626 5438 regere
1647 5365 1812 5434 coepit
1839 5365 2165 5426 Marinianus

571 5446 696 5493 ante
723 5442 963 5508 quintam
1003 5444 1127 5504 Julii
1165 5450 1305 5506 dietn
1347 5431 1570 5521 hujusce
1602 5457 1725 5511 anni
1767 5473 1874 5528 quo
1924 5461 2165 5519 interfuit

570 5533 777 5602 synodo
816 5534 999 5594 Romae
1038 5557 1066 5596 a
1109 5540 1370 5615 Gregorio
1416 5547 1723 5606 celebratas.
1767 5550 1934 5621 Hujus
1982 5565 2163 5610 autem

571 5627 763 5695 synodi
801 5639 948 5700 gesta
1005 5643 1061 5689 et
1099 5633 1313 5692 decreta
1353 5653 1470 5707 qua:
1523 5642 1669 5709 prius
1710 5644 1762 5700 in
1804 5644 2166 5714 Epistolarum

575 5717 714 5774 serie
741 5718 1108 5793 habebantur,
1142 5744 1282 5783 nunc
1309 5729 1487 5798 legere
1523 5731 1644 5788 licet
1682 5736 1733 5790 in
1777 5739 2071 5807 appendice
2099 5742 2168 5798 ad

650 5889 675 5919 ει
701 5880 832 5940 Vide
852 5901 1013 5956 supra
1042 5889 1137 5945 lib.
1169 5907 1235 5958 ιι,
1263 5907 1382 5962 cap.
1415 5893 1625 5952 ultimo.

2286 3332 2533 3386 parcum,
2554 3328 2608 3377 et
2630 3321 2825 3378 litteris
2850 3316 2962 3380 suis
2984 3326 3101 3396 ejus
3123 3329 3468 3404 tenacitatem
3496 3316 3818 3403 increpavit,
3841 3343 3897 3392 et

2284 3422 2381 3476 per
2400 3409 2706 3466 Secundum
2734 3412 2839 3486 [Αι.
2866 3413 3251 3491 Secundinum]
3276 3422 3672 3482 sanctissimum
3696 3442 3890 3484 mona-

2284 3501 2441 3554 cltum
2468 3501 2584 3558 haec
2613 3503 2678 3557 ad
2711 3520 2835 3560 eum
2860 3518 3072 3565 secreto
3104 3513 3299 3570 moniti
3335 3513 3623 3570 deferenda
3655 3522 3887 3576 curavit.

2284 3588 2408 3644 Non
2437 3592 2534 3646 sibi
2561 3596 2737 3650 credat
2766 3599 2930 3653 solam
2953 3600 3224 3658 lectionem
3245 3614 3294 3660 et
3314 3608 3598 3662 orationem
3625 3612 3893 3681 sufﬁcere,

2280 3691 2336 3735 ut
2356 3693 2580 3738 remotus
2606 3688 2814 3742 studeat
2851 3690 3056 3758 sedere,
3095 3704 3146 3748 et
3175 3695 3237 3749 de
3265 3713 3421 3750 manu
3454 3701 3665 3754 minime
3705 3706 3895 3773 fructi-

2279 3777 2468 3846 ﬁcare;
2491 3780 2583 3836 sed
2609 3781 2810 3854 largam
2831 3802 3040 3842 manum
3067 3787 3269 3858 habeat,
3294 3795 3652 3851 necessitatem
3681 3802 3891 3864 paten-

2279 3871 2415 3928 tibus
2444 3886 2743 3948 concurrat,
2773 3879 2996 3933 alienam
3021 3882 3251 3952 inopiam
3275 3902 3422 3942 suam
3443 3891 3620 3946 credat
3648 3907 3670 3958 ,τ
3694 3895 3816 3962 quia
3847 3894 3894 3949 si

2279 3963 2388 4018 haec
2411 3982 2514 4022 non
2543 3965 2718 4033 habet,
2745 3985 2958 4024 vacuum
2989 3973 3216 4043 episcopi
3243 3993 3429 4032 nomen
3453 3987 3607 4034 tenet.

2349 4079 2400 4134 9.
2446 4081 2577 4136 Alia:
2617 4083 2833 4140 luerunt
2863 4095 3049 4156 postea
3080 4089 3147 4144 de
3178 4089 3475 4148 Mariniano
3503 4095 3768 4163 querendi
3791 4112 3891 4150 oc-

2276 4173 2552 4241 casiones,
2597 4178 2829 4232 maxime
2879 4181 3025 4250 quod
3091 4185 3375 4241 monachis
3423 4188 3537 4257 ipse
3584 4191 3889 4248 monachus

2276 4267 2596 4338 iniquiorem
2627 4285 2685 4326 se
2722 4273 3015 4341 praeberet;
3045 4277 3185 4333 unde
3223 4279 3290 4336 ad
3331 4281 3508 4351 ipsum
3555 4284 3796 4355 scripsit.
3823 4287 3886 4344 S.

2275 4361 2564 4432 Gregorius
2600 4384 2611 4418 :
2645 4365 2903 4423 Miramur
2931 4387 3022 4424 cur
3048 4373 3125 4427 sic
3153 4375 3209 4428 in
3240 4374 3378 4432 brevi
3401 4379 3752 4449 fraternitatis
3781 4391 3886 4438 tua:

2275 4460 2432 4532 fuerit
2479 4461 2755 4517 immutata
2807 4464 3083 4532 discretio,
3127 4477 3184 4521 ut
3219 4485 3282 4524 ea
3313 4488 3427 4542 qua;
3472 4472 3730 4543 postulat,
3781 4492 3887 4530 non

2274 4552 2540 4607 advertat:
2571 4571 2637 4608 ea:
2664 4571 2764 4626 qua
2791 4573 2848 4609 re
2887 4557 3146 4624 dolemus,
3178 4563 3297 4631 quia
3327 4565 3660 4634 manifestum
3687 4565 3890 4634 pntbcs

2275 4643 2526 4697 indicium
2542 4685 2555 4708 ,
2581 4645 2697 4713 plus
2720 4647 2860 4715 apud
2898 4658 2946 4702 te
2965 4650 3119 4704 verba
3148 4653 3284 4705 male
3309 4655 3638 4712 suadentium
3661 4657 3888 4712 valuisse

2273 4751 2426 4804 quam
2454 4735 2642 4790 divina:
2667 4737 2900 4794 lectionis
2933 4740 3160 4795 studium
3191 4745 3492 4815 profecisse.
3525 4745 3752 4819 Cumque
3774 4766 3888 4804 mo.

2275 4827 2501 4880 nasteria
2532 4836 2579 4880 te
2600 4837 2835 4898 aperteat
2866 4831 3138 4902 defensare
3157 4845 3206 4887 et
3226 4837 3496 4906 religiosos
3514 4840 3623 4893 illic
3643 4857 3881 4900 suntmo-
3942 4855 3953 4916 ᾗ

2273 4935 2394 4988 pere
2413 4936 2748 4991 congregare,
2773 4933 2826 4975 ut
2851 4925 3050 4979 lucrum
3069 4927 3134 4980 de
3154 4927 3448 4984 animarum
3475 4935 3884 5005 congregatione
3937 4933 3948 5000 ξ·

2271 5011 2440 5077 possis
2470 5012 2677 5081 efﬁcere
2695 5054 2709 5079 ,
2741 5015 2796 5067 in
2823 5032 3000 5072 eorum
3024 5028 3070 5071 te
3095 5035 3124 5071 e
3159 5019 3360 5075 diverso
3383 5026 3718 5092 gravamina,
3748 5029 3884 5079 sicut

2277 5101 2463 5156 littera:
2489 5114 2590 5157 tute
2618 5112 2891 5172 testantur,
2927 5109 3190 5164 desideras
3209 5127 3482 5177 exercere;
3508 5127 3585 5178 et,
3635 5118 3774 5186 quod
3807 5128 3884 5172 est

2277 5190 2498 5244 deterius
2517 5235 2530 5256 ,
2579 5211 2673 5248 nos
2707 5203 2809 5250 tute
2831 5199 2996 5266 culpae
3015 5198 3189 5253 studes
3222 5200 3338 5269 ﬁeri
3361 5201 3546 5256 debere
3574 5206 3878 5273 participes,

2274 5283 2494 5350 scilicet,
2531 5286 2653 5340 dum
2680 5305 2793 5342 cum
2836 5297 3014 5344 nostro
3055 5307 3305 5348 consensu
3336 5299 3704 5352 msuasterium
3742 5299 3884 5369 quod

2273 5374 2510 5431 decessor
2551 5387 2666 5432 tuus
2715 5381 2947 5436 condidit
2993 5385 3136 5454 cupis
3177 5384 3270 5439 sub
3315 5390 3669 5444 curaudarum
3705 5408 3879 5446 rerum

2270 5475 2422 5537 atque
2447 5485 2722 5524 causarum
2753 5474 2960 5527 nomine
2979 5490 3326 5544 prtegravare.
3369 5477 3536 5535 Debes
3561 5481 3700 5536 enim
3731 5498 3882 5535 reco-

2273 5559 2401 5624 lere,
2447 5561 2566 5630 quia
2621 5570 2668 5616 te
2706 5575 2988 5633 praesente,
3030 5566 3244 5624 diversis
3279 5571 3432 5624 etiam
3474 5571 3789 5643 presbyteris
3828 5581 3880 5628 et

2272 5649 2524 5716 diaconis,
2557 5653 2854 5725 clericisque
2883 5659 2982 5712 tuis
3003 5660 3362 5727 prtesentibus,
3391 5671 3574 5718 contra
3598 5672 3880 5720 testamen-

2276 5750 2379 5796 tum
2409 5743 2570 5813 ipsius
2599 5757 2910 5818 preceptum
2957 5751 3090 5804 sicut
3117 5753 3470 5822 postulavere,
3503 5755 3874 5812 concessimus.
