  <div class='ocr_page' id='page_1' title='image "/cluster/home/n/w/nwhite01/storage/ocr_20150623/75/hvd.32044015469380/186.png"; bbox 0 0 4138 6450; ppageno 0'>
   <div class='ocr_carea' id='block_1_1' title="bbox 235 405 342 466">
    <p class='ocr_par' dir='ltr' id='par_1_1' title="bbox 235 405 342 466">
     <span class='ocr_line' id='line_1_1' title="bbox 235 405 342 466; baseline -0.084 1"><span class='ocrx_word' id='word_1_1' title='bbox 235 405 342 466; x_wconf 77' lang='lat'><strong>357</strong></span> 
     </span>
    </p>
   </div>
   <div class='ocr_carea' id='block_1_2' title="bbox 683 381 3006 456">
    <p class='ocr_par' dir='ltr' id='par_1_2' title="bbox 683 381 3006 456">
     <span class='ocr_line' id='line_1_2' title="bbox 683 381 3006 456; baseline -0.004 -3"><span class='ocrx_word' id='word_1_2' title='bbox 683 398 740 453; x_wconf 89' lang='lat' dir='ltr'><strong>S.</strong></span> <span class='ocrx_word' id='word_1_3' title='bbox 781 392 1113 451; x_wconf 83' lang='lat' dir='ltr'><strong>GREGORII</strong></span> <span class='ocrx_word' id='word_1_4' title='bbox 1155 391 1365 447; x_wconf 75' lang='lat' dir='ltr'><strong>MAGNI</strong></span> <span class='ocrx_word' id='word_1_5' title='bbox 1407 391 1585 456; x_wconf 78' lang='lat' dir='ltr'><strong>VITA,</strong></span> <span class='ocrx_word' id='word_1_6' title='bbox 1629 388 1723 445; x_wconf 79' lang='lat' dir='ltr'><strong>EX</strong></span> <span class='ocrx_word' id='word_1_7' title='bbox 1762 385 1927 446; x_wconf 70' lang='grc' dir='ltr'><strong>Ε]υὸ</strong></span> <span class='ocrx_word' id='word_1_8' title='bbox 1966 381 2272 443; x_wconf 84' lang='lat' dir='ltr'><strong>SCRIPTIS</strong></span> <span class='ocrx_word' id='word_1_9' title='bbox 2313 381 2705 442; x_wconf 80' lang='lat' dir='ltr'><strong>ADORNATA.</strong></span> <span class='ocrx_word' id='word_1_10' title='bbox 2746 381 2873 442; x_wconf 75' lang='lat' dir='ltr'><strong>LIB.</strong></span> <span class='ocrx_word' id='word_1_11' title='bbox 2914 385 3006 444; x_wconf 84' lang='lat' dir='ltr'><strong>lll.</strong></span> 
     </span>
    </p>
   </div>
   <div class='ocr_carea' id='block_1_3' title="bbox 3410 384 3524 450">
    <p class='ocr_par' dir='ltr' id='par_1_3' title="bbox 3410 384 3524 450">
     <span class='ocr_line' id='line_1_3' title="bbox 3410 384 3524 450; baseline 0.026 -4"><span class='ocrx_word' id='word_1_12' title='bbox 3410 384 3524 450; x_wconf 72' lang='lat'><strong>388</strong></span> 
     </span>
    </p>
   </div>
   <div class='ocr_carea' id='block_1_4' title="bbox 230 502 3528 585">
    <p class='ocr_par' dir='ltr' id='par_1_4' title="bbox 230 502 3528 585">
     <span class='ocr_line' id='line_1_4' title="bbox 230 502 3528 585; baseline -0.005 -10"><span class='ocrx_word' id='word_1_13' title='bbox 230 521 330 579; x_wconf 85' lang='lat' dir='ltr'><strong>Ubi</strong></span> <span class='ocrx_word' id='word_1_14' title='bbox 361 528 530 573; x_wconf 88' lang='lat' dir='ltr'><strong>tamen</strong></span> <span class='ocrx_word' id='word_1_15' title='bbox 559 512 790 585; x_wconf 82' lang='lat' dir='ltr'><strong>ejusdem</strong></span> <span class='ocrx_word' id='word_1_16' title='bbox 821 511 1103 565; x_wconf 74' lang='lat' dir='ltr'><strong>decessoris</strong></span> <span class='ocrx_word' id='word_1_17' title='bbox 1137 511 1210 562; x_wconf 86' lang='lat' dir='ltr'><strong>tui</strong></span> <span class='ocrx_word' id='word_1_18' title='bbox 1241 511 1509 581; x_wconf 71' lang='lat' dir='ltr'><strong>dispositio</strong></span> <span class='ocrx_word' id='word_1_19' title='bbox 1531 550 1546 574; x_wconf 97' lang='lat'><strong>,</strong></span> <span class='ocrx_word' id='word_1_20' title='bbox 1572 525 1724 581; x_wconf 87' lang='lat' dir='ltr'><strong>quam</strong></span> <span class='ocrx_word' id='word_1_21' title='bbox 1755 509 1831 579; x_wconf 83' lang='lat' dir='ltr'><strong>fe-</strong></span> <span class='ocrx_word' id='word_1_22' title='bbox 1859 513 1905 569; x_wconf 77' lang='grc' dir='ltr'>Α</span> <span class='ocrx_word' id='word_1_23' title='bbox 1939 505 2252 560; x_wconf 89' lang='lat' dir='ltr'><strong>monialium</strong></span> <span class='ocrx_word' id='word_1_24' title='bbox 2299 503 2566 560; x_wconf 77' lang='lat' dir='ltr'><strong>ctenobia.</strong></span> <span class='ocrx_word' id='word_1_25' title='bbox 2612 505 2742 571; x_wconf 83' lang='lat' dir='ltr'><strong>Quis</strong></span> <span class='ocrx_word' id='word_1_26' title='bbox 2779 513 2960 560; x_wconf 89' lang='lat' dir='ltr'><strong>autem</strong></span> <span class='ocrx_word' id='word_1_27' title='bbox 3010 502 3067 560; x_wconf 89' lang='lat' dir='ltr'><strong>S.</strong></span> <span class='ocrx_word' id='word_1_28' title='bbox 3125 503 3284 576; x_wconf 66' lang='lat' dir='ltr'><strong>Papae</strong></span> <span class='ocrx_word' id='word_1_29' title='bbox 3327 523 3528 579; x_wconf 70' lang='lat' dir='ltr'><strong>scapus</strong></span> 
     </span>
    </p>
   </div>
   <div class='ocr_carea' id='block_1_5' title="bbox 225 603 1829 678">
    <p class='ocr_par' dir='ltr' id='par_1_5' title="bbox 225 603 1829 678">
     <span class='ocr_line' id='line_1_5' title="bbox 225 603 1829 678; baseline -0.009 -9"><span class='ocrx_word' id='word_1_30' title='bbox 225 624 370 670; x_wconf 87' lang='lat' dir='ltr'><strong>cerat</strong></span> <span class='ocrx_word' id='word_1_31' title='bbox 390 615 453 666; x_wconf 86' lang='lat' dir='ltr'><strong>de</strong></span> <span class='ocrx_word' id='word_1_32' title='bbox 479 609 794 666; x_wconf 83' lang='lat' dir='ltr'><strong>monasterio</strong></span> <span class='ocrx_word' id='word_1_33' title='bbox 816 609 956 678; x_wconf 71' lang='lat' dir='ltr'><strong>ipso,</strong></span> <span class='ocrx_word' id='word_1_34' title='bbox 981 606 1191 674; x_wconf 81' lang='lat' dir='ltr'><strong>ﬁrmata</strong></span> <span class='ocrx_word' id='word_1_35' title='bbox 1214 613 1324 668; x_wconf 85' lang='lat' dir='ltr'><strong>est;</strong></span> <span class='ocrx_word' id='word_1_36' title='bbox 1349 615 1400 657; x_wconf 92' lang='lat' dir='ltr'><strong>tu</strong></span> <span class='ocrx_word' id='word_1_37' title='bbox 1427 620 1560 658; x_wconf 90' lang='lat' dir='ltr'><strong>nunc</strong></span> <span class='ocrx_word' id='word_1_38' title='bbox 1587 605 1690 656; x_wconf 90' lang='lat' dir='ltr'><strong>ista</strong></span> <span class='ocrx_word' id='word_1_39' title='bbox 1716 603 1829 655; x_wconf 88' lang='lat' dir='ltr'><strong>dis-</strong></span> 
     </span>
    </p>
   </div>
   <div class='ocr_carea' id='block_1_6' title="bbox 231 695 1836 769">
    <p class='ocr_par' dir='ltr' id='par_1_6' title="bbox 231 695 1836 769">
     <span class='ocr_line' id='line_1_6' title="bbox 231 695 1836 769; baseline -0.01 -7"><span class='ocrx_word' id='word_1_40' title='bbox 231 707 484 762; x_wconf 75' lang='lat' dir='ltr'><strong>simulans</strong></span> <span class='ocrx_word' id='word_1_41' title='bbox 505 744 520 766; x_wconf 95' lang='lat'><strong>,</strong></span> <span class='ocrx_word' id='word_1_42' title='bbox 551 701 816 761; x_wconf 85' lang='lat' dir='ltr'><strong>contraria</strong></span> <span class='ocrx_word' id='word_1_43' title='bbox 839 714 932 753; x_wconf 88' lang='lat' dir='ltr'><strong>nos</strong></span> <span class='ocrx_word' id='word_1_44' title='bbox 963 698 1124 769; x_wconf 51' lang='lat'><strong>25!;</strong></span> <span class='ocrx_word' id='word_1_45' title='bbox 1149 699 1318 768; x_wconf 88' lang='lat' dir='ltr'><strong>poscis</strong></span> <span class='ocrx_word' id='word_1_46' title='bbox 1348 696 1530 751; x_wconf 85' lang='lat' dir='ltr'><strong>debere</strong></span> <span class='ocrx_word' id='word_1_47' title='bbox 1556 695 1836 766; x_wconf 68' lang='lat' dir='ltr'><strong>pra&#39;cipers</strong></span> 
     </span>
    </p>
   </div>
   <div class='ocr_carea' id='block_1_7' title="bbox 1937 595 3528 671">
    <p class='ocr_par' dir='ltr' id='par_1_7' title="bbox 1937 595 3528 671">
     <span class='ocr_line' id='line_1_7' title="bbox 1937 595 3528 671; baseline 0.003 -19"><span class='ocrx_word' id='word_1_48' title='bbox 1937 603 2084 652; x_wconf 88' lang='lat' dir='ltr'><strong>esset</strong></span> <span class='ocrx_word' id='word_1_49' title='bbox 2105 597 2201 650; x_wconf 89' lang='lat' dir='ltr'><strong>has</strong></span> <span class='ocrx_word' id='word_1_50' title='bbox 2227 595 2593 650; x_wconf 76' lang='lat' dir='ltr'><strong>immunitates</strong></span> <span class='ocrx_word' id='word_1_51' title='bbox 2613 597 2987 662; x_wconf 89' lang='lat' dir='ltr'><strong>concedendo,</strong></span> <span class='ocrx_word' id='word_1_52' title='bbox 3011 612 3118 651; x_wconf 92' lang='lat' dir='ltr'><strong>non</strong></span> <span class='ocrx_word' id='word_1_53' title='bbox 3145 598 3372 654; x_wconf 83' lang='lat' dir='ltr'><strong>obscure</strong></span> <span class='ocrx_word' id='word_1_54' title='bbox 3399 618 3528 671; x_wconf 76' lang='lat' dir='ltr'><strong>ape-</strong></span> 
     </span>
    </p>
   </div>
   <div class='ocr_carea' id='block_1_8' title="bbox 1937 688 3528 748">
    <p class='ocr_par' dir='ltr' id='par_1_8' title="bbox 1937 688 3528 748">
     <span class='ocr_line' id='line_1_8' title="bbox 1937 688 3528 748; baseline 0.002 -4"><span class='ocrx_word' id='word_1_55' title='bbox 1937 691 2008 744; x_wconf 88' lang='lat' dir='ltr'><strong>rit</strong></span> <span class='ocrx_word' id='word_1_56' title='bbox 2036 689 2101 744; x_wconf 88' lang='lat' dir='ltr'><strong>ad</strong></span> <span class='ocrx_word' id='word_1_57' title='bbox 2132 688 2478 743; x_wconf 89' lang='lat' dir='ltr'><strong>aniuosum</strong></span> <span class='ocrx_word' id='word_1_58' title='bbox 2509 689 2755 743; x_wconf 87' lang='lat' dir='ltr'><strong>abbatem</strong></span> <span class='ocrx_word' id='word_1_59' title='bbox 2785 691 3028 745; x_wconf 89' lang='lat' dir='ltr'><strong>scribens</strong></span> <span class='ocrx_word' id='word_1_60' title='bbox 3063 708 3075 743; x_wconf 90' lang='lat'><strong>:</strong></span> <span class='ocrx_word' id='word_1_61' title='bbox 3109 689 3212 745; x_wconf 77' lang='lat' dir='ltr'><strong>His</strong></span> <span class='ocrx_word' id='word_1_62' title='bbox 3243 701 3412 746; x_wconf 84' lang='lat' dir='ltr'><strong>autem</strong></span> <span class='ocrx_word' id='word_1_63' title='bbox 3454 695 3528 748; x_wconf 84' lang='lat' dir='ltr'><strong>ita</strong></span> 
     </span>
    </p>
   </div>
   <div class='ocr_carea' id='block_1_9' title="bbox 235 779 3539 872">
    <p class='ocr_par' dir='ltr' id='par_1_9' title="bbox 235 779 3539 872">
     <span class='ocr_line' id='line_1_9' title="bbox 235 779 3539 872; baseline -0.004 -19"><span class='ocrx_word' id='word_1_64' title='bbox 235 798 374 872; x_wconf 87' lang='lat' dir='ltr'><strong>(Lib.</strong></span> <span class='ocrx_word' id='word_1_65' title='bbox 411 813 484 863; x_wconf 75' lang='lat' dir='ltr'><strong>v1,</strong></span> <span class='ocrx_word' id='word_1_66' title='bbox 509 812 589 865; x_wconf 89' lang='lat' dir='ltr'><strong>ep.</strong></span> <span class='ocrx_word' id='word_1_67' title='bbox 623 793 736 862; x_wconf 71' lang='lat'><strong>29).</strong></span> <span class='ocrx_word' id='word_1_68' title='bbox 772 790 936 859; x_wconf 88' lang='lat' dir='ltr'><strong>Cujus</strong></span> <span class='ocrx_word' id='word_1_69' title='bbox 981 788 1295 846; x_wconf 81' lang='lat' dir='ltr'><strong>monasterii</strong></span> <span class='ocrx_word' id='word_1_70' title='bbox 1336 787 1701 842; x_wconf 67' lang='lat' dir='ltr'><strong>defensionem</strong></span> <span class='ocrx_word' id='word_1_71' title='bbox 1733 786 1837 840; x_wconf 82' lang='lat' dir='ltr'><strong>hac</strong></span> <span class='ocrx_word' id='word_1_72' title='bbox 1936 782 2195 853; x_wconf 79' lang='lat' dir='ltr'><strong>perfectis,</strong></span> <span class='ocrx_word' id='word_1_73' title='bbox 2223 782 2278 834; x_wconf 89' lang='lat' dir='ltr'><strong>in</strong></span> <span class='ocrx_word' id='word_1_74' title='bbox 2307 779 2404 834; x_wconf 90' lang='lat' dir='ltr'><strong>Dei</strong></span> <span class='ocrx_word' id='word_1_75' title='bbox 2417 796 2569 851; x_wconf 80' lang='lat' dir='ltr'><strong>Opere</strong></span> <span class='ocrx_word' id='word_1_76' title='bbox 2591 789 2751 834; x_wconf 85' lang='lat' dir='ltr'><strong>estote</strong></span> <span class='ocrx_word' id='word_1_77' title='bbox 2771 782 3003 850; x_wconf 80' lang='lat' dir='ltr'><strong>solliciti,</strong></span> <span class='ocrx_word' id='word_1_78' title='bbox 3026 790 3074 836; x_wconf 90' lang='lat' dir='ltr'><strong>et</strong></span> <span class='ocrx_word' id='word_1_79' title='bbox 3095 783 3301 837; x_wconf 78' lang='lat' dir='ltr'><strong>assidue</strong></span> <span class='ocrx_word' id='word_1_80' title='bbox 3321 802 3539 854; x_wconf 71' lang='lat' dir='ltr'><strong>operam.</strong></span> 
     </span>
    </p>
   </div>
   <div class='ocr_carea' id='block_1_10' title="bbox 237 878 1834 957">
    <p class='ocr_par' dir='ltr' id='par_1_10' title="bbox 237 878 1834 957">
     <span class='ocr_line' id='line_1_10' title="bbox 237 878 1834 957; baseline -0.006 -18"><span class='ocrx_word' id='word_1_81' title='bbox 237 893 288 943; x_wconf 89' lang='lat' dir='ltr'><strong>in</strong></span> <span class='ocrx_word' id='word_1_82' title='bbox 322 885 551 957; x_wconf 87' lang='lat' dir='ltr'><strong>epistola</strong></span> <span class='ocrx_word' id='word_1_83' title='bbox 586 880 880 952; x_wconf 76' lang='lat' dir='ltr'><strong>Gregorius</strong></span> <span class='ocrx_word' id='word_1_84' title='bbox 909 879 1238 948; x_wconf 81' lang='lat' dir='ltr'><strong>susceperit,</strong></span> <span class='ocrx_word' id='word_1_85' title='bbox 1280 893 1385 932; x_wconf 90' lang='lat' dir='ltr'><strong>non</strong></span> <span class='ocrx_word' id='word_1_86' title='bbox 1416 878 1561 932; x_wconf 83' lang='lat' dir='ltr'><strong>clare.</strong></span> <span class='ocrx_word' id='word_1_87' title='bbox 1600 883 1834 932; x_wconf 83' lang='lat' dir='ltr'><strong>constat.</strong></span> 
     </span>
    </p>
   </div>
   <div class='ocr_carea' id='block_1_11' title="bbox 231 971 1838 1050">
    <p class='ocr_par' dir='ltr' id='par_1_11' title="bbox 231 971 1838 1050">
     <span class='ocr_line' id='line_1_11' title="bbox 231 971 1838 1050; baseline -0.007 -15"><span class='ocrx_word' id='word_1_88' title='bbox 231 981 405 1050; x_wconf 81' lang='lat' dir='ltr'><strong>Loqui</strong></span> <span class='ocrx_word' id='word_1_89' title='bbox 464 987 645 1032; x_wconf 90' lang='lat' dir='ltr'><strong>tamen</strong></span> <span class='ocrx_word' id='word_1_90' title='bbox 705 973 968 1044; x_wconf 91' lang='lat' dir='ltr'><strong>optimum</strong></span> <span class='ocrx_word' id='word_1_91' title='bbox 1017 971 1408 1026; x_wconf 87' lang='lat' dir='ltr'><strong>monachorum</strong></span> <span class='ocrx_word' id='word_1_92' title='bbox 1460 979 1669 1040; x_wconf 83' lang='lat' dir='ltr'><strong>patrem</strong></span> <span class='ocrx_word' id='word_1_93' title='bbox 1739 984 1838 1038; x_wconf 89' lang='lat' dir='ltr'><strong>pro</strong></span> 
     </span>
    </p>
   </div>
   <div class='ocr_carea' id='block_1_12' title="bbox 229 1061 1841 1135">
    <p class='ocr_par' dir='ltr' id='par_1_12' title="bbox 229 1061 1841 1135">
     <span class='ocr_line' id='line_1_12' title="bbox 229 1061 1841 1135; baseline -0.007 -9"><span class='ocrx_word' id='word_1_94' title='bbox 229 1069 503 1126; x_wconf 89' lang='lat' dir='ltr'><strong>Classensi</strong></span> <span class='ocrx_word' id='word_1_95' title='bbox 532 1067 588 1122; x_wconf 89' lang='lat' dir='ltr'><strong>S.</strong></span> <span class='ocrx_word' id='word_1_96' title='bbox 618 1063 945 1135; x_wconf 82' lang='lat' dir='ltr'><strong>Apollinaris</strong></span> <span class='ocrx_word' id='word_1_97' title='bbox 977 1062 1310 1116; x_wconf 82' lang='lat' dir='ltr'><strong>monasterio</strong></span> <span class='ocrx_word' id='word_1_98' title='bbox 1340 1077 1366 1114; x_wconf 88' lang='lat' dir='ltr'><strong>a</strong></span> <span class='ocrx_word' id='word_1_99' title='bbox 1397 1061 1676 1115; x_wconf 81' lang='lat' dir='ltr'><strong>Mariniani</strong></span> <span class='ocrx_word' id='word_1_100' title='bbox 1702 1074 1841 1131; x_wconf 63' lang='lat' dir='ltr'><strong>prm-</strong></span> 
     </span>
    </p>
   </div>
   <div class='ocr_carea' id='block_1_13' title="bbox 231 1151 1840 1224">
    <p class='ocr_par' dir='ltr' id='par_1_13' title="bbox 231 1151 1840 1224">
     <span class='ocr_line' id='line_1_13' title="bbox 231 1151 1840 1224; baseline -0.008 -5"><span class='ocrx_word' id='word_1_101' title='bbox 231 1165 521 1219; x_wconf 87' lang='lat' dir='ltr'><strong>decessore</strong></span> <span class='ocrx_word' id='word_1_102' title='bbox 546 1164 860 1214; x_wconf 88' lang='lat' dir='ltr'><strong>constructo</strong></span> <span class='ocrx_word' id='word_1_103' title='bbox 885 1154 1223 1224; x_wconf 85' lang='lat' dir='ltr'><strong>conjicimus.</strong></span> <span class='ocrx_word' id='word_1_104' title='bbox 1255 1153 1364 1208; x_wconf 85' lang='lat' dir='ltr'><strong>Nec</strong></span> <span class='ocrx_word' id='word_1_105' title='bbox 1385 1154 1488 1206; x_wconf 86' lang='lat' dir='ltr'><strong>alia</strong></span> <span class='ocrx_word' id='word_1_106' title='bbox 1513 1151 1840 1207; x_wconf 85' lang='lat' dir='ltr'><strong>monasteria</strong></span> 
     </span>
    </p>
   </div>
   <div class='ocr_carea' id='block_1_14' title="bbox 233 1245 1840 1317">
    <p class='ocr_par' dir='ltr' id='par_1_14' title="bbox 233 1245 1840 1317">
     <span class='ocr_line' id='line_1_14' title="bbox 233 1245 1840 1317; baseline -0.008 -5"><span class='ocrx_word' id='word_1_107' title='bbox 233 1257 291 1312; x_wconf 91' lang='lat' dir='ltr'><strong>in</strong></span> <span class='ocrx_word' id='word_1_108' title='bbox 337 1251 637 1310; x_wconf 82' lang='lat' dir='ltr'><strong>Ravennati</strong></span> <span class='ocrx_word' id='word_1_109' title='bbox 676 1249 896 1306; x_wconf 59' lang='lat' dir='ltr'><strong>dioecesi</strong></span> <span class='ocrx_word' id='word_1_110' title='bbox 939 1247 1114 1317; x_wconf 87' lang='lat' dir='ltr'><strong>posita</strong></span> <span class='ocrx_word' id='word_1_111' title='bbox 1167 1247 1635 1317; x_wconf 58' lang='lat' dir='ltr'><strong>archiepiscopum</strong></span> <span class='ocrx_word' id='word_1_112' title='bbox 1671 1245 1840 1313; x_wconf 89' lang='lat' dir='ltr'><strong>magis</strong></span> 
     </span>
    </p>
   </div>
   <div class='ocr_carea' id='block_1_15' title="bbox 233 1337 1841 1413">
    <p class='ocr_par' dir='ltr' id='par_1_15' title="bbox 233 1337 1841 1413">
     <span class='ocr_line' id='line_1_15' title="bbox 233 1337 1841 1413; baseline -0.007 -10"><span class='ocrx_word' id='word_1_113' title='bbox 233 1347 535 1404; x_wconf 81' lang='lat' dir='ltr'><strong>beneﬁcum</strong></span> <span class='ocrx_word' id='word_1_114' title='bbox 565 1343 1004 1413; x_wconf 79' lang='lat' dir='ltr'><strong>experiebantur,</strong></span> <span class='ocrx_word' id='word_1_115' title='bbox 1030 1348 1090 1395; x_wconf 90' lang='lat' dir='ltr'><strong>ut</strong></span> <span class='ocrx_word' id='word_1_116' title='bbox 1109 1354 1177 1394; x_wconf 78' lang='lat' dir='ltr'><strong>ex</strong></span> <span class='ocrx_word' id='word_1_117' title='bbox 1209 1338 1314 1396; x_wconf 85' lang='lat' dir='ltr'><strong>line</strong></span> <span class='ocrx_word' id='word_1_118' title='bbox 1342 1339 1570 1393; x_wconf 64' lang='lat' dir='ltr'><strong>laudata:</strong></span> <span class='ocrx_word' id='word_1_119' title='bbox 1598 1337 1841 1407; x_wconf 60' lang='lat' dir='ltr'><strong>epistolas</strong></span> 
     </span>
    </p>
   </div>
   <div class='ocr_carea' id='block_1_16' title="bbox 234 1431 1841 1510">
    <p class='ocr_par' dir='ltr' id='par_1_16' title="bbox 234 1431 1841 1510">
     <span class='ocr_line' id='line_1_16' title="bbox 234 1431 1841 1510; baseline -0.009 -14"><span class='ocrx_word' id='word_1_120' title='bbox 234 1441 426 1510; x_wconf 87' lang='lat' dir='ltr'><strong>liquet.</strong></span> <span class='ocrx_word' id='word_1_121' title='bbox 465 1437 746 1501; x_wconf 76' lang='lat' dir='ltr'><strong>I’rteterea,</strong></span> <span class='ocrx_word' id='word_1_122' title='bbox 778 1433 969 1503; x_wconf 87' lang='lat' dir='ltr'><strong>inquit,</strong></span> <span class='ocrx_word' id='word_1_123' title='bbox 993 1433 1221 1501; x_wconf 82' lang='lat' dir='ltr'><strong>pervenit</strong></span> <span class='ocrx_word' id='word_1_124' title='bbox 1253 1431 1318 1486; x_wconf 83' lang='lat' dir='ltr'><strong>ad</strong></span> <span class='ocrx_word' id='word_1_125' title='bbox 1367 1447 1483 1497; x_wconf 85' lang='lat' dir='ltr'><strong>nos,</strong></span> <span class='ocrx_word' id='word_1_126' title='bbox 1506 1431 1629 1502; x_wconf 84' lang='lat' dir='ltr'><strong>quia</strong></span> <span class='ocrx_word' id='word_1_127' title='bbox 1657 1445 1841 1484; x_wconf 83' lang='lat' dir='ltr'><strong>mona-</strong></span> 
     </span>
    </p>
   </div>
   <div class='ocr_carea' id='block_1_17' title="bbox 233 1521 1844 1603">
    <p class='ocr_par' dir='ltr' id='par_1_17' title="bbox 233 1521 1844 1603">
     <span class='ocr_line' id='line_1_17' title="bbox 233 1521 1844 1603; baseline -0.007 -16"><span class='ocrx_word' id='word_1_128' title='bbox 233 1536 396 1590; x_wconf 83' lang='lat' dir='ltr'><strong>sterio</strong></span> <span class='ocrx_word' id='word_1_129' title='bbox 425 1547 538 1603; x_wconf 65' lang='lat' dir='ltr'><strong>quae</strong></span> <span class='ocrx_word' id='word_1_130' title='bbox 563 1530 654 1583; x_wconf 89' lang='lat' dir='ltr'><strong>sub</strong></span> <span class='ocrx_word' id='word_1_131' title='bbox 685 1527 1014 1599; x_wconf 76' lang='lat' dir='ltr'><strong>fraternitate</strong></span> <span class='ocrx_word' id='word_1_132' title='bbox 1045 1532 1134 1582; x_wconf 78' lang='lat' dir='ltr'><strong>tua</strong></span> <span class='ocrx_word' id='word_1_133' title='bbox 1165 1533 1284 1580; x_wconf 86' lang='lat' dir='ltr'><strong>sunt</strong></span> <span class='ocrx_word' id='word_1_134' title='bbox 1310 1524 1607 1587; x_wconf 79' lang='lat' dir='ltr'><strong>constituta,</strong></span> <span class='ocrx_word' id='word_1_135' title='bbox 1631 1521 1844 1576; x_wconf 87' lang='lat' dir='ltr'><strong>clerico-</strong></span> 
     </span>
    </p>
   </div>
   <div class='ocr_carea' id='block_1_18' title="bbox 233 1614 1844 1693">
    <p class='ocr_par' dir='ltr' id='par_1_18' title="bbox 233 1614 1844 1693">
     <span class='ocr_line' id='line_1_18' title="bbox 233 1614 1844 1693; baseline -0.007 -13"><span class='ocrx_word' id='word_1_136' title='bbox 233 1644 354 1680; x_wconf 84' lang='lat' dir='ltr'><strong>rum</strong></span> <span class='ocrx_word' id='word_1_137' title='bbox 385 1620 884 1693; x_wconf 75' lang='lat' dir='ltr'><strong>importunitatibus,</strong></span> <span class='ocrx_word' id='word_1_138' title='bbox 909 1628 959 1673; x_wconf 92' lang='lat' dir='ltr'><strong>et</strong></span> <span class='ocrx_word' id='word_1_139' title='bbox 985 1619 1199 1681; x_wconf 78' lang='lat' dir='ltr'><strong>dirersis</strong></span> <span class='ocrx_word' id='word_1_140' title='bbox 1221 1632 1397 1678; x_wconf 85' lang='lat' dir='ltr'><strong>eorum</strong></span> <span class='ocrx_word' id='word_1_141' title='bbox 1433 1614 1682 1672; x_wconf 86' lang='lat' dir='ltr'><strong>molestiis</strong></span> <span class='ocrx_word' id='word_1_142' title='bbox 1712 1628 1844 1684; x_wconf 75' lang='lat' dir='ltr'><strong>prte-</strong></span> 
     </span>
    </p>
   </div>
   <div class='ocr_carea' id='block_1_19' title="bbox 231 1712 1844 1793">
    <p class='ocr_par' dir='ltr' id='par_1_19' title="bbox 231 1712 1844 1793">
     <span class='ocr_line' id='line_1_19' title="bbox 231 1712 1844 1793; baseline -0.008 -16"><span class='ocrx_word' id='word_1_143' title='bbox 231 1731 544 1793; x_wconf 81' lang='lat' dir='ltr'><strong>graventur;</strong></span> <span class='ocrx_word' id='word_1_144' title='bbox 574 1719 710 1791; x_wconf 86' lang='lat' dir='ltr'><strong>quod</strong></span> <span class='ocrx_word' id='word_1_145' title='bbox 738 1735 800 1773; x_wconf 91' lang='lat' dir='ltr'><strong>ne</strong></span> <span class='ocrx_word' id='word_1_146' title='bbox 828 1718 892 1770; x_wconf 87' lang='lat' dir='ltr'><strong>de</strong></span> <span class='ocrx_word' id='word_1_147' title='bbox 915 1725 1098 1772; x_wconf 70' lang='lat' dir='ltr'><strong>caetero</strong></span> <span class='ocrx_word' id='word_1_148' title='bbox 1129 1715 1254 1784; x_wconf 74' lang='lat' dir='ltr'><strong>ﬁat,</strong></span> <span class='ocrx_word' id='word_1_149' title='bbox 1288 1714 1527 1768; x_wconf 88' lang='lat' dir='ltr'><strong>districta</strong></span> <span class='ocrx_word' id='word_1_150' title='bbox 1563 1713 1659 1768; x_wconf 85' lang='lat' dir='ltr'><strong>hoc</strong></span> <span class='ocrx_word' id='word_1_151' title='bbox 1680 1712 1844 1766; x_wconf 83' lang='lat' dir='ltr'><strong>inter-</strong></span> 
     </span>
    </p>
   </div>
   <div class='ocr_carea' id='block_1_20' title="bbox 231 1801 1836 1881">
    <p class='ocr_par' dir='ltr' id='par_1_20' title="bbox 231 1801 1836 1881">
     <span class='ocr_line' id='line_1_20' title="bbox 231 1801 1836 1881; baseline -0.008 -11"><span class='ocrx_word' id='word_1_152' title='bbox 231 1814 523 1870; x_wconf 86' lang='lat' dir='ltr'><strong>minatione</strong></span> <span class='ocrx_word' id='word_1_153' title='bbox 539 1826 827 1881; x_wconf 74' lang='lat' dir='ltr'><strong>compesce:</strong></span> <span class='ocrx_word' id='word_1_154' title='bbox 843 1816 1095 1880; x_wconf 81' lang='lat' dir='ltr'><strong>quatenus</strong></span> <span class='ocrx_word' id='word_1_155' title='bbox 1109 1806 1378 1868; x_wconf 78' lang='lat' dir='ltr'><strong>monachis</strong></span> <span class='ocrx_word' id='word_1_156' title='bbox 1393 1806 1503 1859; x_wconf 89' lang='lat' dir='ltr'><strong>illic</strong></span> <span class='ocrx_word' id='word_1_157' title='bbox 1520 1801 1836 1876; x_wconf 77' lang='lat' dir='ltr'><strong>degentibus,</strong></span> 
     </span>
    </p>
   </div>
   <div class='ocr_carea' id='block_1_21' title="bbox 231 1896 1552 1964">
    <p class='ocr_par' dir='ltr' id='par_1_21' title="bbox 231 1896 1552 1964">
     <span class='ocr_line' id='line_1_21' title="bbox 231 1896 1552 1964; baseline -0.005 -6"><span class='ocrx_word' id='word_1_158' title='bbox 231 1903 471 1964; x_wconf 84' lang='lat' dir='ltr'><strong>libere&#39;in</strong></span> <span class='ocrx_word' id='word_1_159' title='bbox 507 1903 605 1958; x_wconf 87' lang='lat' dir='ltr'><strong>Dei</strong></span> <span class='ocrx_word' id='word_1_160' title='bbox 628 1903 791 1957; x_wconf 81' lang='lat' dir='ltr'><strong>nostri</strong></span> <span class='ocrx_word' id='word_1_161' title='bbox 821 1899 1060 1954; x_wconf 79' lang='lat' dir='ltr'><strong>laudibus</strong></span> <span class='ocrx_word' id='word_1_162' title='bbox 1089 1899 1249 1952; x_wconf 86' lang='lat' dir='ltr'><strong>liceat</strong></span> <span class='ocrx_word' id='word_1_163' title='bbox 1273 1896 1552 1953; x_wconf 71' lang='lat' dir='ltr'><strong>exsultare.</strong></span> 
     </span>
    </p>
   </div>
   <div class='ocr_carea' id='block_1_22' title="bbox 313 2008 1844 2083">
    <p class='ocr_par' dir='ltr' id='par_1_22' title="bbox 313 2008 1844 2083">
     <span class='ocr_line' id='line_1_22' title="bbox 313 2008 1844 2083; baseline -0.005 -14"><span class='ocrx_word' id='word_1_164' title='bbox 313 2014 558 2083; x_wconf 85' lang='lat' dir='ltr'><strong>Cumque</strong></span> <span class='ocrx_word' id='word_1_165' title='bbox 607 2015 726 2083; x_wconf 89' lang='lat' dir='ltr'><strong>pius</strong></span> <span class='ocrx_word' id='word_1_166' title='bbox 766 2013 928 2066; x_wconf 86' lang='lat' dir='ltr'><strong>Pater</strong></span> <span class='ocrx_word' id='word_1_167' title='bbox 971 2011 1238 2075; x_wconf 86' lang='lat' dir='ltr'><strong>audisset,</strong></span> <span class='ocrx_word' id='word_1_168' title='bbox 1287 2010 1506 2078; x_wconf 88' lang='lat' dir='ltr'><strong>insuper</strong></span> <span class='ocrx_word' id='word_1_169' title='bbox 1534 2008 1717 2062; x_wconf 87' lang='lat' dir='ltr'><strong>habita</strong></span> <span class='ocrx_word' id='word_1_170' title='bbox 1747 2021 1844 2064; x_wconf 90' lang='lat' dir='ltr'><strong>sua</strong></span> 
     </span>
    </p>
   </div>
   <div class='ocr_carea' id='block_1_23' title="bbox 233 2098 1848 2169">
    <p class='ocr_par' dir='ltr' id='par_1_23' title="bbox 233 2098 1848 2169">
     <span class='ocr_line' id='line_1_23' title="bbox 233 2098 1848 2169; baseline -0.006 -8"><span class='ocrx_word' id='word_1_171' title='bbox 233 2104 647 2169; x_wconf 81' lang='lat' dir='ltr'><strong>admonitione,</strong></span> <span class='ocrx_word' id='word_1_172' title='bbox 679 2101 977 2157; x_wconf 87' lang='lat' dir='ltr'><strong>monachos</strong></span> <span class='ocrx_word' id='word_1_173' title='bbox 1007 2101 1184 2155; x_wconf 87' lang='lat' dir='ltr'><strong>adhuc</strong></span> <span class='ocrx_word' id='word_1_174' title='bbox 1213 2115 1242 2153; x_wconf 89' lang='lat' dir='ltr'><strong>a</strong></span> <span class='ocrx_word' id='word_1_175' title='bbox 1268 2098 1669 2154; x_wconf 82' lang='lat' dir='ltr'><strong>Ravennatibus</strong></span> <span class='ocrx_word' id='word_1_176' title='bbox 1697 2098 1848 2153; x_wconf 87' lang='lat' dir='ltr'><strong>cleri-</strong></span> 
     </span>
    </p>
   </div>
   <div class='ocr_carea' id='block_1_24' title="bbox 234 2195 1844 2266">
    <p class='ocr_par' dir='ltr' id='par_1_24' title="bbox 234 2195 1844 2266">
     <span class='ocr_line' id='line_1_24' title="bbox 234 2195 1844 2266; baseline -0.006 -12"><span class='ocrx_word' id='word_1_177' title='bbox 234 2199 348 2266; x_wconf 88' lang='lat' dir='ltr'><strong>cis,</strong></span> <span class='ocrx_word' id='word_1_178' title='bbox 378 2197 753 2253; x_wconf 86' lang='lat' dir='ltr'><strong>dissimulante</strong></span> <span class='ocrx_word' id='word_1_179' title='bbox 801 2195 1233 2265; x_wconf 88' lang='lat' dir='ltr'><strong>archiepiscopo,</strong></span> <span class='ocrx_word' id='word_1_180' title='bbox 1268 2209 1375 2248; x_wconf 92' lang='lat' dir='ltr'><strong>non</strong></span> <span class='ocrx_word' id='word_1_181' title='bbox 1406 2208 1562 2248; x_wconf 89' lang='lat' dir='ltr'><strong>secus</strong></span> <span class='ocrx_word' id='word_1_182' title='bbox 1592 2207 1655 2246; x_wconf 88' lang='lat' dir='ltr'><strong>ac</strong></span> <span class='ocrx_word' id='word_1_183' title='bbox 1683 2201 1844 2246; x_wconf 85' lang='lat' dir='ltr'><strong>antea</strong></span> 
     </span>
    </p>
   </div>
   <div class='ocr_carea' id='block_1_25' title="bbox 235 2283 1847 2356">
    <p class='ocr_par' dir='ltr' id='par_1_25' title="bbox 235 2283 1847 2356">
     <span class='ocr_line' id='line_1_25' title="bbox 235 2283 1847 2356; baseline -0.005 -12"><span class='ocrx_word' id='word_1_184' title='bbox 235 2288 457 2356; x_wconf 83' lang='lat' dir='ltr'><strong>vexari,</strong></span> <span class='ocrx_word' id='word_1_185' title='bbox 489 2287 683 2342; x_wconf 86' lang='lat' dir='ltr'><strong>iterum</strong></span> <span class='ocrx_word' id='word_1_186' title='bbox 724 2285 1066 2342; x_wconf 88' lang='lat' dir='ltr'><strong>scribendum</strong></span> <span class='ocrx_word' id='word_1_187' title='bbox 1105 2284 1336 2355; x_wconf 85' lang='lat' dir='ltr'><strong>putavit,</strong></span> <span class='ocrx_word' id='word_1_188' title='bbox 1381 2292 1435 2337; x_wconf 90' lang='lat' dir='ltr'><strong>et</strong></span> <span class='ocrx_word' id='word_1_189' title='bbox 1474 2283 1847 2337; x_wconf 82' lang='lat' dir='ltr'><strong>vehementius</strong></span> 
     </span>
    </p>
   </div>
   <div class='ocr_carea' id='block_1_26' title="bbox 236 2373 1846 2450">
    <p class='ocr_par' dir='ltr' id='par_1_26' title="bbox 236 2373 1846 2450">
     <span class='ocr_line' id='line_1_26' title="bbox 236 2373 1846 2450; baseline -0.006 -13"><span class='ocrx_word' id='word_1_190' title='bbox 236 2381 579 2437; x_wconf 81' lang='lat' dir='ltr'><strong>instandum.</strong></span> <span class='ocrx_word' id='word_1_191' title='bbox 613 2379 906 2450; x_wconf 79' lang='lat' dir='ltr'><strong>Epistulam</strong></span> <span class='ocrx_word' id='word_1_192' title='bbox 950 2393 1101 2432; x_wconf 85' lang='lat' dir='ltr'><strong>suam</strong></span> <span class='ocrx_word' id='word_1_193' title='bbox 1133 2377 1214 2431; x_wconf 90' lang='lat' dir='ltr'><strong>his</strong></span> <span class='ocrx_word' id='word_1_194' title='bbox 1242 2376 1423 2430; x_wconf 89' lang='lat' dir='ltr'><strong>verbis</strong></span> <span class='ocrx_word' id='word_1_195' title='bbox 1448 2373 1647 2430; x_wconf 86' lang='lat' dir='ltr'><strong>claudit</strong></span> <span class='ocrx_word' id='word_1_196' title='bbox 1679 2391 1690 2426; x_wconf 88' lang='lat'>:</span> <span class='ocrx_word' id='word_1_197' title='bbox 1717 2373 1846 2428; x_wconf 67' lang='lat' dir='ltr'><strong>Haec</strong></span> 
     </span>
    </p>
   </div>
   <div class='ocr_carea' id='block_1_27' title="bbox 233 2463 1848 2546">
    <p class='ocr_par' dir='ltr' id='par_1_27' title="bbox 233 2463 1848 2546">
     <span class='ocr_line' id='line_1_27' title="bbox 233 2463 1848 2546; baseline -0.009 -17"><span class='ocrx_word' id='word_1_198' title='bbox 233 2475 420 2546; x_wconf 82' lang='lat' dir='ltr'><strong>itaque</strong></span> <span class='ocrx_word' id='word_1_199' title='bbox 440 2472 615 2528; x_wconf 83' lang='lat' dir='ltr'><strong>omnia</strong></span> <span class='ocrx_word' id='word_1_200' title='bbox 638 2471 875 2542; x_wconf 86' lang='lat' dir='ltr'><strong>vigilanti</strong></span> <span class='ocrx_word' id='word_1_201' title='bbox 894 2484 1020 2523; x_wconf 83' lang='lat' dir='ltr'><strong>cura</strong></span> <span class='ocrx_word' id='word_1_202' title='bbox 1038 2467 1316 2522; x_wconf 83' lang='lat' dir='ltr'><strong>emendare</strong></span> <span class='ocrx_word' id='word_1_203' title='bbox 1329 2467 1443 2537; x_wconf 89' lang='lat' dir='ltr'><strong>jam</strong></span> <span class='ocrx_word' id='word_1_204' title='bbox 1463 2463 1688 2519; x_wconf 88' lang='lat' dir='ltr'><strong>secundo</strong></span> <span class='ocrx_word' id='word_1_205' title='bbox 1709 2479 1848 2516; x_wconf 90' lang='lat' dir='ltr'><strong>com-</strong></span> 
     </span>
    </p>
   </div>
   <div class='ocr_carea' id='block_1_28' title="bbox 233 2557 1848 2629">
    <p class='ocr_par' dir='ltr' id='par_1_28' title="bbox 233 2557 1848 2629">
     <span class='ocr_line' id='line_1_28' title="bbox 233 2557 1848 2629; baseline -0.009 -7"><span class='ocrx_word' id='word_1_206' title='bbox 233 2567 444 2622; x_wconf 78' lang='lat' dir='ltr'><strong>monita</strong></span> <span class='ocrx_word' id='word_1_207' title='bbox 462 2565 714 2619; x_wconf 82' lang='lat' dir='ltr'><strong>sanctitas</strong></span> <span class='ocrx_word' id='word_1_208' title='bbox 735 2572 905 2618; x_wconf 81' lang='lat' dir='ltr'><strong>uestra</strong></span> <span class='ocrx_word' id='word_1_209' title='bbox 930 2578 1035 2616; x_wconf 88' lang='lat' dir='ltr'><strong>non</strong></span> <span class='ocrx_word' id='word_1_210' title='bbox 1060 2560 1306 2629; x_wconf 59' lang='lat' dir='ltr'><strong>diferat;</strong></span> <span class='ocrx_word' id='word_1_211' title='bbox 1333 2576 1398 2612; x_wconf 86' lang='lat' dir='ltr'><strong>ne</strong></span> <span class='ocrx_word' id='word_1_212' title='bbox 1418 2560 1461 2611; x_wconf 87' lang='lat' dir='ltr'><strong>si</strong></span> <span class='ocrx_word' id='word_1_213' title='bbox 1485 2567 1599 2628; x_wconf 90' lang='lat' dir='ltr'><strong>post</strong></span> <span class='ocrx_word' id='word_1_214' title='bbox 1622 2557 1731 2610; x_wconf 61' lang='lat' dir='ltr'><strong>haec</strong></span> <span class='ocrx_word' id='word_1_215' title='bbox 1754 2571 1848 2608; x_wconf 87' lang='lat' dir='ltr'><strong>ne-</strong></span> 
     </span>
    </p>
   </div>
   <div class='ocr_carea' id='block_1_29' title="bbox 239 2645 1846 2730">
    <p class='ocr_par' dir='ltr' id='par_1_29' title="bbox 239 2645 1846 2730">
     <span class='ocr_line' id='line_1_29' title="bbox 239 2645 1846 2730; baseline -0.009 -19"><span class='ocrx_word' id='word_1_216' title='bbox 239 2657 500 2730; x_wconf 84' lang='lat' dir='ltr'><strong>gligentes</strong></span> <span class='ocrx_word' id='word_1_217' title='bbox 520 2672 608 2709; x_wconf 82' lang='lat' dir='ltr'><strong>vos</strong></span> <span class='ocrx_word' id='word_1_218' title='bbox 630 2670 761 2720; x_wconf 86' lang='lat' dir='ltr'><strong>esse,</strong></span> <span class='ocrx_word' id='word_1_219' title='bbox 784 2652 920 2725; x_wconf 90' lang='lat' dir='ltr'><strong>quod</strong></span> <span class='ocrx_word' id='word_1_220' title='bbox 941 2669 1044 2706; x_wconf 89' lang='lat' dir='ltr'><strong>non</strong></span> <span class='ocrx_word' id='word_1_221' title='bbox 1069 2650 1343 2714; x_wconf 84' lang='lat' dir='ltr'><strong>credimus,</strong></span> <span class='ocrx_word' id='word_1_222' title='bbox 1369 2649 1680 2702; x_wconf 78' lang='lat' dir='ltr'><strong>senserimus</strong></span> <span class='ocrx_word' id='word_1_223' title='bbox 1697 2687 1710 2710; x_wconf 93' lang='lat'><strong>,</strong></span> <span class='ocrx_word' id='word_1_224' title='bbox 1749 2645 1846 2699; x_wconf 88' lang='lat' dir='ltr'><strong>ali-</strong></span> 
     </span>
    </p>
   </div>
   <div class='ocr_carea' id='block_1_30' title="bbox 244 2736 1851 2816">
    <p class='ocr_par' dir='ltr' id='par_1_30' title="bbox 244 2736 1851 2816">
     <span class='ocr_line' id='line_1_30' title="bbox 244 2736 1851 2816; baseline -0.005 -16"><span class='ocrx_word' id='word_1_225' title='bbox 244 2757 332 2800; x_wconf 80' lang='lat' dir='ltr'><strong>ter</strong></span> <span class='ocrx_word' id='word_1_226' title='bbox 348 2747 781 2800; x_wconf 84' lang='lat' dir='ltr'><strong>monasteriorum</strong></span> <span class='ocrx_word' id='word_1_227' title='bbox 803 2745 960 2816; x_wconf 84' lang='lat' dir='ltr'><strong>quieti</strong></span> <span class='ocrx_word' id='word_1_228' title='bbox 981 2742 1276 2814; x_wconf 85' lang='lat' dir='ltr'><strong>prospicere</strong></span> <span class='ocrx_word' id='word_1_229' title='bbox 1295 2740 1683 2810; x_wconf 76' lang='lat' dir='ltr'><strong>compelluntur.</strong></span> <span class='ocrx_word' id='word_1_230' title='bbox 1708 2736 1851 2792; x_wconf 83' lang='lat' dir='ltr'><strong>Nam</strong></span> 
     </span>
    </p>
   </div>
   <div class='ocr_carea' id='block_1_31' title="bbox 237 2828 1852 2909">
    <p class='ocr_par' dir='ltr' id='par_1_31' title="bbox 237 2828 1852 2909">
     <span class='ocr_line' id='line_1_31' title="bbox 237 2828 1852 2909; baseline -0.006 -17"><span class='ocrx_word' id='word_1_231' title='bbox 237 2839 390 2893; x_wconf 81' lang='lat' dir='ltr'><strong>vobis</strong></span> <span class='ocrx_word' id='word_1_232' title='bbox 419 2847 596 2890; x_wconf 90' lang='lat' dir='ltr'><strong>notum</strong></span> <span class='ocrx_word' id='word_1_233' title='bbox 625 2837 719 2908; x_wconf 88' lang='lat' dir='ltr'><strong>sit,</strong></span> <span class='ocrx_word' id='word_1_234' title='bbox 763 2837 886 2909; x_wconf 87' lang='lat' dir='ltr'><strong>quia</strong></span> <span class='ocrx_word' id='word_1_235' title='bbox 927 2844 1089 2889; x_wconf 64' lang='lat' dir='ltr'><strong>tanta!</strong></span> <span class='ocrx_word' id='word_1_236' title='bbox 1129 2833 1422 2888; x_wconf 81' lang='lat' dir='ltr'><strong>necessitati</strong></span> <span class='ocrx_word' id='word_1_237' title='bbox 1451 2846 1713 2885; x_wconf 86' lang='lat' dir='ltr'><strong>servorum</strong></span> <span class='ocrx_word' id='word_1_238' title='bbox 1753 2828 1852 2883; x_wconf 88' lang='lat' dir='ltr'><strong>Dei</strong></span> 
     </span>
    </p>
   </div>
   <div class='ocr_carea' id='block_1_32' title="bbox 236 2919 1846 2998">
    <p class='ocr_par' dir='ltr' id='par_1_32' title="bbox 236 2919 1846 2998">
     <span class='ocr_line' id='line_1_32' title="bbox 236 2919 1846 2998; baseline -0.006 -16"><span class='ocrx_word' id='word_1_239' title='bbox 236 2928 701 2998; x_wconf 83' lang='lat' dir='ltr'><strong>congregationem</strong></span> <span class='ocrx_word' id='word_1_240' title='bbox 728 2925 952 2997; x_wconf 83' lang='lat' dir='ltr'><strong>amplius</strong></span> <span class='ocrx_word' id='word_1_241' title='bbox 985 2924 1258 2995; x_wconf 86' lang='lat' dir='ltr'><strong>subjacere</strong></span> <span class='ocrx_word' id='word_1_242' title='bbox 1299 2940 1404 2978; x_wconf 91' lang='lat' dir='ltr'><strong>non</strong></span> <span class='ocrx_word' id='word_1_243' title='bbox 1450 2921 1678 2991; x_wconf 82' lang='lat' dir='ltr'><strong>patimur</strong></span> <span class='ocrx_word' id='word_1_244' title='bbox 1707 2919 1846 2993; x_wconf 92' lang='lat' dir='ltr'><strong>(Lib.</strong></span> 
     </span>
    </p>
   </div>
   <div class='ocr_carea' id='block_1_33' title="bbox 243 3019 608 3090">
    <p class='ocr_par' dir='ltr' id='par_1_33' title="bbox 243 3019 608 3090">
     <span class='ocr_line' id='line_1_33' title="bbox 243 3019 608 3090; baseline -0.003 -15"><span class='ocrx_word' id='word_1_245' title='bbox 243 3035 353 3086; x_wconf 76' lang='lat' dir='ltr'><strong>vn,</strong></span> <span class='ocrx_word' id='word_1_246' title='bbox 383 3036 466 3090; x_wconf 84' lang='lat' dir='ltr'><strong>cp.</strong></span> <span class='ocrx_word' id='word_1_247' title='bbox 495 3019 608 3089; x_wconf 71' lang='lat' dir='ltr'><strong>i5).</strong></span> 
     </span>
    </p>
   </div>
   <div class='ocr_carea' id='block_1_34' title="bbox 323 3126 1855 3200">
    <p class='ocr_par' dir='ltr' id='par_1_34' title="bbox 323 3126 1855 3200">
     <span class='ocr_line' id='line_1_34' title="bbox 323 3126 1855 3200; baseline -0.005 -12"><span class='ocrx_word' id='word_1_248' title='bbox 323 3133 415 3189; x_wconf 76' lang='grc'><strong>10.</strong></span> <span class='ocrx_word' id='word_1_249' title='bbox 447 3133 583 3188; x_wconf 91' lang='lat' dir='ltr'><strong>Dum</strong></span> <span class='ocrx_word' id='word_1_250' title='bbox 610 3134 723 3189; x_wconf 65' lang='lat' dir='ltr'><strong>haec</strong></span> <span class='ocrx_word' id='word_1_251' title='bbox 751 3133 1013 3188; x_wconf 89' lang='lat' dir='ltr'><strong>scriberet</strong></span> <span class='ocrx_word' id='word_1_252' title='bbox 1039 3130 1098 3186; x_wconf 91' lang='lat' dir='ltr'><strong>S.</strong></span> <span class='ocrx_word' id='word_1_253' title='bbox 1132 3129 1446 3200; x_wconf 82' lang='lat' dir='ltr'><strong>Gregorius,</strong></span> <span class='ocrx_word' id='word_1_254' title='bbox 1487 3127 1597 3199; x_wconf 73' lang='lat' dir='ltr'><strong>iam</strong></span> <span class='ocrx_word' id='word_1_255' title='bbox 1625 3126 1855 3181; x_wconf 79' lang='lat' dir='ltr'><strong>fortasse</strong></span> 
     </span>
    </p>
   </div>
   <div class='ocr_carea' id='block_1_35' title="bbox 251 3217 1850 3294">
    <p class='ocr_par' dir='ltr' id='par_1_35' title="bbox 251 3217 1850 3294">
     <span class='ocr_line' id='line_1_35' title="bbox 251 3217 1850 3294; baseline -0.005 -11"><span class='ocrx_word' id='word_1_256' title='bbox 251 3227 622 3283; x_wconf 85' lang='lat' dir='ltr'><strong>meditabatur</strong></span> <span class='ocrx_word' id='word_1_257' title='bbox 653 3218 1026 3294; x_wconf 86' lang='lat' dir='ltr'><strong>tranquillitati</strong></span> <span class='ocrx_word' id='word_1_258' title='bbox 1043 3222 1494 3278; x_wconf 88' lang='lat' dir='ltr'><strong>monasteriorum</strong></span> <span class='ocrx_word' id='word_1_259' title='bbox 1520 3217 1850 3289; x_wconf 79' lang='lat' dir='ltr'><strong>prospicere.</strong></span> 
     </span>
    </p>
   </div>
   <div class='ocr_carea' id='block_1_36' title="bbox 249 3309 1856 3388">
    <p class='ocr_par' dir='ltr' id='par_1_36' title="bbox 249 3309 1856 3388">
     <span class='ocr_line' id='line_1_36' title="bbox 249 3309 1856 3388; baseline -0.008 -11"><span class='ocrx_word' id='word_1_260' title='bbox 249 3319 460 3377; x_wconf 86' lang='lat' dir='ltr'><strong>celebri</strong></span> <span class='ocrx_word' id='word_1_261' title='bbox 509 3319 600 3374; x_wconf 89' lang='lat' dir='ltr'><strong>illo</strong></span> <span class='ocrx_word' id='word_1_262' title='bbox 629 3327 655 3355; x_wconf 70' lang='grc'>⁸</span> <span class='ocrx_word' id='word_1_263' title='bbox 685 3317 1000 3388; x_wconf 87' lang='lat' dir='ltr'><strong>privilegio,</strong></span> <span class='ocrx_word' id='word_1_264' title='bbox 1051 3314 1196 3386; x_wconf 91' lang='lat' dir='ltr'><strong>quod</strong></span> <span class='ocrx_word' id='word_1_265' title='bbox 1246 3315 1300 3369; x_wconf 92' lang='lat' dir='ltr'><strong>in</strong></span> <span class='ocrx_word' id='word_1_266' title='bbox 1348 3311 1581 3368; x_wconf 90' lang='lat' dir='ltr'><strong>concilio</strong></span> <span class='ocrx_word' id='word_1_267' title='bbox 1607 3309 1856 3366; x_wconf 90' lang='lat' dir='ltr'><strong>Romano</strong></span> 
     </span>
    </p>
   </div>
   <div class='ocr_carea' id='block_1_37' title="bbox 254 3404 1860 3479">
    <p class='ocr_par' dir='ltr' id='par_1_37' title="bbox 254 3404 1860 3479">
     <span class='ocr_line' id='line_1_37' title="bbox 254 3404 1860 3479; baseline -0.006 -15"><span class='ocrx_word' id='word_1_268' title='bbox 254 3409 425 3465; x_wconf 92' lang='lat' dir='ltr'><strong>tertio</strong></span> <span class='ocrx_word' id='word_1_269' title='bbox 456 3407 839 3479; x_wconf 75' lang='lat' dir='ltr'><strong>promulgavit.</strong></span> <span class='ocrx_word' id='word_1_270' title='bbox 871 3405 1060 3461; x_wconf 87' lang='lat' dir='ltr'><strong>Simile</strong></span> <span class='ocrx_word' id='word_1_271' title='bbox 1077 3404 1190 3473; x_wconf 87' lang='lat' dir='ltr'><strong>jam</strong></span> <span class='ocrx_word' id='word_1_272' title='bbox 1215 3409 1564 3459; x_wconf 89' lang='lat' dir='ltr'><strong>concesserat</strong></span> <span class='ocrx_word' id='word_1_273' title='bbox 1585 3409 1860 3456; x_wconf 88' lang='lat' dir='ltr'><strong>monaste-</strong></span> 
     </span>
    </p>
   </div>
   <div class='ocr_carea' id='block_1_38' title="bbox 250 3491 1855 3565">
    <p class='ocr_par' dir='ltr' id='par_1_38' title="bbox 250 3491 1855 3565">
     <span class='ocr_line' id='line_1_38' title="bbox 250 3491 1855 3565; baseline -0.007 -9"><span class='ocrx_word' id='word_1_274' title='bbox 250 3501 342 3561; x_wconf 86' lang='lat' dir='ltr'><strong>rio</strong></span> <span class='ocrx_word' id='word_1_275' title='bbox 363 3508 681 3554; x_wconf 83' lang='lat' dir='ltr'><strong>sanctorum</strong></span> <span class='ocrx_word' id='word_1_276' title='bbox 703 3495 924 3554; x_wconf 86' lang='lat' dir='ltr'><strong>Joannis</strong></span> <span class='ocrx_word' id='word_1_277' title='bbox 945 3503 1002 3551; x_wconf 90' lang='lat' dir='ltr'><strong>et</strong></span> <span class='ocrx_word' id='word_1_278' title='bbox 1024 3494 1286 3565; x_wconf 83' lang='lat' dir='ltr'><strong>Stephani</strong></span> <span class='ocrx_word' id='word_1_279' title='bbox 1304 3495 1358 3550; x_wconf 91' lang='lat' dir='ltr'><strong>in</strong></span> <span class='ocrx_word' id='word_1_280' title='bbox 1383 3493 1515 3549; x_wconf 87' lang='lat' dir='ltr'><strong>urbe</strong></span> <span class='ocrx_word' id='word_1_281' title='bbox 1537 3491 1855 3556; x_wconf 86' lang='lat' dir='ltr'><strong>Classitana,</strong></span> 
     </span>
    </p>
   </div>
   <div class='ocr_carea' id='block_1_39' title="bbox 253 3583 1861 3662">
    <p class='ocr_par' dir='ltr' id='par_1_39' title="bbox 253 3583 1861 3662">
     <span class='ocr_line' id='line_1_39' title="bbox 253 3583 1861 3662; baseline -0.006 -14"><span class='ocrx_word' id='word_1_282' title='bbox 253 3591 420 3662; x_wconf 85' lang='lat' dir='ltr'><strong>cujus</strong></span> <span class='ocrx_word' id='word_1_283' title='bbox 455 3599 573 3647; x_wconf 85' lang='lat' dir='ltr'><strong>erat</strong></span> <span class='ocrx_word' id='word_1_284' title='bbox 602 3590 770 3646; x_wconf 84' lang='lat' dir='ltr'><strong>abbas</strong></span> <span class='ocrx_word' id='word_1_285' title='bbox 796 3588 1051 3644; x_wconf 88' lang='lat' dir='ltr'><strong>Claudius</strong></span> <span class='ocrx_word' id='word_1_286' title='bbox 1076 3587 1135 3644; x_wconf 89' lang='lat' dir='ltr'><strong>S.</strong></span> <span class='ocrx_word' id='word_1_287' title='bbox 1166 3585 1412 3657; x_wconf 82' lang='lat' dir='ltr'><strong>Gregorii</strong></span> <span class='ocrx_word' id='word_1_288' title='bbox 1436 3587 1744 3656; x_wconf 87' lang='lat' dir='ltr'><strong>discipulus.</strong></span> <span class='ocrx_word' id='word_1_289' title='bbox 1773 3583 1861 3639; x_wconf 85' lang='lat' dir='ltr'><strong>In-</strong></span> 
     </span>
    </p>
   </div>
   <div class='ocr_carea' id='block_1_40' title="bbox 253 3676 1850 3754">
    <p class='ocr_par' dir='ltr' id='par_1_40' title="bbox 253 3676 1850 3754">
     <span class='ocr_line' id='line_1_40' title="bbox 253 3676 1850 3754; baseline -0.006 -13"><span class='ocrx_word' id='word_1_290' title='bbox 253 3694 346 3741; x_wconf 86' lang='lat' dir='ltr'><strong>ter</strong></span> <span class='ocrx_word' id='word_1_291' title='bbox 366 3685 799 3754; x_wconf 88' lang='lat' dir='ltr'><strong>archiepiscopos</strong></span> <span class='ocrx_word' id='word_1_292' title='bbox 822 3681 1165 3738; x_wconf 82' lang='lat' dir='ltr'><strong>Ravennates</strong></span> <span class='ocrx_word' id='word_1_293' title='bbox 1190 3689 1246 3737; x_wconf 90' lang='lat' dir='ltr'><strong>et</strong></span> <span class='ocrx_word' id='word_1_294' title='bbox 1275 3681 1526 3736; x_wconf 86' lang='lat' dir='ltr'><strong>abbatem</strong></span> <span class='ocrx_word' id='word_1_295' title='bbox 1557 3676 1700 3734; x_wconf 73' lang='lat' dir='ltr'><strong>hunc</strong></span> <span class='ocrx_word' id='word_1_296' title='bbox 1730 3693 1850 3732; x_wconf 86' lang='lat' dir='ltr'><strong>mo-</strong></span> 
     </span>
    </p>
   </div>
   <div class='ocr_carea' id='block_1_41' title="bbox 262 3771 1862 3844">
    <p class='ocr_par' dir='ltr' id='par_1_41' title="bbox 262 3771 1862 3844">
     <span class='ocr_line' id='line_1_41' title="bbox 262 3771 1862 3844; baseline -0.006 -13"><span class='ocrx_word' id='word_1_297' title='bbox 262 3787 379 3831; x_wconf 86' lang='lat' dir='ltr'><strong>tam</strong></span> <span class='ocrx_word' id='word_1_298' title='bbox 401 3775 552 3831; x_wconf 89' lang='lat' dir='ltr'><strong>litem</strong></span> <span class='ocrx_word' id='word_1_299' title='bbox 582 3773 769 3844; x_wconf 70' lang='lat' dir='ltr'><strong>Romae</strong></span> <span class='ocrx_word' id='word_1_300' title='bbox 795 3773 1025 3842; x_wconf 77' lang='lat' dir='ltr'><strong>iudicari</strong></span> <span class='ocrx_word' id='word_1_301' title='bbox 1052 3772 1297 3827; x_wconf 89' lang='lat' dir='ltr'><strong>voluerat</strong></span> <span class='ocrx_word' id='word_1_302' title='bbox 1322 3771 1694 3827; x_wconf 88' lang='lat' dir='ltr'><strong>sanctissimus</strong></span> <span class='ocrx_word' id='word_1_303' title='bbox 1723 3783 1862 3837; x_wconf 87' lang='lat' dir='ltr'><strong>pou-</strong></span> 
     </span>
    </p>
   </div>
   <div class='ocr_carea' id='block_1_42' title="bbox 259 3863 1864 3934">
    <p class='ocr_par' dir='ltr' id='par_1_42' title="bbox 259 3863 1864 3934">
     <span class='ocr_line' id='line_1_42' title="bbox 259 3863 1864 3934; baseline -0.005 -12"><span class='ocrx_word' id='word_1_304' title='bbox 259 3866 424 3924; x_wconf 82' lang='lat' dir='ltr'><strong>tifex.</strong></span> <span class='ocrx_word' id='word_1_305' title='bbox 455 3865 697 3934; x_wconf 85' lang='lat' dir='ltr'><strong>Cumque</strong></span> <span class='ocrx_word' id='word_1_306' title='bbox 736 3865 978 3920; x_wconf 89' lang='lat' dir='ltr'><strong>nonnulli</strong></span> <span class='ocrx_word' id='word_1_307' title='bbox 999 3880 1068 3919; x_wconf 79' lang='lat' dir='ltr'><strong>ex</strong></span> <span class='ocrx_word' id='word_1_308' title='bbox 1090 3864 1236 3919; x_wconf 91' lang='lat' dir='ltr'><strong>clero</strong></span> <span class='ocrx_word' id='word_1_309' title='bbox 1262 3874 1317 3918; x_wconf 91' lang='lat' dir='ltr'><strong>et</strong></span> <span class='ocrx_word' id='word_1_310' title='bbox 1344 3879 1411 3916; x_wconf 82' lang='lat' dir='ltr'><strong>ex</strong></span> <span class='ocrx_word' id='word_1_311' title='bbox 1451 3863 1650 3931; x_wconf 88' lang='lat' dir='ltr'><strong>populo</strong></span> <span class='ocrx_word' id='word_1_312' title='bbox 1673 3869 1864 3915; x_wconf 89' lang='lat' dir='ltr'><strong>contra</strong></span> 
     </span>
    </p>
   </div>
   <div class='ocr_carea' id='block_1_43' title="bbox 256 3951 1868 4023">
    <p class='ocr_par' dir='ltr' id='par_1_43' title="bbox 256 3951 1868 4023">
     <span class='ocr_line' id='line_1_43' title="bbox 256 3951 1868 4023; baseline -0.007 -8"><span class='ocrx_word' id='word_1_313' title='bbox 256 3958 642 4021; x_wconf 86' lang='lat' dir='ltr'><strong>clamitassent,</strong></span> <span class='ocrx_word' id='word_1_314' title='bbox 664 3956 714 4010; x_wconf 88' lang='lat' dir='ltr'><strong>id</strong></span> <span class='ocrx_word' id='word_1_315' title='bbox 736 3956 944 4023; x_wconf 78' lang='lat' dir='ltr'><strong>legibus</strong></span> <span class='ocrx_word' id='word_1_316' title='bbox 959 3963 1015 4009; x_wconf 91' lang='lat' dir='ltr'><strong>et</strong></span> <span class='ocrx_word' id='word_1_317' title='bbox 1036 3954 1332 4010; x_wconf 89' lang='lat' dir='ltr'><strong>canonibus</strong></span> <span class='ocrx_word' id='word_1_318' title='bbox 1351 3951 1647 4014; x_wconf 82' lang='lat' dir='ltr'><strong>adversari,</strong></span> <span class='ocrx_word' id='word_1_319' title='bbox 1675 3951 1868 4006; x_wconf 79' lang='lat' dir='ltr'><strong>rescri-</strong></span> 
     </span>
    </p>
   </div>
   <div class='ocr_carea' id='block_1_44' title="bbox 257 4042 1869 4122">
    <p class='ocr_par' dir='ltr' id='par_1_44' title="bbox 257 4042 1869 4122">
     <span class='ocr_line' id='line_1_44' title="bbox 257 4042 1869 4122; baseline -0.007 -16"><span class='ocrx_word' id='word_1_320' title='bbox 257 4051 372 4122; x_wconf 85' lang='lat' dir='ltr'><strong>psit</strong></span> <span class='ocrx_word' id='word_1_321' title='bbox 392 4063 530 4119; x_wconf 88' lang='lat' dir='ltr'><strong>papa</strong></span> <span class='ocrx_word' id='word_1_322' title='bbox 550 4067 562 4101; x_wconf 91' lang='lat'>:</span> <span class='ocrx_word' id='word_1_323' title='bbox 583 4046 700 4103; x_wconf 79' lang='lat' dir='ltr'><strong>Hoc</strong></span> <span class='ocrx_word' id='word_1_324' title='bbox 715 4054 916 4117; x_wconf 86' lang='lat' dir='ltr'><strong>poterat</strong></span> <span class='ocrx_word' id='word_1_325' title='bbox 930 4047 1169 4118; x_wconf 77' lang='lat' dir='ltr'><strong>fortassis</strong></span> <span class='ocrx_word' id='word_1_326' title='bbox 1190 4045 1398 4116; x_wconf 88' lang='lat' dir='ltr'><strong>opponi,</strong></span> <span class='ocrx_word' id='word_1_327' title='bbox 1422 4045 1467 4098; x_wconf 87' lang='lat' dir='ltr'><strong>si</strong></span> <span class='ocrx_word' id='word_1_328' title='bbox 1488 4061 1590 4098; x_wconf 89' lang='lat' dir='ltr'><strong>non</strong></span> <span class='ocrx_word' id='word_1_329' title='bbox 1613 4045 1680 4097; x_wconf 86' lang='lat' dir='ltr'><strong>ad</strong></span> <span class='ocrx_word' id='word_1_330' title='bbox 1701 4042 1869 4112; x_wconf 85' lang='lat' dir='ltr'><strong>majo-</strong></span> 
     </span>
    </p>
   </div>
   <div class='ocr_carea' id='block_1_45' title="bbox 262 4134 1870 4208">
    <p class='ocr_par' dir='ltr' id='par_1_45' title="bbox 262 4134 1870 4208">
     <span class='ocr_line' id='line_1_45' title="bbox 262 4134 1870 4208; baseline -0.005 -12"><span class='ocrx_word' id='word_1_331' title='bbox 262 4158 376 4196; x_wconf 84' lang='lat' dir='ltr'><strong>rem</strong></span> <span class='ocrx_word' id='word_1_332' title='bbox 405 4149 708 4203; x_wconf 83' lang='lat' dir='ltr'><strong>recurreret,</strong></span> <span class='ocrx_word' id='word_1_333' title='bbox 743 4147 794 4192; x_wconf 86' lang='lat' dir='ltr'><strong>et</strong></span> <span class='ocrx_word' id='word_1_334' title='bbox 823 4137 964 4208; x_wconf 83' lang='lat' dir='ltr'><strong>apud</strong></span> <span class='ocrx_word' id='word_1_335' title='bbox 1002 4153 1116 4192; x_wconf 85' lang='lat' dir='ltr'><strong>eum</strong></span> <span class='ocrx_word' id='word_1_336' title='bbox 1147 4152 1320 4192; x_wconf 72' lang='lat' dir='ltr'><strong>causa:</strong></span> <span class='ocrx_word' id='word_1_337' title='bbox 1362 4151 1470 4190; x_wconf 73' lang='lat' dir='ltr'><strong>sua:</strong></span> <span class='ocrx_word' id='word_1_338' title='bbox 1500 4143 1691 4205; x_wconf 86' lang='lat' dir='ltr'><strong>peteret</strong></span> <span class='ocrx_word' id='word_1_339' title='bbox 1719 4134 1870 4188; x_wconf 81' lang='lat' dir='ltr'><strong>meri-</strong></span> 
     </span>
    </p>
   </div>
   <div class='ocr_carea' id='block_1_46' title="bbox 267 4227 1870 4301">
    <p class='ocr_par' dir='ltr' id='par_1_46' title="bbox 267 4227 1870 4301">
     <span class='ocr_line' id='line_1_46' title="bbox 267 4227 1870 4301; baseline -0.007 -12"><span class='ocrx_word' id='word_1_340' title='bbox 267 4244 379 4292; x_wconf 84' lang='lat' dir='ltr'><strong>tum</strong></span> <span class='ocrx_word' id='word_1_341' title='bbox 429 4232 716 4286; x_wconf 86' lang='lat' dir='ltr'><strong>terminari.</strong></span> <span class='ocrx_word' id='word_1_342' title='bbox 766 4228 1020 4301; x_wconf 85' lang='lat' dir='ltr'><strong>Nunquid</strong></span> <span class='ocrx_word' id='word_1_343' title='bbox 1079 4246 1182 4284; x_wconf 91' lang='lat' dir='ltr'><strong>non</strong></span> <span class='ocrx_word' id='word_1_344' title='bbox 1223 4229 1332 4300; x_wconf 86' lang='lat' dir='ltr'><strong>ipse</strong></span> <span class='ocrx_word' id='word_1_345' title='bbox 1372 4229 1510 4282; x_wconf 90' lang='lat' dir='ltr'><strong>nosti</strong></span> <span class='ocrx_word' id='word_1_346' title='bbox 1554 4227 1671 4297; x_wconf 78' lang='lat' dir='ltr'><strong>quia</strong></span> <span class='ocrx_word' id='word_1_347' title='bbox 1711 4241 1870 4280; x_wconf 89' lang='lat' dir='ltr'><strong>causa</strong></span> 
     </span>
    </p>
   </div>
   <div class='ocr_carea' id='block_1_47' title="bbox 267 4319 1871 4396">
    <p class='ocr_par' dir='ltr' id='par_1_47' title="bbox 267 4319 1871 4396">
     <span class='ocr_line' id='line_1_47' title="bbox 267 4319 1871 4396; baseline -0.005 -18"><span class='ocrx_word' id='word_1_348' title='bbox 267 4341 387 4396; x_wconf 74' lang='lat' dir='ltr'><strong>qua:</strong></span> <span class='ocrx_word' id='word_1_349' title='bbox 405 4341 436 4376; x_wconf 90' lang='lat' dir='ltr'><strong>a</strong></span> <span class='ocrx_word' id='word_1_350' title='bbox 463 4323 666 4384; x_wconf 80' lang='lat' dir='ltr'><strong>Joanne</strong></span> <span class='ocrx_word' id='word_1_351' title='bbox 692 4320 988 4392; x_wconf 86' lang='lat' dir='ltr'><strong>presbytero</strong></span> <span class='ocrx_word' id='word_1_352' title='bbox 1016 4329 1199 4376; x_wconf 90' lang='lat' dir='ltr'><strong>contra</strong></span> <span class='ocrx_word' id='word_1_353' title='bbox 1221 4319 1482 4375; x_wconf 82' lang='lat' dir='ltr'><strong>Joannem</strong></span> <span class='ocrx_word' id='word_1_354' title='bbox 1506 4319 1871 4373; x_wconf 87' lang='lat' dir='ltr'><strong>Constantino-</strong></span> 
     </span>
    </p>
   </div>
   <div class='ocr_carea' id='block_1_48' title="bbox 269 4414 1868 4484">
    <p class='ocr_par' dir='ltr' id='par_1_48' title="bbox 269 4414 1868 4484">
     <span class='ocr_line' id='line_1_48' title="bbox 269 4414 1868 4484; baseline -0.005 -14"><span class='ocrx_word' id='word_1_355' title='bbox 269 4415 561 4483; x_wconf 86' lang='lat' dir='ltr'><strong>politanum</strong></span> <span class='ocrx_word' id='word_1_356' title='bbox 602 4415 817 4484; x_wconf 77' lang='lat' dir='ltr'><strong>fratrem</strong></span> <span class='ocrx_word' id='word_1_357' title='bbox 867 4422 914 4468; x_wconf 80' lang='lat' dir='ltr'><strong>et</strong></span> <span class='ocrx_word' id='word_1_358' title='bbox 959 4414 1316 4483; x_wconf 85' lang='lat' dir='ltr'><strong>coepiscopum</strong></span> <span class='ocrx_word' id='word_1_359' title='bbox 1364 4420 1598 4467; x_wconf 86' lang='lat' dir='ltr'><strong>nostrum</strong></span> <span class='ocrx_word' id='word_1_360' title='bbox 1629 4419 1743 4464; x_wconf 91' lang='lat' dir='ltr'><strong>orta</strong></span> <span class='ocrx_word' id='word_1_361' title='bbox 1772 4418 1868 4472; x_wconf 86' lang='lat' dir='ltr'><strong>est,</strong></span> 
     </span>
    </p>
   </div>
   <div class='ocr_carea' id='block_1_49' title="bbox 271 4505 1874 4576">
    <p class='ocr_par' dir='ltr' id='par_1_49' title="bbox 271 4505 1874 4576">
     <span class='ocr_line' id='line_1_49' title="bbox 271 4505 1874 4576; baseline -0.004 -15"><span class='ocrx_word' id='word_1_362' title='bbox 271 4506 554 4561; x_wconf 85' lang='lat' dir='ltr'><strong>secundum</strong></span> <span class='ocrx_word' id='word_1_363' title='bbox 580 4521 804 4559; x_wconf 88' lang='lat' dir='ltr'><strong>canones</strong></span> <span class='ocrx_word' id='word_1_364' title='bbox 841 4505 910 4558; x_wconf 92' lang='lat' dir='ltr'><strong>ad</strong></span> <span class='ocrx_word' id='word_1_365' title='bbox 958 4506 1130 4560; x_wconf 88' lang='lat' dir='ltr'><strong>sedem</strong></span> <span class='ocrx_word' id='word_1_366' title='bbox 1173 4505 1513 4576; x_wconf 87' lang='lat' dir='ltr'><strong>apostolicam</strong></span> <span class='ocrx_word' id='word_1_367' title='bbox 1560 4505 1794 4567; x_wconf 85' lang='lat' dir='ltr'><strong>recurrit,</strong></span> <span class='ocrx_word' id='word_1_368' title='bbox 1824 4509 1874 4556; x_wconf 88' lang='lat' dir='ltr'><strong>et</strong></span> 
     </span>
    </p>
   </div>
   <div class='ocr_carea' id='block_1_50' title="bbox 278 4595 1874 4668">
    <p class='ocr_par' dir='ltr' id='par_1_50' title="bbox 278 4595 1874 4668">
     <span class='ocr_line' id='line_1_50' title="bbox 278 4595 1874 4668; baseline -0.002 -18"><span class='ocrx_word' id='word_1_369' title='bbox 278 4604 458 4660; x_wconf 85' lang='lat' dir='ltr'><strong>nostra</strong></span> <span class='ocrx_word' id='word_1_370' title='bbox 488 4606 563 4648; x_wconf 91' lang='lat' dir='ltr'><strong>est</strong></span> <span class='ocrx_word' id='word_1_371' title='bbox 592 4596 850 4650; x_wconf 84' lang='lat' dir='ltr'><strong>sententia</strong></span> <span class='ocrx_word' id='word_1_372' title='bbox 891 4596 1150 4665; x_wconf 80' lang='lat' dir='ltr'><strong>deﬁnita?</strong></span> <span class='ocrx_word' id='word_1_373' title='bbox 1191 4597 1247 4650; x_wconf 67' lang='lat' dir='ltr'><strong>Si</strong></span> <span class='ocrx_word' id='word_1_374' title='bbox 1285 4613 1409 4668; x_wconf 88' lang='lat' dir='ltr'><strong>ergo</strong></span> <span class='ocrx_word' id='word_1_375' title='bbox 1441 4596 1503 4649; x_wconf 89' lang='lat' dir='ltr'><strong>de</strong></span> <span class='ocrx_word' id='word_1_376' title='bbox 1529 4595 1625 4649; x_wconf 90' lang='lat' dir='ltr'><strong>illa</strong></span> <span class='ocrx_word' id='word_1_377' title='bbox 1668 4595 1874 4649; x_wconf 81' lang='lat' dir='ltr'><strong>civitate</strong></span> 
     </span>
    </p>
   </div>
   <div class='ocr_carea' id='block_1_51' title="bbox 1939 869 3536 944">
    <p class='ocr_par' dir='ltr' id='par_1_51' title="bbox 1939 869 3536 944">
     <span class='ocr_line' id='line_1_51' title="bbox 1939 869 3536 944; baseline 0.001 -18"><span class='ocrx_word' id='word_1_378' title='bbox 1939 871 2161 927; x_wconf 84' lang='lat' dir='ltr'><strong>orationi</strong></span> <span class='ocrx_word' id='word_1_379' title='bbox 2184 871 2322 931; x_wconf 88' lang='lat' dir='ltr'><strong>date,</strong></span> <span class='ocrx_word' id='word_1_380' title='bbox 2348 886 2412 923; x_wconf 92' lang='lat' dir='ltr'><strong>ne</strong></span> <span class='ocrx_word' id='word_1_381' title='bbox 2429 885 2533 923; x_wconf 89' lang='lat' dir='ltr'><strong>non</strong></span> <span class='ocrx_word' id='word_1_382' title='bbox 2553 869 2785 923; x_wconf 84' lang='lat' dir='ltr'><strong>videatur</strong></span> <span class='ocrx_word' id='word_1_383' title='bbox 2802 872 2968 942; x_wconf 88' lang='lat' dir='ltr'><strong>magis</strong></span> <span class='ocrx_word' id='word_1_384' title='bbox 2989 870 3130 925; x_wconf 81' lang='lat' dir='ltr'><strong>vobis</strong></span> <span class='ocrx_word' id='word_1_385' title='bbox 3151 875 3366 944; x_wconf 70' lang='lat' dir='ltr'><strong>quaesita</strong></span> <span class='ocrx_word' id='word_1_386' title='bbox 3391 891 3536 928; x_wconf 82' lang='lat' dir='ltr'><strong>nien-</strong></span> 
     </span>
    </p>
   </div>
   <div class='ocr_carea' id='block_1_52' title="bbox 1939 960 3530 1036">
    <p class='ocr_par' dir='ltr' id='par_1_52' title="bbox 1939 960 3530 1036">
     <span class='ocr_line' id='line_1_52' title="bbox 1939 960 3530 1036; baseline 0.002 -21"><span class='ocrx_word' id='word_1_387' title='bbox 1939 965 2006 1016; x_wconf 89' lang='lat' dir='ltr'><strong>tis</strong></span> <span class='ocrx_word' id='word_1_388' title='bbox 2034 965 2087 1016; x_wconf 91' lang='lat' dir='ltr'><strong>in</strong></span> <span class='ocrx_word' id='word_1_389' title='bbox 2115 964 2351 1017; x_wconf 90' lang='lat' dir='ltr'><strong>oratione</strong></span> <span class='ocrx_word' id='word_1_390' title='bbox 2379 963 2647 1024; x_wconf 85' lang='lat' dir='ltr'><strong>securitas,</strong></span> <span class='ocrx_word' id='word_1_391' title='bbox 2676 960 2767 1014; x_wconf 89' lang='lat' dir='ltr'><strong>sed</strong></span> <span class='ocrx_word' id='word_1_392' title='bbox 2794 963 2949 1025; x_wconf 87' lang='lat' dir='ltr'><strong>male,</strong></span> <span class='ocrx_word' id='word_1_393' title='bbox 2990 963 3126 1034; x_wconf 89' lang='lat' dir='ltr'><strong>quod</strong></span> <span class='ocrx_word' id='word_1_394' title='bbox 3153 964 3306 1029; x_wconf 79' lang='lat' dir='ltr'><strong>absit,</strong></span> <span class='ocrx_word' id='word_1_395' title='bbox 3339 965 3530 1036; x_wconf 84' lang='lat' dir='ltr'><strong>degen-</strong></span> 
     </span>
    </p>
   </div>
   <div class='ocr_carea' id='block_1_53' title="bbox 1940 1049 3422 1124">
    <p class='ocr_par' dir='ltr' id='par_1_53' title="bbox 1940 1049 3422 1124">
     <span class='ocr_line' id='line_1_53' title="bbox 1940 1049 3422 1124; baseline 0.001 -20"><span class='ocrx_word' id='word_1_396' title='bbox 1940 1051 2073 1105; x_wconf 89' lang='lat' dir='ltr'><strong>tibus</strong></span> <span class='ocrx_word' id='word_1_397' title='bbox 2097 1049 2409 1121; x_wconf 85' lang='lat' dir='ltr'><strong>episcopalis</strong></span> <span class='ocrx_word' id='word_1_398' title='bbox 2436 1050 2630 1103; x_wconf 86' lang='lat' dir='ltr'><strong>evitata</strong></span> <span class='ocrx_word' id='word_1_399' title='bbox 2654 1049 2911 1104; x_wconf 88' lang='lat' dir='ltr'><strong>districtio</strong></span> <span class='ocrx_word' id='word_1_400' title='bbox 2941 1049 3082 1119; x_wconf 81' lang='lat' dir='ltr'><strong>(Lib.</strong></span> <span class='ocrx_word' id='word_1_401' title='bbox 3111 1067 3168 1118; x_wconf 87' lang='lat' dir='ltr'><strong>ll,</strong></span> <span class='ocrx_word' id='word_1_402' title='bbox 3199 1069 3280 1121; x_wconf 88' lang='lat' dir='ltr'><strong>ep.</strong></span> <span class='ocrx_word' id='word_1_403' title='bbox 3310 1052 3422 1124; x_wconf 63' lang='grc' dir='ltr'><strong>η).</strong></span> 
     </span>
    </p>
   </div>
   <div class='ocr_carea' id='block_1_54' title="bbox 2564 1142 2922 1200">
    <p class='ocr_par' dir='ltr' id='par_1_54' title="bbox 2564 1142 2922 1200">
     <span class='ocr_line' id='line_1_54' title="bbox 2564 1142 2922 1200; baseline -0.006 0"><span class='ocrx_word' id='word_1_404' title='bbox 2564 1142 2796 1200; x_wconf 83' lang='lat' dir='ltr'><strong>CAPUT</strong></span> <span class='ocrx_word' id='word_1_405' title='bbox 2834 1143 2922 1199; x_wconf 80' lang='lat' dir='ltr'><strong>lli.</strong></span> 
     </span>
    </p>
   </div>
   <div class='ocr_carea' id='block_1_55' title="bbox 1942 1232 3541 1298">
    <p class='ocr_par' dir='ltr' id='par_1_55' title="bbox 1942 1232 3541 1298">
     <span class='ocr_line' id='line_1_55' title="bbox 1942 1232 3541 1298; baseline 0.003 -19"><span class='ocrx_word' id='word_1_406' title='bbox 1942 1232 2337 1298; x_wconf 10' lang='lat' dir='ltr'><strong>Ancum—1.78.</strong></span> <span class='ocrx_word' id='word_1_407' title='bbox 2353 1233 2632 1298; x_wconf 69' lang='lat' dir='ltr'><strong>Gregorius</strong></span> <span class='ocrx_word' id='word_1_408' title='bbox 2651 1233 3000 1298; x_wconf 74' lang='lat' dir='ltr'><strong>siniouiam,_et</strong></span> <span class='ocrx_word' id='word_1_409' title='bbox 3029 1233 3378 1298; x_wconf 82' lang='lat' dir='ltr'><strong>neophytorum</strong></span> <span class='ocrx_word' id='word_1_410' title='bbox 3405 1237 3541 1286; x_wconf 81' lang='lat' dir='ltr'><strong>erdi-</strong></span> 
     </span>
    </p>
   </div>
   <div class='ocr_carea' id='block_1_56' title="bbox 2006 1295 3539 1358">
    <p class='ocr_par' dir='ltr' id='par_1_56' title="bbox 2006 1295 3539 1358">
     <span class='ocr_line' id='line_1_56' title="bbox 2006 1295 3539 1358; baseline 0.003 -17"><span class='ocrx_word' id='word_1_411' title='bbox 2006 1299 2231 1345; x_wconf 85' lang='lat' dir='ltr'><strong>nationes</strong></span> <span class='ocrx_word' id='word_1_412' title='bbox 2271 1297 2319 1344; x_wconf 87' lang='lat' dir='ltr'><strong>iu</strong></span> <span class='ocrx_word' id='word_1_413' title='bbox 2343 1295 2510 1346; x_wconf 81' lang='lat' dir='ltr'><strong>Galliis</strong></span> <span class='ocrx_word' id='word_1_414' title='bbox 2534 1299 2822 1358; x_wconf 66' lang='lat' dir='ltr'><strong>insectatur.</strong></span> <span class='ocrx_word' id='word_1_415' title='bbox 2839 1322 2900 1358; x_wconf 48' lang='lat' dir='ltr'><strong>es</strong></span> <span class='ocrx_word' id='word_1_416' title='bbox 2917 1295 2962 1344; x_wconf 76' lang='lat'><strong>2.</strong></span> <span class='ocrx_word' id='word_1_417' title='bbox 2991 1295 3269 1358; x_wconf 58' lang='lat' dir='ltr'><strong>Artjate&#39;nsi</strong></span> <span class='ocrx_word' id='word_1_418' title='bbox 3311 1301 3539 1358; x_wconf 74' lang='lat' dir='ltr'><strong>episc0po</strong></span> 
     </span>
    </p>
   </div>
   <div class='ocr_carea' id='block_1_57' title="bbox 2003 1313 3538 1408">
    <p class='ocr_par' dir='ltr' id='par_1_57' title="bbox 2003 1313 3538 1408">
     <span class='ocr_line' id='line_1_57' title="bbox 2006 1313 3538 1358; baseline 0 -13"><span class='ocrx_word' id='word_1_419' title='bbox 2006 1313 2231 1345; x_wconf 73' lang='lat' dir='ltr'><strong>nationes</strong></span> <span class='ocrx_word' id='word_1_420' title='bbox 2271 1313 2319 1344; x_wconf 81' lang='lat' dir='ltr'><strong>Ill</strong></span> <span class='ocrx_word' id='word_1_421' title='bbox 2343 1313 2510 1346; x_wconf 80' lang='lat' dir='ltr'><strong>uanus</strong></span> <span class='ocrx_word' id='word_1_422' title='bbox 2534 1313 2818 1344; x_wconf 69' lang='grc' dir='ltr'>ιιιδεεωιιιν.</span> <span class='ocrx_word' id='word_1_423' title='bbox 2839 1322 2899 1331; x_wconf 88' lang='grc'>·-</span> <span class='ocrx_word' id='word_1_424' title='bbox 2917 1313 2962 1344; x_wconf 83' lang='grc' dir='ltr'><strong>Ζ.</strong></span> <span class='ocrx_word' id='word_1_425' title='bbox 2991 1313 3269 1345; x_wconf 70' lang='grc' dir='ltr'>Αιυιειιειηει</span> <span class='ocrx_word' id='word_1_426' title='bbox 3311 1313 3337 1354; x_wconf 64' lang='grc' dir='ltr'><strong>β</strong></span> <span class='ocrx_word' id='word_1_427' title='bbox 3378 1313 3538 1358; x_wconf 65' lang='grc' dir='ltr'><strong>ιεοορο</strong></span> 
     </span>
     <span class='ocr_line' id='line_1_58' title="bbox 2003 1313 3538 1408; baseline 0.004 -6"><span class='ocrx_word' id='word_1_428' title='bbox 2003 1369 2115 1405; x_wconf 85' lang='lat' dir='ltr'><strong>suas</strong></span> <span class='ocrx_word' id='word_1_429' title='bbox 2153 1359 2287 1408; x_wconf 84' lang='lat' dir='ltr'><strong>vices</strong></span> <span class='ocrx_word' id='word_1_430' title='bbox 2323 1359 2598 1406; x_wconf 87' lang='lat' dir='ltr'><strong>committit.</strong></span> <span class='ocrx_word' id='word_1_431' title='bbox 2643 1355 2772 1405; x_wconf 83' lang='lat' dir='ltr'><strong>Eccl.</strong></span> <span class='ocrx_word' id='word_1_432' title='bbox 2801 1357 3045 1406; x_wconf 80' lang='lat' dir='ltr'><strong>Gallicana</strong></span> <span class='ocrx_word' id='word_1_433' title='bbox 3077 1355 3304 1406; x_wconf 70' lang='lat' dir='ltr'><strong>Romanas</strong></span> <span class='ocrx_word' id='word_1_434' title='bbox 3342 1313 3451 1407; x_wconf 53' lang='lat' dir='ltr'><strong>illis.</strong></span> <span class='ocrx_word' id='word_1_435' title='bbox 3477 1384 3538 1395; x_wconf 87' lang='lat'><strong>-—</strong></span> 
     </span>
    </p>
   </div>
   <div class='ocr_carea' id='block_1_58' title="bbox 2003 1418 3539 1482">
    <p class='ocr_par' dir='ltr' id='par_1_58' title="bbox 2003 1418 3539 1482">
     <span class='ocr_line' id='line_1_59' title="bbox 2003 1418 3539 1482; baseline 0.001 -16"><span class='ocrx_word' id='word_1_436' title='bbox 2003 1418 2052 1482; x_wconf 70' lang='grc' dir='ltr'><strong>ὅ.</strong></span> <span class='ocrx_word' id='word_1_437' title='bbox 2076 1418 2153 1467; x_wconf 89' lang='lat' dir='ltr'><strong>De</strong></span> <span class='ocrx_word' id='word_1_438' title='bbox 2181 1422 2390 1482; x_wconf 87' lang='lat' dir='ltr'><strong>primatu</strong></span> <span class='ocrx_word' id='word_1_439' title='bbox 2415 1419 2869 1482; x_wconf 42' lang='lat' dir='ltr'><strong>ArelatensiL—d.</strong></span> <span class='ocrx_word' id='word_1_440' title='bbox 2895 1419 2950 1467; x_wconf 90' lang='lat' dir='ltr'><strong>S.</strong></span> <span class='ocrx_word' id='word_1_441' title='bbox 2977 1418 3205 1481; x_wconf 82' lang='lat' dir='ltr'><strong>Gregorii</strong></span> <span class='ocrx_word' id='word_1_442' title='bbox 3231 1421 3296 1468; x_wconf 89' lang='lat' dir='ltr'><strong>de</strong></span> <span class='ocrx_word' id='word_1_443' title='bbox 3323 1420 3539 1469; x_wconf 68' lang='lat' dir='ltr'><strong>Francia:</strong></span> 
     </span>
    </p>
   </div>
   <div class='ocr_carea' id='block_1_59' title="bbox 2012 1479 3538 1543">
    <p class='ocr_par' dir='ltr' id='par_1_59' title="bbox 2012 1479 3538 1543">
     <span class='ocr_line' id='line_1_60' title="bbox 2012 1479 3538 1543; baseline 0.001 -15"><span class='ocrx_word' id='word_1_444' title='bbox 2012 1479 2226 1543; x_wconf 75' lang='lat' dir='ltr'><strong>Regibus</strong></span> <span class='ocrx_word' id='word_1_445' title='bbox 2251 1483 2517 1543; x_wconf 82' lang='lat' dir='ltr'><strong>oraculum.</strong></span> <span class='ocrx_word' id='word_1_446' title='bbox 2541 1505 2602 1517; x_wconf 89' lang='lat'>—</span> <span class='ocrx_word' id='word_1_447' title='bbox 2625 1484 2670 1531; x_wconf 78' lang='lat'><strong>5.</strong></span> <span class='ocrx_word' id='word_1_448' title='bbox 2700 1479 2774 1531; x_wconf 88' lang='lat' dir='ltr'><strong>De</strong></span> <span class='ocrx_word' id='word_1_449' title='bbox 2806 1480 3031 1530; x_wconf 80' lang='lat' dir='ltr'><strong>laudibus</strong></span> <span class='ocrx_word' id='word_1_450' title='bbox 3054 1479 3154 1531; x_wconf 60' lang='lat' dir='ltr'><strong>a&#39;S.</strong></span> <span class='ocrx_word' id='word_1_451' title='bbox 3183 1482 3332 1543; x_wconf 81' lang='lat' dir='ltr'><strong>Greg.</strong></span> <span class='ocrx_word' id='word_1_452' title='bbox 3362 1483 3538 1532; x_wconf 83' lang='lat' dir='ltr'><strong>Bruni—</strong></span> 
     </span>
    </p>
   </div>
   <div class='ocr_carea' id='block_1_60' title="bbox 2005 1541 3541 1601">
    <p class='ocr_par' dir='ltr' id='par_1_60' title="bbox 2005 1541 3541 1601">
     <span class='ocr_line' id='line_1_61' title="bbox 2005 1541 3541 1601; baseline 0 -12"><span class='ocrx_word' id='word_1_453' title='bbox 2005 1541 2155 1590; x_wconf 85' lang='lat' dir='ltr'><strong>childi</strong></span> <span class='ocrx_word' id='word_1_454' title='bbox 2177 1542 2320 1592; x_wconf 87' lang='lat' dir='ltr'><strong>datis.</strong></span> <span class='ocrx_word' id='word_1_455' title='bbox 2343 1568 2401 1577; x_wconf 94' lang='lat'><strong>—</strong></span> <span class='ocrx_word' id='word_1_456' title='bbox 2425 1541 2472 1591; x_wconf 88' lang='lat'><strong>6.</strong></span> <span class='ocrx_word' id='word_1_457' title='bbox 2496 1545 2739 1601; x_wconf 82' lang='lat' dir='ltr'><strong>Quantum</strong></span> <span class='ocrx_word' id='word_1_458' title='bbox 2760 1544 2821 1591; x_wconf 82' lang='lat' dir='ltr'><strong>sb</strong></span> <span class='ocrx_word' id='word_1_459' title='bbox 2843 1542 3120 1591; x_wconf 85' lang='lat' dir='ltr'><strong>adulatione</strong></span> <span class='ocrx_word' id='word_1_460' title='bbox 3147 1541 3541 1592; x_wconf 27' lang='lat' dir='ltr'><strong>abhor‘rueritr—</strong></span> 
     </span>
    </p>
   </div>
   <div class='ocr_carea' id='block_1_61' title="bbox 2007 1603 3542 1666">
    <p class='ocr_par' dir='ltr' id='par_1_61' title="bbox 2007 1603 3542 1666">
     <span class='ocr_line' id='line_1_62' title="bbox 2007 1603 3542 1666; baseline 0.001 -14"><span class='ocrx_word' id='word_1_461' title='bbox 2007 1605 2054 1666; x_wconf 66' lang='grc' dir='ltr'><strong>Ἰ.</strong></span> <span class='ocrx_word' id='word_1_462' title='bbox 2075 1603 2346 1666; x_wconf 86' lang='lat' dir='ltr'><strong>Gregorius</strong></span> <span class='ocrx_word' id='word_1_463' title='bbox 2368 1604 2644 1654; x_wconf 80' lang='lat' dir='ltr'><strong>anouirus</strong></span> <span class='ocrx_word' id='word_1_464' title='bbox 2679 1616 2848 1666; x_wconf 88' lang='lat' dir='ltr'><strong>papam</strong></span> <span class='ocrx_word' id='word_1_465' title='bbox 2872 1604 3054 1654; x_wconf 87' lang='lat' dir='ltr'><strong>invisit.</strong></span> <span class='ocrx_word' id='word_1_466' title='bbox 3082 1605 3191 1664; x_wconf 84' lang='lat' dir='ltr'><strong>Quo</strong></span> <span class='ocrx_word' id='word_1_467' title='bbox 3213 1615 3455 1664; x_wconf 67' lang='lat' dir='ltr'><strong>tenuiore.</strong></span> <span class='ocrx_word' id='word_1_468' title='bbox 3481 1629 3542 1640; x_wconf 92' lang='lat'><strong>—-</strong></span> 
     </span>
    </p>
   </div>
   <div class='ocr_carea' id='block_1_62' title="bbox 2005 1664 3540 1730">
    <p class='ocr_par' dir='ltr' id='par_1_62' title="bbox 2005 1664 3540 1730">
     <span class='ocr_line' id='line_1_63' title="bbox 2005 1664 3540 1730; baseline 0.003 -18"><span class='ocrx_word' id='word_1_469' title='bbox 2005 1664 2050 1730; x_wconf 64' lang='lat'><strong>8,</strong></span> <span class='ocrx_word' id='word_1_470' title='bbox 2076 1664 2329 1730; x_wconf 80' lang='lat' dir='ltr'><strong>Quomodo</strong></span> <span class='ocrx_word' id='word_1_471' title='bbox 2351 1668 2412 1716; x_wconf 89' lang='lat' dir='ltr'><strong>ab</strong></span> <span class='ocrx_word' id='word_1_472' title='bbox 2446 1669 2556 1730; x_wconf 76' lang='lat' dir='ltr'><strong>ipso</strong></span> <span class='ocrx_word' id='word_1_473' title='bbox 2576 1664 2833 1730; x_wconf 56' lang='lat' dir='ltr'><strong>exceptus.</strong></span> <span class='ocrx_word' id='word_1_474' title='bbox 2857 1691 2919 1730; x_wconf 73' lang='lat'><strong>-—_-</strong></span> <span class='ocrx_word' id='word_1_475' title='bbox 2941 1667 2988 1716; x_wconf 88' lang='lat'><strong>9.</strong></span> <span class='ocrx_word' id='word_1_476' title='bbox 3011 1667 3240 1730; x_wconf 69' lang='lat' dir='ltr'><strong>Quasdam</strong></span> <span class='ocrx_word' id='word_1_477' title='bbox 3264 1677 3348 1728; x_wconf 82' lang='lat' dir='ltr'><strong>pro</strong></span> <span class='ocrx_word' id='word_1_478' title='bbox 3372 1667 3540 1730; x_wconf 73' lang='lat' dir='ltr'><strong>Mona-</strong></span> 
     </span>
    </p>
   </div>
   <div class='ocr_carea' id='block_1_63' title="bbox 2008 1726 3538 1788">
    <p class='ocr_par' dir='ltr' id='par_1_63' title="bbox 2008 1726 3538 1788">
     <span class='ocr_line' id='line_1_64' title="bbox 2008 1726 3538 1788; baseline 0.001 -13"><span class='ocrx_word' id='word_1_479' title='bbox 2008 1728 2112 1777; x_wconf 89' lang='lat' dir='ltr'><strong>chis</strong></span> <span class='ocrx_word' id='word_1_480' title='bbox 2152 1733 2430 1778; x_wconf 86' lang='lat' dir='ltr'><strong>constituta.</strong></span> <span class='ocrx_word' id='word_1_481' title='bbox 2455 1726 2514 1765; x_wconf 65' lang='grc' dir='ltr'><strong>ξ-</strong></span> <span class='ocrx_word' id='word_1_482' title='bbox 2540 1726 2618 1778; x_wconf 80' lang='grc'><strong>10,</strong></span> <span class='ocrx_word' id='word_1_483' title='bbox 2660 1726 2720 1777; x_wconf 79' lang='lat' dir='ltr'><strong>Et</strong></span> <span class='ocrx_word' id='word_1_484' title='bbox 2761 1741 2847 1788; x_wconf 90' lang='lat' dir='ltr'><strong>pro</strong></span> <span class='ocrx_word' id='word_1_485' title='bbox 2870 1726 3346 1778; x_wconf 72' lang='lat' dir='ltr'><strong>Satn-timoriialitius.</strong></span> <span class='ocrx_word' id='word_1_486' title='bbox 3373 1755 3435 1765; x_wconf 87' lang='lat'><strong>-—</strong></span> <span class='ocrx_word' id='word_1_487' title='bbox 3462 1727 3538 1777; x_wconf 86' lang='lat' dir='ltr'><strong>ll.</strong></span> 
     </span>
    </p>
   </div>
   <div class='ocr_carea' id='block_1_64' title="bbox 2012 1789 3541 1853">
    <p class='ocr_par' dir='ltr' id='par_1_64' title="bbox 2012 1789 3541 1853">
     <span class='ocr_line' id='line_1_65' title="bbox 2012 1789 3541 1853; baseline 0 -15"><span class='ocrx_word' id='word_1_488' title='bbox 2012 1789 2138 1852; x_wconf 75' lang='lat' dir='ltr'><strong>Erga</strong></span> <span class='ocrx_word' id='word_1_489' title='bbox 2183 1790 2514 1853; x_wconf 78' lang='lat' dir='ltr'><strong>heterodoxos</strong></span> <span class='ocrx_word' id='word_1_490' title='bbox 2553 1791 2795 1852; x_wconf 87' lang='lat' dir='ltr'><strong>quomodo</strong></span> <span class='ocrx_word' id='word_1_491' title='bbox 2837 1802 2893 1838; x_wconf 84' lang='lat' dir='ltr'><strong>se</strong></span> <span class='ocrx_word' id='word_1_492' title='bbox 2918 1792 3134 1850; x_wconf 72' lang='lat' dir='ltr'><strong>gesserit</strong></span> <span class='ocrx_word' id='word_1_493' title='bbox 3172 1791 3223 1840; x_wconf 86' lang='lat'><strong>8.</strong></span> <span class='ocrx_word' id='word_1_494' title='bbox 3251 1793 3541 1853; x_wconf 78' lang='lat' dir='ltr'><strong>Gregorius.</strong></span> 
     </span>
    </p>
   </div>
   <div class='ocr_carea' id='block_1_65' title="bbox 2013 1852 2472 1914">
    <p class='ocr_par' dir='ltr' id='par_1_65' title="bbox 2013 1852 2472 1914">
     <span class='ocr_line' id='line_1_66' title="bbox 2013 1852 2472 1914; baseline 0.007 -15"><span class='ocrx_word' id='word_1_495' title='bbox 2013 1853 2128 1914; x_wconf 72' lang='lat' dir='ltr'><strong>(An.</strong></span> <span class='ocrx_word' id='word_1_496' title='bbox 2151 1852 2243 1901; x_wconf 65' lang='lat' dir='ltr'><strong>sat</strong></span> <span class='ocrx_word' id='word_1_497' title='bbox 2265 1859 2316 1902; x_wconf 74' lang='lat' dir='ltr'><strong>el.</strong></span> <span class='ocrx_word' id='word_1_498' title='bbox 2341 1853 2472 1910; x_wconf 68' lang='lat'><strong>595.;</strong></span> 
     </span>
    </p>
   </div>
   <div class='ocr_carea' id='block_1_66' title="bbox 2023 1953 3545 2031">
    <p class='ocr_par' dir='ltr' id='par_1_66' title="bbox 2023 1953 3545 2031">
     <span class='ocr_line' id='line_1_67' title="bbox 2023 1953 3545 2031; baseline 0.001 -17"><span class='ocrx_word' id='word_1_499' title='bbox 2023 1960 2076 2016; x_wconf 76' lang='lat' dir='ltr'><strong>l.</strong></span> <span class='ocrx_word' id='word_1_500' title='bbox 2103 1961 2272 2016; x_wconf 86' lang='lat' dir='ltr'><strong>Paulo</strong></span> <span class='ocrx_word' id='word_1_501' title='bbox 2300 1969 2426 2031; x_wconf 89' lang='lat' dir='ltr'><strong>post</strong></span> <span class='ocrx_word' id='word_1_502' title='bbox 2463 1953 2806 2030; x_wconf 82' lang='lat' dir='ltr'><strong>proﬂigatam</strong></span> <span class='ocrx_word' id='word_1_503' title='bbox 2851 1960 2905 2013; x_wconf 91' lang='lat' dir='ltr'><strong>iu</strong></span> <span class='ocrx_word' id='word_1_504' title='bbox 2954 1959 3163 2030; x_wconf 88' lang='lat' dir='ltr'><strong>synodo</strong></span> <span class='ocrx_word' id='word_1_505' title='bbox 3209 1957 3393 2014; x_wconf 71' lang='lat' dir='ltr'><strong>Roma:</strong></span> <span class='ocrx_word' id='word_1_506' title='bbox 3439 1959 3545 2016; x_wconf 86' lang='lat' dir='ltr'><strong>hoc</strong></span> 
     </span>
    </p>
   </div>
   <div class='ocr_carea' id='block_1_67' title="bbox 1949 2049 3547 2118">
    <p class='ocr_par' dir='ltr' id='par_1_67' title="bbox 1949 2049 3547 2118">
     <span class='ocr_line' id='line_1_68' title="bbox 1949 2049 3547 2118; baseline -0.002 -10"><span class='ocrx_word' id='word_1_507' title='bbox 1949 2067 2093 2108; x_wconf 87' lang='lat' dir='ltr'><strong>anno</strong></span> <span class='ocrx_word' id='word_1_508' title='bbox 2114 2051 2298 2108; x_wconf 87' lang='lat' dir='ltr'><strong>habita</strong></span> <span class='ocrx_word' id='word_1_509' title='bbox 2327 2051 2631 2116; x_wconf 90' lang='lat' dir='ltr'><strong>simoniam,</strong></span> <span class='ocrx_word' id='word_1_510' title='bbox 2675 2066 2797 2105; x_wconf 90' lang='lat' dir='ltr'><strong>cum</strong></span> <span class='ocrx_word' id='word_1_511' title='bbox 2848 2049 3160 2104; x_wconf 85' lang='lat' dir='ltr'><strong>inaudiisset</strong></span> <span class='ocrx_word' id='word_1_512' title='bbox 3195 2050 3547 2118; x_wconf 87' lang='lat' dir='ltr'><strong>vigilantissi-</strong></span> 
     </span>
    </p>
   </div>
   <div class='ocr_carea' id='block_1_68' title="bbox 1947 2129 3542 2212">
    <p class='ocr_par' dir='ltr' id='par_1_68' title="bbox 1947 2129 3542 2212">
     <span class='ocr_line' id='line_1_69' title="bbox 1947 2129 3542 2212; baseline 0 -17"><span class='ocrx_word' id='word_1_513' title='bbox 1947 2157 2068 2202; x_wconf 87' lang='lat' dir='ltr'><strong>mus</strong></span> <span class='ocrx_word' id='word_1_514' title='bbox 2089 2149 2273 2212; x_wconf 90' lang='lat' dir='ltr'><strong>pastor</strong></span> <span class='ocrx_word' id='word_1_515' title='bbox 2297 2140 2351 2194; x_wconf 86' lang='lat' dir='ltr'><strong>in</strong></span> <span class='ocrx_word' id='word_1_516' title='bbox 2379 2137 2670 2195; x_wconf 80' lang='lat' dir='ltr'><strong>Galliarum</strong></span> <span class='ocrx_word' id='word_1_517' title='bbox 2696 2139 2773 2194; x_wconf 84' lang='lat' dir='ltr'><strong>uel</strong></span> <span class='ocrx_word' id='word_1_518' title='bbox 2796 2129 3140 2194; x_wconf 58' lang='lat' dir='ltr'><strong>“Germanice</strong></span> <span class='ocrx_word' id='word_1_519' title='bbox 3166 2138 3401 2208; x_wconf 84' lang='lat' dir='ltr'><strong>partibus</strong></span> <span class='ocrx_word' id='word_1_520' title='bbox 3423 2140 3542 2210; x_wconf 85' lang='lat' dir='ltr'><strong>ple-</strong></span> 
     </span>
    </p>
   </div>
   <div class='ocr_carea' id='block_1_69' title="bbox 1949 2226 3543 2303">
    <p class='ocr_par' dir='ltr' id='par_1_69' title="bbox 1949 2226 3543 2303">
     <span class='ocr_line' id='line_1_70' title="bbox 1949 2226 3543 2303; baseline -0.003 -13"><span class='ocrx_word' id='word_1_521' title='bbox 1949 2249 2147 2303; x_wconf 88' lang='lat' dir='ltr'><strong>rosque</strong></span> <span class='ocrx_word' id='word_1_522' title='bbox 2173 2233 2458 2302; x_wconf 91' lang='lat' dir='ltr'><strong>episcopos</strong></span> <span class='ocrx_word' id='word_1_523' title='bbox 2489 2226 2730 2299; x_wconf 80' lang='lat' dir='ltr'><strong>ejusdem</strong></span> <span class='ocrx_word' id='word_1_524' title='bbox 2762 2245 2881 2286; x_wconf 85' lang='lat' dir='ltr'><strong>esse</strong></span> <span class='ocrx_word' id='word_1_525' title='bbox 2903 2245 3047 2295; x_wconf 90' lang='lat' dir='ltr'><strong>reos,</strong></span> <span class='ocrx_word' id='word_1_526' title='bbox 3068 2230 3379 2298; x_wconf 90' lang='lat' dir='ltr'><strong>nullumque</strong></span> <span class='ocrx_word' id='word_1_527' title='bbox 3402 2229 3543 2286; x_wconf 90' lang='lat' dir='ltr'><strong>iisin</strong></span> 
     </span>
    </p>
   </div>
   <div class='ocr_carea' id='block_1_70' title="bbox 1949 2321 3548 2397">
    <p class='ocr_par' dir='ltr' id='par_1_70' title="bbox 1949 2321 3548 2397">
     <span class='ocr_line' id='line_1_71' title="bbox 1949 2321 3548 2397; baseline -0.002 -17"><span class='ocrx_word' id='word_1_528' title='bbox 1949 2325 2239 2397; x_wconf 87' lang='lat' dir='ltr'><strong>provinciis</strong></span> <span class='ocrx_word' id='word_1_529' title='bbox 2270 2324 2339 2378; x_wconf 82' lang='lat' dir='ltr'><strong>ad</strong></span> <span class='ocrx_word' id='word_1_530' title='bbox 2368 2338 2570 2385; x_wconf 87' lang='lat' dir='ltr'><strong>sacrum</strong></span> <span class='ocrx_word' id='word_1_531' title='bbox 2612 2321 2846 2376; x_wconf 86' lang='lat' dir='ltr'><strong>ordinem</strong></span> <span class='ocrx_word' id='word_1_532' title='bbox 2886 2322 2998 2380; x_wconf 88' lang='lat' dir='ltr'><strong>sine</strong></span> <span class='ocrx_word' id='word_1_533' title='bbox 3039 2323 3296 2376; x_wconf 85' lang='lat' dir='ltr'><strong>commodi</strong></span> <span class='ocrx_word' id='word_1_534' title='bbox 3336 2322 3548 2377; x_wconf 80' lang='lat' dir='ltr'><strong>datione</strong></span> 
     </span>
    </p>
   </div>
   <div class='ocr_carea' id='block_1_71' title="bbox 1947 2410 3548 2488">
    <p class='ocr_par' dir='ltr' id='par_1_71' title="bbox 1947 2410 3548 2488">
     <span class='ocr_line' id='line_1_72' title="bbox 1947 2410 3548 2488; baseline -0.001 -17"><span class='ocrx_word' id='word_1_535' title='bbox 1947 2417 2233 2488; x_wconf 82' lang='lat' dir='ltr'><strong>pervenire,</strong></span> <span class='ocrx_word' id='word_1_536' title='bbox 2267 2423 2417 2468; x_wconf 91' lang='lat' dir='ltr'><strong>tanto</strong></span> <span class='ocrx_word' id='word_1_537' title='bbox 2455 2411 2713 2468; x_wconf 68' lang='lat' dir='ltr'><strong>Ecclesia:</strong></span> <span class='ocrx_word' id='word_1_538' title='bbox 2764 2410 3059 2467; x_wconf 68' lang='lat' dir='ltr'><strong>Gallicana:</strong></span> <span class='ocrx_word' id='word_1_539' title='bbox 3100 2413 3291 2467; x_wconf 89' lang='lat' dir='ltr'><strong>morbo</strong></span> <span class='ocrx_word' id='word_1_540' title='bbox 3341 2413 3548 2470; x_wconf 87' lang='lat' dir='ltr'><strong>mederi</strong></span> 
     </span>
    </p>
   </div>
   <div class='ocr_carea' id='block_1_72' title="bbox 1950 2504 3548 2574">
    <p class='ocr_par' dir='ltr' id='par_1_72' title="bbox 1950 2504 3548 2574">
     <span class='ocr_line' id='line_1_73' title="bbox 1950 2504 3548 2574; baseline 0.001 -13"><span class='ocrx_word' id='word_1_541' title='bbox 1950 2511 2156 2573; x_wconf 86' lang='lat' dir='ltr'><strong>volens,</strong></span> <span class='ocrx_word' id='word_1_542' title='bbox 2187 2507 2253 2562; x_wconf 90' lang='lat' dir='ltr'><strong>ad</strong></span> <span class='ocrx_word' id='word_1_543' title='bbox 2286 2505 2584 2574; x_wconf 82' lang='lat' dir='ltr'><strong>Virgilium,</strong></span> <span class='ocrx_word' id='word_1_544' title='bbox 2619 2504 2986 2560; x_wconf 88' lang='lat' dir='ltr'><strong>Arelatensem</strong></span> <span class='ocrx_word' id='word_1_545' title='bbox 3017 2505 3358 2574; x_wconf 74' lang='lat' dir='ltr'><strong>episcopum,</strong></span> <span class='ocrx_word' id='word_1_546' title='bbox 3383 2514 3439 2561; x_wconf 90' lang='lat' dir='ltr'><strong>et</strong></span> <span class='ocrx_word' id='word_1_547' title='bbox 3478 2505 3548 2562; x_wconf 87' lang='lat' dir='ltr'><strong>ad</strong></span> 
     </span>
    </p>
   </div>
   <div class='ocr_carea' id='block_1_73' title="bbox 1952 2595 3549 2665">
    <p class='ocr_par' dir='ltr' id='par_1_73' title="bbox 1952 2595 3549 2665">
     <span class='ocr_line' id='line_1_74' title="bbox 1952 2595 3549 2665; baseline -0.001 -12"><span class='ocrx_word' id='word_1_548' title='bbox 1952 2601 2232 2654; x_wconf 88' lang='lat' dir='ltr'><strong>universos</strong></span> <span class='ocrx_word' id='word_1_549' title='bbox 2268 2598 2319 2650; x_wconf 91' lang='lat' dir='ltr'><strong>in</strong></span> <span class='ocrx_word' id='word_1_550' title='bbox 2357 2610 2526 2665; x_wconf 89' lang='lat' dir='ltr'><strong>regno</strong></span> <span class='ocrx_word' id='word_1_551' title='bbox 2564 2595 2892 2650; x_wconf 89' lang='lat' dir='ltr'><strong>Childeberti</strong></span> <span class='ocrx_word' id='word_1_552' title='bbox 2919 2595 3192 2664; x_wconf 79' lang='lat' dir='ltr'><strong>praesules,</strong></span> <span class='ocrx_word' id='word_1_553' title='bbox 3238 2610 3448 2650; x_wconf 90' lang='lat' dir='ltr'><strong>necnon</strong></span> <span class='ocrx_word' id='word_1_554' title='bbox 3479 2595 3549 2651; x_wconf 88' lang='lat' dir='ltr'><strong>ad</strong></span> 
     </span>
    </p>
   </div>
   <div class='ocr_carea' id='block_1_74' title="bbox 1952 2686 3543 2762">
    <p class='ocr_par' dir='ltr' id='par_1_74' title="bbox 1952 2686 3543 2762">
     <span class='ocr_line' id='line_1_75' title="bbox 1952 2686 3543 2762; baseline -0.001 -16"><span class='ocrx_word' id='word_1_555' title='bbox 1952 2692 2128 2762; x_wconf 88' lang='lat' dir='ltr'><strong>ipsum</strong></span> <span class='ocrx_word' id='word_1_556' title='bbox 2151 2689 2558 2744; x_wconf 83' lang='lat' dir='ltr'><strong>Cbildebertum</strong></span> <span class='ocrx_word' id='word_1_557' title='bbox 2587 2702 2768 2756; x_wconf 80' lang='lat' dir='ltr'><strong>regem</strong></span> <span class='ocrx_word' id='word_1_558' title='bbox 2794 2687 3009 2758; x_wconf 88' lang='lat' dir='ltr'><strong>scripsit</strong></span> <span class='ocrx_word' id='word_1_559' title='bbox 3046 2686 3187 2756; x_wconf 86' lang='lat' dir='ltr'><strong>(Lib.</strong></span> <span class='ocrx_word' id='word_1_560' title='bbox 3211 2704 3267 2756; x_wconf 74' lang='grc' dir='ltr'><strong>ν,</strong></span> <span class='ocrx_word' id='word_1_561' title='bbox 3307 2705 3424 2758; x_wconf 89' lang='lat' dir='ltr'><strong>epp.</strong></span> <span class='ocrx_word' id='word_1_562' title='bbox 3453 2686 3543 2752; x_wconf 71' lang='lat'><strong>55,</strong></span> 
     </span>
    </p>
   </div>
   <div class='ocr_carea' id='block_1_75' title="bbox 1955 2779 3550 2850">
    <p class='ocr_par' dir='ltr' id='par_1_75' title="bbox 1955 2779 3550 2850">
     <span class='ocr_line' id='line_1_76' title="bbox 1955 2779 3550 2850; baseline 0 -16"><span class='ocrx_word' id='word_1_563' title='bbox 1955 2780 2043 2848; x_wconf 70' lang='grc'><strong>54,</strong></span> <span class='ocrx_word' id='word_1_564' title='bbox 2067 2781 2178 2850; x_wconf 79' lang='grc'><strong>55),</strong></span> <span class='ocrx_word' id='word_1_565' title='bbox 2204 2780 2519 2849; x_wconf 83' lang='lat' dir='ltr'><strong>rogavitque</strong></span> <span class='ocrx_word' id='word_1_566' title='bbox 2540 2786 2599 2833; x_wconf 87' lang='lat' dir='ltr'><strong>ut</strong></span> <span class='ocrx_word' id='word_1_567' title='bbox 2618 2779 2685 2836; x_wconf 87' lang='lat' dir='ltr'><strong>de</strong></span> <span class='ocrx_word' id='word_1_568' title='bbox 2707 2779 2808 2834; x_wconf 90' lang='lat' dir='ltr'><strong>hac</strong></span> <span class='ocrx_word' id='word_1_569' title='bbox 2823 2779 3129 2849; x_wconf 84' lang='lat' dir='ltr'><strong>corruptela</strong></span> <span class='ocrx_word' id='word_1_570' title='bbox 3153 2779 3550 2849; x_wconf 82' lang='lat' dir='ltr'><strong>quamprimum</strong></span> 
     </span>
    </p>
   </div>
   <div class='ocr_carea' id='block_1_76' title="bbox 1954 2868 3551 2939">
    <p class='ocr_par' dir='ltr' id='par_1_76' title="bbox 1954 2868 3551 2939">
     <span class='ocr_line' id='line_1_77' title="bbox 1954 2868 3551 2939; baseline -0.003 -11"><span class='ocrx_word' id='word_1_571' title='bbox 1954 2870 2280 2928; x_wconf 89' lang='lat' dir='ltr'><strong>eliminanda</strong></span> <span class='ocrx_word' id='word_1_572' title='bbox 2308 2869 2526 2924; x_wconf 89' lang='lat' dir='ltr'><strong>solliciti</strong></span> <span class='ocrx_word' id='word_1_573' title='bbox 2557 2868 2757 2924; x_wconf 86' lang='lat' dir='ltr'><strong>forent.</strong></span> <span class='ocrx_word' id='word_1_574' title='bbox 2791 2868 2849 2924; x_wconf 91' lang='lat' dir='ltr'><strong>ln</strong></span> <span class='ocrx_word' id='word_1_575' title='bbox 2878 2869 2962 2924; x_wconf 90' lang='lat' dir='ltr'><strong>his</strong></span> <span class='ocrx_word' id='word_1_576' title='bbox 2989 2872 3152 2924; x_wconf 84' lang='lat' dir='ltr'><strong>etiam</strong></span> <span class='ocrx_word' id='word_1_577' title='bbox 3181 2870 3424 2939; x_wconf 86' lang='lat' dir='ltr'><strong>epistolis</strong></span> <span class='ocrx_word' id='word_1_578' title='bbox 3451 2869 3551 2930; x_wconf 86' lang='lat' dir='ltr'><strong>lai-</strong></span> 
     </span>
    </p>
   </div>
   <div class='ocr_carea' id='block_1_77' title="bbox 1954 2962 3553 3034">
    <p class='ocr_par' dir='ltr' id='par_1_77' title="bbox 1954 2962 3553 3034">
     <span class='ocr_line' id='line_1_78' title="bbox 1954 2962 3553 3034; baseline -0.002 -15"><span class='ocrx_word' id='word_1_579' title='bbox 1954 2979 2139 3019; x_wconf 88' lang='lat' dir='ltr'><strong>cormu</strong></span> <span class='ocrx_word' id='word_1_580' title='bbox 2163 2971 2219 3018; x_wconf 94' lang='lat' dir='ltr'><strong>et</strong></span> <span class='ocrx_word' id='word_1_581' title='bbox 2245 2963 2645 3034; x_wconf 89' lang='lat' dir='ltr'><strong>neophytorum</strong></span> <span class='ocrx_word' id='word_1_582' title='bbox 2667 2962 2971 3031; x_wconf 66' lang='lat' dir='ltr'><strong>praecipites</strong></span> <span class='ocrx_word' id='word_1_583' title='bbox 2992 2977 3056 3016; x_wconf 89' lang='lat' dir='ltr'><strong>ac</strong></span> <span class='ocrx_word' id='word_1_584' title='bbox 3082 2963 3396 3022; x_wconf 89' lang='lat' dir='ltr'><strong>immaturas</strong></span> <span class='ocrx_word' id='word_1_585' title='bbox 3421 2973 3443 3000; x_wconf 87' lang='grc' dir='ltr'>ο</span> <span class='ocrx_word' id='word_1_586' title='bbox 3463 2979 3553 3016; x_wconf 85' lang='lat' dir='ltr'><strong>or-</strong></span> 
     </span>
    </p>
   </div>
   <div class='ocr_carea' id='block_1_78' title="bbox 1955 3055 3556 3126">
    <p class='ocr_par' dir='ltr' id='par_1_78' title="bbox 1955 3055 3556 3126">
     <span class='ocr_line' id='line_1_79' title="bbox 1955 3055 3556 3126; baseline -0.002 -12"><span class='ocrx_word' id='word_1_587' title='bbox 1955 3056 2259 3114; x_wconf 89' lang='lat' dir='ltr'><strong>dinationes</strong></span> <span class='ocrx_word' id='word_1_588' title='bbox 2299 3055 2541 3121; x_wconf 89' lang='lat' dir='ltr'><strong>damnat,</strong></span> <span class='ocrx_word' id='word_1_589' title='bbox 2573 3063 2828 3124; x_wconf 88' lang='lat' dir='ltr'><strong>tanquam</strong></span> <span class='ocrx_word' id='word_1_590' title='bbox 2863 3070 2894 3116; x_wconf 88' lang='lat' dir='ltr'><strong>a</strong></span> <span class='ocrx_word' id='word_1_591' title='bbox 2941 3066 3088 3112; x_wconf 87' lang='lat' dir='ltr'><strong>recto</strong></span> <span class='ocrx_word' id='word_1_592' title='bbox 3117 3055 3307 3124; x_wconf 88' lang='lat' dir='ltr'><strong>ordine</strong></span> <span class='ocrx_word' id='word_1_593' title='bbox 3335 3071 3556 3126; x_wconf 76' lang='lat' dir='ltr'><strong>prorsus</strong></span> 
     </span>
    </p>
   </div>
   <div class='ocr_carea' id='block_1_79' title="bbox 1955 3147 3558 3220">
    <p class='ocr_par' dir='ltr' id='par_1_79' title="bbox 1955 3147 3558 3220">
     <span class='ocr_line' id='line_1_80' title="bbox 1955 3147 3558 3220; baseline 0.002 -15"><span class='ocrx_word' id='word_1_594' title='bbox 1955 3151 2346 3206; x_wconf 88' lang='lat' dir='ltr'><strong>dissentaneas.</strong></span> <span class='ocrx_word' id='word_1_595' title='bbox 2379 3149 2513 3215; x_wconf 83' lang='lat' dir='ltr'><strong>Quid</strong></span> <span class='ocrx_word' id='word_1_596' title='bbox 2539 3148 2719 3202; x_wconf 89' lang='lat' dir='ltr'><strong>enim?</strong></span> <span class='ocrx_word' id='word_1_597' title='bbox 2752 3147 2854 3212; x_wconf 78' lang='lat' dir='ltr'><strong>Qui</strong></span> <span class='ocrx_word' id='word_1_598' title='bbox 2880 3147 3164 3219; x_wconf 83' lang='lat' dir='ltr'><strong>discipulus</strong></span> <span class='ocrx_word' id='word_1_599' title='bbox 3187 3166 3292 3204; x_wconf 87' lang='lat' dir='ltr'><strong>non</strong></span> <span class='ocrx_word' id='word_1_600' title='bbox 3325 3151 3442 3220; x_wconf 88' lang='lat' dir='ltr'><strong>fuit,</strong></span> <span class='ocrx_word' id='word_1_601' title='bbox 3473 3152 3558 3208; x_wconf 84' lang='lat' dir='ltr'><strong>in-</strong></span> 
     </span>
    </p>
   </div>
   <div class='ocr_carea' id='block_1_80' title="bbox 1959 3238 3560 3310">
    <p class='ocr_par' dir='ltr' id='par_1_80' title="bbox 1959 3238 3560 3310">
     <span class='ocr_line' id='line_1_81' title="bbox 1959 3238 3560 3310; baseline 0.001 -14"><span class='ocrx_word' id='word_1_602' title='bbox 1959 3240 2292 3298; x_wconf 87' lang='lat' dir='ltr'><strong>considerata</strong></span> <span class='ocrx_word' id='word_1_603' title='bbox 2315 3238 2595 3294; x_wconf 86' lang='lat' dir='ltr'><strong>ambitione</strong></span> <span class='ocrx_word' id='word_1_604' title='bbox 2621 3241 2868 3310; x_wconf 84' lang='lat' dir='ltr'><strong>magister</strong></span> <span class='ocrx_word' id='word_1_605' title='bbox 2889 3240 3124 3310; x_wconf 77' lang='lat' dir='ltr'><strong>eﬁicitur,</strong></span> <span class='ocrx_word' id='word_1_606' title='bbox 3150 3242 3321 3310; x_wconf 91' lang='lat' dir='ltr'><strong>inquit</strong></span> <span class='ocrx_word' id='word_1_607' title='bbox 3349 3241 3406 3297; x_wconf 92' lang='lat' dir='ltr'><strong>S.</strong></span> <span class='ocrx_word' id='word_1_608' title='bbox 3423 3243 3560 3298; x_wconf 80' lang='lat' dir='ltr'><strong>Gre-</strong></span> 
     </span>
    </p>
   </div>
   <div class='ocr_carea' id='block_1_81' title="bbox 1960 3333 3553 3405">
    <p class='ocr_par' dir='ltr' id='par_1_81' title="bbox 1960 3333 3553 3405">
     <span class='ocr_line' id='line_1_82' title="bbox 1960 3333 3553 3405; baseline -0.001 -15"><span class='ocrx_word' id='word_1_609' title='bbox 1960 3335 2175 3404; x_wconf 82' lang='lat' dir='ltr'><strong>gorius;</strong></span> <span class='ocrx_word' id='word_1_610' title='bbox 2215 3344 2264 3388; x_wconf 89' lang='lat' dir='ltr'><strong>et</strong></span> <span class='ocrx_word' id='word_1_611' title='bbox 2309 3333 2552 3405; x_wconf 88' lang='lat' dir='ltr'><strong>quoniam</strong></span> <span class='ocrx_word' id='word_1_612' title='bbox 2591 3333 2726 3403; x_wconf 87' lang='lat' dir='ltr'><strong>quod</strong></span> <span class='ocrx_word' id='word_1_613' title='bbox 2776 3333 2939 3401; x_wconf 86' lang='lat' dir='ltr'><strong>possit</strong></span> <span class='ocrx_word' id='word_1_614' title='bbox 2976 3333 3160 3387; x_wconf 88' lang='lat' dir='ltr'><strong>docere</strong></span> <span class='ocrx_word' id='word_1_615' title='bbox 3199 3349 3302 3388; x_wconf 91' lang='lat' dir='ltr'><strong>non</strong></span> <span class='ocrx_word' id='word_1_616' title='bbox 3334 3333 3553 3401; x_wconf 83' lang='lat' dir='ltr'><strong>didicit,</strong></span> 
     </span>
    </p>
   </div>
   <div class='ocr_carea' id='block_1_82' title="bbox 1961 3421 3560 3493">
    <p class='ocr_par' dir='ltr' id='par_1_82' title="bbox 1961 3421 3560 3493">
     <span class='ocr_line' id='line_1_83' title="bbox 1961 3421 3560 3493; baseline -0.002 -12"><span class='ocrx_word' id='word_1_617' title='bbox 1961 3425 2308 3482; x_wconf 81' lang='lat' dir='ltr'><strong>sacerdotium</strong></span> <span class='ocrx_word' id='word_1_618' title='bbox 2349 3433 2551 3477; x_wconf 88' lang='lat' dir='ltr'><strong>tantum</strong></span> <span class='ocrx_word' id='word_1_619' title='bbox 2577 3423 2704 3493; x_wconf 90' lang='lat' dir='ltr'><strong>gerit</strong></span> <span class='ocrx_word' id='word_1_620' title='bbox 2728 3423 2781 3476; x_wconf 88' lang='lat' dir='ltr'><strong>in</strong></span> <span class='ocrx_word' id='word_1_621' title='bbox 2833 3423 3062 3478; x_wconf 85' lang='lat' dir='ltr'><strong>nomine.</strong></span> <span class='ocrx_word' id='word_1_622' title='bbox 3122 3421 3391 3488; x_wconf 84' lang='lat' dir='ltr'><strong>Quomodo</strong></span> <span class='ocrx_word' id='word_1_623' title='bbox 3429 3439 3560 3478; x_wconf 84' lang='lat' dir='ltr'><strong>vero</strong></span> 
     </span>
    </p>
   </div>
   <div class='ocr_carea' id='block_1_83' title="bbox 1963 3517 3560 3590">
    <p class='ocr_par' dir='ltr' id='par_1_83' title="bbox 1963 3517 3560 3590">
     <span class='ocr_line' id='line_1_84' title="bbox 1963 3517 3560 3590; baseline 0 -18"><span class='ocrx_word' id='word_1_624' title='bbox 1963 3536 2056 3590; x_wconf 90' lang='lat' dir='ltr'><strong>pro</strong></span> <span class='ocrx_word' id='word_1_625' title='bbox 2084 3519 2308 3572; x_wconf 88' lang='lat' dir='ltr'><strong>aliorum</strong></span> <span class='ocrx_word' id='word_1_626' title='bbox 2350 3517 2572 3588; x_wconf 87' lang='lat' dir='ltr'><strong>peccatis</strong></span> <span class='ocrx_word' id='word_1_627' title='bbox 2599 3517 2976 3571; x_wconf 87' lang='lat' dir='ltr'><strong>intercessurus</strong></span> <span class='ocrx_word' id='word_1_628' title='bbox 3006 3522 3103 3582; x_wconf 81' lang='lat' dir='ltr'><strong>est,</strong></span> <span class='ocrx_word' id='word_1_629' title='bbox 3135 3517 3223 3588; x_wconf 88' lang='lat' dir='ltr'><strong>qui</strong></span> <span class='ocrx_word' id='word_1_630' title='bbox 3252 3533 3346 3572; x_wconf 87' lang='lat' dir='ltr'><strong>sua</strong></span> <span class='ocrx_word' id='word_1_631' title='bbox 3373 3517 3560 3586; x_wconf 88' lang='lat' dir='ltr'><strong>primi-</strong></span> 
     </span>
    </p>
   </div>
   <div class='ocr_carea' id='block_1_84' title="bbox 1966 3607 2443 3674">
    <p class='ocr_par' dir='ltr' id='par_1_84' title="bbox 1966 3607 2443 3674">
     <span class='ocr_line' id='line_1_85' title="bbox 1966 3607 2443 3674; baseline -0.013 -9"><span class='ocrx_word' id='word_1_632' title='bbox 1966 3618 2043 3666; x_wconf 85' lang='lat' dir='ltr'><strong>tus</strong></span> <span class='ocrx_word' id='word_1_633' title='bbox 2070 3625 2172 3663; x_wconf 90' lang='lat' dir='ltr'><strong>non</strong></span> <span class='ocrx_word' id='word_1_634' title='bbox 2204 3607 2443 3674; x_wconf 81' lang='lat' dir='ltr'><strong>deﬂevit?</strong></span> 
     </span>
    </p>
   </div>
   <div class='ocr_carea' id='block_1_85' title="bbox 2038 3697 3563 3768">
    <p class='ocr_par' dir='ltr' id='par_1_85' title="bbox 2038 3697 3563 3768">
     <span class='ocr_line' id='line_1_86' title="bbox 2038 3697 3563 3768; baseline 0.001 -15"><span class='ocrx_word' id='word_1_635' title='bbox 2038 3698 2192 3764; x_wconf 87' lang='lat' dir='ltr'><strong>Quod</strong></span> <span class='ocrx_word' id='word_1_636' title='bbox 2219 3711 2381 3766; x_wconf 89' lang='lat' dir='ltr'><strong>supra</strong></span> <span class='ocrx_word' id='word_1_637' title='bbox 2405 3698 2472 3753; x_wconf 91' lang='lat' dir='ltr'><strong>de</strong></span> <span class='ocrx_word' id='word_1_638' title='bbox 2503 3698 2732 3754; x_wconf 89' lang='lat' dir='ltr'><strong>simonia</strong></span> <span class='ocrx_word' id='word_1_639' title='bbox 2754 3698 2808 3753; x_wconf 92' lang='lat' dir='ltr'><strong>in</strong></span> <span class='ocrx_word' id='word_1_640' title='bbox 2835 3697 3021 3754; x_wconf 77' lang='lat' dir='ltr'><strong>Ga’lliis</strong></span> <span class='ocrx_word' id='word_1_641' title='bbox 3049 3707 3328 3768; x_wconf 89' lang='lat' dir='ltr'><strong>grassante</strong></span> <span class='ocrx_word' id='word_1_642' title='bbox 3357 3697 3563 3766; x_wconf 79' lang='lat' dir='ltr'><strong>Grego-</strong></span> 
     </span>
    </p>
   </div>
   <div class='ocr_carea' id='block_1_86' title="bbox 1969 3789 3566 3860">
    <p class='ocr_par' dir='ltr' id='par_1_86' title="bbox 1969 3789 3566 3860">
     <span class='ocr_line' id='line_1_87' title="bbox 1969 3789 3566 3860; baseline 0.003 -18"><span class='ocrx_word' id='word_1_643' title='bbox 1969 3789 2106 3842; x_wconf 90' lang='lat' dir='ltr'><strong>rium</strong></span> <span class='ocrx_word' id='word_1_644' title='bbox 2135 3796 2452 3858; x_wconf 87' lang='lat' dir='ltr'><strong>qnercntcm</strong></span> <span class='ocrx_word' id='word_1_645' title='bbox 2500 3789 2820 3854; x_wconf 87' lang='lat' dir='ltr'><strong>audivimus,</strong></span> <span class='ocrx_word' id='word_1_646' title='bbox 2872 3789 3160 3844; x_wconf 82' lang='lat' dir='ltr'><strong>conﬁrmat</strong></span> <span class='ocrx_word' id='word_1_647' title='bbox 3198 3791 3335 3844; x_wconf 89' lang='lat' dir='ltr'><strong>alter</strong></span> <span class='ocrx_word' id='word_1_648' title='bbox 3361 3789 3566 3860; x_wconf 83' lang='lat' dir='ltr'><strong>Grego-</strong></span> 
     </span>
    </p>
   </div>
   <div class='ocr_carea' id='block_1_87' title="bbox 1969 3878 3566 3951">
    <p class='ocr_par' dir='ltr' id='par_1_87' title="bbox 1969 3878 3566 3951">
     <span class='ocr_line' id='line_1_88' title="bbox 1969 3878 3566 3951; baseline 0.003 -18"><span class='ocrx_word' id='word_1_649' title='bbox 1969 3881 2101 3943; x_wconf 90' lang='lat' dir='ltr'><strong>rius,</strong></span> <span class='ocrx_word' id='word_1_650' title='bbox 2128 3878 2429 3933; x_wconf 85' lang='lat' dir='ltr'><strong>Turonicus</strong></span> <span class='ocrx_word' id='word_1_651' title='bbox 2463 3879 2732 3944; x_wconf 75' lang='lat' dir='ltr'><strong>videlicet,</strong></span> <span class='ocrx_word' id='word_1_652' title='bbox 2763 3879 2830 3933; x_wconf 86' lang='lat' dir='ltr'><strong>de</strong></span> <span class='ocrx_word' id='word_1_653' title='bbox 2856 3894 2916 3934; x_wconf 86' lang='lat' dir='ltr'><strong>re</strong></span> <span class='ocrx_word' id='word_1_654' title='bbox 2958 3881 3058 3934; x_wconf 84' lang='lat' dir='ltr'><strong>sibi</strong></span> <span class='ocrx_word' id='word_1_655' title='bbox 3105 3889 3230 3934; x_wconf 88' lang='lat' dir='ltr'><strong>nota</strong></span> <span class='ocrx_word' id='word_1_656' title='bbox 3261 3882 3485 3951; x_wconf 90' lang='lat' dir='ltr'><strong>loquens</strong></span> <span class='ocrx_word' id='word_1_657' title='bbox 3512 3883 3566 3938; x_wconf 90' lang='lat' dir='ltr'><strong>in</strong></span> 
     </span>
    </p>
   </div>
   <div class='ocr_carea' id='block_1_88' title="bbox 1971 3967 3568 4040">
    <p class='ocr_par' dir='ltr' id='par_1_88' title="bbox 1971 3967 3568 4040">
     <span class='ocr_line' id='line_1_89' title="bbox 1971 3967 3568 4040; baseline 0.001 -17"><span class='ocrx_word' id='word_1_658' title='bbox 1971 3967 2106 4023; x_wconf 82' lang='lat' dir='ltr'><strong>Vitis</strong></span> <span class='ocrx_word' id='word_1_659' title='bbox 2135 3967 2349 4021; x_wconf 84' lang='lat' dir='ltr'><strong>Patrum</strong></span> <span class='ocrx_word' id='word_1_660' title='bbox 2382 3983 2430 4020; x_wconf 90' lang='lat' dir='ltr'><strong>c.</strong></span> <span class='ocrx_word' id='word_1_661' title='bbox 2464 3970 2494 4018; x_wconf 67' lang='grc' dir='ltr'><strong>ί)</strong></span> <span class='ocrx_word' id='word_1_662' title='bbox 2529 3985 2540 4019; x_wconf 94' lang='lat'>:</span> <span class='ocrx_word' id='word_1_663' title='bbox 2572 3967 2694 4020; x_wconf 83' lang='lat' dir='ltr'><strong>Jam</strong></span> <span class='ocrx_word' id='word_1_664' title='bbox 2745 3979 2883 4033; x_wconf 90' lang='lat' dir='ltr'><strong>tunc,</strong></span> <span class='ocrx_word' id='word_1_665' title='bbox 2935 3969 3130 4038; x_wconf 82' lang='lat' dir='ltr'><strong>inquit,</strong></span> <span class='ocrx_word' id='word_1_666' title='bbox 3182 3987 3387 4040; x_wconf 82' lang='lat' dir='ltr'><strong>germen</strong></span> <span class='ocrx_word' id='word_1_667' title='bbox 3436 3971 3568 4025; x_wconf 90' lang='lat' dir='ltr'><strong>illud</strong></span> 
     </span>
    </p>
   </div>
   <div class='ocr_carea' id='block_1_89' title="bbox 1970 4057 3567 4130">
    <p class='ocr_par' dir='ltr' id='par_1_89' title="bbox 1970 4057 3567 4130">
     <span class='ocr_line' id='line_1_90' title="bbox 1970 4057 3567 4130; baseline 0.001 -18"><span class='ocrx_word' id='word_1_668' title='bbox 1970 4061 2201 4129; x_wconf 85' lang='lat' dir='ltr'><strong>iniquum</strong></span> <span class='ocrx_word' id='word_1_669' title='bbox 2242 4067 2465 4128; x_wconf 75' lang='lat' dir='ltr'><strong>cwperat</strong></span> <span class='ocrx_word' id='word_1_670' title='bbox 2494 4057 2835 4130; x_wconf 84' lang='lat' dir='ltr'><strong>fructificare,</strong></span> <span class='ocrx_word' id='word_1_671' title='bbox 2877 4069 2928 4111; x_wconf 88' lang='lat' dir='ltr'><strong>ut</strong></span> <span class='ocrx_word' id='word_1_672' title='bbox 2956 4060 3299 4114; x_wconf 81' lang='lat' dir='ltr'><strong>sacerdotium</strong></span> <span class='ocrx_word' id='word_1_673' title='bbox 3331 4071 3419 4115; x_wconf 89' lang='lat' dir='ltr'><strong>aut</strong></span> <span class='ocrx_word' id='word_1_674' title='bbox 3443 4079 3567 4116; x_wconf 76' lang='lat' dir='ltr'><strong>ren-</strong></span> 
     </span>
    </p>
   </div>
   <div class='ocr_carea' id='block_1_90' title="bbox 1973 4151 3570 4224">
    <p class='ocr_par' dir='ltr' id='par_1_90' title="bbox 1973 4151 3570 4224">
     <span class='ocr_line' id='line_1_91' title="bbox 1973 4151 3570 4224; baseline 0.001 -18"><span class='ocrx_word' id='word_1_675' title='bbox 1973 4153 2179 4206; x_wconf 85' lang='lat' dir='ltr'><strong>deretur</strong></span> <span class='ocrx_word' id='word_1_676' title='bbox 2200 4168 2231 4203; x_wconf 93' lang='lat' dir='ltr'><strong>a</strong></span> <span class='ocrx_word' id='word_1_677' title='bbox 2256 4151 2480 4221; x_wconf 83' lang='lat' dir='ltr'><strong>regibus,</strong></span> <span class='ocrx_word' id='word_1_678' title='bbox 2515 4158 2603 4203; x_wconf 90' lang='lat' dir='ltr'><strong>aut</strong></span> <span class='ocrx_word' id='word_1_679' title='bbox 2643 4160 3030 4220; x_wconf 81' lang='lat' dir='ltr'><strong>compararetur</strong></span> <span class='ocrx_word' id='word_1_680' title='bbox 3057 4170 3089 4205; x_wconf 93' lang='lat' dir='ltr'><strong>a</strong></span> <span class='ocrx_word' id='word_1_681' title='bbox 3129 4152 3350 4208; x_wconf 88' lang='lat' dir='ltr'><strong>clericis.</strong></span> <span class='ocrx_word' id='word_1_682' title='bbox 3385 4152 3570 4224; x_wconf 80' lang='lat' dir='ltr'><strong>Neque</strong></span> 
     </span>
    </p>
   </div>
   <div class='ocr_carea' id='block_1_91' title="bbox 1976 4242 3571 4302">
    <p class='ocr_par' dir='ltr' id='par_1_91' title="bbox 1976 4242 3571 4302">
     <span class='ocr_line' id='line_1_92' title="bbox 1976 4242 3571 4302; baseline 0.002 -4"><span class='ocrx_word' id='word_1_683' title='bbox 1976 4243 2040 4298; x_wconf 89' lang='lat' dir='ltr'><strong>ad</strong></span> <span class='ocrx_word' id='word_1_684' title='bbox 2092 4250 2296 4296; x_wconf 88' lang='lat' dir='ltr'><strong>tantum</strong></span> <span class='ocrx_word' id='word_1_685' title='bbox 2354 4242 2550 4295; x_wconf 89' lang='lat' dir='ltr'><strong>malum</strong></span> <span class='ocrx_word' id='word_1_686' title='bbox 2601 4243 3060 4297; x_wconf 85' lang='lat' dir='ltr'><strong>averruncandum</strong></span> <span class='ocrx_word' id='word_1_687' title='bbox 3101 4246 3230 4300; x_wconf 86' lang='lat' dir='ltr'><strong>satis</strong></span> <span class='ocrx_word' id='word_1_688' title='bbox 3261 4244 3356 4299; x_wconf 88' lang='lat' dir='ltr'><strong>fuit</strong></span> <span class='ocrx_word' id='word_1_689' title='bbox 3384 4255 3571 4302; x_wconf 87' lang='lat' dir='ltr'><strong>sancto</strong></span> 
     </span>
    </p>
   </div>
   <div class='ocr_carea' id='block_1_92' title="bbox 1978 4331 3573 4406">
    <p class='ocr_par' dir='ltr' id='par_1_92' title="bbox 1978 4331 3573 4406">
     <span class='ocr_line' id='line_1_93' title="bbox 1978 4331 3573 4406; baseline 0.005 -23"><span class='ocrx_word' id='word_1_690' title='bbox 1978 4331 2246 4403; x_wconf 81' lang='lat' dir='ltr'><strong>pontiﬁci,</strong></span> <span class='ocrx_word' id='word_1_691' title='bbox 2297 4333 2464 4386; x_wconf 90' lang='lat' dir='ltr'><strong>semel</strong></span> <span class='ocrx_word' id='word_1_692' title='bbox 2517 4340 2608 4387; x_wconf 91' lang='lat' dir='ltr'><strong>aut</strong></span> <span class='ocrx_word' id='word_1_693' title='bbox 2665 4333 2858 4387; x_wconf 85' lang='lat' dir='ltr'><strong>iterum</strong></span> <span class='ocrx_word' id='word_1_694' title='bbox 2889 4335 3145 4390; x_wconf 87' lang='lat' dir='ltr'><strong>scribere.</strong></span> <span class='ocrx_word' id='word_1_695' title='bbox 3189 4335 3299 4390; x_wconf 78' lang='lat' dir='ltr'><strong>lino</strong></span> <span class='ocrx_word' id='word_1_696' title='bbox 3330 4337 3573 4406; x_wconf 82' lang='lat' dir='ltr'><strong>plurimis</strong></span> 
     </span>
    </p>
   </div>
   <div class='ocr_carea' id='block_1_93' title="bbox 1977 4422 3574 4494">
    <p class='ocr_par' dir='ltr' id='par_1_93' title="bbox 1977 4422 3574 4494">
     <span class='ocr_line' id='line_1_94' title="bbox 1977 4422 3574 4494; baseline 0.004 -18"><span class='ocrx_word' id='word_1_697' title='bbox 1977 4424 2230 4492; x_wconf 86' lang='lat' dir='ltr'><strong>deinceps</strong></span> <span class='ocrx_word' id='word_1_698' title='bbox 2277 4423 2520 4493; x_wconf 89' lang='lat' dir='ltr'><strong>epistolis</strong></span> <span class='ocrx_word' id='word_1_699' title='bbox 2548 4424 2632 4477; x_wconf 91' lang='lat' dir='ltr'><strong>vel</strong></span> <span class='ocrx_word' id='word_1_700' title='bbox 2665 4423 2730 4476; x_wconf 88' lang='lat' dir='ltr'><strong>ad</strong></span> <span class='ocrx_word' id='word_1_701' title='bbox 2763 4422 3160 4480; x_wconf 85' lang='lat' dir='ltr'><strong>Bruniebildem</strong></span> <span class='ocrx_word' id='word_1_702' title='bbox 3192 4428 3454 4494; x_wconf 82' lang='lat' dir='ltr'><strong>reginam,</strong></span> <span class='ocrx_word' id='word_1_703' title='bbox 3487 4427 3574 4482; x_wconf 89' lang='lat' dir='ltr'><strong>vel</strong></span> 
     </span>
    </p>
   </div>
   <div class='ocr_carea' id='block_1_94' title="bbox 1978 4512 3575 4586">
    <p class='ocr_par' dir='ltr' id='par_1_94' title="bbox 1978 4512 3575 4586">
     <span class='ocr_line' id='line_1_95' title="bbox 1978 4512 3575 4586; baseline 0.003 -18"><span class='ocrx_word' id='word_1_704' title='bbox 1978 4514 2044 4568; x_wconf 86' lang='lat' dir='ltr'><strong>ad</strong></span> <span class='ocrx_word' id='word_1_705' title='bbox 2075 4529 2227 4584; x_wconf 87' lang='lat' dir='ltr'><strong>reges</strong></span> <span class='ocrx_word' id='word_1_706' title='bbox 2252 4524 2306 4568; x_wconf 88' lang='lat' dir='ltr'><strong>et</strong></span> <span class='ocrx_word' id='word_1_707' title='bbox 2335 4512 2405 4568; x_wconf 90' lang='lat' dir='ltr'><strong>ad</strong></span> <span class='ocrx_word' id='word_1_708' title='bbox 2454 4514 2740 4584; x_wconf 87' lang='lat' dir='ltr'><strong>episcopos</strong></span> <span class='ocrx_word' id='word_1_709' title='bbox 2773 4515 2967 4579; x_wconf 86' lang='lat' dir='ltr'><strong>missis,</strong></span> <span class='ocrx_word' id='word_1_710' title='bbox 3017 4515 3106 4569; x_wconf 84' lang='lat' dir='ltr'><strong>vix</strong></span> <span class='ocrx_word' id='word_1_711' title='bbox 3136 4516 3206 4570; x_wconf 92' lang='lat' dir='ltr'><strong>ita</strong></span> <span class='ocrx_word' id='word_1_712' title='bbox 3237 4517 3481 4586; x_wconf 82' lang='lat' dir='ltr'><strong>profecit,</strong></span> <span class='ocrx_word' id='word_1_713' title='bbox 3516 4525 3575 4572; x_wconf 91' lang='lat' dir='ltr'><strong>ut</strong></span> 
     </span>
    </p>
   </div>
   <div class='ocr_carea' id='block_1_95' title="bbox 1980 4602 3576 4675">
    <p class='ocr_par' dir='ltr' id='par_1_95' title="bbox 1980 4602 3576 4675">
     <span class='ocr_line' id='line_1_96' title="bbox 1980 4602 3576 4675; baseline 0.001 -17"><span class='ocrx_word' id='word_1_714' title='bbox 1980 4621 2010 4658; x_wconf 89' lang='lat' dir='ltr'><strong>a</strong></span> <span class='ocrx_word' id='word_1_715' title='bbox 2037 4614 2188 4660; x_wconf 90' lang='lat' dir='ltr'><strong>tanta</strong></span> <span class='ocrx_word' id='word_1_716' title='bbox 2212 4605 2331 4659; x_wconf 91' lang='lat' dir='ltr'><strong>labe</strong></span> <span class='ocrx_word' id='word_1_717' title='bbox 2356 4602 2691 4659; x_wconf 86' lang='lat' dir='ltr'><strong>Gallicanam</strong></span> <span class='ocrx_word' id='word_1_718' title='bbox 2723 4605 2964 4660; x_wconf 89' lang='lat' dir='ltr'><strong>nonnihil</strong></span> <span class='ocrx_word' id='word_1_719' title='bbox 2993 4605 3284 4660; x_wconf 78' lang='lat' dir='ltr'><strong>Ecclesium</strong></span> <span class='ocrx_word' id='word_1_720' title='bbox 3318 4620 3576 4675; x_wconf 84' lang='lat' dir='ltr'><strong>repurga-</strong></span> 
     </span>
    </p>
   </div>
   <div class='ocr_carea' id='block_1_96' title="bbox 278 4675 3573 4766">
    <p class='ocr_par' dir='ltr' id='par_1_96' title="bbox 278 4675 3573 4766">
     <span class='ocr_line' id='line_1_97' title="bbox 278 4675 3573 4766; baseline -0.002 -24"><span class='ocrx_word' id='word_1_721' title='bbox 278 4688 364 4742; x_wconf 90' lang='lat' dir='ltr'><strong>ubi</strong></span> <span class='ocrx_word' id='word_1_722' title='bbox 395 4689 631 4758; x_wconf 84' lang='lat' dir='ltr'><strong>princeps</strong></span> <span class='ocrx_word' id='word_1_723' title='bbox 653 4696 727 4742; x_wconf 86' lang='lat' dir='ltr'><strong>est</strong></span> <span class='ocrx_word' id='word_1_724' title='bbox 749 4688 816 4742; x_wconf 93' lang='lat' dir='ltr'><strong>ad</strong></span> <span class='ocrx_word' id='word_1_725' title='bbox 839 4698 1068 4742; x_wconf 88' lang='lat' dir='ltr'><strong>nostram</strong></span> <span class='ocrx_word' id='word_1_726' title='bbox 1096 4705 1255 4742; x_wconf 89' lang='lat' dir='ltr'><strong>causa</strong></span> <span class='ocrx_word' id='word_1_727' title='bbox 1281 4688 1626 4758; x_wconf 85' lang='lat' dir='ltr'><strong>cognitionem</strong></span> <span class='ocrx_word' id='word_1_728' title='bbox 1651 4686 1874 4740; x_wconf 86' lang='lat' dir='ltr'><strong>deducta</strong></span> <span class='ocrx_word' id='word_1_729' title='bbox 1904 4675 1954 4754; x_wconf 73' lang='grc' dir='ltr'><strong>¹Ι)</strong></span> <span class='ocrx_word' id='word_1_730' title='bbox 1981 4705 2082 4751; x_wconf 67' lang='grc' dir='ltr'><strong>τρι,</strong></span> <span class='ocrx_word' id='word_1_731' title='bbox 2115 4695 2272 4752; x_wconf 71' lang='lat' dir='ltr'><strong>Tales</strong></span> <span class='ocrx_word' id='word_1_732' title='bbox 2301 4697 2447 4751; x_wconf 67' lang='lat' dir='ltr'><strong>enim</strong></span> <span class='ocrx_word' id='word_1_733' title='bbox 2477 4705 2601 4751; x_wconf 68' lang='lat' dir='ltr'><strong>sum</strong></span> <span class='ocrx_word' id='word_1_734' title='bbox 2631 4695 2935 4766; x_wconf 60' lang='lat' dir='ltr'><strong>huiusmodi</strong></span> <span class='ocrx_word' id='word_1_735' title='bbox 2980 4694 3300 4762; x_wconf 52' lang='lat' dir='ltr'><strong>corruptela;</strong></span> <span class='ocrx_word' id='word_1_736' title='bbox 3325 4711 3389 4749; x_wconf 62' lang='grc' dir='ltr'>οι</span> <span class='ocrx_word' id='word_1_737' title='bbox 3421 4697 3573 4765; x_wconf 53' lang='lat' dir='ltr'><strong>cum-</strong></span> 
     </span>
    </p>
   </div>
   <div class='ocr_carea' id='block_1_97' title="bbox 278 4779 1873 4851">
    <p class='ocr_par' dir='ltr' id='par_1_97' title="bbox 278 4779 1873 4851">
     <span class='ocr_line' id='line_1_98' title="bbox 278 4779 1873 4851; baseline -0.003 -17"><span class='ocrx_word' id='word_1_738' title='bbox 278 4790 379 4845; x_wconf 88' lang='lat' dir='ltr'><strong>est,</strong></span> <span class='ocrx_word' id='word_1_739' title='bbox 403 4789 594 4850; x_wconf 80' lang='lat' dir='ltr'><strong>quanto</strong></span> <span class='ocrx_word' id='word_1_740' title='bbox 617 4781 783 4850; x_wconf 87' lang='lat' dir='ltr'><strong>magis</strong></span> <span class='ocrx_word' id='word_1_741' title='bbox 806 4781 1069 4850; x_wconf 87' lang='lat' dir='ltr'><strong>negotium</strong></span> <span class='ocrx_word' id='word_1_742' title='bbox 1102 4779 1240 4848; x_wconf 89' lang='lat' dir='ltr'><strong>quod</strong></span> <span class='ocrx_word' id='word_1_743' title='bbox 1273 4780 1414 4834; x_wconf 83' lang='lat' dir='ltr'><strong>intra</strong></span> <span class='ocrx_word' id='word_1_744' title='bbox 1446 4796 1532 4833; x_wconf 84' lang='lat' dir='ltr'><strong>vos</strong></span> <span class='ocrx_word' id='word_1_745' title='bbox 1571 4787 1668 4851; x_wconf 84' lang='lat' dir='ltr'><strong>est,</strong></span> <span class='ocrx_word' id='word_1_746' title='bbox 1694 4779 1774 4831; x_wconf 84' lang='lat' dir='ltr'><strong>hic</strong></span> <span class='ocrx_word' id='word_1_747' title='bbox 1796 4787 1873 4831; x_wconf 86' lang='lat' dir='ltr'><strong>est</strong></span> 
     </span>
    </p>
   </div>
   <div class='ocr_carea' id='block_1_98' title="bbox 282 4867 1875 4940">
    <p class='ocr_par' dir='ltr' id='par_1_98' title="bbox 282 4867 1875 4940">
     <span class='ocr_line' id='line_1_99' title="bbox 282 4867 1875 4940; baseline -0.001 -17"><span class='ocrx_word' id='word_1_748' title='bbox 282 4869 491 4924; x_wconf 87' lang='lat' dir='ltr'><strong>veritate</strong></span> <span class='ocrx_word' id='word_1_749' title='bbox 539 4871 747 4940; x_wconf 84' lang='lat' dir='ltr'><strong>cognita</strong></span> <span class='ocrx_word' id='word_1_750' title='bbox 798 4870 1220 4924; x_wconf 85' lang='lat' dir='ltr'><strong>terminandum?</strong></span> <span class='ocrx_word' id='word_1_751' title='bbox 1251 4868 1388 4939; x_wconf 87' lang='lat' dir='ltr'><strong>(Lib.</strong></span> <span class='ocrx_word' id='word_1_752' title='bbox 1424 4886 1494 4933; x_wconf 84' lang='lat' dir='ltr'><strong>vi,</strong></span> <span class='ocrx_word' id='word_1_753' title='bbox 1528 4886 1608 4934; x_wconf 85' lang='lat' dir='ltr'><strong>ep.</strong></span> <span class='ocrx_word' id='word_1_754' title='bbox 1642 4868 1760 4937; x_wconf 69' lang='lat'><strong>24.)</strong></span> <span class='ocrx_word' id='word_1_755' title='bbox 1806 4867 1875 4922; x_wconf 89' lang='lat' dir='ltr'><strong>Ut</strong></span> 
     </span>
    </p>
   </div>
   <div class='ocr_carea' id='block_1_99' title="bbox 283 4965 1966 5034">
    <p class='ocr_par' dir='ltr' id='par_1_99' title="bbox 283 4965 1966 5034">
     <span class='ocr_line' id='line_1_100' title="bbox 283 4965 1966 5034; baseline -0.005 -15"><span class='ocrx_word' id='word_1_756' title='bbox 283 4965 448 5034; x_wconf 87' lang='lat' dir='ltr'><strong>igitur</strong></span> <span class='ocrx_word' id='word_1_757' title='bbox 461 4966 888 5020; x_wconf 85' lang='lat' dir='ltr'><strong>controversiam</strong></span> <span class='ocrx_word' id='word_1_758' title='bbox 901 4965 1040 5018; x_wconf 87' lang='lat' dir='ltr'><strong>hanc</strong></span> <span class='ocrx_word' id='word_1_759' title='bbox 1054 4965 1306 5019; x_wconf 89' lang='lat' dir='ltr'><strong>radicitus</strong></span> <span class='ocrx_word' id='word_1_760' title='bbox 1319 4972 1534 5032; x_wconf 88' lang='lat' dir='ltr'><strong>amputa</strong></span> <span class='ocrx_word' id='word_1_761' title='bbox 1542 4973 1620 5017; x_wconf 88' lang='lat' dir='ltr'><strong>ret</strong></span> <span class='ocrx_word' id='word_1_762' title='bbox 1633 4979 1877 5017; x_wconf 87' lang='lat' dir='ltr'><strong>omnem-</strong></span> <span class='ocrx_word' id='word_1_763' title='bbox 1962 5008 1966 5011; x_wconf 92' lang='lat'><strong><em>_</em></strong></span> 
     </span>
    </p>
   </div>
   <div class='ocr_carea' id='block_1_100' title="bbox 285 5054 1880 5126">
    <p class='ocr_par' dir='ltr' id='par_1_100' title="bbox 285 5054 1880 5126">
     <span class='ocr_line' id='line_1_101' title="bbox 285 5054 1880 5126; baseline 0 -17"><span class='ocrx_word' id='word_1_764' title='bbox 285 5069 391 5126; x_wconf 87' lang='lat' dir='ltr'><strong>que</strong></span> <span class='ocrx_word' id='word_1_765' title='bbox 424 5054 666 5123; x_wconf 89' lang='lat' dir='ltr'><strong>litigandi</strong></span> <span class='ocrx_word' id='word_1_766' title='bbox 699 5056 1067 5121; x_wconf 83' lang='lat' dir='ltr'><strong>occasionem,</strong></span> <span class='ocrx_word' id='word_1_767' title='bbox 1095 5054 1312 5123; x_wconf 91' lang='lat' dir='ltr'><strong>sapiens</strong></span> <span class='ocrx_word' id='word_1_768' title='bbox 1342 5054 1580 5124; x_wconf 81' lang='lat' dir='ltr'><strong>pontifex</strong></span> <span class='ocrx_word' id='word_1_769' title='bbox 1609 5065 1880 5109; x_wconf 87' lang='lat' dir='ltr'><strong>monaste-</strong></span> 
     </span>
    </p>
   </div>
   <div class='ocr_carea' id='block_1_101' title="bbox 286 5144 1881 5217">
    <p class='ocr_par' dir='ltr' id='par_1_101' title="bbox 286 5144 1881 5217">
     <span class='ocr_line' id='line_1_102' title="bbox 286 5144 1881 5217; baseline 0 -17"><span class='ocrx_word' id='word_1_770' title='bbox 286 5145 427 5200; x_wconf 89' lang='lat' dir='ltr'><strong>rium</strong></span> <span class='ocrx_word' id='word_1_771' title='bbox 455 5147 556 5202; x_wconf 76' lang='lat' dir='ltr'><strong>hoc</strong></span> <span class='ocrx_word' id='word_1_772' title='bbox 590 5146 770 5217; x_wconf 90' lang='lat' dir='ltr'><strong>amplo</strong></span> <span class='ocrx_word' id='word_1_773' title='bbox 801 5146 1028 5202; x_wconf 85' lang='lat' dir='ltr'><strong>munivit</strong></span> <span class='ocrx_word' id='word_1_774' title='bbox 1054 5145 1075 5181; x_wconf 66' lang='grc' dir='ltr'>ι’</span> <span class='ocrx_word' id='word_1_775' title='bbox 1110 5144 1409 5213; x_wconf 88' lang='lat' dir='ltr'><strong>privilegio.</strong></span> <span class='ocrx_word' id='word_1_776' title='bbox 1443 5144 1585 5212; x_wconf 83' lang='lat' dir='ltr'><strong>quod</strong></span> <span class='ocrx_word' id='word_1_777' title='bbox 1632 5146 1702 5199; x_wconf 93' lang='lat' dir='ltr'><strong>ita</strong></span> <span class='ocrx_word' id='word_1_778' title='bbox 1743 5147 1881 5200; x_wconf 92' lang='lat' dir='ltr'><strong>inci-</strong></span> 
     </span>
    </p>
   </div>
   <div class='ocr_carea' id='block_1_102' title="bbox 288 5234 1884 5307">
    <p class='ocr_par' dir='ltr' id='par_1_102' title="bbox 288 5234 1884 5307">
     <span class='ocr_line' id='line_1_103' title="bbox 288 5234 1884 5307; baseline 0.001 -17"><span class='ocrx_word' id='word_1_779' title='bbox 288 5236 368 5306; x_wconf 91' lang='lat' dir='ltr'><strong>pit</strong></span> <span class='ocrx_word' id='word_1_780' title='bbox 400 5254 413 5290; x_wconf 87' lang='lat'><strong>:</strong></span> <span class='ocrx_word' id='word_1_781' title='bbox 447 5234 614 5302; x_wconf 86' lang='lat' dir='ltr'><strong>Quam</strong></span> <span class='ocrx_word' id='word_1_782' title='bbox 651 5240 717 5302; x_wconf 79' lang='lat' dir='ltr'><strong>sit</strong></span> <span class='ocrx_word' id='word_1_783' title='bbox 746 5239 1095 5294; x_wconf 84' lang='lat' dir='ltr'><strong>necessarium</strong></span> <span class='ocrx_word' id='word_1_784' title='bbox 1123 5237 1551 5292; x_wconf 86' lang='lat' dir='ltr'><strong>monasteriorum</strong></span> <span class='ocrx_word' id='word_1_785' title='bbox 1581 5238 1735 5302; x_wconf 88' lang='lat' dir='ltr'><strong>quieti</strong></span> <span class='ocrx_word' id='word_1_786' title='bbox 1761 5255 1884 5307; x_wconf 91' lang='lat' dir='ltr'><strong>pro-</strong></span> 
     </span>
    </p>
   </div>
   <div class='ocr_carea' id='block_1_103' title="bbox 288 5328 1888 5398">
    <p class='ocr_par' dir='ltr' id='par_1_103' title="bbox 288 5328 1888 5398">
     <span class='ocr_line' id='line_1_104' title="bbox 288 5328 1888 5398; baseline 0.005 -18"><span class='ocrx_word' id='word_1_787' title='bbox 288 5329 513 5397; x_wconf 88' lang='lat' dir='ltr'><strong>spicere,</strong></span> <span class='ocrx_word' id='word_1_788' title='bbox 546 5338 650 5384; x_wconf 91' lang='lat' dir='ltr'><strong>etc.</strong></span> <span class='ocrx_word' id='word_1_789' title='bbox 709 5329 982 5386; x_wconf 79' lang='lat' dir='ltr'><strong>Similibus</strong></span> <span class='ocrx_word' id='word_1_790' title='bbox 1026 5342 1243 5398; x_wconf 87' lang='lat' dir='ltr'><strong>quoque</strong></span> <span class='ocrx_word' id='word_1_791' title='bbox 1286 5328 1514 5382; x_wconf 84' lang='lat' dir='ltr'><strong>munivit</strong></span> <span class='ocrx_word' id='word_1_792' title='bbox 1545 5338 1569 5368; x_wconf 77' lang='grc' dir='ltr'><strong><em>ο</em></strong></span> <span class='ocrx_word' id='word_1_793' title='bbox 1600 5329 1888 5398; x_wconf 85' lang='lat' dir='ltr'><strong>privilegiis</strong></span> 
     </span>
    </p>
   </div>
   <div class='ocr_carea' id='block_1_104' title="bbox 367 5484 1151 5556">
    <p class='ocr_par' dir='ltr' id='par_1_104' title="bbox 367 5484 1151 5556">
     <span class='ocr_line' id='line_1_105' title="bbox 367 5484 1151 5556; baseline 0.017 -19"><span class='ocrx_word' id='word_1_794' title='bbox 367 5496 392 5522; x_wconf 78' lang='grc' dir='ltr'><strong>ιι</strong></span> <span class='ocrx_word' id='word_1_795' title='bbox 425 5484 560 5556; x_wconf 70' lang='lat' dir='ltr'><strong>Vide</strong></span> <span class='ocrx_word' id='word_1_796' title='bbox 585 5485 710 5542; x_wconf 91' lang='lat' dir='ltr'><strong>illud</strong></span> <span class='ocrx_word' id='word_1_797' title='bbox 737 5487 787 5540; x_wconf 91' lang='lat' dir='ltr'><strong>in</strong></span> <span class='ocrx_word' id='word_1_798' title='bbox 821 5484 1151 5556; x_wconf 55' lang='lat' dir='ltr'><strong>Appendicgt</strong></span> 
     </span>
    </p>
   </div>
   <div class='ocr_carea' id='block_1_105' title="bbox 366 5553 1148 5626">
    <p class='ocr_par' dir='ltr' id='par_1_105' title="bbox 366 5553 1148 5626">
     <span class='ocr_line' id='line_1_106' title="bbox 366 5553 1148 5626; baseline 0 -16"><span class='ocrx_word' id='word_1_799' title='bbox 366 5556 392 5595; x_wconf 73' lang='grc' dir='ltr'>δ</span> <span class='ocrx_word' id='word_1_800' title='bbox 422 5555 640 5626; x_wconf 83' lang='lat' dir='ltr'><strong>Legitur</strong></span> <span class='ocrx_word' id='word_1_801' title='bbox 665 5557 763 5611; x_wconf 91' lang='lat' dir='ltr'><strong>lib.</strong></span> <span class='ocrx_word' id='word_1_802' title='bbox 800 5553 920 5620; x_wconf 60' lang='lat' dir='ltr'><strong>vni,</strong></span> <span class='ocrx_word' id='word_1_803' title='bbox 939 5573 1025 5626; x_wconf 86' lang='lat' dir='ltr'><strong>ep.</strong></span> <span class='ocrx_word' id='word_1_804' title='bbox 1063 5553 1148 5610; x_wconf 80' lang='lat' dir='ltr'><strong>l5.</strong></span> 
     </span>
    </p>
   </div>
   <div class='ocr_carea' id='block_1_106' title="bbox 369 5625 1456 5696">
    <p class='ocr_par' dir='ltr' id='par_1_106' title="bbox 369 5625 1456 5696">
     <span class='ocr_line' id='line_1_107' title="bbox 369 5625 1456 5696; baseline 0 -14"><span class='ocrx_word' id='word_1_805' title='bbox 369 5634 391 5696; x_wconf 49' lang='grc' dir='ltr'><strong><em>ἒ</em></strong></span> <span class='ocrx_word' id='word_1_806' title='bbox 436 5625 553 5688; x_wconf 84' lang='lat' dir='ltr'><strong>Lib.</strong></span> <span class='ocrx_word' id='word_1_807' title='bbox 583 5643 674 5694; x_wconf 82' lang='lat' dir='ltr'><strong>vn,</strong></span> <span class='ocrx_word' id='word_1_808' title='bbox 704 5643 791 5694; x_wconf 87' lang='lat' dir='ltr'><strong>ep.</strong></span> <span class='ocrx_word' id='word_1_809' title='bbox 817 5628 903 5688; x_wconf 72' lang='grc'><strong>12,</strong></span> <span class='ocrx_word' id='word_1_810' title='bbox 934 5625 986 5680; x_wconf 84' lang='lat' dir='ltr'><strong>et</strong></span> <span class='ocrx_word' id='word_1_811' title='bbox 1008 5627 1099 5681; x_wconf 93' lang='lat' dir='ltr'><strong>lib.</strong></span> <span class='ocrx_word' id='word_1_812' title='bbox 1136 5643 1247 5692; x_wconf 82' lang='lat' dir='ltr'><strong>xm,</strong></span> <span class='ocrx_word' id='word_1_813' title='bbox 1283 5641 1370 5696; x_wconf 89' lang='lat' dir='ltr'><strong>ep.</strong></span> <span class='ocrx_word' id='word_1_814' title='bbox 1403 5625 1456 5682; x_wconf 87' lang='lat'><strong>9.</strong></span> 
     </span>
    </p>
   </div>
   <div class='ocr_carea' id='block_1_107' title="bbox 368 5694 1888 5767">
    <p class='ocr_par' dir='ltr' id='par_1_107' title="bbox 368 5694 1888 5767">
     <span class='ocr_line' id='line_1_108' title="bbox 368 5694 1888 5767; baseline 0.001 -16"><span class='ocrx_word' id='word_1_815' title='bbox 368 5694 394 5733; x_wconf 74' lang='grc' dir='ltr'><em>ἀ</em></span> <span class='ocrx_word' id='word_1_816' title='bbox 436 5696 612 5752; x_wconf 85' lang='lat' dir='ltr'><strong>Gallia</strong></span> <span class='ocrx_word' id='word_1_817' title='bbox 634 5706 718 5751; x_wconf 88' lang='lat' dir='ltr'><strong>est</strong></span> <span class='ocrx_word' id='word_1_818' title='bbox 746 5713 838 5751; x_wconf 63' lang='lat' dir='ltr'><strong>seu</strong></span> <span class='ocrx_word' id='word_1_819' title='bbox 873 5697 1120 5760; x_wconf 86' lang='lat' dir='ltr'><strong>Francia,</strong></span> <span class='ocrx_word' id='word_1_820' title='bbox 1153 5694 1680 5767; x_wconf 52' lang='lat' dir='ltr'><strong>quam&#39;Germaniam</strong></span> <span class='ocrx_word' id='word_1_821' title='bbox 1710 5707 1888 5764; x_wconf 86' lang='lat' dir='ltr'><strong>vocat,</strong></span> 
     </span>
    </p>
   </div>
   <div class='ocr_carea' id='block_1_108' title="bbox 297 5767 1889 5836">
    <p class='ocr_par' dir='ltr' id='par_1_108' title="bbox 297 5767 1889 5836">
     <span class='ocr_line' id='line_1_109' title="bbox 297 5767 1889 5836; baseline 0.001 -14"><span class='ocrx_word' id='word_1_822' title='bbox 297 5767 526 5825; x_wconf 81' lang='lat' dir='ltr'><strong>fortasse</strong></span> <span class='ocrx_word' id='word_1_823' title='bbox 554 5768 696 5836; x_wconf 85' lang='lat' dir='ltr'><strong>quod</strong></span> <span class='ocrx_word' id='word_1_824' title='bbox 717 5767 907 5820; x_wconf 79' lang='lat' dir='ltr'><strong>Franci</strong></span> <span class='ocrx_word' id='word_1_825' title='bbox 930 5784 961 5820; x_wconf 91' lang='lat' dir='ltr'><strong>e</strong></span> <span class='ocrx_word' id='word_1_826' title='bbox 987 5768 1272 5822; x_wconf 83' lang='lat' dir='ltr'><strong>Germania</strong></span> <span class='ocrx_word' id='word_1_827' title='bbox 1295 5769 1400 5822; x_wconf 89' lang='lat' dir='ltr'><strong>sint</strong></span> <span class='ocrx_word' id='word_1_828' title='bbox 1426 5768 1660 5822; x_wconf 90' lang='lat' dir='ltr'><strong>oriundi.</strong></span> <span class='ocrx_word' id='word_1_829' title='bbox 1686 5767 1889 5824; x_wconf 87' lang='lat' dir='ltr'><strong>Eodem</strong></span> 
     </span>
    </p>
   </div>
   <div class='ocr_carea' id='block_1_109' title="bbox 301 5837 1890 5908">
    <p class='ocr_par' dir='ltr' id='par_1_109' title="bbox 301 5837 1890 5908">
     <span class='ocr_line' id='line_1_110' title="bbox 301 5837 1890 5908; baseline 0.002 -15"><span class='ocrx_word' id='word_1_830' title='bbox 301 5842 460 5896; x_wconf 88' lang='lat' dir='ltr'><strong>modo</strong></span> <span class='ocrx_word' id='word_1_831' title='bbox 491 5855 633 5908; x_wconf 53' lang='lat' dir='ltr'><strong>saepe</strong></span> <span class='ocrx_word' id='word_1_832' title='bbox 659 5839 897 5906; x_wconf 78' lang='grc' dir='ltr'>1·›‹ιυὶιιιι·</span> <span class='ocrx_word' id='word_1_833' title='bbox 918 5837 1072 5892; x_wconf 84' lang='lat' dir='ltr'><strong>Joan.</strong></span> <span class='ocrx_word' id='word_1_834' title='bbox 1110 5838 1254 5893; x_wconf 86' lang='lat' dir='ltr'><strong>Diac.</strong></span> <span class='ocrx_word' id='word_1_835' title='bbox 1299 5841 1349 5893; x_wconf 90' lang='lat' dir='ltr'><strong>in</strong></span> <span class='ocrx_word' id='word_1_836' title='bbox 1373 5840 1492 5893; x_wconf 75' lang='lat' dir='ltr'><strong>Vita</strong></span> <span class='ocrx_word' id='word_1_837' title='bbox 1522 5840 1577 5895; x_wconf 93' lang='lat' dir='ltr'><strong>S.</strong></span> <span class='ocrx_word' id='word_1_838' title='bbox 1613 5842 1770 5908; x_wconf 65' lang='lat' dir='ltr'><strong>tit-eg.</strong></span> <span class='ocrx_word' id='word_1_839' title='bbox 1797 5856 1890 5896; x_wconf 86' lang='lat' dir='ltr'><strong>su-</strong></span> 
     </span>
    </p>
   </div>
   <div class='ocr_carea' id='block_1_110' title="bbox 223 5909 1891 5982">
    <p class='ocr_par' dir='ltr' id='par_1_110' title="bbox 223 5909 1891 5982">
     <span class='ocr_line' id='line_1_111' title="bbox 223 5909 1891 5982; baseline -0.001 -17"><span class='ocrx_word' id='word_1_840' title='bbox 223 5949 236 5965; x_wconf 86' lang='lat'><strong>.</strong></span> <span class='ocrx_word' id='word_1_841' title='bbox 301 5913 482 5982; x_wconf 69' lang='lat' dir='ltr'><strong>peritis</strong></span> <span class='ocrx_word' id='word_1_842' title='bbox 514 5909 673 5965; x_wconf 85' lang='lat' dir='ltr'><strong>edita.</strong></span> <span class='ocrx_word' id='word_1_843' title='bbox 727 5909 1049 5980; x_wconf 87' lang='lat' dir='ltr'><strong>Apollinaris</strong></span> <span class='ocrx_word' id='word_1_844' title='bbox 1101 5909 1350 5965; x_wconf 85' lang='lat' dir='ltr'><strong>Sidonius</strong></span> <span class='ocrx_word' id='word_1_845' title='bbox 1380 5912 1709 5980; x_wconf 79' lang='lat' dir='ltr'><strong>provinciam</strong></span> <span class='ocrx_word' id='word_1_846' title='bbox 1753 5909 1891 5979; x_wconf 87' lang='lat' dir='ltr'><strong>Lug-</strong></span> 
     </span>
    </p>
   </div>
   <div class='ocr_carea' id='block_1_111' title="bbox 1974 4787 3576 4853">
    <p class='ocr_par' dir='ltr' id='par_1_111' title="bbox 1974 4787 3576 4853">
     <span class='ocr_line' id='line_1_112' title="bbox 1974 4787 3576 4853; baseline 0.001 -10"><span class='ocrx_word' id='word_1_847' title='bbox 1974 4788 2141 4843; x_wconf 89' lang='lat' dir='ltr'><strong>ditate</strong></span> <span class='ocrx_word' id='word_1_848' title='bbox 2162 4798 2325 4853; x_wconf 73' lang='lat' dir='ltr'><strong>ortm,</strong></span> <span class='ocrx_word' id='word_1_849' title='bbox 2354 4797 2413 4843; x_wconf 92' lang='lat' dir='ltr'><strong>ut</strong></span> <span class='ocrx_word' id='word_1_850' title='bbox 2440 4789 2711 4845; x_wconf 90' lang='lat' dir='ltr'><strong>continuis</strong></span> <span class='ocrx_word' id='word_1_851' title='bbox 2745 4794 3004 4843; x_wconf 91' lang='lat' dir='ltr'><strong>curentur</strong></span> <span class='ocrx_word' id='word_1_852' title='bbox 3024 4787 3292 4852; x_wconf 88' lang='lat' dir='ltr'><strong>remediis,</strong></span> <span class='ocrx_word' id='word_1_853' title='bbox 3317 4799 3576 4846; x_wconf 87' lang='lat' dir='ltr'><strong>sanentur</strong></span> 
     </span>
    </p>
   </div>
   <div class='ocr_carea' id='block_1_112' title="bbox 1977 4897 2269 4951">
    <p class='ocr_par' dir='ltr' id='par_1_112' title="bbox 1977 4897 2269 4951">
     <span class='ocr_line' id='line_1_113' title="bbox 1977 4897 2269 4951; baseline -0.003 -16"><span class='ocrx_word' id='word_1_854' title='bbox 1977 4897 2269 4951; x_wconf 88' lang='lat' dir='ltr'><strong>nunquam.</strong></span> 
     </span>
    </p>
   </div>
   <div class='ocr_carea' id='block_1_113' title="bbox 2052 4972 3577 5043">
    <p class='ocr_par' dir='ltr' id='par_1_113' title="bbox 2052 4972 3577 5043">
     <span class='ocr_line' id='line_1_114' title="bbox 2052 4972 3577 5043; baseline 0.005 -17"><span class='ocrx_word' id='word_1_855' title='bbox 2052 4974 2107 5026; x_wconf 72' lang='grc'><strong>2.</strong></span> <span class='ocrx_word' id='word_1_856' title='bbox 2143 4972 2366 5042; x_wconf 89' lang='lat' dir='ltr'><strong>Virgilio</strong></span> <span class='ocrx_word' id='word_1_857' title='bbox 2393 4974 2576 5043; x_wconf 88' lang='lat' dir='ltr'><strong>probis</strong></span> <span class='ocrx_word' id='word_1_858' title='bbox 2595 4973 2832 5027; x_wconf 88' lang='lat' dir='ltr'><strong>moribus</strong></span> <span class='ocrx_word' id='word_1_859' title='bbox 2854 4981 2908 5028; x_wconf 87' lang='lat' dir='ltr'><strong>et</strong></span> <span class='ocrx_word' id='word_1_860' title='bbox 2930 4973 3210 5029; x_wconf 87' lang='lat' dir='ltr'><strong>virtutibus</strong></span> <span class='ocrx_word' id='word_1_861' title='bbox 3234 4979 3577 5034; x_wconf 88' lang='lat' dir='ltr'><strong>ornatissimo</strong></span> 
     </span>
    </p>
   </div>
   <div class='ocr_carea' id='block_1_114' title="bbox 1985 5060 3577 5133">
    <p class='ocr_par' dir='ltr' id='par_1_114' title="bbox 1985 5060 3577 5133">
     <span class='ocr_line' id='line_1_115' title="bbox 1985 5060 3577 5133; baseline 0.003 -17"><span class='ocrx_word' id='word_1_862' title='bbox 1985 5077 2110 5116; x_wconf 89' lang='lat' dir='ltr'><strong>suas</strong></span> <span class='ocrx_word' id='word_1_863' title='bbox 2139 5062 2305 5126; x_wconf 87' lang='lat' dir='ltr'><strong>vices,</strong></span> <span class='ocrx_word' id='word_1_864' title='bbox 2356 5061 2507 5129; x_wconf 80' lang='lat' dir='ltr'><strong>juxta</strong></span> <span class='ocrx_word' id='word_1_865' title='bbox 2565 5060 2844 5129; x_wconf 89' lang='lat' dir='ltr'><strong>antiquum</strong></span> <span class='ocrx_word' id='word_1_866' title='bbox 2889 5078 3093 5118; x_wconf 88' lang='lat' dir='ltr'><strong>morem</strong></span> <span class='ocrx_word' id='word_1_867' title='bbox 3121 5062 3413 5133; x_wconf 89' lang='lat' dir='ltr'><strong>Gregorius</strong></span> <span class='ocrx_word' id='word_1_868' title='bbox 3443 5084 3577 5122; x_wconf 84' lang='lat' dir='ltr'><strong>con-</strong></span> 
     </span>
    </p>
   </div>
   <div class='ocr_carea' id='block_1_115' title="bbox 1993 5151 3578 5228">
    <p class='ocr_par' dir='ltr' id='par_1_115' title="bbox 1993 5151 3578 5228">
     <span class='ocr_line' id='line_1_116' title="bbox 1993 5151 3578 5228; baseline 0.003 -19"><span class='ocrx_word' id='word_1_869' title='bbox 1993 5154 2157 5209; x_wconf 89' lang='lat' dir='ltr'><strong>cessit</strong></span> <span class='ocrx_word' id='word_1_870' title='bbox 2186 5153 2323 5207; x_wconf 89' lang='lat' dir='ltr'><strong>intra</strong></span> <span class='ocrx_word' id='word_1_871' title='bbox 2354 5154 2505 5221; x_wconf 83' lang='lat' dir='ltr'><strong>regni</strong></span> <span class='ocrx_word' id='word_1_872' title='bbox 2544 5151 2873 5208; x_wconf 84' lang='lat' dir='ltr'><strong>Childeberti</strong></span> <span class='ocrx_word' id='word_1_873' title='bbox 2915 5152 3064 5221; x_wconf 85' lang='lat' dir='ltr'><strong>ﬁnes,</strong></span> <span class='ocrx_word' id='word_1_874' title='bbox 3111 5166 3166 5210; x_wconf 85' lang='lat' dir='ltr'><strong>et</strong></span> <span class='ocrx_word' id='word_1_875' title='bbox 3208 5158 3351 5226; x_wconf 74' lang='lat' dir='ltr'><strong>pallii</strong></span> <span class='ocrx_word' id='word_1_876' title='bbox 3403 5176 3578 5228; x_wconf 72' lang='lat' dir='ltr'><strong>risum,</strong></span> 
     </span>
    </p>
   </div>
   <div class='ocr_carea' id='block_1_116' title="bbox 1993 5245 3581 5318">
    <p class='ocr_par' dir='ltr' id='par_1_116' title="bbox 1993 5245 3581 5318">
     <span class='ocr_line' id='line_1_117' title="bbox 1993 5245 3581 5318; baseline 0.003 -18"><span class='ocrx_word' id='word_1_877' title='bbox 1993 5247 2060 5302; x_wconf 90' lang='lat' dir='ltr'><strong>ab</strong></span> <span class='ocrx_word' id='word_1_878' title='bbox 2083 5245 2198 5315; x_wconf 87' lang='lat' dir='ltr'><strong>ipso</strong></span> <span class='ocrx_word' id='word_1_879' title='bbox 2228 5260 2356 5316; x_wconf 85' lang='lat' dir='ltr'><strong>rege</strong></span> <span class='ocrx_word' id='word_1_880' title='bbox 2398 5255 2454 5300; x_wconf 91' lang='lat' dir='ltr'><strong>et</strong></span> <span class='ocrx_word' id='word_1_881' title='bbox 2496 5246 2563 5301; x_wconf 89' lang='lat' dir='ltr'><strong>ab</strong></span> <span class='ocrx_word' id='word_1_882' title='bbox 2606 5245 3011 5318; x_wconf 84' lang='lat' dir='ltr'><strong>archiepiscopo</strong></span> <span class='ocrx_word' id='word_1_883' title='bbox 3043 5257 3280 5318; x_wconf 85' lang='lat' dir='ltr'><strong>rogatus.</strong></span> <span class='ocrx_word' id='word_1_884' title='bbox 3308 5251 3419 5316; x_wconf 87' lang='lat' dir='ltr'><strong>Qua</strong></span> <span class='ocrx_word' id='word_1_885' title='bbox 3451 5266 3581 5305; x_wconf 86' lang='lat' dir='ltr'><strong>vero</strong></span> 
     </span>
    </p>
   </div>
   <div class='ocr_carea' id='block_1_117' title="bbox 1994 5335 3582 5408">
    <p class='ocr_par' dir='ltr' id='par_1_117' title="bbox 1994 5335 3582 5408">
     <span class='ocr_line' id='line_1_118' title="bbox 1994 5335 3582 5408; baseline 0.001 -18"><span class='ocrx_word' id='word_1_886' title='bbox 1994 5337 2152 5408; x_wconf 76' lang='lat'><strong>255</strong></span> <span class='ocrx_word' id='word_1_887' title='bbox 2202 5335 2254 5390; x_wconf 93' lang='lat' dir='ltr'><strong>in</strong></span> <span class='ocrx_word' id='word_1_888' title='bbox 2306 5336 2581 5405; x_wconf 89' lang='lat' dir='ltr'><strong>subjectos</strong></span> <span class='ocrx_word' id='word_1_889' title='bbox 2633 5336 2920 5406; x_wconf 85' lang='lat' dir='ltr'><strong>episcopos</strong></span> <span class='ocrx_word' id='word_1_890' title='bbox 2965 5338 3285 5394; x_wconf 86' lang='lat' dir='ltr'><strong>auctoritate</strong></span> <span class='ocrx_word' id='word_1_891' title='bbox 3329 5346 3582 5407; x_wconf 87' lang='lat' dir='ltr'><strong>tanquam</strong></span> 
     </span>
    </p>
   </div>
   <div class='ocr_carea' id='block_1_118' title="bbox 1992 5489 3582 5562">
    <p class='ocr_par' dir='ltr' id='par_1_118' title="bbox 1992 5489 3582 5562">
     <span class='ocr_line' id='line_1_119' title="bbox 1992 5489 3582 5562; baseline 0.002 -18"><span class='ocrx_word' id='word_1_892' title='bbox 1992 5490 2304 5562; x_wconf 70' lang='lat' dir='ltr'><strong>dunensem,</strong></span> <span class='ocrx_word' id='word_1_893' title='bbox 2340 5491 2571 5558; x_wconf 75' lang='lat' dir='ltr'><strong>apnrllat</strong></span> <span class='ocrx_word' id='word_1_894' title='bbox 2606 5489 3016 5562; x_wconf 81' lang='lat' dir='ltr'><strong>Lugdunensem</strong></span> <span class='ocrx_word' id='word_1_895' title='bbox 3039 5491 3384 5562; x_wconf 81' lang='lat' dir='ltr'><strong>Germaniam</strong></span> <span class='ocrx_word' id='word_1_896' title='bbox 3407 5491 3498 5546; x_wconf 93' lang='lat' dir='ltr'><strong>lib.</strong></span> <span class='ocrx_word' id='word_1_897' title='bbox 3528 5507 3582 5557; x_wconf 75' lang='grc' dir='ltr'><strong>ν,</strong></span> 
     </span>
    </p>
   </div>
   <div class='ocr_carea' id='block_1_119' title="bbox 1993 5560 3583 5634">
    <p class='ocr_par' dir='ltr' id='par_1_119' title="bbox 1993 5560 3583 5634">
     <span class='ocr_line' id='line_1_120' title="bbox 1993 5560 3583 5634; baseline 0.005 -24"><span class='ocrx_word' id='word_1_898' title='bbox 1993 5562 2172 5634; x_wconf 55' lang='lat' dir='ltr'><strong>vix].</strong></span> <span class='ocrx_word' id='word_1_899' title='bbox 2201 5560 2509 5634; x_wconf 42' lang='lat' dir='ltr'><strong>litigauith</strong></span> <span class='ocrx_word' id='word_1_900' title='bbox 2535 5561 2971 5634; x_wconf 65' lang='lat' dir='ltr'><strong>archiepiscopus</strong></span> <span class='ocrx_word' id='word_1_901' title='bbox 3001 5560 3330 5634; x_wconf 11' lang='lat' dir='ltr'><strong>Seuﬁoneu&#39;Sis</strong></span> <span class='ocrx_word' id='word_1_902' title='bbox 3379 5563 3583 5632; x_wconf 85' lang='lat' dir='ltr'><strong>prima-</strong></span> 
     </span>
    </p>
   </div>
   <div class='ocr_carea' id='block_1_120' title="bbox 1995 5629 3258 5698">
    <p class='ocr_par' dir='ltr' id='par_1_120' title="bbox 1995 5629 3258 5698">
     <span class='ocr_line' id='line_1_121' title="bbox 1995 5629 3258 5698; baseline 0.001 -14"><span class='ocrx_word' id='word_1_903' title='bbox 1995 5633 2060 5685; x_wconf 86' lang='lat' dir='ltr'><strong>tis</strong></span> <span class='ocrx_word' id='word_1_904' title='bbox 2082 5632 2374 5686; x_wconf 88' lang='lat' dir='ltr'><strong>Galliarum</strong></span> <span class='ocrx_word' id='word_1_905' title='bbox 2394 5631 2457 5687; x_wconf 85' lang='lat' dir='ltr'><strong>et&#39;</strong></span> <span class='ocrx_word' id='word_1_906' title='bbox 2471 5629 2770 5687; x_wconf 80' lang='lat' dir='ltr'><strong>Germania:</strong></span> <span class='ocrx_word' id='word_1_907' title='bbox 2797 5629 2951 5685; x_wconf 84' lang='lat' dir='ltr'><strong>titulo</strong></span> <span class='ocrx_word' id='word_1_908' title='bbox 2982 5631 3258 5698; x_wconf 77' lang='lat' dir='ltr'><strong>gloriatur.</strong></span> 
     </span>
    </p>
   </div>
   <div class='ocr_carea' id='block_1_121' title="bbox 2070 5700 3585 5759">
    <p class='ocr_par' dir='ltr' id='par_1_121' title="bbox 2070 5700 3585 5759">
     <span class='ocr_line' id='line_1_122' title="bbox 2070 5700 3585 5759; baseline 0.005 -7"><span class='ocrx_word' id='word_1_909' title='bbox 2070 5712 2094 5740; x_wconf 80' lang='grc' dir='ltr'><strong><em>ο</em></strong></span> <span class='ocrx_word' id='word_1_910' title='bbox 2133 5700 2266 5755; x_wconf 85' lang='lat' dir='ltr'><strong>Vide</strong></span> <span class='ocrx_word' id='word_1_911' title='bbox 2294 5703 2534 5757; x_wconf 89' lang='lat' dir='ltr'><strong>codicem</strong></span> <span class='ocrx_word' id='word_1_912' title='bbox 2557 5703 2835 5757; x_wconf 85' lang='lat' dir='ltr'><strong>Canonum</strong></span> <span class='ocrx_word' id='word_1_913' title='bbox 2860 5701 2998 5755; x_wconf 87' lang='lat' dir='ltr'><strong>Eccl.</strong></span> <span class='ocrx_word' id='word_1_914' title='bbox 3035 5702 3290 5756; x_wconf 72' lang='lat' dir='ltr'><strong>Romanae</strong></span> <span class='ocrx_word' id='word_1_915' title='bbox 3316 5717 3436 5759; x_wconf 83' lang='lat' dir='ltr'><strong>can.</strong></span> <span class='ocrx_word' id='word_1_916' title='bbox 3465 5702 3537 5758; x_wconf 79' lang='lat'><strong>56</strong></span> <span class='ocrx_word' id='word_1_917' title='bbox 3569 5718 3585 5759; x_wconf 88' lang='lat'><strong>:</strong></span> 
     </span>
    </p>
   </div>
   <div class='ocr_carea' id='block_1_122' title="bbox 1996 5769 3584 5844">
    <p class='ocr_par' dir='ltr' id='par_1_122' title="bbox 1996 5769 3584 5844">
     <span class='ocr_line' id='line_1_123' title="bbox 1996 5769 3584 5844; baseline 0.001 -18"><span class='ocrx_word' id='word_1_918' title='bbox 1996 5769 2050 5844; x_wconf 59' lang='lat'><strong>1!</strong></span> <span class='ocrx_word' id='word_1_919' title='bbox 2054 5789 2081 5826; x_wconf 90' lang='lat' dir='ltr'><strong>e</strong></span> <span class='ocrx_word' id='word_1_920' title='bbox 2109 5771 2353 5844; x_wconf 80' lang='lat' dir='ltr'><strong>neophyti</strong></span> <span class='ocrx_word' id='word_1_921' title='bbox 2382 5772 2665 5842; x_wconf 79' lang='lat' dir='ltr'><strong>presbyteri</strong></span> <span class='ocrx_word' id='word_1_922' title='bbox 2712 5773 2787 5826; x_wconf 79' lang='lat' dir='ltr'><strong>vel</strong></span> <span class='ocrx_word' id='word_1_923' title='bbox 2829 5773 3054 5842; x_wconf 83' lang='lat' dir='ltr'><strong>episcopi</strong></span> <span class='ocrx_word' id='word_1_924' title='bbox 3095 5775 3246 5844; x_wconf 82' lang='lat' dir='ltr'><strong>fiant.</strong></span> <span class='ocrx_word' id='word_1_925' title='bbox 3296 5773 3360 5829; x_wconf 89' lang='lat' dir='ltr'><strong>Et</strong></span> <span class='ocrx_word' id='word_1_926' title='bbox 3386 5789 3435 5832; x_wconf 91' lang='lat' dir='ltr'><strong>c.</strong></span> <span class='ocrx_word' id='word_1_927' title='bbox 3467 5773 3540 5830; x_wconf 81' lang='lat'><strong>&#39;59</strong></span> <span class='ocrx_word' id='word_1_928' title='bbox 3568 5791 3584 5833; x_wconf 88' lang='lat'><strong>:</strong></span> 
     </span>
    </p>
   </div>
   <div class='ocr_carea' id='block_1_123' title="bbox 1998 5840 3466 5912">
    <p class='ocr_par' dir='ltr' id='par_1_123' title="bbox 1998 5840 3466 5912">
     <span class='ocr_line' id='line_1_124' title="bbox 1998 5840 3466 5912; baseline -0.016 -12"><span class='ocrx_word' id='word_1_929' title='bbox 1998 5840 2083 5898; x_wconf 83' lang='lat' dir='ltr'><strong>Ne</strong></span> <span class='ocrx_word' id='word_1_930' title='bbox 2103 5843 2227 5899; x_wconf 87' lang='lat' dir='ltr'><strong>laici</strong></span> <span class='ocrx_word' id='word_1_931' title='bbox 2247 5840 2650 5912; x_wconf 48' lang='lat' dir='ltr'><strong>ﬁant&#39;episcopi.</strong></span> <span class='ocrx_word' id='word_1_932' title='bbox 3002 5840 3008 5842; x_wconf 75' lang='grc'><strong>’</strong></span> <span class='ocrx_word' id='word_1_933' title='bbox 3095 5840 3102 5844; x_wconf 68' lang='grc'>⁷</span> <span class='ocrx_word' id='word_1_934' title='bbox 3391 5849 3394 5852; x_wconf 94' lang='grc'>·</span> <span class='ocrx_word' id='word_1_935' title='bbox 3463 5861 3466 5864; x_wconf 65' lang='grc'><strong>›</strong></span> 
     </span>
    </p>
   </div>
  </div>
