4138 6490
555 364 662 463 sse

1058 404 1117 465 S.
1158 401 1486 461 GREGORII
1522 398 1738 457 MAGNI
1779 395 1958 461 VITA,
2000 391 2092 448 EX
2133 387 2295 446 EJUS
2332 386 2639 443 SCRIPTIS
2677 381 3074 441 ADORNATA.
3099 374 3248 436 LIB.
3280 377 3368 434 Ill.

3750 377 3875 433 560

559 527 765 579 sanctae
790 520 936 579 sedis
954 518 1187 576 vicarius
1206 518 1459 588 polleret,
1498 514 1799 586 explicatur
1840 510 1891 564 in
1920 504 2145 579 epistola
2174 507 2223 568 Α
2250 503 2433 573 risque
2473 502 2763 557 virtutibus
2813 497 3054 555 colendis
3094 494 3551 553 adhortationem.
3614 493 3689 551 Ut
3730 511 3877 566 ergo

564 614 765 684 Eiijam
792 612 1027 669 laudata.
1050 611 1132 667 Ad
1178 612 1351 682 ipsum
1379 623 1553 665 causa:
1600 619 1811 669 omnes,
1864 599 1963 655 nisi
2011 596 2149 652 forte

565 706 798 775 majores
821 712 915 763 aut
934 702 1128 764 de.ﬁde
1156 702 1353 765 forent,
1398 714 1517 770 quae
1543 713 1644 769 pro
1670 695 1755 751 sui
1784 689 2151 761 magnitudine

560 794 765 865 judicio
789 794 933 851 sedis
958 792 1268 864 apostolicae
1293 791 1623 860 indigebant,
1651 783 1897 841 ﬁnienda!
1926 790 1982 837 et
2004 779 2151 850 judi-

567 888 750 944 candaa
770 887 1162 943 referebantur.
1184 885 1425 941 Concilia
1450 882 1681 952 cogebat
1708 887 1765 935 et
1790 876 1990 934 coactis
2017 888 2156 945 prm-

569 990 705 1047 erat,
734 982 905 1036 nullus
927 983 1282 1052 episcoporum
1303 978 1373 1032 ad
1391 975 1751 1048 longinquiora
1773 972 1887 1027 loca
1912 968 2025 1023 sine
2046 966 2158 1037 ejus

470 1152 477 1155 ν
571 1077 879 1132 auctoritate
903 1075 1163 1147 proﬁcisci
1184 1080 1418 1144 poterat.

646 1167 763 1224 Non
786 1167 1218 1238 praetereundum
1247 1163 1391 1234 quod
1411 1160 1702 1231 Gregorius
1721 1158 1880 1213 docet
1906 1156 1961 1211 in
1981 1168 2068 1226 ep.
2094 1152 2161 1207 ad

575 1258 855 1331 Virgilium
881 1258 1019 1330 (Lib.
1052 1274 1107 1327 v,
1134 1276 1216 1329 ep.
1245 1256 1361 1327 55),
1383 1255 1675 1311 Ecclesiam
1695 1249 2027 1306 Gallicanam
2053 1246 2163 1301 Ro-

576 1366 749 1406 mana:
774 1366 893 1407 esse
912 1351 1188 1415 sobolem;
1214 1359 1267 1405 et
1292 1349 1528 1419 quidem,
1552 1346 1620 1401 ad
1643 1352 1875 1400 mentem
1899 1342 2165 1396 Innocen-

580 1444 639 1497 tii
668 1443 689 1497 ι
729 1441 1013 1497 scribentis
1043 1441 1108 1495 ad
1140 1441 1451 1495 Decentium
1486 1436 1846 1506 Eugubinum,
1870 1435 1926 1487 in
1964 1447 2167 1486 omnem

582 1533 815 1601 Italiam,
846 1531 1067 1599 Gallias,
1100 1532 1410 1603 Hispanias,
1434 1531 1688 1602 Africam,
1732 1537 1883 1597 atque
1906 1524 2164 1588 Siciliam,

581 1627 875 1698 insulasque
895 1626 1276 1695 interjacentes,
1314 1623 1512 1677 nullum
1550 1621 1838 1675 instituisse
1878 1616 2167 1681 Ecclesias,

581 1720 680 1772 nisi
708 1735 795 1771 eos
817 1734 941 1790 quos
970 1715 1274 1771 venerabilis
1297 1714 1559 1785 apostolus
1590 1710 1776 1765 Petrus
1804 1718 1894 1761 aut
1922 1708 2031 1778 ejus
2056 1722 2169 1759 suc-

583 1826 807 1866 cessores
837 1810 1207 1865 constituerunt
1244 1806 1535 1861 sacerdotes
1564 1802 1753 1876 (Ibid.,
1779 1818 1860 1870 ep.
1894 1798 2007 1870 54);
2037 1797 2171 1851 Are-

2253 597 2383 651 sicut
2433 596 2559 666 ﬁde,
2608 596 2683 648 ita
2710 602 2759 647 et
2815 592 3017 647 actione
3069 591 3340 646 vincantur
3376 588 3594 662 (caeteri
3645 591 3873 657 reges),

2254 692 2526 763 benignam
2571 706 2626 744 se
2673 686 2978 743 excellentia
3037 692 3207 739 vestra
3255 684 3360 738 suis
3407 682 3653 754 subjectis
3719 698 3878 735 sano

2255 778 2347 854 per
2366 782 2625 837 exhibeat.
2645 778 2717 833 Et
2736 780 2780 834 si
2802 795 2902 851 qua
2922 784 3043 832 sunt
3063 792 3177 847 quae
3196 777 3309 848 ejus
3338 776 3569 830 animum
3588 772 3879 843 offendere

2256 876 2481 940 valeant,
2510 890 2570 926 ea
2589 873 2883 927 indiscussa
2909 886 3012 925 non
3032 868 3234 940 puniat.
3261 866 3404 921 Tunc
3426 866 3566 920 enim
3583 881 3702 919 vere
3726 862 3877 934 Regi

2258 981 2455 1035 regum,
2486 963 2541 1017 id
2567 971 2643 1017 est
2672 961 3009 1032 omnipotenti
3056 957 3283 1012 Domino
3334 956 3559 1026 amplius
3601 952 3869 1024 placebit,

2260 1058 2306 1113 si
2342 1062 2644 1128 potestatem
2689 1070 2836 1109 suam
2875 1052 3190 1123 restringens
3224 1048 3396 1102 minus
3441 1046 3539 1102 sibi
3576 1044 3877 1100 crediderit

2262 1148 2415 1202 licere
2443 1147 2579 1219 quod
2606 1153 2774 1217 potest
2803 1140 3018 1215 (Ibid.).

2334 1258 2387 1313 5.
2425 1257 2637 1313 Laudes
2658 1257 2726 1312 ab
2754 1256 2944 1311 eodem
2970 1254 3062 1325 pio
3084 1253 3341 1325 pontiﬁce
3368 1251 3422 1307 in
3452 1246 3874 1305 Brunicbildem

2263 1354 2502 1422 reginam
2533 1350 2731 1408 eﬁ‘usas
2762 1348 3004 1405 nonnulli
3045 1348 3205 1418 paulo
3241 1345 3477 1415 iniquius
3529 1344 3735 1398 ferunt.
3774 1340 3877 1394 Ni-

2266 1448 2461 1502 mirum
2512 1461 2620 1501 non
2650 1444 2721 1499 ob
2749 1442 2802 1497 id
2854 1441 3028 1497 solum
3051 1439 3197 1510 quod
3244 1438 3549 1493 incolumem
3594 1434 3710 1488 ﬁlio
3768 1446 3879 1489 suo

2266 1537 2613 1594 Childeberto
2642 1554 2816 1592 rerum
2845 1537 3207 1608 temporalium
3236 1535 3457 1608 gloriam
3486 1531 3707 1603 provida
3726 1529 3885 1583 sollic

2268 1632 2493 1685 citudine
2517 1632 2851 1697 conservavit,
2881 1645 2999 1685 eam
3018 1630 3178 1685 laude
3196 1629 3413 1699 dignam
3434 1627 3742 1689 existimat;
3782 1639 3886 1677 ve-
3952 1636 3957 1641 '

2268 1722 2549 1777 rumetiam
2578 1721 2722 1791 quod
2751 1723 2853 1793 ipsi
2879 1732 3085 1777 (eterna:
3108 1722 3223 1776 uiae
3257 1720 3475 1790 praemia
3520 1721 3609 1790 pia
3656 1718 3881 1773 institue

2272 1817 2411 1869 tione
2424 1814 2722 1885 providerit.
2739 1813 2945 1885 Ubique
2956 1812 3209 1885 pietatem
3224 1812 3343 1883 ejus
3352 1810 3446 1867 eth
3459 1825 3729 1867 summum
3740 1822 3884 1877 erga

584 1903 809 1959 latensis
836 1909 1016 1957 autem
1046 1898 1284 1956 Ecclesia
1314 1896 1611 1970 praesertim
1650 1894 1752 1948 hac
1793 1890 1987 1945 illustri
2016 1889 2172 1958 origi.

2282 1922 2363 1962 res
2392 1906 2601 1962 divinas
2653 1907 2889 1963 studium
2934 1906 3232 1963 honoriﬁce
3278 1910 3693 1961 commemorat.
3722 1900 3885 1955 Inter

584 2012 656 2053 ne
680 1997 960 2066 gloriatur.
994 1993 1122 2064 Ejus
1169 2008 1303 2049 sane
1337 1992 1567 2059 antiqua:
1598 1985 1891 2043 nobilitatis
1928 1981 2176 2039 meminit

584 2090 644 2149 S.
688 2090 995 2159 Gregorius,
1016 2086 1231 2157 quando
1258 2086 1334 2166 ait
1354 2083 1625 2152 antiquam
1652 2095 1710 2136 se
1733 2074 2175 2135 consuetudinem

584 2193 827 2241 secutum
858 2197 996 2248 esse,
1028 2178 1243 2250 quando
1271 2193 1397 2233 suas
1424 2175 1646 2244 Virgilio
1691 2172 1839 2230 vices
1884 2167 2173 2225 commisit.

657 2278 712 2332 '5.
744 2273 945 2330 Urbem
982 2272 1350 2328 Arelatensem
1383 2284 1414 2323 a
1441 2266 1820 2325 Valentiniano
1850 2270 1905 2317 et
1934 2259 2177 2315 Honorio

585 2368 881 2424 Galliarum
898 2373 1125 2419 matrem
1155 2360 1477 2434 appellatam
1502 2358 1743 2414 referunt
1761 2355 1855 2425 qui
1876 2355 1944 2409 de
1965 2368 2027 2407 ea
2047 2351 2180 2407 scri-

589 2466 834 2531 pserunt,
866 2456 1165 2524 sedemque
1188 2453 1534 2509 constitutam
1564 2447 1804 2520 praefecti
1831 2444 2100 2517 praetorio,
2126 2443 2178 2496 in

590 2566 697 2620 qua
720 2557 925 2618 septem
969 2545 1365 2617 provinciarum
1403 2540 1591 2597 Galliae
1616 2547 1915 2597 conventus
1944 2544 2178 2607 quotan-

592 2645 677 2699 nis
706 2642 1099 2698 celebrabatur.
1132 2639 1212 2693 Ah
1233 2654 1296 2693 ea
1327 2637 1585 2707 dignitate
1606 2634 1827 2707 politica
1850 2632 2111 2703 primatus
2126 2637 2183 2685 et

591 2736 914 2792 exarchatus
961 2731 1355 2788 ecclesiasticus
1408 2728 1618 2783 initium
1683 2724 1899 2781 duxisse
1947 2723 2177 2777 videtur.

593 2826 801 2883 Placuit
826 2826 967 2883 enim
998 2810 1215 2879 Zoziino
1241 2823 1465 2891 aliisque
1490 2821 1744 2889 deinceps
1771 2814 2028 2871 Romanis
2048 2828 2182 2884 pon-

591 2918 842 2984 tiﬁcibus,
870 2916 1217 2973 nobilissimze
1238 2914 1469 2971 civitatis
1498 2911 1801 2982 episcopos,
1830 2905 2032 2962 vicaria
2063 2918 2183 2958 san-

598 3021 700 3069 ctae
725 3011 870 3068 sedis
894 3017 1165 3082 potestate
1187 3007 1482 3078 insignire:
1515 3019 1745 3076 quorum
1768 3008 1918 3057 tanta
1948 3007 2067 3055 erat
2096 3012 2185 3051 au-

595 3104 839 3169 ctoritas,
870 3111 929 3158 ut
955 3110 1164 3172 septem
1192 3098 1593 3171 provinciarum
1622 3092 1829 3167 synodo
1867 3094 2183 3162 praeessent,

598 3472 1013 3542 controversiae,
1050 3470 1118 3525 ad
1172 3468 1291 3523 illos
1335 3475 1591 3534 tanquam
1631 3461 1891 3532 primates
1940 3454 2192 3512 Romani-

598 3584 707 3639 que
734 3564 1002 3637 pontiﬁcis
1020 3562 1255 3619 vicarios
1272 3556 1586 3615 dirimendas
1605 3555 1957 3611 referrentur.
1981 3549 2052 3604 At
2069 3562 2191 3605 cum

602 3661 670 3716 ab
700 3659 905 3715 Hilario
935 3654 1235 3712 Arelatensi
1266 3652 1519 3723 episcopo
1548 3662 1776 3720 pervasa
1806 3645 1971 3700 fuisse
1992 3641 2191 3697 Metro-

598 3752 964 3824 politanorum
990 3748 1111 3819 jura
1152 3754 1207 3800 et
1245 3749 1529 3813 usurpatas
1558 3755 1678 3811 qua:
1706 3737 1838 3809 ipsis
1864 3734 2193 3790 deberentur

601 3822 970 3900 ordinationes
997 3836 1295 3908 accepisset
1323 3834 1380 3888 S.
1416 3832 1555 3899 Leo,
1607 3831 1898 3902 primatum
1928 3822 2193 3895 amplissi-

600 3950 747 3990 mum
764 3934 906 3989 inter
930 3932 1104 4003 ipsum
1125 3928 1545 3999 episcopumque
1568 3922 1929 3977 Viennensem
1946 3927 1968 3953 ο
1990 3914 2189 3970 divisit.

673 4046 940 4104 Collatam
969 4051 1062 4098 aut
1089 4040 1465 4098 conﬁrmatam
1493 4035 1719 4105 Virgilio
1756 4030 2012 4087 vicariam
2052 4026 2195 4083 sedis

602 4137 918 4211 apostolica:
942 4143 1261 4205 potestatem
1290 4128 1583 4199 Gregorius
1608 4125 1829 4193 Magnus
1858 4130 2047 4193 postea
2090 4120 2193 4173 im-

603 4228 817 4292 minuit,
840 4223 1076 4294 quando,
1108 4230 1167 4277 ut
1193 4220 1331 4277 infra
1372 4220 1604 4282 dicetur,
1654 4213 1903 4285 Syagrio,
1934 4211 2197 4277 Augusto-

606 4313 834 4371 dunensi
865 4311 1138 4381 episcopo,
1180 4323 1307 4363 suas
1332 4307 1471 4361 intra
1500 4301 1825 4359 Childeberti
1865 4312 2090 4367 regnum
2117 4295 2194 4349 vi-

608 4420 701 4462 ces
729 4399 1091 4459 demandavit.
1122 4397 1200 4453 lta
1231 4396 1460 4453 Romani
1490 4392 1793 4465 pontiﬁces,
1823 4391 1876 4445 in
1907 4403 2194 4459 argumen-

608 4505 722 4551 tum
753 4506 975 4550 summte
1003 4506 1111 4561 qua
1152 4489 1387 4560 pollent,
1420 4502 1525 4541 non
1580 4484 1839 4556 precaria:
1887 4479 2192 4552 potestatis,

607 4584 914 4657 bujusmodi
943 4584 1201 4649 honores,
1233 4588 1293 4635 ut
1313 4578 1480 4648 magis
1502 4593 1534 4633 e
1559 4591 1619 4631 re
1645 4575 1947 4632 Christiana
1976 4571 2194 4629 videba-

607 4688 716 4751 tur,
740 4680 807 4736 ad
834 4686 1023 4734 nutum
1053 4685 1144 4731 aut
1164 4673 1515 4731 conferebant
1538 4678 1633 4726 aut
1659 4668 1993 4725 auferebaut.

680 4795 735 4851 4.
768 4795 849 4855 Ad
878 4794 1133 4851 ulteriora
1163 4789 1419 4864 progredi
1457 4806 1565 4846 non
1599 4789 1744 4857 licet,
1777 4790 1878 4845 nisi
1909 4788 2195 4846 observato

608 4887 759 4961 prius
784 4889 888 4943 hoc
911 4886 1262 4942 celeberrimo
1292 4884 1533 4939 Francize
1552 4898 1738 4952 regum
1762 4883 2032 4949 encomio,
2056 4884 2199 4953 quod

609 4981 832 5038 oraculo
858 4979 1031 5034 simile
1053 4978 1343 5047 Gregorius
1369 4978 1420 5032 in
1451 4977 1679 5048 epistola
1702 4976 1769 5031 ad
1799 4976 2201 5033 Childebertum

610 5085 794 5142 regem
841 5069 1038 5125 cecinit
1074 5087 1087 5123 :
1135 5070 1341 5136 Quanto
1392 5078 1603 5123 crateras
1656 5067 1887 5122 homines
1933 5067 2079 5139 regia
2119 5068 2202 5122 di-

610 5167 786 5239 gnitas
806 5164 1093 5230 antecedit,
1119 5170 1260 5217 tanto
1286 5171 1590 5217 cwterarum
1616 5161 1846 5233 gentium
1866 5177 2025 5233 regna
2054 5161 2203 5232 regni

609 5256 763 5312 vestri
784 5256 1013 5327 profecto
1034 5254 1234 5308 culmen
1255 5254 1483 5309 excellit.
1513 5251 1647 5306 Esse
1674 5260 1845 5306 autem
1874 5268 2065 5324 regem,
2086 5252 2208 5324 quia

611 5353 731 5401 sunt
752 5353 801 5399 et
822 5344 935 5409 alii,
968 5361 1073 5399 non
1099 5345 1292 5398 mirum
1315 5352 1428 5408 est;
1456 5342 1549 5397 sed
1577 5358 1690 5396 esse
1719 5344 2050 5409 catholicum,
2073 5343 2209 5416 quod

611 5440 701 5493 alii
727 5454 833 5493 non
859 5446 1138 5506 merentur,
1159 5438 1253 5492 hoc
1280 5438 1406 5491 satis
1430 5445 1525 5490 est.
1561 5434 1822 5504 Quidquid
1854 5446 2025 5491 autem
2062 5454 2207 5509 reges

610 5546 666 5585 se
686 5530 861 5586 centeri
884 5531 1178 5602 gloriantur
1198 5528 1403 5593 habere,
1420 5526 1639 5595 habetis,
1663 5536 1768 5583 etc.
1790 5527 1909 5600 (Lib
1930 5545 2000 5594 vr,
2020 5547 2102 5598 ep.
2126 5529 2201 5600 6).

614 5622 868 5681 Plurimis
892 5624 1011 5679 aliis
1033 5623 1281 5679 laudibus
1301 5637 1437 5693 quas
1462 5620 1706 5677 subticeo
1735 5621 1967 5690 subjecit
1986 5623 2202 5692 sapiens

614 5723 769 5788 pater
821 5715 1323 5788 prastantissimam
1366 5715 1435 5771 de
1479 5713 1734 5770 sectanda
1779 5713 1987 5783 justitia
2042 5722 2206 5769 caste-

693 5888 717 5915 ἰ
748 5877 887 5935 Ante
924 5878 984 5934 S.
1026 5877 1259 5933 Leonem
1309 5875 1614 5933 Bonifacius
1660 5876 1683 5931 l
1721 5885 1777 5931 et
1820 5873 2148 5933 leestinus
2185 5876 2207 5933 l

621 5946 688 6002 de
713 5948 1108 6004 Arelatensium
1127 5949 1505 6019 episcoporum
1527 5948 1822 6021 privilegiis
1834 5946 1945 6016 jam
1963 5948 2208 6018 quaedam

2277 2001 2385 2055 alia
2426 2001 2581 2064 bona,
2614 1999 2787 2069 inquit
2811 1999 2879 2054 ad
2908 2013 3028 2054 eam
3056 2000 3319 2064 scribens,
3352 1998 3447 2051 hoc
3471 1997 3609 2067 apud
3638 2012 3730 2049 vos
3761 2010 3881 2063 pm

2276 2095 2476 2149 ueteris
2500 2102 2637 2148 tenet
2661 2093 3033 2165 principatum,
3056 2091 3192 2163 quod
3219 2093 3273 2145 in
3295 2090 3478 2145 mediis
3504 2090 3658 2161 hujus
3688 2088 3884 2142 mundi

2276 2187 2537 2256 ﬂuctibus,
2559 2187 2645 2259 qui
2665 2186 2890 2259 regentis
2911 2187 3113 2239 animos
3138 2184 3431 2239 turbulenta
3449 2182 3617 2237 solent
3638 2180 3884 2235 vexatio-

2278 2294 2343 2331 ne
2367 2277 2703 2348 confundere,
2734 2278 2810 2330 ita
2849 2293 2939 2331 cor
2967 2276 3036 2330 ad
3064 2275 3225 2330 divini
3254 2276 3418 2329 cultus
3456 2289 3688 2329 amorem
3713 2281 3765 2327 et
3796 2288 3883 2326 ue-

2277 2370 2585 2423 nerabilium
2606 2370 2835 2425 locorum
2860 2368 3236 2439 disponendam
3263 2369 3483 2439 quietem
3510 2366 3783 2427 reducitis.
3818 2380 3884 2419 ae

2279 2463 2324 2515 si
2350 2461 2496 2514 nulla
2517 2478 2606 2515 vos
2635 2461 2745 2515 alia
2779 2477 2905 2515 cura
2927 2462 3189 2516 sollicitet.
3226 2458 3375 2515 Unde
3412 2458 3532 2530 quia
3573 2457 3882 2529 hujusmodi

2281 2556 2863 2626 praepositorumactio,
2885 2555 3234 2628 subjectorum
3260 2570 3451 2626 magna
3480 2553 3611 2607 solet
3638 2568 3753 2606 esse
3773 2567 3884 2604 mu-

2281 2651 2433 2713 nitio,
2459 2666 2569 2720 pra:
2596 2651 2715 2705 aliis
2745 2650 2979 2723 gentibus
3001 2661 3206 2723 gentem
3232 2648 3559 2702 Francorum
3598 2646 3881 2700 asserimus

2285 2742 2507 2814 felicem,
2530 2759 2644 2814 qua:
2663 2745 2737 2797 sic
2761 2743 2907 2798 bonis
2927 2742 3163 2797 omnibus
3182 2740 3457 2811 praeditam
3482 2738 3672 2792 meruit
3694 2734 3883 2789 habere

2283 2835 2519 2905 reginam
2541 2833 2683 2906 (Lib.
2708 2850 2780 2899 tv,
2808 2851 2891 2905 ep.
2919 2832 2995 2904 5).
3021 2833 3239 2897 Htecne,
3255 2831 3504 2901 inquiunt
3520 2825 3884 2883 Brunicbildis

2284 2927 2677 2993 criminatores,
2700 2927 2884 2981 hcecne
2903 2927 3037 2981 citra
3059 2925 3422 2980 adulationem
3449 2922 3556 2978 dici
3584 2928 3886 2991 potuerunt

2286 3020 2354 3075 de
2396 3020 2584 3088 regina
2634 3019 3074 3090 ﬂagitiosissima,
3105 3027 3186 3074 tot
3214 3019 3478 3074 bellorum
3509 3025 3563 3071 et
3589 3013 3885 3070 discordia-

2286 3129 2405 3168 rum
2435 3111 2671 3181 ﬂabello,
2704 3122 2785 3170 tot
2830 3128 3020 3183 regum
3062 3113 3444 3179 interfectrice,
3484 3120 3569 3167 tot
3613 3109 3882 3165 scelerum

2288 3204 2527 3262 artiﬁce?

2210 3335 2255 3396 ς
2359 3319 2417 3375 Si
2445 3322 2746 3377 excutimus
2773 3320 3133 3391 Gregorianas
3160 3319 3229 3375 ad
3257 3316 3653 3375 Brunicbildem
3682 3314 3885 3386 episto-

2290 3412 2389 3479 las,
2438 3413 2727 3485 laudesque
2768 3414 2823 3469 in
2854 3414 3000 3468 illam
3045 3413 3270 3469 collatas
3314 3409 3732 3483 perpendamus,
3764 3420 3884 3461 eam

2292 3505 2363 3560 ob
2392 3518 2615 3573 regnum
2670 3521 2880 3560 summa
2933 3506 3217 3577 prudentia
3259 3505 3634 3573 gubernatum,
3662 3509 3722 3557 et
3764 3499 3887 3554 ﬁliis

2292 3605 2577 3660 assertum,
2608 3609 2820 3650 necnon
2842 3602 3064 3665 propter
3088 3593 3447 3649 Christianam
3470 3600 3529 3647 et
3549 3589 3882 3646 Catholicam

2293 3684 2452 3741 ﬁdem
2476 3687 2559 3741 vel
2588 3687 2730 3758 apud
2758 3686 2999 3743 Francos
3027 3694 3421 3748 conservatam,
3450 3684 3538 3739 vel
3583 3684 3638 3738 in
3686 3680 3883 3737 exteris

2293 3779 2542 3847 gentibus
2561 3787 2932 3850 propagatam,
2964 3788 3020 3835 et
3046 3786 3272 3851 propter
3298 3777 3526 3848 insignia
3555 3772 3802 3845 quaedam
3828 3773 3881 3826 in

2295 3872 2757 3928 xenodochiorum
2784 3889 2849 3928 ac
2878 3873 3328 3928 monasteriorum
3351 3878 3444 3926 aut
3457 3869 3685 3924 aliorum
3708 3880 3881 3922 sacroo

2297 3980 2417 4019 rum
2448 3964 2692 4020 locorum
2719 3965 3121 4021 constructione
3158 3964 3374 4036 pietatis
3421 3977 3588 4033 opera
3615 3975 3880 4017 commeno

2295 4056 2476 4112 datam
2506 4055 2661 4112 fateri
2689 4070 2982 4126 cogemur;
3034 4056 3314 4111 dumtaxat
3356 4070 3388 4109 a
3431 4051 3728 4122 Gregorio,
3782 4064 3877 4104 nec

2298 4149 2568 4204 immerito
2598 4147 2760 4205 fuisse
2788 4148 2993 4218 liquido
3032 4148 3323 4203 constabit.
3357 4145 3501 4201 Sane
3528 4139 3880 4199 Brunicbildis

2298 4239 2700 4295 Childebertum
2732 4238 2897 4294 tilium
2927 4239 3168 4310 quinque
3197 4251 3488 4303 annorum,
3536 4240 3754 4289 mortuo
3796 4245 3883 4301 pa-

2300 4340 2383 4386 tre
2429 4330 2726 4400 Sigiberto,
2776 4345 2807 4386 e
2834 4329 3199 4400 Fredegundis
3235 4330 3483 4385 manibus
3526 4335 3791 4398 ereptum,
3818 4323 3882 4377 ab

2299 4422 2589 4479 Austrasiac
2614 4424 2962 4494 optimatibus
2990 4438 3174 4494 regem
3200 4422 3356 4479 Metis
3398 4418 3719 4487 renuntiari,
3748 4416 3884 4489 quod

2300 4531 2525 4571 summa:
2551 4515 2652 4570 fuit
2673 4515 2966 4586 prudentiaa
2996 4531 3060 4572 ac
3088 4514 3364 4573 industria:
3393 4522 3793 4584 argumentum,
3833 4517 3887 4567 et

2302 4621 2333 4661 a
2353 4606 2734 4662 Gunthramno
2775 4615 2968 4677 patruo
2994 4606 3432 4677 Burgundionum
3462 4620 3589 4675 rege
3624 4604 3882 4659 hzcredem

2228 4719 2279 4778 ι)
2302 4707 2491 4771 postea
2513 4700 2719 4755 institui
2749 4708 3050 4773 curaverat,
3066 4700 3273 4770 rejecto
3302 4700 3577 4757 Clothario
3603 4695 3882 4769 Chilperici

2305 4790 2433 4846 ﬁlio.
2458 4790 2587 4847 Post
2605 4790 2935 4847 Childeberti
2959 4794 3185 4861 obitum,
3200 4792 3479 4864 utriusque
3497 4792 3653 4862 regni
3672 4791 3880 4845 Austrao

2303 4883 2396 4937 sine
2417 4884 2626 4939 scilicet
2652 4900 2716 4938 ac
2739 4884 3059 4954 Burgundize
3088 4886 3629 4951 administrationem,
3645 4894 3701 4940 et
3714 4882 3883 4939 Theo—

2302 4974 2510 5029 deberti
2531 4990 2595 5031 ac
2614 4974 2931 5033 Theoderici
2959 4987 3212 5048 nepotum
3244 4972 3423 5033 adhuc'
3446 4978 3500 5032 in
3525 4984 3706 5032 tenera
3733 4983 3883 5031 artate

2304 5066 2561 5134 tutelam,
2601 5068 2796 5138 quibus
2824 5070 3027 5140 optime
3055 5066 3305 5124 defuncta
3340 5080 3441 5134 est,
3474 5068 3732 5140 suscepit.
3757 5065 3882 5123 Cum

2305 5173 2514 5214 summa
2564 5175 2743 5217 rerum
2777 5162 3061 5231 potiretur,
3093 5163 3288 5217 missos
3334 5177 3366 5215 a
3415 5161 3473 5217 8.
3522 5161 3779 5231 Gregorio
3820 5160 3881 5215 ad

2307 5252 2599 5322 Anglorum
2626 5254 3036 5310 conversionem
3064 5254 3359 5310 monachos
3381 5253 3537 5323 fovit,
3566 5262 3621 5309 et
3642 5252 3881 5325 suppedi-

2306 5343 2431 5397 tatis
2459 5343 2717 5399 omnibus
2767 5343 3088 5417 necessariis
3143 5354 3387 5400 sanctum
3444 5345 3549 5400 hoc
3578 5360 3715 5415 opus
3759 5344 3883 5399 mire

2306 5437 2595 5506 promovit.
2626 5437 2686 5491 In
2730 5437 3107 5494 construendis
3134 5439 3300 5493 sacris
3331 5438 3464 5494 locis
3493 5438 3666 5508 iisque
3695 5453 3878 5495 ornan-

2307 5529 2389 5586 dis
2424 5547 2489 5588 ac
2523 5531 2756 5587 ditandis
2781 5531 3198 5588 muniﬁcentiam
3220 5534 3459 5588 ostendit
3482 5534 3642 5605 plane
3671 5536 3877 5603 regiam.

2307 5620 2436 5689 Quis
2461 5630 2541 5680 tot
2569 5623 2838 5695 tantisque
2868 5624 3184 5696 prudentiae,
3214 5625 3488 5694 religionis
3516 5642 3583 5683 ac
3610 5627 3885 5683 liberalita-

2308 5716 2379 5771 tis
2401 5716 2656 5787 operibus
2676 5716 2887 5771 debitas
2906 5717 3093 5772 laudes
3118 5716 3388 5773 invideat?

2313 5878 2679 5935 detraxerant.

2386 5949 2413 5988 δ
2455 5948 2587 6004 Vide
2609 5948 2704 6004 lib.
2723 5963 2799 6014 x1,
2829 5961 2917 6020 ep.
2942 5947 3010 6004 62
3032 5957 3087 6005 et
3113 5949 3201 6019 65,
3234 5965 3446 6008 necnon
3468 5951 3561 6009 lib.
3587 5966 3702 6023 xm,
3728 5968 3807 6025 ep.
3826 5947 3876 6009 ο.
