4138 6452
222 418 225 419 ν
284 362 393 421 561

755 364 815 420 8.
854 364 1176 422 GREGORII
1213 366 1425 423 MAGNI
1458 368 1641 436 VlTA,
1684 367 1777 423 EX
1815 364 1976 423 EJUS
2011 364 2313 422 SCRIPTIS
2350 364 2740 424 ADORNATA.
2779 366 2908 421 LIB.
2948 364 3032 421 lll.
3121 349 3127 359 ’

3429 363 3533 420 362

348 470 505 541 Quod
530 479 740 542 spectat
768 473 837 529 ad
863 475 1086 530 crimina
1113 477 1236 533 huic
1258 480 1454 546 reginae
1479 480 1731 549 impacta,
1759 487 1851 532 aut
1877 486 1929 540 Α
1952 479 2126 548 primo
2151 497 2163 531 :
2189 479 2617 549 quandoquidem
2664 496 2782 550 quae
2826 480 3012 534 Roma:
3041 486 3173 533 tunc
3196 476 3535 545 contigerant

278 573 401 636 post
428 564 687 634 epistolas
725 564 791 617 ad
835 580 955 619 eam
996 581 1027 619 a
1064 566 1323 636 Gregorio
1361 572 1587 639 scriptas
1626 570 1856 626 admissa

277 665 427 721 sunt,
458 665 553 711 aut
580 656 740 726 plane
768 658 913 711 nulla
940 659 1119 727 fuere;
1148 661 1214 715 ab
1239 661 1355 729 ejus
1388 662 1639 717 videlicet
1664 663 1855 717 adver-

277 748 439 804 sariis
466 745 715 814 conficta,
741 756 801 802 ut
821 765 928 803 non
950 749 1219 805 immerito
1238 760 1511 821 putantex
1538 752 1854 807 recentiori-

276 837 380 893 bus
394 838 749 907 scriptoribus
763 836 987 895 Carolus
1002 839 1244 896 Cointius
1254 843 1308 896 in
1325 842 1617 898 Annalibus
1632 842 1855 900 Franci-

274 929 442 997 cis,et
462 929 892 1000 Cordemoyusin
902 929 1135 987 Historia
1160 947 1342 1001 regum
1352 933 1679 989 Francorum
1691 949 1853 1003 quam

273 1020 477 1077 Gallice
494 1022 730 1090 scripsit.
744 1022 1002 1077 Nimirum
1016 1038 1137 1077 cum
1150 1023 1365 1078 tandem
1375 1025 1731 1081 Brunichildis
1741 1026 1857 1083 Clo-

274 1110 483 1177 thario,
516 1111 804 1181 Chilperici
834 1111 978 1179 ﬁlio,
1004 1127 1111 1182 quo
1136 1113 1339 1168 nullum
1376 1116 1547 1183 magis
1587 1115 1851 1174 infensum

270 1200 483 1255 hostem
510 1202 773 1271 habebat,
817 1203 1006 1258 fuisset
1028 1203 1095 1257 ab
1126 1204 1413 1259 Austrasiae
1456 1213 1513 1260 et
1532 1205 1851 1275 Burgundim

270 1291 618 1360 optimatibus
657 1293 871 1360 tradita,
904 1302 964 1348 ut
995 1294 1159 1365 25.6
1186 1295 1614 1351 crudelissimam
1644 1298 1730 1352 cui
1757 1299 1851 1353 ad-

269 1381 415 1437 dicta
436 1392 518 1439 est
538 1391 766 1439 mortem
792 1384 933 1453 juste
970 1385 1231 1440 meruisse
1255 1385 1585 1454 crederetur,
1616 1386 1851 1456 undique

267 1476 584 1544 conquisitis
612 1478 925 1533 criminibus
966 1488 1049 1533 est
1089 1479 1334 1549 impetita
1362 1500 1373 1533 :
1408 1483 1481 1535 ita
1513 1490 1571 1536 ut
1598 1483 1650 1538 ei
1677 1483 1841 1538 etiam

266 1566 635 1635 objicerentur
662 1568 854 1635 caedes,
878 1584 1012 1638 quas
1036 1570 1123 1625 vel
1142 1569 1449 1627 Clotharius
1469 1572 1846 1643 imperaverat,

266 1656 357 1712 vel
384 1658 475 1728 qui
501 1658 618 1727 ejus
645 1668 825 1728 partes
853 1660 1217 1727 sectabantur,
1249 1669 1547 1731 patrarant.

337 1758 389 1811 6.
433 1757 503 1811 Ut
548 1767 727 1814 autem
768 1760 1113 1818 ostendamus
1156 1771 1417 1832 quantum
1445 1764 1513 1819 ab
1542 1764 1850 1821 adulatione

1961 568 2219 624 didicerat
2247 576 2302 622 et
2323 569 2513 623 retulit
2557 584 2623 624 ex
2662 571 2743 625 sui
2780 569 2991 624 diaconi
3019 565 3532 635 testimoniotquod

1958 668 2144 729 aperte
2172 659 2340 728 liquet
2376 675 2443 714 ex
2486 659 2577 713 lib.
2610 676 2643 713 x
2673 659 2831 727 Hist.,
2875 676 2926 715 c.
2975 659 3027 712 1.
3076 657 3232 712 Anno
3260 658 3530 727 sequenti,

1954 750 2095 817 regis
2120 748 2446 803 Childeberti
2475 749 2683 804 decimo
2709 762 2860 804 sexto
2884 750 2937 803 in
2963 748 3148 803 Galliis
3174 755 3311 813 erat,
3341 755 3395 800 et
3423 745 3532 799 Tu-

1953 836 2101 891 ronis
2145 838 2355 906 excepit
2392 838 2703 907 episcOpum
2729 838 3011 906 quemdam
3060 835 3382 901 Armenum,
3432 849 3533 888 no-

1952 928 2097 983 mine
2125 927 2419 994 Simonem,
2470 943 2537 982 ex
2585 928 2776 983 eodem
2824 928 2958 982 libro
2987 926 3122 981 Hist.
3176 941 3225 981 c.
3275 924 3364 978 2i.
3412 923 3531 979 Hoc

1952 1017 2070 1087 ipso
2096 1033 2238 1072 anno
2268 1018 2334 1071 ad
2354 1016 2681 1071 Childeberti
2709 1017 2850 1085 regis
2871 1017 3045 1069 aulam
3075 1016 3329 1087 perrexit,
3356 1022 3412 1068 et
3433 1027 3533 1082 per

1951 1121 2149 1178 pagum
2177 1107 2537 1162 Rhemensem
2562 1106 2828 1171 transivit,
2861 1110 2928 1160 ex
2957 1106 3049 1159 lib.
3077 1121 3129 1159 tv
3153 1104 3220 1159 de
3259 1102 3530 1158 Miraculis

1952 1198 2008 1255 8.
2038 1198 2252 1252 Martini
2272 1215 2322 1252 c.
2345 1198 2434 1253 26.
2459 1200 2614 1252 Anno
2640 1194 2761 1264 592,
2790 1197 2942 1252 Plato
2967 1195 3081 1265 ejus
3103 1195 3525 1259 archidiaconus,

1952 1288 2103 1356 cujus
2129 1288 2373 1343 meminit
2400 1288 2590 1343 eodem
2636 1287 2771 1342 libro
2817 1303 2865 1342 c.
2910 1284 2995 1352 52,
3046 1285 3114 1340 ad
3159 1286 3528 1354 episc0patum

1951 1377 2340 1433 Pictaviensem
2365 1386 2586 1433 vocatus
2609 1386 2711 1442 est,
2738 1377 2824 1432 cui
2850 1374 3161 1432 cathedram
3185 1374 3324 1427 hanc
3350 1388 3531 1428 ascen-

1952 1468 2101 1524 denti
2128 1469 2316 1538 adiuit,
2347 1479 2407 1523 ut
2429 1469 2581 1524 testis
2603 1476 2685 1523 est
2705 1467 3051 1531 Fortunatus,
3076 1464 3316 1520 Platonis
3342 1470 3533 1533 postea

1950 1574 2250 1614 successor.
2278 1559 2435 1613 Anno
2464 1557 2812 1626 nonagesimo
2838 1555 2997 1611 tertio
3026 1568 3188 1624 supra
3216 1553 3533 1621 quingente-

1949 1648 2162 1714 simum,
2211 1663 2395 1704 mense
2440 1647 2713 1711 Januario,
2761 1646 2819 1700 S.
2870 1643 3207 1699 Leobardum
3246 1643 3532 1696 rectausum

1950 1738 2006 1792 in
2034 1739 2227 1808 majori
2274 1739 2602 1794 monasterio
2648 1752 2817 1807 prope
2853 1734 3127 1789 Turonum
3174 1733 3394 1799 invisit;
3442 1732 3532 1801 qui

262 1846 322 1901 S.
355 1844 646 1916 Gregorius
673 1848 880 1903 alienus
916 1849 1079 1905 fuerit
1106 1851 1160 1904 in
1172 1820 1430 1922 .epistolis
1457 1853 1525 1907 ad
1552 1820 1853 1909 Brunichil-
1880 1851 1928 1912 Β
1953 1829 2115 1922 mulo
2134 1837 2282 1922 B055
2309 1829 2415 1922 h°_°
2442 1835 2526 1883 θδί
2550 1828 2635 1922 di?
2664 1826 2733 1880 ‘8
2757 1825 2995 1922 θιῖυδξίθω
3016 1822 3324 1922 ωίῬδίδιξὶίῗ
3344 1820 3531 1922 Domi:

260 1936 385 1991 dem
430 1938 665 2008 scriptis,
712 1939 952 1994 indicare
978 1939 1210 1996 sufﬁciat
1241 1952 1265 1979 λ
1296 1943 1552 2012 epistolas
1580 1946 1634 1999 in
1661 1948 1853 2014 quibus

260 2041 385 2083 eam
412 2028 480 2084 de
508 2030 820 2085 nonnnullis
847 2033 1197 2088 emendandis
1235 2035 1290 2088 in
1331 2036 1446 2105 ejus
1474 2051 1640 2106 regno
1668 2040 1853 2094 admo-

259 2126 383 2184 net;
426 2120 637 2175 scilicet
663 2121 728 2174 de
758 2120 1050 2177 simoniaca
1080 2123 1222 2191 labe,
1266 2123 1334 2179 de
1374 2125 1633 2181 laicorum
1663 2130 1853 2183 imma-

261 2209 402 2264 turis
431 2209 881 2277 ordinationibus,
912 2212 979 2266 de
1007 2212 1308 2268 idololatria
1356 2215 1412 2269 in
1459 2214 1644 2272 Galliis
1662 2207 1851 2274 adhuc

264 2301 573 2368 superstite,
604 2299 672 2355 de
697 2301 1064 2357 sacerdotibus
1102 2303 1362 2374 ﬂagitiose
1390 2307 1712 2363 viventibus.
1745 2309 1849 2363 Le-

262 2388 437 2458 genda
463 2391 763 2459 praesertim
787 2400 913 2447 sunt
940 2391 1057 2448 haec
1083 2393 1442 2465 increpatoria
1467 2399 1630 2452 verba
1659 2400 1851 2468 quibus

263 2479 361 2535 Dei
381 2479 722 2549 judicia'non
750 2483 979 2539 obscure
1001 2484 1231 2541 intentat
1270 2486 1599 2544 Brunichildi
1628 2491 1851 2561 ejusque

260 2573 545 2643 nepotibus
574 2592 586 2627 :
631 2573 757 2629 Cum
785 2578 1033 2647 scriptum
1056 2580 1163 2633 sit:
1184 2578 1398 2635 Iustitia
1426 2583 1587 2637 elevat
1610 2594 1807 2655 gentem
1832 2627 1846 2652 ,

262 2668 478 2721 miseros
526 2677 697 2722 autem
744 2671 872 2740 facit
909 2672 1122 2742 populos
1150 2684 1456 2742 peccatum;
1488 2684 1608 2730 tunc
1634 2694 1851 2748 regnum

261 2760 446 2815 stabile
493 2763 755 2829 creditur,
814 2781 929 2818 cum
975 2767 1125 2837 culpa
1172 2784 1285 2838 qua:
1332 2771 1656 2840 cognoscitur
1702 2773 1849 2825 citius

260 2852 563 2906 emendatur
593 2854 790 2923 (Prov.
825 2872 916 2911 11v
941 2898 957 2925 ,
996 2856 1066 2910 54
1088 2857 1128 2923 ).
1160 2857 1443 2913 Multorum
1473 2861 1632 2933 igitur
1661 2862 1729 2914 ad
1755 2878 1850 2915 nos

262 2943 513 2999 relatione
540 2948 787 3015 pervenit,
836 2948 972 3017 quod
1000 2949 1170 3001 dicere
1206 2951 1318 3003 sine
1360 2950 1634 3019 afflictione
1678 2952 1849 3005 cordis

262 3035 426 3088 nimia
464 3051 564 3089 non
601 3037 859 3102 valemus,
910 3039 986 3091 ita
1029 3039 1277 3107 quosdam
1306 3040 1595 3094 sacerdotes
1641 3041 1695 3093 in
1742 3042 1847 3095 illis

261 3124 493 3179 oartibus
520 3127 772 3196 impudice
800 3144 861 3180 ac
889 3128 1118 3199 nequiter
1157 3133 1473 3197 conversari,
1505 3141 1559 3183 ut
1590 3140 1636 3184 et
1664 3132 1846 3186 audire

262 3215 408 3269 nobis
454 3216 782 3286 opprobrium
809 3227 857 3271 et
893 3219 1219 3273 lamentabile
1246 3222 1314 3273 sit
1342 3224 1551 3292 referre.
1586 3221 1745 3275 Addit
1774 3222 1839 3276 li-
1869 3220 1915 3279 Ο

262 3306 391 3359 hera
433 3314 489 3360 et
534 3322 673 3375 pene
702 3308 1018 3377 prophetica
1046 3325 1180 3364 voce
1206 3328 1218 3361 :
1247 3308 1360 3363 Nec
1387 3313 1523 3364 enim
1552 3322 1671 3364 sunt
1701 3312 1848 3367 dissi-

261 3394 510 3449 mulanda
557 3412 669 3464 quis
714 3397 1115 3469 dicimus:quia
1154 3402 1238 3469 qui
1286 3401 1562 3454 emendare
1608 3410 1771 3471 potest
1798 3412 1848 3456 et

263 3486 500 3556 negligit,
540 3488 845 3557 participem
874 3505 929 3541 se
963 3489 1297 3559 proculdubio
1342 3491 1515 3544 delicti
1561 3493 1843 3545 constituit.

264 3574 538 3634 Providete
563 3597 683 3652 ergo
711 3584 899 3637 anima:
924 3592 1126 3651 vestrw,
1148 3583 1409 3653 providete
1431 3584 1696 3652 nepotibus
1722 3600 1848 3656 quos

263 3671 449 3741 cupitis
478 3689 695 3743 regnare
724 3674 959 3744 feliciter,
986 3674 1245 3743 providete
1275 3674 1584 3745 provinciis;
1604 3684 1653 3728 et
1676 3678 1849 3743 prius-

266 3777 423 3831 quam
469 3762 680 3816 Creator
742 3771 917 3816 noster
982 3779 1191 3816 manum
1249 3779 1396 3817 suam
1444 3763 1513 3815 ad
1562 3763 1850 3832 feriendum

264 3855 532 3919 excutiat,
584 3854 647 3906 de
695 3854 1009 3907 correctione
1056 3854 1207 3922 hujus
1245 3853 1449 3906 sceleris
1481 3854 1852 3907 studiosissime

264 3942 486 4013 cogitate
511 3982 527 4007 ,
564 3959 628 3995 ne
666 3950 808 3996 tanto
837 3942 1161 4011 postmodum
1207 3943 1376 3995 acrius
1422 3942 1610 4011 feriat,
1662 3950 1851 4011 quanto

265 4033 416 4087 modo
448 4033 639 4087 diutius
667 4042 715 4086 et
744 4032 1014 4085 clementer
1053 4040 1317 4101 exspectat
1348 4030 1487 4101 (Lib.
1518 4046 1594 4095 xl,
1625 4048 1705 4101 ep.
1737 4029 1850 4101 69).

266 4121 392 4179 Haec
436 4139 567 4178 sane
613 4123 728 4178 haec
775 4123 906 4177 satis
952 4136 1221 4192 superque
1247 4122 1620 4177 demonstrant
1646 4120 1853 4188 Grego-

266 4213 407 4267 rium
453 4228 575 4267 cum
618 4213 867 4282 apostolo
905 4212 1087 4266 dicere
1136 4211 1412 4281 potuisse:
1442 4210 1530 4265 Ita
1578 4212 1854 4282 loquimur,

267 4320 372 4357 non
415 4306 561 4375 quasi
599 4304 888 4359 hominibus
937 4305 1215 4374 placentes,
1261 4304 1351 4359 sed
1399 4302 1505 4357 Deo
1549 4304 1633 4373 qui
1675 4300 1857 4372 probat

268 4398 426 4451 corda
472 4409 683 4465 nostra;
730 4415 891 4469 neque
933 4386 1069 4451 enim
1107 4396 1386 4469 aliquando
1418 4397 1606 4467 fuimus
1653 4396 1709 4449 in
1753 4410 1857 4449 ser-

267 4505 419 4543 mone
448 4490 762 4544 adulationis
791 4489 841 4559 (1
874 4489 1055 4544 Thess.
1086 4504 1145 4555 ιι,
1178 4487 1255 4557 5).

1953 1918 2071 1971 nica
2093 1917 2293 1972 efﬂavit
2312 1919 2565 1972 animam.
2596 1918 2752 1971 Anno
2781 1916 3049 1984 assignato
3071 1915 3185 1969 dies
3206 1912 3273 1967 18
3293 1912 3532 1967 Januarii

1952 2006 2228 2062 Dominica
2255 2018 2388 2074 erat,
2424 2008 2566 2078 quod
2592 2008 2745 2062 nobis
2774 2006 3061 2076 persuadet
3082 2005 3283 2060 obitum
3310 2005 3368 2058 S.
3392 2003 3535 2059 Leo-

1950 2095 2101 2152 bardi
2130 2098 2235 2153 hoc
2264 2099 2381 2169 ipso
2409 2099 2716 2166 contigisse,
2742 2113 2851 2153 non
2878 2098 3115 2166 quinque
3144 2104 3237 2149 aut
3262 2111 3354 2150 sex
3378 2096 3534 2149 annis

1950 2190 2116 2260 prius.
2151 2189 2358 2260 Quippe
2379 2206 2500 2245 cum
2529 2189 2818 2258 Gregorius
2843 2188 3029 2243 ultimo
3060 2188 3182 2241 loco
3210 2187 3277 2242 de
3305 2186 3361 2240 8.
3394 2184 3533 2239 Leo-
3591 2213 3606 2222 κ

1953 2283 2124 2337 bardo
2150 2284 2319 2351 egerit
2348 2284 2403 2336 in
2430 2283 2568 2338 libro
2595 2270 2809 2336 de’Vita
2840 2281 3077 2346 Patrum,
3109 2279 3377 2347 conjicere
3405 2278 3535 2331 licet

1950 2390 2071 2428 eum
2101 2390 2207 2428 non
2238 2374 2418 2428 multis
2464 2384 2589 2427 ante
2636 2387 2790 2427 suum
2838 2370 3039 2426 obitum
3081 2368 3236 2423 annis
3263 2369 3375 2421 haec
3403 2382 3530 2421 san-

1950 2464 2172 2519 ctissimi
2228 2464 2383 2532 hujus
2437 2462 2685 2519 monachi
2738 2470 2857 2517 acta
2913 2460 3106 2514 litteris
3163 2457 3530 2525 consignasse.

1948 2552 2151 2609 Eodem
2183 2570 2322 2609 anno
2351 2553 2474 2618 595,
2506 2567 2614 2623 quo
2641 2550 3015 2605 Childebertus
3044 2564 3142 2603 rex
3171 2548 3527 2602 Aurelianen-

1949 2647 2087 2705 sium
2118 2648 2303 2701 urbem
2332 2645 2501 2713 adiit,
2531 2653 2587 2698 et
2617 2643 2970 2698 Gunthramni
3020 2641 3257 2696 defuncti
3303 2654 3530 2707 regnum

1949 2748 2031 2793 est
2075 2738 2316 2806 adeptus,
2350 2734 2639 2803 Gregorius
2668 2734 2721 2787 in
2755 2733 2871 2801 ejus
2901 2732 3021 2786 aula
3048 2739 3203 2796 erat,
3258 2746 3325 2785 ex
3353 2729 3447 2783 lib.
3479 2744 3534 2782 ιν

1949 2829 2015 2884 de
2058 2827 2328 2882 Miraculis
2355 2825 2411 2881 S.
2445 2825 2658 2879 Martini
2696 2840 2742 2878 c.
2775 2823 2874 2887 57;
2907 2822 3243 2890 Turonisque
3287 2820 3343 2874 S.
3392 2819 3530 2874 Mar-

1948 2919 2045 2972 tini
2075 2917 2471 2972 solemnitatem
2499 2929 2728 2967 annuam
2756 2912 3048 2967 celebravit
3086 2925 3271 2967 mense
3300 2908 3532 2963 Novem-

1948 3008 2051 3071 bri,
2081 3022 2145 3061 ex
2174 3005 2419 3075 ejusdem
2446 3003 2567 3058 libri
2596 3019 2645 3058 c.
2670 3003 2759 3057 '58.
2782 3001 2916 3056 Cum
2945 3002 3126 3069 itaque
3154 2999 3213 3055 S.
3241 2998 3532 3066 Gregorius

1950 3100 2130 3154 Turon
2139 3140 2151 3153 .
2167 3114 2197 3154 e
2207 3098 2342 3153 vivis
2355 3096 2650 3153 excesserit
2661 3094 2881 3159 Turoni,
2897 3101 2952 3148 ut
2963 3092 3288 3163 probabilius
3299 3090 3532 3157 videtur,

1949 3204 2134 3246 mense
2154 3187 2440 3243 Novembri
2462 3202 2549 3242 an.
2578 3183 2701 3250 595,
2722 3184 2960 3252 ejusdem
2980 3182 3232 3237 adventui
3252 3182 3307 3235 in
3330 3180 3530 3235 Urbem

1954 3289 2010 3335 et
2035 3279 2229 3335 reditui
2257 3277 2515 3347 assignari
2539 3276 2700 3332 debet
2718 3290 2887 3329 annus
2913 3274 3290 3343 nonagesimus
3310 3280 3536 3343 quartus

1953 3385 2113 3441 supra
2143 3366 2630 3437 quingentesimum
2658 3371 2751 3419 aut
2778 3363 3052 3433 sequentis
3090 3363 3319 3417 initium.

2018 3481 2095 3535 De
2142 3480 2242 3533 hac
2287 3477 2623 3549 profectione
2671 3473 2960 3543 Gregorius
2990 3472 3281 3527 historicus
3309 3469 3533 3525 omnino

1948 3572 2088 3637 silet,
2120 3571 2263 3642 quod
2308 3578 2624 3639 argumento
2653 3575 2735 3623 est
2763 3566 2937 3635 ipsum
2984 3575 3161 3619 morte
3205 3571 3528 3632 occupatum

1949 3663 2131 3717 statim
2160 3675 2225 3714 ac
2252 3658 2496 3714 Turones
2539 3657 2745 3724 revisit,
2795 3655 2925 3709 nihil
2963 3654 3086 3708 novi
3115 3653 3394 3722 scripsisse
3440 3660 3536 3705 aut

1946 3752 2056 3821 jam
2103 3750 2317 3818 scriptis
2354 3748 2637 3816 adjecisse.
2687 3745 2896 3814 Quippe
2926 3746 2971 3799 si
3000 3744 3198 3799 diutius
3245 3741 3532 3796 incolumis

1949 3843 2005 3895 in
2052 3839 2236 3893 Galliis
2279 3846 2465 3907 postea
2495 3838 2751 3897 vixisset,
2798 3836 2865 3889 de
2902 3842 2983 3888 tot
3028 3842 3334 3887 sanctorum
3364 3833 3534 3887 sacris

1951 3929 2189 3997 reliquiis
2229 3927 2415 3981 Romae
2441 3926 2570 3981 visis
2597 3938 2891 3993 eorumque
2919 3923 3189 3979 miraculis
3216 3920 3411 3975 auditis
3439 3920 3530 3975 diu

1953 4019 2114 4075 silere
2144 4033 2251 4072 non
2280 4016 2563 4087 potuisset.

2026 4128 2079 4182 8.
2116 4127 2379 4196 Quidquid
2409 4126 2476 4181 sit
2504 4125 2572 4181 de
2593 4132 2838 4194 tempore
2862 4138 2969 4193 quo
3013 4122 3300 4192 Gregorius
3328 4121 3531 4177 Turon.

1956 4226 2267 4273 sanctorum
2294 4215 2662 4285 apostolorum
2692 4214 2876 4268 limina
2906 4213 3159 4281 visitavit,
3199 4228 3320 4267 eum
3351 4228 3381 4266 a
3407 4228 3534 4267 san-

1956 4308 2193 4364 ctissimo
2215 4321 2352 4377 papa
2375 4320 2565 4374 magna
2588 4320 2709 4360 cum
2738 4304 3039 4359 reverentia
3062 4312 3344 4372 exceptum
3374 4304 3539 4358 fuisse

1955 4407 2139 4453 narrat
2168 4397 2224 4452 S.
2256 4396 2389 4451 Odo.
2429 4397 2610 4463 Quem,
2644 4395 2853 4464 inquit,
2893 4394 2961 4447 ad
3004 4394 3140 4446 beati
3170 4393 3314 4446 Petri
3339 4395 3540 4463 confes-

1956 4493 2154 4547 sionem
2184 4489 2290 4563 [ΑΙ.
2320 4490 2388 4541 ad
2418 4487 2603 4559 altare]
2648 4487 3009 4551 introducens,
3054 4502 3082 4537 e
3118 4486 3276 4538 latere
3312 4485 3541 4537 constitit

340 4600 395 4652 ’1,
433 4599 476 4652 Ε
503 4597 688 4656 Galliis
711 4600 1050 4655 discedentes
1074 4599 1279 4654 Italiam
1311 4598 1612 4669 repetituri,
1644 4597 1848 4665 Grego-
1876 4580 1929 4641 Ι)
1954 4589 2259 4662 praestolans
2290 4586 2460 4658 quoad
2491 4593 2741 4656 surgeret.
2773 4582 2995 4638 Interim
3037 4590 3206 4634 autem
3234 4590 3288 4633 ut
3316 4593 3427 4633 erat
3458 4582 3540 4633 in-

269 4690 410 4745 rium
438 4689 639 4745 Turon.
668 4690 989 4746 comitamur
1008 4689 1240 4744 Romam
1264 4696 1483 4744 euntem
1504 4688 1571 4742 ad
1591 4686 1855 4742 visitanda

269 4793 580 4841 sanctorum
626 4783 996 4854 apostolorum
1044 4782 1269 4850 limina,
1320 4781 1709 4850 visendumque
1753 4795 1855 4835 ηοσ-

268 4884 442 4932 strum
469 4875 785 4945 Gregorium
810 4893 823 4929 z
848 4875 988 4929 hanc
1030 4875 1174 4929 enim
1221 4888 1426 4929 sacram
1467 4871 1854 4943 peregrinatio—

270 4982 395 5022 nem
425 4966 577 5036 cujus
602 4967 848 5022 meminit
871 4966 928 5021 S.
961 4963 1077 5021 Odo
1105 4966 1160 5020 in
1186 4965 1301 5034 ejus
1329 4965 1458 5032 vita,
1480 4964 1570 5019 vix
1593 4964 1741 5018 licuit
1763 4970 1857 5017 aut

270 5058 433 5115 citius
464 5058 666 5114 referre
690 5100 706 5126 ,
756 5066 848 5113 aut
894 5057 1067 5113 serius
1112 5057 1330 5112 morari.
1365 5056 1591 5111 Tardius
1637 5056 1856 5124 quidem

272 5164 385 5204 non
408 5148 585 5219 potuit
612 5148 836 5203 Romam
873 5146 1144 5217 proﬁcisci
1184 5144 1475 5215 Gregorius
1522 5145 1853 5211 Turonicus;

272 5241 473 5309 quippe
500 5239 558 5295 8.
588 5238 775 5295 Odone
801 5248 940 5293 teste
966 5247 1211 5293 mortuus
1240 5244 1324 5291 est
1347 5251 1437 5289 an.
1466 5234 1529 5287 ΞΗ
1566 5251 1676 5288 suae
1715 5235 1859 5290 ordi-

174 5348 181 5351 ν
275 5330 533 5395 nationis,
563 5344 723 5399 quem
750 5329 865 5398 ipse
893 5343 1015 5382 cum
1042 5342 1186 5381 anno
1211 5326 1401 5395 quinto
1428 5323 1771 5395 pontiﬁcatus
1798 5322 1856 5378 S.

274 5417 525 5487 Gregorii
580 5432 908 5473 concurrere
958 5424 1187 5471 testatur
1234 5416 1287 5470 in
1337 5416 1443 5469 line
1491 5414 1611 5467 libri
1667 5414 1860 5468 decimi

276 5502 549 5560 Historiae.
602 5504 767 5559 Multa
815 5521 945 5560 vero
990 5504 1315 5574 persuadent
1351 5504 1665 5572 Gregorium
1695 5501 1862 5557 Galli-

278 5610 403 5650 cum
440 5595 586 5650 haud
621 5596 778 5651 citius
817 5595 1043 5652 Romam
1087 5596 1387 5652 advenisse.
1429 5596 1612 5651 Romae
1643 5595 1861 5663 quidem

278 5702 390 5742 non
437 5696 556 5743 erat
598 5702 741 5742 anno
790 5685 911 5755 590,
957 5688 1202 5757 Gregorii
1247 5688 1477 5743 Romani
1517 5687 1860 5757 pontiﬁcatus

1958 4694 2108 4764 genio
2135 4688 2590 4761 profundissimus,
2618 4694 2864 4740 secretam
2910 4682 3343 4751 dispensationem
3372 4680 3539 4733 admi-

1954 4812 2077 4849 rans
2116 4792 2474 4849 considerabat
2516 4794 2572 4845 in
2615 4788 2910 4859 hujusmodi
2938 4785 3193 4838 hominem
3232 4784 3363 4854 (erat
3402 4783 3538 4837 enim

1955 4904 2155 4948 statura
2195 4892 2403 4961 brevis)
2453 4897 2649 4944 tantam
2693 4886 2918 4957 gratiam
2966 4882 3159 4936 caelitus
3209 4874 3537 4952 profluxisse.

1961 4991 2111 5056 Quod
2154 4992 2244 5044 ille
2280 5006 2402 5043 mox
2438 4986 2681 5041 divinitus
2727 4982 3074 5054 persentiens,
3114 4988 3164 5034 et
3206 4981 3269 5033 ab
3308 4981 3543 5035 oratione

1962 5106 2195 5159 surgens,
2231 5088 2611 5159 placidoqueiut
2630 5093 2742 5139 erat
2762 5084 2901 5138 vultu
2924 5082 2993 5136 ad
3012 5098 3201 5153 papam
3242 5082 3541 5152 respiciens,

1964 5189 2242 5257 Dominus,
2274 5189 2458 5257 inquit,
2490 5185 2617 5241 fecit
2644 5200 2762 5251 nos,
2793 5190 2848 5238 et
2876 5198 2985 5238 non
3029 5183 3129 5253 ipsi
3162 5197 3291 5249 nos;
3323 5183 3462 5237 idem
3488 5180 3542 5234 in

1964 5292 2144 5362 parvis
2172 5291 2263 5360 qui
2310 5298 2363 5344 et
2408 5289 2461 5343 in
2508 5287 2730 5357 magnis.
2763 5284 2986 5357 Cumque
3014 5284 3068 5339 id
3095 5300 3203 5338 sure
3244 5278 3544 5352 cogitationi

1966 5401 2171 5446 sanctus
2198 5408 2334 5461 papa
2360 5389 2658 5460 responderi
2688 5395 3043 5459 cognosceret,
3072 5388 3188 5457 ipsa
3233 5400 3325 5439 sua
3364 5383 3546 5451 depre-

1969 5489 2212 5542 hensione
2248 5489 2470 5559 gavisus,
2511 5487 2735 5559 gratiam
2761 5501 2915 5556 quam
2943 5484 3187 5536 hactenus
3212 5485 3268 5535 in
3298 5479 3545 5549 Gregorio

1966 5589 2248 5643 mirabatur
2271 5627 2287 5655 ,
2316 5590 2369 5641 in
2398 5604 2589 5658 magna
2616 5586 2942 5639 veneratione
2970 5582 3206 5651 deinceps
3237 5578 3419 5632 habere
3447 5594 3548 5632 cae-

1965 5689 2071 5755 pit;
2100 5688 2367 5759 sedemque
2396 5685 2707 5741 Turonicam
2735 5685 2810 5737 ita
2839 5680 3146 5744 nobilitavit,
3178 5687 3232 5730 ut
3260 5693 3471 5731 auream
3498 5676 3547 5737 ei

357 5808 383 5839 ι
422 5800 556 5858 Vide
600 5801 897 5872 przesertim
943 5801 1036 5855 lib.
1088 5818 1163 5869 Ix,
1211 5819 1297 5874 ep.
1348 5803 1487 5870 109,
1540 5811 1595 5858 et
1640 5802 1733 5858 lib.
1784 5815 1980 5888 xilep.
2015 5800 2101 5854 69.

690 5919 962 5979 PATROL.
1002 5917 1258 5977 LXXV.

3039 5908 3112 5966 12
