4138 6452
576 334 678 392 365

1032 331 1090 383 s.
1132 328 1455 413 oneooun
1496 325 1707 381 unum
1755 321 1933 389 vna,
1976 319 2069 370 15x
2110 318 2161 369 ιτ..

2263 316 2273 370 ι
2313 312 2617 373 SGRIPTIS
2655 310 3045 369 ADORNATA.
3086 308 3212 365 LIB.
3253 307 3343 363 ΙΙΙ.

3734 305 3851 363 ὅθι

575 444 872 503 cathedram
897 442 1141 505 donaret,
1178 451 1292 508 qua:
1335 433 1474 502 apud
1521 433 1794 504 prazfatam
1840 429 2010 493 sedem
2040 427 2147 503 [ΑΙ.

2263 430 2311 485 in
2357 427 2807 483 monasteriorum
2840 426 3063 496 gratiam
3096 440 3125 493 a
3155 423 3211 478 S.
3245 421 3506 492 Gregorio
3553 430 3679 493 sunt
3708 438 3858 491 οοη-

574 536 771 608 urbem]
799 536 850 589 in
878 542 1137 604 posterum
1165 536 1473 583 servaretur.

645 607 811 682 Paulo
838 630 957 693 post
982 621 1209 677 reditum
1239 632 1393 671 suum
1423 620 1640 669 sanctus
1667 612 1947 681 episcopus
1967 625 1997 666 e
2018 607 2153 664 vivis

574 717 805 777 excessit
834 715 920 769 die
966 710 1033 767 15
1080 707 1416 764 Novembris.
1466 704 1655 758 Exstat
1679 701 1733 757 S.
1766 700 2008 770 Gregorii
2037 699 2154 769 epi-

592 810 700 865 tola
731 806 798 861 ad
827 804 946 874 ejus
987 812 1356 858 successorem
1387 794 1658 861 Pelagium
1708 791 1907 861 scripta
1957 788 2145 844 indict.

574 902 661 967 14,
691 914 809 969 qua:
836 892 1127 965 respondet
1152 906 1242 946 an.
1271 885 1377 943 595
1403 894 1455 941 et
1483 884 1587 938 596
1616 881 1765 953 (Lib.
1797 897 1871 948 v1,
1903 897 1983 951 ep.
2030 878 2148 949 52).

574 993 770 1047 Verum
818 1002 941 1045 cum
988 986 1128 1039 inter
1174 980 1388 1035 ultimas
1435 977 1535 1041 hac
1580 972 1870 1028 indictione
1906 978 2154 1025 currente

571 1084 796 1152 scriptas
825 1080 1049 1149 legatur,
1075 1074 1142 1127 ad
1163 1071 1320 1125 ﬁnem
1352 1069 1511 1136 hujus
1540 1063 1867 1132 indictionis,
1898 1060 2153 1134 proinde-

572 1189 677 1243 que
707 1171 775 1226 ad
800 1183 998 1225 annum
1027 1162 1129 1218 596
1159 1160 1427 1231 pertinere
1452 1156 1631 1212 debet.

610 1328 611 1331 η
645 1264 698 1319 9.
739 1260 851 1314 Etsi
898 1272 1004 1313 non
1049 1268 1217 1325 pauca
1247 1250 1300 1304 in
1329 1245 1773 1303 monasteriorum
1814 1238 2155 1297 commodum

574 1354 679 1408 hoc
719 1365 861 1406 anno
891 1363 921 1403 a
946 1345 1005 1402 S.
1033 1341 1291 1412 Gregorio
1330 1338 1621 1394 constituta
1647 1334 1758 1405 jam
1786 1331 2156 1389 observaveri-

577 1463 733 1509 mus,
780 1443 957 1511 aliqua
1004 1447 1183 1495 tamen
1232 1435 1404 1489 adhuc
1447 1438 1735 1502 supersunt
1778 1428 2157 1484 observatione

577 1537 757 1603 digna,
805 1547 923 1603 qua:
972 1528 1205 1585 breviter
1232 1527 1319 1580 hic
1346 1536 1630 1591 recensere
1660 1536 1768 1575 non
1799 1518 2014 1588 pigebit.
2049 1515 2158 1571 Mo-

577 1626 871 1681 nachorum
902 1622 989 1692 qui
1020 1619 1086 1675 ad
1114 1615 1472 1674 sacerdotium
1501 1628 1596 1668 seu
1636 1612 1813 1684 potius
1839 1610 1906 1665 ad
1934 1608 2155 1681 presby-

578 1727 810 1777 teratum
838 1714 1269 1776 assumebantur,
1321 1709 1407 1763 alii
1436 1706 1678 1763 ecclesiis
1704 1703 1951 1775 regendis
1990 1699 2157 1771 prtuli-

2255 519 2462 587 stituta,
2490 519 2581 572 vix
2609 515 2937 571 numerando
2962 530 3153 583 essem.
3179 514 3296 567 N011
3320 514 3493 579 minus
3518 529 3659 568 cura:
3686 522 3855 569 erant

2254 608 2346 678 pio
2375 607 2515 679 patri
2550 604 2983 661 sanctimoniales
3006 618 3165 673 quam
3196 603 3468 675 monachi,
3498 618 3631 673 quas
3654 613 3856 671 utpote

2255 698 2565 754 inﬁrmioris
2614 712 2813 763 sexus,
2864 695 3068 763 legibus
3110 693 3425 747 muniendas
3477 695 3853 763 severioribus

2256 789 2604 846 existimavit.
2653 790 2992 859 Quapropter
3021 800 3141 839 cum
3170 784 3467 854 accepisset
3495 801 3586 855 per
3614 784 3854 837 Anasta-

2256 884 2388 937 sium
2418 881 2667 934 medicam
2711 880 2762 933 in
2811 878 3040 949 quoiam
3085 876 3349 947 virginum
3398 876 3647 937 cmnohio
3688 876 3858 930 multa

2256 974 2397 1029 mala
2426 972 2718 1044 contigisse,
2769 971 2819 1025 ei
2867 968 3178 1035 monasterii
3211 967 3400 1036 hujus,
3450 977 3504 1022 et
3531 978 3855 1021 cmlerorum

2258 1082 2378 1137 qua:
2425 1081 2589 1129 sacrm
2637 1063 2867 1133 virgines
2916 1062 3246 1128 incolerent,
3294 1059 3439 1114 fores
3486 1058 3857 1121 occlulendns

2259 1173 2378 1215 esse
2408 1157 2634 1221 censuit,
2668 1155 2734 1209 de
2763 1154 2953 1217 anima:
2979 1153 3157 1224 potius
3188 1167 3349 1222 quam
3382 1159 3449 1207 de
3479 1149 3726 1221 corporis
3768 1164 3858 1201 sa-

2258 1253 2372 1308 lute
2400 1252 2661 1309 sollicitus
2688 1249 2826 1320 (Lib.
2855 1266 2907 1315 v,
2938 1266 3018 1319 ep.
3048 1248 3124 1316 6).

2331 1345 2632 1413 Romanum
2660 1342 2950 1403 exarclium
2981 1338 3477 1399 sanctituonialibus
3502 1336 3564 1390 ad
3594 1334 3857 1389 smcnlum

2260 1436 2490 1492 reversis
2513 1442 2567 1489 et
2592 1432 2841 1502 conjugio
2863 1431 3081 1497 sociatis
3108 1430 3360 1484 auxilium
3384 1426 3859 1497 patrociniumque

2260 1527 2682 1599 impendentem,
2733 1525 2799 1579 ab
2846 1523 2951 1577 hoc
3000 1528 3222 1593 peccato
3273 1519 3555 1583 deterruit,
3592 1518 3641 1570 ei
3684 1515 3860 1568 libere

2261 1619 2568 1689 signiﬁcans
2612 1631 2671 1671 se
2720 1614 3023 1671 nullatenus
3063 1612 3293 1666 amicum
3342 1610 3458 1678 ejus
3504 1623 3622 1663 esse
3667 1621 3857 1676 posse,

2261 1710 2349 1779 qui
2400 1716 2547 1762 tanto
2574 1706 2797 1775 ﬂagitio,
2829 1704 2972 1774 quod
3002 1702 3231 1757 inultum
3261 1715 3540 1755 remanere
3577 1712 3859 1768 nunquam

579 1810 874 1870 ciebantur,
904 1802 995 1858 alii
1020 1818 1116 1872 pro
1160 1798 1500 1855 monasteriis
1529 1794 1933 1859 ordinabantur,
1962 1791 2157 1860 quibus
2189 1816 2237 1879 Β
2262 1820 2518 1881 passm-us
2547 1811 2683 1867 erat,
2716 1801 2976 1870 tantisper
2998 1798 3201 1867 favum
3232 1796 3417 1869 (ιδίιιη
3450 1813 3531 1865 ep.
3561 1794 3674 1864 Ἃ).

577 1902 775 1957 addicti
814 1908 867 1955 et
906 1897 1106 1966 alligati
1136 1892 1539 1964 permanebant.
1572 1888 1640 1943 Et
1666 1888 1743 1942 illi
1767 1886 2005 1956 quidem,
2053 1882 2159 1939 nisi

576 1992 943 2047 consentiente
986 1988 1223 2051 abbate,
1277 1999 1382 2038 non
1426 1988 1678 2051 poterant
1724 1980 1791 2033 ab
1839 1977 2095 2047 episcopo
2126 1991 2159 2029 e

576 2078 903 2135 monasterio
935 2076 1069 2139 tolli,
1114 2082 1171 2129 ut
1198 2070 1479 2126 manifeste
1510 2069 1741 2138 probant
1767 2081 1883 2136 qua:
1914 2066 2160 2134 leguntur

577 2173 630 2225 in
659 2171 884 2240 epistola
930 2168 999 2220 ad
1046 2164 1343 2218 Candidum
1396 2161 1709 2232 episcopum
1737 2158 1801 2211 de
1832 2156 1968 2211 Urbe
2004 2156 2160 2210 veteri

574 2262 772 2328 scripta
821 2255 971 2326 (Lib.
1006 2271 1077 2316 v1,
1124 2270 1205 2322 ep.
1237 2250 1366 2320 28).
1421 2259 1447 2285 λ
1476 2248 1638 2315 ldque
1686 2245 1970 2300 conﬁrmat
2017 2244 2163 2313 quod

576 2350 791 2404 biennio
831 2347 984 2418 257
1026 2352 1150 2411 post
1184 2340 1398 2408 scripsit
1435 2338 1502 2392 ad
1552 2336 1906 2390 Marinianum
1945 2335 2159 2389 Raven-

577 2450 754 2495 natem
802 2432 1387 2507 episcopumzPariter
1434 2440 1603 2483 autent
1650 2428 2036 2481 custodiendum
2064 2438 2157 2494 est,

576 2542 633 2586 ut
660 2531 814 2585 invito
842 2529 1070 2598 ejusdem
1098 2523 1396 2581 monasterii
1418 2520 1621 2585 abbate,
1646 2523 1713 2573 ad
1741 2519 2033 2574 ordinanda
2055 2521 2163 2572 alia

578 2625 913 2685 monasteria,
945 2632 1034 2675 aut
1062 2620 1130 2673 ad
1159 2617 1364 2671 ordines
1395 2630 1569 2669 sacros
1592 2654 1606 2679 ,
1648 2613 1724 2666 vel
1762 2613 2031 2665 clericatus
2060 2612 2164 2681 σεῖ-

578 2721 733 2784 cium,
750 2717 860 2770 tolli
875 2712 1062 2769 exinde
1071 2711 1307 2766 monachi
1322 2725 1422 2762 non
1439 2705 1654 2760 debeant
1668 2703 1805 2775 (Lib.
1824 2720 1934 2771 vni,
1950 2720 2029 2773 ep.
2046 2702 2157 2771 15).

649 2807 731 2861 Ad
758 2819 967 2860 sacrum
996 2800 1351 2858 ministerium
1365 2796 1601 2852 ordinari
1630 2810 1737 2848 non
1755 2793 2042 2861 debebant,
2062 2792 2163 2847 nisi

576 2900 853 2972 prtemisso
882 2897 947 2951 de
975 2896 1082 2950 vita
1115 2903 1167 2948 et
1196 2891 1437 2947 moribus
1464 2888 1606 2944 serio
1636 2885 1886 2941 examine
1912 2883 2057 2956 (Lib.
2087 2900 2159 2950 vr,

548 3004 694 3063 'epp.
724 2990 794 3045 28
822 2997 871 3044 et
899 2988 1020 3059 42).
1051 2986 1120 3040 Et
1146 2984 1202 3040 hi
1231 2983 1447 3052 quidem
1492 2980 1639 3036 velut
1675 2978 1997 3048 emancipati
2026 2977 2162 3031 ulte-

576 3088 689 3141 rius
716 3086 771 3139 in
796 3079 1128 3137 monasterio
1157 3092 1259 3132 nec
1286 3073 1606 3130 habitabant
1630 3085 1732 3126 nec
1758 3067 2035 3125 habitandi
2061 3082 2161 3137 po-

2340 1916 2427 1970 11.
2470 1914 2514 1968 Α
2543 1929 2600 1971 se
2628 1913 2918 1968 constituta
2968 1918 3178 1964 mutare
3228 1916 3283 1961 et
3333 1906 3437 1969 ﬁxa
3487 1904 3714 1974 reﬁgere
3746 1919 3857 1959 non

2267 2006 2553 2063 verebatur
2606 2003 2823 2057 humilis
2872 1998 3205 2068 Gregorius,
3257 1996 3470 2066 quando
3518 1995 3861 2064 experientia

2267 2104 2599 2167 compertum
2647 2094 2898 2159 habebat,
2951 2104 3014 2145 ea
3062 2088 3369 2157 reipublicae
3398 2085 3715 2143 Christianae
3747 2099 3860 2136 non

2267 2188 2496 2259 amplius
2520 2183 2794 2256 prodesse.
2825 2180 3008 2251 itaque
3035 2178 3276 2251 quamvis
3306 2176 3547 2245 plurimis
3572 2175 3626 2229 in
3654 2173 3865 2242 episto-

2268 2283 2332 2337 lis
2362 2279 2500 2349 (Lib.
2535 2293 2570 2342 1,
2614 2292 2729 2344 epp.
2762 2270 2830 2326 55
2858 2281 2904 2327 et
2931 2271 3022 2340 b7)
3052 2270 3326 2325 docuisset
3352 2283 3471 2323 cum
3502 2264 3859 2321 heterodoxis

2268 2382 2322 2427 ct
2351 2371 2478 2441 ipsis
2504 2366 2701 2423 Judazis
2728 2364 2909 2421 mitius
2938 2377 3057 2421 esse
3086 2360 3346 2430 agendum
3373 2398 3387 2422 ,
3428 2357 3860 2427 religionemque

2265 2462 2645 2523 Christianam,
2671 2472 2777 2511 non
2806 2454 2962 2509 minis
2986 2460 3042 2508 et
3068 2451 3383 2515 terroribus,
3408 2450 3499 2503 sed
3522 2446 3859 2515 benignitate

2268 2572 2331 2610 ac
2358 2550 2741 2624 prwdicationis
2768 2546 3039 2610 suavitate,
3060 2541 3371 2613 persuaderi
3402 2539 3599 2595 debere
3625 2555 3637 2589 :
3664 2547 3858 2607 postea

2267 2655 2446 2699 tamen
2477 2649 2681 2697 mutato
2699 2637 2942 2702 consilio,
2961 2634 3268 2705 frequenter
3294 2629 3509 2698 scripsit
3532 2627 3858 2687 Manicliazos

2268 2743 2323 2791 et
2350 2733 2563 2789 Judaeos
2592 2730 2680 2801 qui
2720 2729 2774 2783 in
2819 2723 3247 2797 possessionibus
3294 2720 3549 2775 Romana:
3597 2716 3857 2769 Ecclesiae

2267 2832 2420 2881 erant
2469 2823 2631 2893 (cum
2676 2816 3080 2875 mansuetudine
3125 2813 3302 2886 pellici
3348 2826 3453 2865 non
3502 2807 3846 2881 potuissent)

2266 2929 2608 2985 summopere
2636 2928 2755 2968 esse
2784 2907 3125 2967 insectandos
3155 2914 3208 2969 et
3245 2905 3457 2961 tributis
3502 2886 3849 2959 onerandas:

2266 3022 2558 3065 conversos
2584 3014 2762 3061 autem
2791 3002 2856 3057 ad
2889 3001 3064 3066 ﬁdem,
3097 2996 3336 3054 remissis
3364 3011 3427 3055 ex
3459 3008 3609 3065 parte
3634 2992 3854 3063 pensio.

2265 3114 2395 3154 num
2422 3096 2673 3152 oneribus
2702 3091 3116 3149 conﬁrmandos.
3151 3088 3219 3143 Et
3246 3090 3311 3153 si,
3342 3086 3529 3154 inquit,
3560 3086 3659 3151 ipsi
3683 3084 3857 3137 minus

577 3186 826 3233 tes‘atem
879 3174 1147 3228 habebam
1202 3176 1296 3223 aut
1341 3166 1611 3221 “centiam
1654 3180 1667 3217 ³
1846 3161 2164 3261 ἠθηαδιθνίξι
2191 3191 2239 3255 C
2269 3190 2487 3261 ﬁdeliter
2514 3187 2717 3240 veniunt
2751 3183 2858 3254 (ad
2886 3181 3185 3236 Ecclesium
3206 3184 3245 3242 ),
3275 3179 3328 3231 lii
3360 3188 3528 3233 tamen
3572 3175 3658 3246 qui
3688 3175 3754 3225 de
3783 3174 3853 3226 eis

578 3272 731 3341 hujus
759 3268 1042 3322 occasionis
1068 3262 1316 3318 uelamine
1342 3301 1357 3327 ,
1386 3275 1448 3313 ea
1473 3272 1590 3327 qua:
1617 3254 1962 3325 prohibemus,
2007 3253 2163 3308 susti-

580 3382 699 3419 nere
730 3379 889 3417 onera
914 3358 1307 3429 compellantur,
1340 3351 1512 3421 inquit
1538 3349 1597 3404 S.
1628 3347 1918 3416 Gregorius
1944 3346 2036 3400 lib.
2067 3360 2160 3411 vn,

580 3474 667 3527 ep.
700 3454 788 3509 45.
835 3453 936 3519 Qui
967 3465 1095 3505 vero
1124 3462 1223 3518 pro
1252 3442 1593 3507 monasteriis
1622 3439 1918 3511 presbyteri
1965 3438 2164 3493 consti-

584 3547 893 3602 tuebantur.
940 3539 1113 3595 adhuc
1148 3536 1283 3605 juris
1326 3533 1580 3589 abbatum
1626 3537 1800 3597 erant,
1833 3543 2007 3597 neque
2033 3528 2163 3583 obe-

579 3636 794 3693 dientize
832 3634 1017 3702 jugum
1064 3635 1318 3685 excutere
1346 3629 1631 3696 poterant;
1674 3620 1815 3692 quod
1844 3620 2007 3674 etiam
2053 3618 2160 3675 Re-

578 3729 716 3798 gulae
744 3727 802 3782 S.
831 3722 1106 3781 Benedicti
1151 3736 1201 3775 c.
1232 3717 1300 3771 62
1329 3728 1546 3779 cautum
1575 3719 1686 3779 est;
1729 3725 1928 3779 eosque
1958 3718 2162 3764 tantum

579 3821 864 3877 ordinabat
912 3816 1236 3886 episcopus,
1284 3823 1420 3879 quos
1469 3806 1536 3862 ad
1582 3805 1687 3859 hoc
1725 3802 1957 3858 ollicium
1995 3801 2162 3857 abbas

579 3915 805 3983 ejusque
834 3905 1180 3976 congregatio
1210 3902 1517 3969 elegissent.
1567 3896 1645 3951 Ad
1684 3909 1949 3953 summum
1983 3900 2162 3953 tamen

579 4003 958 4064 sacerdotium,
992 4013 1099 4053 non
1130 4001 1447 4063 exspectato
1478 3989 1733 4043 abbatum
1756 3995 1847 4039 aut
1868 3998 2165 4053 congrega-

580 4101 786 4157 tionum
817 4108 1104 4159 consensu,
1134 4089 1248 4147 sola
1294 4085 1422 4142 cleri
1470 4082 1757 4153 populique
1795 4080 2071 4133 voluntate
2100 4093 2164 4141 ac

580 4188 943 4263 postulatione
989 4182 1101 4251 rapi
1142 4184 1411 4250 poterant.
1444 4175 1597 4230 Tunc
1625 4173 1768 4227 enim
1798 4186 1866 4225 ex
1892 4170 1919 4207 δ
1953 4170 2163 4226 clericis

583 4260 640 4336 et
666 4296 733 4336 ex
778 4273 1055 4331 monachis
1082 4265 1539 4326 indiscriminatim
1571 4262 1984 4318 assumebantur
2009 4301 2024 4329 ,
2070 4260 2163 4330 qui

584 4367 880 4442 episcopali
906 4364 1253 4431 fungerentur
1281 4371 1409 4411 cura
1440 4352 1577 4426 (Lib.
1610 4368 1650 4421 1,
1681 4368 1760 4421 ep.
1802 4349 1908 4419 18).

651 4459 763 4515 Etsi
792 4453 1032 4512 nondum
1060 4451 1176 4517 lege
1204 4445 1392 4503 fuisset
1420 4442 1770 4501 constitutum
1795 4482 1811 4508 ,
1855 4448 1913 4494 ut
1942 4440 2162 4495 abbates

583 4559 763 4611 essent
804 4542 1145 4619 presbyteri,
1190 4554 1299 4593 non
1343 4550 1464 4599 raro
1504 4542 1682 4587 tamen
1714 4531 2063 4601 presbyterali
2090 4530 2165 4583 di-
2186 4560 2243 4624 Β

582 4646 786 4714 gnitate
815 4646 943 4695 tunc
970 4633 1203 4703 insignes
1230 4634 1404 4689 erant,
1434 4624 1523 4696 qui
1551 4620 1796 4690 regendis
1820 4620 2160 4675 monasteriis

586 4711 1012 4803 praeﬁciebantur
1034 4765 1047 4789 ,
1091 4730 1148 4776 ut
1177 4736 1242 4775 ex
1273 4716 1514 4787 plurimis
1540 4714 1599 4767 S.
1630 4712 1873 4780 Gregorii
1919 4711 2159 4780 epistolis

586 4800 923 4889 exploratum
952 4813 1229 4875 habemus,
1259 4814 1314 4862 et
1342 4821 1409 4861 ex
1433 4804 1598 4858 variis
1627 4802 1746 4857 aliis
1770 4800 2024 4856 Ecclesiae
2051 4817 2163 4856 mo-

591 4907 874 4970 numentis.
925 4903 1025 4970 Qui
1070 4908 1292 4971 propter
1329 4898 1539 4965 lapsum
1584 4909 1616 4947 a
1662 4906 1818 4947 sacro
1863 4891 2160 4946 ministerio

587 5012 800 5054 cessare
844 4993 977 5063 jussi
1022 4992 1233 5045 fuerant
1280 4987 1503 5041 abbates
1545 4980 1883 5053 presbyteri,
1932 4980 2059 5035 licet
2092 4980 2163 5036 ad

587 5084 920 5145 sacerdotale
944 5080 1177 5138 ofﬁcium
1217 5090 1496 5144 resurgere
1526 5086 1799 5140 nunquam
1824 5080 2062 5140 possent,
2094 5071 2165 5127 ad

585 5175 1036 5235 monasteriorum
1059 5177 1236 5225 tamen
1256 5165 1603 5237 praefecturas
1626 5162 1823 5227 redire,
1852 5176 1915 5215 ex
1939 5162 2167 5217 sanctis-

583 5268 708 5326 simi
736 5263 1006 5337 pontiﬁcis
1035 5258 1362 5328 indulgentia
1392 5254 1537 5326 passi
1565 5260 1689 5309 sunt
1715 5250 1874 5323 (Vide
1893 5251 1982 5305 tib.
2015 5267 2052 5319 1,
2078 5268 2159 5324 ep.

584 5365 648 5429 9;
679 5363 769 5418 tib.
801 5377 857 5428 ν,
884 5375 1002 5428 app.
1032 5355 1083 5423 5,
1114 5354 1169 5416 4,
1204 5352 1254 5419 7,
1286 5348 1354 5403 58
1376 5349 1415 5419 ).

654 5454 741 5509 10.
782 5453 842 5508 Si
877 5449 1060 5509 omnia
1096 5446 1288 5501 vellem
1318 5443 1403 5497 hic
1432 5453 1714 5496 recensere
1741 5452 1859 5507 quae.
1888 5438 1991 5493 hoc
2021 5451 2162 5493 anno

653 5614 680 5641 ιι
723 5603 1003 5673 Propterea
1062 5594 1399 5673 prmsentibus
1455 5590 1621 5673 vobis.
1656 5589 1917 5644 licentiam
1965 5589 2162 5673 ,damus

583 5660 841 5743 epistolis,
866 5660 1142 5726 monac/tos
1164 5667 1225 5720 de
1243 5664 1576 5743 Antonasteriis
1597 5664 1660 5743 lin
1684 5670 1769 5713 tua
1795 5660 2043 5743 parocbia
2068 5676 2163 5728 po-

584 5728 726 5805 sitis,
768 5728 882 5795 cum
922 5755 1171 5794 consensu
1201 5735 1400 5789 abbatis
1428 5734 1505 5788 sui
1535 5732 1711 5786 tollere
1749 5728 1803 5784 et
1840 5728 2162 5798 presbyteros

588 5812 845 5869 Ordinare.
870 5811 877 5821 “

2268 3285 2380 3336 nati
2409 3281 2617 3352 fuerint,
2653 3279 2766 3348 jam
2791 3275 2995 3345 ﬁdelius
3026 3272 3376 3341 baptizantur.
3409 3268 3509 3320 Aut
3535 3267 3677 3333 ipsos
3706 3282 3853 3335 ergo,

2270 3386 2357 3429 aut
2385 3389 2560 3430 eorum
2586 3371 2723 3440 ﬁlios
2748 3369 3008 3422 lucramur
3040 3363 3179 3435 (Lib.
3212 3380 3266 3429 v,
3297 3379 3379 3432 cp.
3411 3359 3488 3428 8).

2339 3470 2607 3535 Quantum
2655 3460 2924 3519 lucrandis
2962 3458 3244 3514 animabus
3282 3456 3511 3510 initiaret
3545 3452 3602 3507 S.
3644 3450 3854 3519 Grego-

2266 3564 2380 3631 rius
2424 3560 2759 3631 potissimum
2805 3554 3073 3617 ostendit,
3123 3550 3296 3607 missis
3336 3549 3402 3601 ad
3432 3546 3634 3616 Anglos
3677 3544 3857 3598 adhuc

2265 3655 2533 3711 idolorum
2554 3650 2721 3711 cultui
2748 3647 2956 3702 deditos
2986 3641 3451 3714 praedicatoribus;
3483 3639 3550 3693 de
3570 3652 3674 3707 qua
3696 3650 3852 3691 sacra

2267 3747 2611 3820 expeditione
2640 3756 2781 3799 nunc
2808 3740 3093 3808 agendum.

2882 3850 3109 3909 CAPUT
3148 3849 3237 3904 IV.

2266 3960 2459 4010 Ancon.
2480 3983 2539 3992 ——
2568 3957 2605 4003 l.
2634 3951 2973 4010 S.Gregorius
3012 3947 3155 4010 mittit
3206 3940 3605 4010 S._Augu_stinnm
3652 3941 3716 4010 in.
3747 3938 3854 3987 Αη..

2327 4001 2487 4084 ges.
2515 4001 2951 4084 τξᾷίιῖιιιτίιῖίςμιςρ
2996 4008 3106 4055 ίίοεθὶ
3132 4005 3387 4084 ριοτᾳίιηη
3429 4005 3478 4052 in
3500 4001 3850 4084 Britanpian:

2570 4062 2833 4144 idololatrae
2860 4072 2979 4117 hanc
3003 4076 3239 4138 occupant
3266 4064 3619 4144 ἱιιεμιειιιιὲρ-ἑ,
3646 4062 3849 4144 Quando

2332 4124 2859 4209 prdie-(iii-Augustinnus
2883 4141 2956 4199 et.
2976 4132 3091 4178 socii
3127 4124 3372 4209 monachi.
3394 4152 3453 4161 ——
3473 4124 3640 4209 5.131),?
3687 4125 3848 4209 relditu

2326 4186 2599 4269 Seguiiiiés
2621 4186 2723 4249 5’s.
2748 4194 2995 4269 _Gr_egorio
3021 4192 3417 4269 corroborentur.
3443 4213 3504 4269 -Σ
3526 4187 3573 4234 6.
3597 4188 3700 4269 Qluo
3744 4186 3851 4234 loco

2327 4248 2653 4319 EJEiiiiiQiﬁn’.
2670 4284 2733 4295 —-
2748 4260 2795 4309 7.
2820 4248 2995 4319 librum
3018 4256 3113 4302 iter
3141 4265 3230 4313 per
3251 4250 3451 4297 Galliam
3474 4248 3849 4319 describitur.—

2683 4304 2795 4382 (ιιιί)⁷
2816 4304 3023 4382 appulsi__
3044 4304 3157 4364 sunt
3186 4324 3375 4382 regite,
3403 4322 3546 4382 rege,
3572 4304 3764 4382 regitis.
3789 4335 3851 4346 —-

2325 4372 2373 4442 ὖ.
2400 4372 2907 4449 Ᾰιῖεἶιςιὶιιμς’]·θεὸιὶι
2952 4378 3078 4449 2ᾱίιό
3181 4372 3517 4449 10:;Ejusdetn
3545 4373 3619 4449 “ad
3646 4384 3846 4449 regem

2716 4431 3017 4503 Responsum
3042 4431 3340 4485 Edilberthi.‘
3357 4461 3416 4503 τ
3444 4431 3846 4503 ιξωριιιῃιξξιῇειῃ]

2329 4494 2738 4578 iugi-oditur'cum
2762 4494 2921 4553 sociis.
2947 4502 3054 4558 Quo
3080 4503 3329 4561 apparatu.
3354 4496 3471 4556 (An.
3491 4494 3585 4544 595
3608 4501 3661 4540 et
3680 4494 3817 4552 596.)

2338 4619 2388 4671 1.
2433 4614 2723 4682 Anglorum
2766 4606 2995 4662 salutem
3019 4602 3129 4671 jam
3158 4616 3190 4654 a
3217 4600 3379 4667 longo
3421 4608 3664 4665 tempore
3690 4597 3845 4652 sitie-

2267 4712 2361 4765 bat
2406 4703 2734 4775 Gregorius,
2777 4696 2921 4767 quod
2966 4708 3036 4747 ex
3065 4702 3087 4730 ο
3121 4699 3278 4745 antea
3326 4688 3485 4745 dictis
3527 4687 3733 4755 liquet,
3785 4702 3852 4743 ac

2268 4797 2599 4857 Britanniam
2627 4788 2917 4859 cogitabat.
2965 4783 3034 4839 Ut
3069 4781 3218 4837 verbi
3269 4780 3364 4834 Dei
3412 4793 3688 4849 praecones
3719 4778 3850 4833 illuc

2267 4890 2416 4948 brevi
2463 4880 2755 4956 profecturi
2797 4879 3007 4946 aliquos
3055 4872 3329 4941 adjutores
3374 4870 3653 4934 haberent,
3687 4869 3851 4938 jussit

2265 4975 2693 5050 sapientissimus
2719 4966 2955 5040 pontifex
2980 4981 3011 5019 a
3034 4962 3271 5018 Candida
3301 4960 3561 5016 Gallicani
3592 4962 3849 5030 patrimo-

2267 5071 2341 5124 nii
2385 5073 2617 5129 rectore,
2667 5076 2734 5114 ex
2782 5057 3073 5125 Anglorum
3121 5060 3279 5121 gente
3325 5050 3626 5119 comparari
3664 5051 3851 5105 adole-

2266 5166 2501 5223 scentes,
2528 5155 2592 5208 ab
2620 5152 2772 5206 annis
2800 5150 2974 5203 decem
3001 5154 3049 5199 et
3076 5152 3290 5213 septem,
3320 5143 3396 5196 vel
3421 5142 3595 5195 decem
3640 5152 3689 5195 et
3734 5153 3850 5197 octo

2265 5250 2406 5323 (Lib.
2439 5264 2509 5313 v1,
2556 5262 2635 5315 ep.
2667 5242 2746 5311 7),
2785 5248 2841 5295 et
2868 5239 2922 5293 in
2950 5233 3290 5291 monasteriis
3318 5231 3387 5286 de
3417 5231 3521 5287 ﬁde
3550 5232 3852 5300 ritibusque

2266 5321 2586 5396 Christianis
2613 5332 2827 5390 edoceri
2865 5346 2930 5385 ac
2956 5326 3173 5391 erudiri,
3205 5339 3436 5395 quorum
3463 5331 3653 5393 postea
3689 5321 3851 5375 mini-

2266 5435 2432 5490 sterio
2475 5431 2542 5485 ad
2590 5426 2763 5497 gentis
2793 5423 2955 5478 totius
2983 5418 3392 5475 conversionem
3436 5421 3699 5469 uteretur.
3738 5411 3850 5466 Etsi

2339 5590 2365 5629 δ
2394 5588 2468 5641 De
2489 5587 2624 5639 clero
2650 5582 3001 5636 Ecclesiarum
3024 5579 3274 5647 ipsarum,
3304 5576 3378 5627 vel
3406 5590 3470 5627 ea;
3491 5569 3845 5647 monasteriis,

2267 5663 2310 5717 si
2658 5654 2724 5706 ad
2755 5636 3126 5733 sacerdotalem
3151 5636 3318 5701 locum
3347 5653 3561 5715 possunt
3596 5636 3844 5699 inveniri.

2341 5717 2378 5770 θ’
2407 5717 2654 5783 γὶίιθἸὼ.
2686 5741 2723 5792 t,
2754 5740 2802 5777 c.
2836 5720 2884 5785 5,
2919 5736 3063 5773 num.
3097 5717 3149 5772 5.
