4138 6452
330 341 439 399 5θὸ

804 338 865 395 S.
905 335 1235 395 GREGORII
1273 336 1490 395 MAGNI
1529 335 1714 402 VITA,
1754 334 1849 390 EX
1887 331 2058 393 EJUS
2095 334 2399 397 SCRIPTIS
2436 336 2835 411 ADOBNATA.
2875 340 3005 398 LIB.
3043 340 3131 403 Ill.

3504 344 3611 405 566

323 454 567 510 nondum
614 459 765 507 tanto
811 450 983 506 labori
1011 457 1065 506 et
1108 450 1259 520 operi
1298 450 1493 505 maturi
1526 449 1836 505 viderentur
1864 448 2000 517 hiA
2027 447 2359 521 superandas
2406 448 2781 506 haereticorum
2811 453 3111 519 versutias,
3150 452 3382 523 impares
3409 454 3611 509 sentie-

322 546 479 616 pueri
527 545 717 615 (sexto
748 543 891 596 enim
922 557 1064 596 anno
1092 541 1176 596 sui
1206 540 1553 611 pontiﬁcatus
1581 540 1818 604 ineunte,
1852 539 1919 593 de

322 638 454 708 ipsis
499 634 745 690 emendis
790 633 1011 704 scripsit
1061 633 1118 687 S.
1175 630 1468 702 Gregorius
1506 631 1572 685 ad
1616 629 1915 689 Candidum

319 729 720 800 presbyterum,
742 732 797 778 et
819 725 1012 781 eodem
1044 731 1297 787 exeunte,
1324 721 1677 791 Augustinum
1708 720 1761 775 in
1788 718 1915 773 Gal-

318 821 449 874 liam
477 818 655 882 misit,
696 816 835 875 unde
879 816 933 869 in
973 814 1215 883 Angliam
1244 822 1431 882 postea
1460 809 1909 881 transmitteret),

318 910 459 964 hanc
508 917 689 963 tamen
730 906 1126 976 expeditionem
1170 904 1372 960 diutius
1415 900 1913 972 procrastinandam

318 1016 429 1055 non
477 1008 561 1055 est
606 1006 755 1054 ratus
780 1015 793 1062 ;
817 998 932 1053 sive
959 995 1105 1065 quod
1134 1003 1309 1050 morte
1331 1033 1346 1059 ,
1393 1008 1556 1064 quam
1586 1008 1653 1048 ex
1683 990 1913 1049 assiduis

316 1088 522 1145 morbis
550 1089 780 1144 vicinam
811 1100 933 1141 esse
958 1084 1351 1153 suSpicabatur,
1393 1082 1675 1153 pneveniri
1703 1089 1911 1137 metue-

314 1189 430 1243 ret,
461 1181 573 1235 sive
600 1179 782 1251 potius
826 1178 972 1247 quia,
1023 1186 1080 1230 ut
1124 1176 1243 1245 ipse
1290 1174 1466 1228 innuit
1495 1173 1561 1227 ad
1607 1171 1913 1228 Gallicanos

314 1272 602 1340 episcopos
657 1269 935 1334 scribens,
989 1266 1280 1334 Anglorum
1333 1273 1549 1334 gentem
1603 1264 1742 1319 velle
1793 1263 1911 1320 ﬁeri

312 1361 673 1417 Christianam
689 1362 1017 1422 inaudierat;
1054 1359 1250 1414 Bertba
1273 1358 1570 1414 Edilberthi
1591 1357 1907 1413 Cantiorum

310 1453 457 1520 regis
502 1467 673 1507 uxore
714 1451 1044 1517 Christiana,
1072 1450 1249 1504 virum
1294 1449 1644 1518 proculdubio
1682 1450 1909 1518 ejusque

309 1543 558 1597 subditos
603 1543 670 1596 ad
713 1541 911 1597 Christi
958 1529 1115 1595 ﬁdem
1145 1540 1555 1609 amplexandam
1600 1540 1908 1611 pelliciente

311 1635 499 1706 (me,
533 1651 648 1705 ερρ.
677 1633 766 1698 se,
801 1632 1036 1698 55,etc.,
1068 1630 1157 1699 58,
1190 1631 1299 1702 59).

379 1725 431 1777 2.
473 1725 650 1779 Insula
696 1725 787 1778 illa
826 1724 1073 1779 omnium
1100 1738 1220 1791 quae
1248 1722 1478 1793 Europae
1506 1722 1756 1792 adjacent
1786 1737 1904 1777 am-

2025 534 2194 601 bant,
2262 536 2398 592 duos
2456 538 2699 594 doctrina
2747 548 2801 594 et
2856 544 3142 598 sanctitate
3192 542 3490 617 praecipuos
3552 543 3610 597 in

2023 626 2316 687 subsidium
2349 626 2637 697 episcopos
2660 628 2939 695 miserunt,
2968 629 3177 700 Lupum
3204 629 3528 685 Trecensem
3554 638 3611 686 et

2022 715 2351 771 Germanum
2382 716 2909 781 Autissiodorensem
2935 720 3271 790 episcopum,
3302 719 3452 789 cujus
3479 735 3611 790 prae-

2025 808 2212 863 sertim
2246 807 2515 862 miraculis
2542 815 2596 861 et
2641 808 3024 877 praedicatione
3068 811 3161 879 qui
3190 818 3611 879 perseverarent

2021 900 2074 953 in
2108 900 2230 966 tide,
2256 900 2555 955 conllrmati
2571 907 2716 963 sunt,
2737 897 3102 970 debellatique
3118 900 3455 956 heterodoxi.
3488 900 3607 955 Bri-

2022 993 2288 1048 tannicam
2335 997 2522 1062 postea
2560 990 2858 1047 Ecclesiam
2902 1006 2933 1044 a
2984 993 3194 1045 caneris
3239 1007 3380 1062 pene
3427 991 3609 1046 divisit

2019 1078 2303 1135 Scotorum
2338 1094 2489 1135 error
2514 1086 2568 1133 et
2588 1078 2872 1147 singularis
2908 1078 2961 1132 in
2990 1079 3310 1135 celebrando
3348 1080 3607 1150 paschale

2017 1175 2172 1240 ritus,
2233 1188 2393 1243 quem
2424 1172 2768 1228 doctissimus
2812 1168 3065 1235 Petavius
3112 1176 3288 1227 ortum
3330 1177 3485 1239 putat
3535 1185 3605 1227 ex

2018 1267 2252 1321 Anatolii
2295 1267 2415 1322 loco
2458 1264 2592 1318 falsa
2638 1261 2817 1317 Ruﬁni
2852 1259 3299 1331 interpretatione
3326 1267 3602 1330 corrupto.

2016 1357 2159 1413 Sane
2227 1357 2581 1421 Anatolium,
2653 1355 2747 1423 qui
2808 1352 2909 1407 fuit
2960 1351 3293 1406 Laodicenus
3365 1358 3604 1419 tempore

2015 1447 2336 1502 Diocletiani
2370 1456 2425 1502 et
2462 1442 2771 1499 Maximiani
2815 1441 3122 1510 episcopus,
3165 1439 3301 1493 mire
3337 1436 3520 1491 laudat
3543 1436 3599 1491 S.

2014 1536 2379 1592 Columbanus
2401 1537 2454 1590 in
2486 1545 2509 1575 ο
2542 1535 2702 1604 epist.
2726 1532 2794 1588 ad
2815 1532 2871 1587 S.
2896 1530 3237 1599 Gregorium,
3270 1529 3324 1583 in
3361 1542 3467 1599 qua
3505 1542 3605 1599 pro

2012 1624 2117 1681 hoc
2136 1640 2353 1681 suorum
2382 1624 2673 1679 Scotorum
2701 1623 2808 1678 ritu
2828 1621 3072 1679 decertat
3114 1619 3226 1691 (Cf.
3250 1617 3602 1674 animadvers.

2011 1715 2081 1768 ad
2103 1714 2457 1786 Epiphaniam
2486 1714 2671 1770 haeres.
2706 1710 2817 1782 5i).

306 1817 563 1885 plissima,
598 1815 872 1890 Britannia
905 1822 1031 1868 tunc
1060 1814 1204 1869 dicta
1228 1855 1247 1881 ,
1294 1821 1349 1868 et
1395 1814 1463 1868 ab
1501 1814 1685 1880 Anglis
1712 1813 1905 1872 incolis
1932 1821 1984 1889 Β
2082 1805 2134 1859 5.
2167 1804 2527 1861 Christianam
2549 1802 2870 1871 religionem
2890 1800 2946 1855 in
2966 1798 3140 1856 insula
3160 1811 3299 1868 pene
3326 1795 3605 1859 oblittera-

305 1906 495 1975 Anglia
547 1915 736 1976 postea
788 1920 982 1974 magna
1030 1921 1099 1960 ex
1145 1916 1299 1974 parte
1348 1914 1695 1974 nuncupata,
1742 1905 1902 1972 longe

302 2006 593 2066 antequam
620 1997 686 2051 ab
712 1997 815 2050 hac
838 2004 1000 2064 gente
1042 2003 1421 2063 occuparetur,
1452 1994 1608 2049 ﬁdem
1638 1993 1901 2049 Christia-

299 2103 428 2142 nam
456 2089 620 2159 258
647 2095 976 2155 susceperat,
1010 2093 1067 2140 et
1090 2096 1117 2123 ει
1137 2086 1206 2139 ab
1238 2086 1367 2154 ipsis
1394 2084 1609 2153 quidem
1639 2086 1705 2155 (si
1730 2084 1898 2140 Euse-

298 2182 420 2235 bius
448 2179 795 2235 Caesariensis
824 2179 1113 2249 episcopus
1156 2177 1441 2247 audiatur)
1484 2177 1680 2232 Christi
1711 2177 1896 2233 Salva-

300 2273 437 2327 toris
466 2272 761 2342 discipulis.
791 2271 1019 2337 Quinam
1052 2271 1130 2325 illi
1156 2271 1357 2325 fuerint
1385 2285 1491 2325 non
1520 2269 1782 2325 audemus
1808 2284 1896 2324 as-

300 2380 511 2430 serere;
541 2365 702 2432 vulgo
721 2373 899 2418 tamen
916 2364 1152 2417 cre'litur
1165 2361 1458 2432 Josephum
1480 2363 1547 2416 ab
1569 2360 1893 2416 Arimathata

300 2454 328 2495 ιι
358 2456 628 2510 Britannis
651 2454 927 2509 Christum
953 2453 1321 2507 annuntiasse.
1354 2451 1584 2506 Sanctos
1611 2450 1894 2519 apostolos

300 2546 516 2603 Petrum
542 2556 597 2602 et
624 2546 846 2601 Paulum
894 2547 948 2600 in
997 2544 1329 2598 Britanniam
1360 2542 1657 2608 trajecisse,
1707 2540 1894 2609 praedi-

300 2640 457 2696 candi
488 2638 760 2708 Evangelii
790 2652 950 2693 causa
994 2635 1376 2691 nonnullorum
1408 2643 1488 2688 cst
1518 2634 1803 2697 sententia,
1834 2640 1893 2687 ut

298 2730 440 2799 apud
468 2728 855 2799 Spelmannum
885 2728 1066 2795 legere
1094 2727 1244 2790 licet;
1288 2726 1352 2778 ad
1381 2724 1522 2795 quod
1550 2723 1891 2792 probandum

298 2819 572 2874 adducunt
590 2818 958 2873 testimonium
990 2815 1322 2870 Theodoriti.
1354 2814 1457 2881 Qui
1487 2814 1806 2868 Britannica:
1835 2822 1893 2869 et

298 2910 535 2980 Anglice:
594 2910 768 2977 gentis
825 2908 1103 2962 historiam
1155 2907 1327 2960 texuit
1375 2905 1697 2959 venerabilis
1745 2904 1890 2960 Beda

299 3001 442 3072 (Lib.
474 3017 512 3067 ι,
545 3000 681 3054 Hist.
714 3018 760 3054 c.
793 2998 873 3070 4),
902 3000 969 3053 de
999 2998 1148 3053 Lucii
1192 2997 1333 3065 regis
1362 2995 1715 3051 conversione
1755 2997 1884 3065 agit,

299 3093 524 3148 sedente
548 3091 732 3146 Roma:
759 3091 1090 3155 Eleutherio,
1124 3106 1153 3144 a
1183 3104 1291 3158 quo
1324 3088 1521 3143 Lucius
1551 3088 1700 3143 verbi
1725 3088 1890 3143 divini

298 3196 577 3253 praecones
599 3183 752 3251 petiit
793 3188 848 3235 et
890 3179 1235 3249 impetravit,
1268 3178 1410 3233 circa
1454 3192 1651 3231 annum
1690 3175 1889 3233 Christi
1918 3197 1967 3265 α

302 3274 403 3330 177
442 3284 534 3327 aut
583 3271 704 3326 180.
754 3271 895 3326 Sane
942 3269 1302 3325 Tertullianus
1354 3267 1641 3321 Eleutherii
1692 3282 1892 3336 suppar

297 3362 391 3417 lib.
424 3362 679 3416 adversus
706 3359 941 3425 Iudaeos,
957 3374 1116 3428 quem
1141 3359 1283 3413 circa
1306 3372 1393 3411 an.
1410 3355 1515 3409 208
1535 3356 1889 3423 elucubravit,

298 3456 460 3510 docet
493 3469 618 3525 cap.
652 3454 683 3506 7
706 3495 721 3519 ,
755 3453 1135 3507 Britannorum
1179 3450 1453 3505 inaccessa
1485 3448 1741 3502 Romanis
1772 3448 1890 3503 loca

296 3546 510 3604 Christo
526 3546 763 3617 patuisse
785 3552 841 3600 et
865 3544 1079 3599 subdita
1111 3541 1306 3607 fuisse;
1340 3541 1425 3594 cui
1455 3538 1779 3608 suffragatur
1797 3540 1891 3594 vix

296 3646 458 3693 aetate
472 3646 525 3693 et
538 3637 861 3693 auctoritate
881 3634 1104 3689 inferior
1116 3632 1377 3700 Origenes
1387 3632 1535 3686 hom.
1550 3629 1582 3683 6
1594 3631 1645 3684 iu
1660 3630 1883 3686 Lucam.

367 3748 684 3806 Diocletiani
697 3746 1001 3816 persecutio
1014 3742 1305 3796 multorum
1321 3748 1614 3810 martyrum
1627 3741 1888 3808 sanguine

295 3837 633 3893 Britanniam
690 3835 1009 3905 purpuravit
1059 3830 1525 3899 consecravitque,
1560 3845 1696 3899 quos
1751 3830 1891 3884 inter

295 3926 501 3982 eminet
533 3924 589 3979 S.
626 3924 885 3987 Albanus,
922 3938 989 3976 ex
1028 3918 1381 3975 celeberrimo
1423 3926 1533 3971 tota
1565 3917 1735 3971 insula
1764 3934 1885 3973 mo-

295 4014 533 4071 nasterio
556 4013 672 4082 ejus
700 4012 919 4068 nomine
958 4008 1213 4077 insignito
1246 4007 1577 4062 notissimus.
1620 4006 1759 4062 Pace
1787 4006 1885 4061 Ec-

294 4107 471 4163 clesiae
510 4104 737 4167 reddita,
788 4101 1006 4177 plurimi
1052 4115 1081 4154 e
1112 4098 1387 4152 Britannia
1427 4098 1684 4168 episcopi,
1716 4099 1882 4155 variis

296 4207 489 4268 quarto
528 4196 747 4250 ineunte
793 4200 846 4248 et
884 4192 1205 4247 decurrente
1247 4188 1446 4244 saeculo
1476 4189 1672 4244 habitis
1700 4190 1884 4244 conci-

294 4285 381 4339 liis
444 4283 833 4347 interluerunt;
874 4279 1175 4335 Arelatensi
1219 4294 1360 4333 anno
1399 4277 1527 4343 5M,
1576 4278 1883 4334 Sardicensi

296 4390 437 4431 anno
466 4372 591 4441 ⁸551,
635 4380 690 4427 et
716 4370 879 4442 paulo
919 4376 1043 4440 post
1066 4366 1391 4422 Ariminensi
1422 4385 1434 4421 :
1460 4366 1603 4421 unde
1638 4367 1882 4436 profecta

295 4465 517 4522 haeresis
545 4462 760 4528 Ariana,
779 4467 1037 4529 corrupto
1068 4472 1205 4527 pene
1230 4464 1346 4512 toto
1367 4457 1522 4524 orbe,
1552 4458 1690 4513 hanc
1718 4459 1881 4513 etiam

296 4554 527 4611 insulam
572 4551 721 4605 velut
772 4556 923 4604 extra
973 4548 1161 4602 orbem
1202 4546 1432 4616 positam
1486 4546 1716 4601 infecit:
1759 4548 1881 4603 dum
1906 4567 1963 4631 ι)

291 4650 435 4705 illius
453 4645 639 4701 incola:
660 4642 777 4696 novi
803 4655 1004 4710 semper
1027 4638 1224 4706 aliquid
1254 4637 1436 4690 audire
1457 4636 1703 4707 gaudent,
1720 4646 1772 4691 et
1794 4640 1879 4692 ni-

293 4739 370 4792 ltil
398 4738 520 4792 certi
545 4734 762 4805 ﬁrmiter
789 4730 1037 4793 obtinent,
1074 4727 1249 4797 inquit
1278 4726 1421 4780 Beda
1460 4724 1526 4781 de
1555 4727 1767 4796 populis
1781 4728 1881 4783 sibi

294 4829 438 4884 notis
457 4828 673 4896 suisque
702 4822 987 4893 gentilibus
1016 4819 1206 4891 (Ibid.,
1248 4837 1292 4873 c.
1318 4819 1396 4889 8).
1431 4818 1623 4874 Postea
1650 4834 1879 4889 regnan-

294 4920 437 4975 tibus
466 4915 691 4971 Arcadto
722 4921 775 4969 et
791 4910 1052 4977 Honorio,
1076 4909 1317 4979 Pelagius
1356 4909 1498 4963 Brito
1529 4918 1709 4963 contra
1726 4911 1880 4963 auxi-

291 5008 419 5061 lium
488 5005 671 5076 gratia:
745 5015 984 5071 superna:
1046 5015 1241 5052 venena
1284 5014 1392 5052 sua:
1448 4999 1680 5068 perﬁdiae
1728 5000 1880 5068 longe

292 5098 491 5167 lateque
521 5095 790 5163 dispersit;
820 5104 938 5160 qua:
967 5103 1065 5158 per
1104 5086 1405 5155 Agricolam
1431 5086 1705 5141 Severiani
1751 5088 1887 5154 epis-

294 5186 417 5256 copi
449 5184 629 5237 Ariani
658 5181 846 5245 ﬁlium,
878 5178 1018 5248 apud
1042 5176 1329 5230 Britannos
1356 5174 1502 5228 illata
1541 5183 1596 5230 et
1617 5189 1883 5244 propaga-

293 5283 371 5341 ta,
405 5273 807 5328 Gallicanorum
836 5267 1135 5323 antistitum
1162 5277 1266 5332 ope
1292 5277 1541 5331 repressa
1571 5275 1656 5317 est
1679 5278 1743 5317 ac
1787 5278 1885 5316 ex-

295 5368 513 5424 stincta.
538 5361 818 5419 Hietenim
843 5355 1266 5430 supplicantibus
1294 5352 1583 5420 Britannis,
1610 5353 1699 5423 qui
1729 5367 1788 5407 se
1815 5353 1883 5408 ad

371 5538 397 5566 ι
423 5528 541 5583 Lib.
562 5541 621 5581 tu
645 5525 1012 5579 Demonstrat.
1039 5517 1241 5582 Evang.
1266 5525 1394 5582 pag.
1416 5508 1647 5576 112,ἔπὶ
1670 5511 1765 5569 τὰς
1791 5529 1881 5565 κα.

294 5602 544 5667 λουμένας
572 5597 879 5670 ξρετανικὰς.
1283 5654 1294 5666 -
1353 5650 1391 5670 η
1407 5668 1419 5670 -
1437 5668 1457 5670 κ-
1479 5650 1583 5670 -ειεμ
1618 5649 1637 5670 Δ
1657 5649 1757 5670 -λ-ιε

368 5648 551 5725 ἶῘῨῖδέ
573 5648 785 5736 Spelma
795 5648 882 5736 nui
896 5648 1592 5736 przelationemj‘nConei'lia
1606 5649 1827 5736 Anglice,
1850 5648 1877 5720 §

298 5742 368 5798 de
392 5723 956 5797 exordio'Christiante
986 5730 1154 5795 Relig.
1188 5727 1246 5799 in
1270 5724 1579 5799 Britanniis,
1601 5730 1656 5775 et
1686 5723 1882 5799 Danie-

298 5790 842 5879 le'tn'La—nghornium
883 5803 938 5857 in
983 5790 1404 5870 Antiquitatibus
1426 5790 1867 5848 Albiouensibus.

2008 1903 2132 1954 rant
2160 1896 2319 1965 Angli
2347 1902 2402 1952 et
2441 1895 2722 1957 Saxones,
2753 1891 2952 1960 aliique
2997 1890 3214 1945 barbari
3243 1886 3481 1943 nondum
3532 1885 3602 1943 ab

2006 1985 2277 2041 idolorum
2303 1985 2562 2040 servitute
2612 1981 2861 2046 liberati;
2892 1993 3028 2048 quos
3057 1978 3307 2033 Britones
3345 1974 3601 2030 adversus

2005 2074 2189 2129 Pictos
2203 2080 2259 2129 et
2286 2073 2479 2129 Scotos
2498 2071 2741 2127 assiduos
2769 2069 2976 2135 hostes,
3005 2067 3072 2121 ab
3101 2073 3345 2121 extrema
3375 2062 3600 2118 Germa-

2002 2165 2288 2229 nia,malis
2326 2164 2516 2220 avibus
2538 2160 2955 2220 accersiverant.
2990 2157 3070 2212 Ab
3103 2158 3189 2211 his
3204 2157 3383 2226 potior
3409 2156 3598 2212 insulae

2002 2272 2130 2328 pars
2148 2265 2408 2327 occupata
2436 2265 2537 2323 est,
2569 2263 2625 2310 et
2652 2255 2707 2310 in
2727 2262 2937 2324 septem
2949 2250 3313 2316 ethnarchias,
3334 2265 3431 2320 pro
3460 2263 3592 2319 gen-

2002 2347 2135 2402 tium
2162 2346 2475 2401 diversitate
2512 2343 2713 2408 divisa;
2737 2340 2904 2396 Pictis
2946 2339 3164 2395 interim
3201 2352 3233 2392 e
3266 2335 3508 2408 Scythia,
3540 2344 3597 2393 ct

2000 2435 2180 2492 Scotis
2201 2453 2267 2492 ex
2288 2434 2544 2491 Hibernia
2571 2432 2816 2489 oriundis
2841 2427 3333 2501 Septentrionalem
3361 2435 3593 2501 partem,

1998 2522 2310 2580 Britonibus
2336 2539 2465 2580 vero
2487 2522 2657 2592 magis
2686 2520 2994 2581 Australem
3022 2518 3398 2575 retinentibus.

2073 2614 2132 2669 ln
2171 2622 2320 2669 tanta
2344 2628 2525 2668 rerum
2552 2611 2980 2682 perturbatione,
3013 2624 3191 2680 neque
3228 2608 3472 2664 Britones
3496 2622 3597 2679 op-

1996 2704 2171 2775 pressi
2209 2704 2277 2758 de
2327 2704 2557 2759 serendo
2593 2702 2736 2773 apud
2770 2702 2957 2771 hostes
2976 2700 3375 2757 'inlensissimos
3415 2699 3593 2755 Evan-

1998 2793 2172 2862 gelico
2185 2793 2391 2849 semine
2403 2792 2713 2861 cogitabant
2730 2810 2745 2858 ;
2766 2805 2965 2862 neque,
2980 2790 3194 2846 etiamsi
3207 2789 3275 2845 de
3286 2789 3595 2849 Christiana
3616 2856 3619 2861 ν

1997 2884 2117 2952 lege
2142 2882 2477 2954 praedicanda
2504 2884 2722 2940 solliciti
2742 2882 2985 2950 luissent,
3001 2883 3155 2955 Angli
3171 2898 3293 2939 eam
3309 2891 3465 2939 erant
3477 2898 3594 2939 am—

1996 2977 2315 3049 plexuri,ne
2326 2976 2482 3033 victis
2504 2976 2734 3033 victores
2758 2976 3090 3032 deditionem
3122 2975 3312 3031 fecisse
3339 2976 3592 3031 videretis-

1995 3082 2103 3130 tur.
2120 3072 2517 3130 Gallicanorum
2531 3071 2905 3142 episcoporum
2919 3070 3257 3125 oscitantiam
3275 3069 3328 3123 in
3340 3083 3594 3125 accuratis

1997 3166 2068 3220 da
2080 3180 2268 3221 eorum
2280 3161 2635 3218 conversione
2650 3159 2825 3229 carpit
2835 3157 2893 3213 S.
2908 3157 3201 3227 Gregorius
3212 3156 3277 3211 ad
3294 3155 3593 3212 Theoderi-

1998 3270 2121 3311 cum
2167 3263 2221 3310 et
2247 3252 2700 3316 Theodebertum,
2742 3249 3074 3304 Francorum
3094 3262 3270 3316 reges,
3299 3247 3540 3303 scribens
3570 3265 3588 3305 :

1998 3345 2240 3401 Pervenit
2268 3344 2335 3397 ad
2363 3360 2457 3399 nos
2483 3341 2771 3413 Anglorum
2814 3350 3017 3408 gentem
3045 3340 3113 3392 ad
3144 3340 3301 3409 ﬁdem
3332 3337 3590 3394 Christia-

1996 3457 2119 3495 nam
2166 3439 2276 3494 Deo
2309 3440 2587 3493 miserante
2640 3436 2998 3490 desideranter
3036 3436 3162 3489 uelle
3207 3433 3455 3499 converti,
3499 3433 3592 3491 sed

1994 3531 2288 3585 sacerdotes
2319 3545 2345 3583 e
2374 3528 2540 3582 uicino
2568 3526 2846 3599 negligere,
2889 3534 2939 3578 et
2968 3524 3229 3580 desideria
3258 3541 3435 3580 eorum
3477 3543 3589 3583 ces-

1994 3642 2113 3681 sare
2151 3641 2246 3679 sua
2275 3623 2637 3679 adhortatione
2666 3620 2974 3674 succendere
3013 3618 3152 3689 (Lib.
3186 3635 3259 3686 v1,
3280 3638 3361 3692 ep.
3398 3620 3511 3693 58).

2064 3718 2116 3771 4.
2149 3717 2417 3772 Caeterum
2442 3720 2607 3767 tanta:
2627 3711 2803 3775 molis,
2834 3709 3184 3779 utilitatisque
3205 3710 3427 3779 majoris
3447 3728 3587 3783 opus

1993 3805 2259 3873 Gregorio
2288 3802 2606 3866 debebatur,
2636 3798 2779 3868 quod
2802 3813 2931 3851 eum
2952 3813 3096 3852 anno
3115 3808 3273 3854 sexto
3302 3802 3385 3855 sui
3404 3804 3586 3871 ponti-

1991 3893 2182 3949 ﬁcatus
2219 3904 2493 3959 egressum
2520 3903 2637 3943 esse
2667 3886 2820 3942 testis
2847 3895 2929 3941 est
2956 3886 3097 3941 Beda
3125 3890 3328 3958 :Anno,
3392 3890 3586 3961 inquit,

1991 3984 2373 4052 decimoquarto
2400 3976 2902 4047 MauriciiAugusli,
2932 3974 3133 4031 Christi
3153 3974 3307 4045 juxta
3328 3979 3584 4045 eumdem

1990 4072 2117 4139 596,
2144 4073 2284 4125 misit
2323 4085 2521 4125 servum
2536 4067 2633 4121 Dei
2658 4067 3002 4137 Augustinum
3023 4076 3074 4121 et
3098 4067 3232 4122 alios
3262 4070 3435 4139 plures
3466 4088 3584 4126 cum

1989 4182 2049 4219 eo
2088 4160 2368 4218 monachos
2410 4160 2644 4212 timentes
2682 4156 2994 4223 Dominum,
3041 4158 3328 4226 prwdicars
3377 4159 3585 4215 verbum

1989 4255 2091 4310 Dei
2149 4255 2288 4327 genti
2337 4251 2626 4323 Anglorum
2665 4247 2804 4320 (Lib.
2855 4246 2998 4302 Hist.
3049 4263 3098 4301 c.
3159 4247 3271 4317 25).
3304 4246 3583 4320 Praecipue

1988 4342 2269 4413 Augustini
2292 4340 2564 4411 adjutores
2590 4335 2741 4393 fuere
2762 4336 3083 4395 Laurentius
3098 4339 3381 4409 presbyter
3406 4348 3463 4395 et
3477 4339 3580 4395 Pe.

1988 4448 2124 4495 trus.
2174 4438 2251 4494 De
2280 4446 2525 4506 tempore
2553 4442 2743 4504 coeptae
2780 4433 2938 4501 hujus
2971 4433 3327 4504 expeditionis
3352 4434 3583 4492 validius

1990 4540 2369 4605 argumentum
2412 4528 2621 4584 eruitur
2650 4540 2718 4581 ex
2745 4523 3000 4595 Epistolis
3036 4538 3101 4578 ea
3139 4522 3208 4579 de
3242 4537 3302 4577 re
3341 4524 3578 4594 scriptis,

1990 4640 2110 4696 quae
2148 4637 2337 4679 omnes
2365 4619 2436 4676 ad
2462 4617 2810 4673 indictiouem
2840 4629 2932 4669 xtv
2959 4611 3250 4683 pertinent,
3270 4619 3327 4666 et
3364 4611 3501 4667 libro
3524 4629 3578 4670 vt

1991 4714 2223 4785 Registri
2247 4712 2611 4768 continentur.

2063 4810 2144 4864 Ex
2173 4806 2363 4861 iisdem
2393 4799 2638 4874 epistolis
2662 4798 2830 4868 liquet
2868 4793 3221 4863 Augustinum
3257 4791 3420 4848 fuisse
3457 4792 3573 4848 Mo-

1991 4899 2222 4955 nachum
2243 4904 2299 4951 et
2319 4894 2535 4965 quidem
2558 4888 2584 4927 d
2608 4885 2919 4943 monasterii
2940 4883 3000 4939 S.
3029 4882 3255 4939 Andreae
3274 4883 3426 4953 cujus
3446 4900 3577 4959 prat-

1990 4988 2199 5060 positus
2264 4992 2399 5039 erat.
2442 4980 2616 5050 Ipsius
2662 4975 2842 5031 socios
2885 4988 2953 5030 ex
3007 4973 3197 5029 eodem
3246 4975 3577 5031 monasterio

1988 5085 2231 5146 sumptos
2262 5081 2317 5128 et
2361 5070 2621 5133 delectos,
2662 5063 2895 5135 probant
2930 5063 3033 5117 ista
3070 5062 3232 5118 verba
3264 5062 3575 5117 :Remeanti

1987 5166 2273 5238 Augustino
2295 5159 2571 5232 praeposito
2592 5164 2782 5220 vestro,
2796 5169 2945 5225 quem
2967 5162 3015 5206 et
3031 5152 3268 5207 abbatem
3288 5153 3425 5207 vobis
3446 5169 3575 5206 con-

1988 5260 2263 5320 stituimus,
2282 5256 2337 5307 in
2354 5250 2591 5307 omnibus
2604 5245 2864 5300 humiliter
2885 5243 3085 5299 obedite
3104 5242 3244 5312 (Lib.
3267 5258 3318 5297 Vt
3332 5284 3347 5309 ,
3361 5259 3440 5311 ep.
3459 5239 3570 5308 5|).

2060 5347 2114 5401 5.
2140 5346 2209 5399 At
2244 5358 2368 5399 cum
2396 5337 2624 5412 profecti
2651 5343 2862 5402 essent,
2898 5341 2955 5389 et
2987 5334 3320 5405 aliquantum
3363 5330 3571 5385 itineris

1986 5499 2234 5565 Londint,
2258 5492 2522 5551 an.1675.

2060 5582 2083 5647 εξ
2113 5569 2247 5647 Yide
2270 5567 2363 5621 lib.
2396 5582 2449 5647 rx
2474 5562 2610 5647 Epp.
2635 5559 2691 5617 S.
2724 5559 3025 5647 Greg.,_ep.
3055 5553 3292 5647 91L“.
3321 5616 3507 5647 manu:

2058 5640 2082 5678 ἀ
2110 5616 2491 5705 έίῖνξᾷὸτ-ἰῖιέ
2517 5616 2581 5688 iri
2600 5616 2695 5702 ep.
2731 5630 2766 5683 ’5
2794 5616 3033 5705 lib.:vtt't,.
3054 5623 3297 5705 scribens
3321 5616 3570 5705 Eulogio,

1986 5691 2342 5784 Augustinum
2353 5691 2598 5780 appellat
2623 5691 2935 5759 monasterii
2954 5696 3037 5754 sui
3066 5691 3410 5749 monachum.
