4138 6466
516 388 622 444 567
1000 376 1060 441 S.
1096 379 1420 440 GREGORII
1454 374 1666 434 MAGNI
1705 374 1883 439 VlTA,
1926 371 2022 428 EX
2061 368 2222 427 EJUS
2260 368 2563 427 SCRIPTIS
2602 369 2996 426 ADORNATA.
3036 366 3165 423 LIB.
3206 365 3295 422 111.
3675 364 3790 418 368

516 500 906 565 confecissent,
935 496 1167 568 perculsi
1193 496 1388 551 timore
1413 492 1605 556 inerti,
1638 489 1815 545 redire
1852 488 2094 550 domum,
2126 488 2176 545 Α
2205 497 2308 553 que
2342 482 2549 538 sodales
2570 525 2585 550 ,
2626 482 2681 535 id
2718 480 3121 550 intelligendum
3163 494 3272 535 non
3310 475 3621 545 simpliciter
3644 514 3659 540 ,
3689 472 3794 529 sed

514 593 697 663 potius
726 605 884 661 quam
926 588 1230 652 barbaram,
1270 584 1436 639 feram
1456 625 1471 650 ,
1506 578 1940 645 incredulamque
1969 589 2099 643 gen-

518 689 648 744 tem,
688 678 838 745 cujus
866 691 935 730 ne
956 676 1190 744 linguam
1218 673 1432 743 quidem
1458 677 1699 733 nossent,
1734 666 1881 719 adire
1912 665 2098 718 decre-

518 779 742 835 verunt;
773 768 916 840 quod
945 776 1120 822 tamen
1159 766 1351 834 exequi
1378 762 1599 817 minime
1624 758 1737 812 ausi
1761 764 1886 813 sunt
1908 756 2097 809 incon-

518 859 673 915 sulto—
718 864 903 912 sancto
958 854 1232 926 pontiﬁce.
1295 853 1374 906 Ad
1431 867 1555 906 eum
1606 850 1787 917 itaque
1839 846 2101 901 miserunt

482 986 485 989 »
520 946 876 1014 Augustinum
904 944 1077 1014 ipsum
1124 942 1384 1009 Gregorio
1418 939 1861 1008 supplicaturum.
1904 942 1964 987 ut
1999 933 2099 987 sibi

520 1037 901 1106 sodalibusque
927 1036 1037 1088 suis
1075 1029 1378 1087 revertendi
1417 1030 1627 1097 copiam
1658 1024 1997 1086 concederet,
2032 1037 2101 1075 ne

519 1140 580 1180 se
600 1140 861 1193 suamque
882 1132 1120 1192 gentem,
1144 1121 1251 1173 imo
1293 1133 1557 1172 summum
1590 1117 1762 1186 ipsum
1792 1112 2101 1183 pontiﬁcem

519 1215 849 1272 Francorum
914 1214 1314 1282 Anglorumque
1364 1209 1592 1263 ludibrio
1626 1216 1983 1276 exponerent,
2032 1207 2139 1285 ob

521 1312 784 1359 tentatam
825 1311 1029 1357 temere
1070 1301 1322 1371 nulloque
1365 1298 1541 1353 fructu
1570 1298 1833 1350 incertam
1864 1296 2104 1364 aleteque

520 1408 585 1450 ac
609 1393 809 1447 laboris
839 1392 1052 1461 plenam
1082 1389 1589 1459 peregrinationem.
1620 1386 1687 1439 At
1714 1384 2027 1453 Gregorius,
2046 1394 2105 1438 ut

521 1483 817 1536 titubantes
837 1482 1201 1543 confirmaret,
1231 1477 1583 1547 Augustinum
1614 1475 1679 1528 ad
1718 1475 1895 1529 socios
1927 1475 2109 1529 redire

517 1571 698 1642 jussit,
748 1569 938 1640 quibus
984 1568 1199 1637 scripsit
1252 1568 1306 1621 in
1362 1566 1475 1620 haec
1511 1565 1677 1619 verba
1710 1582 1722 1617 :
1760 1562 1893 1627 Quia
1924 1564 2105 1616 melius

525 1660 710 1734 fuerat
753 1657 885 1711 bona
930 1673 1034 1711 non
1073 1657 1314 1724 incipere,
1357 1671 1508 1725 quam
1554 1651 1619 1705 ab
1665 1653 1744 1705 his
1781 1668 1894 1721 qua:
1943 1660 2105 1721 carpta

522 1759 664 1813 sunt,
696 1748 1004 1817 cogitatione
1042 1755 1321 1798 retrorsum
1347 1744 1534 1805 redire,
1566 1759 1764 1795 summo
1794 1743 1985 1805 studio,
2022 1741 2104 1794 di-

521 1838 789 1894 lectissimi
809 1837 925 1906 ﬁlii,
951 1845 1149 1905 oportet
1173 1845 1228 1887 ut
1257 1852 1382 1898 opus
1412 1832 1617 1897 bonum,
1651 1834 1786 1901 quod
1815 1834 2103 1887 auxiliante

522 1925 748 1981 Domino
793 1925 1039 1994 cazpistis,
1079 1925 1354 1993 impleatis.
1403 1920 1515 1974 Nec
1558 1938 1680 1990 ergo
1718 1938 1805 1975 vos
1840 1919 1986 1973 labor
2023 1921 2109 1973 iti-

523 2017 683 2078 neris,
726 2032 817 2067 nec
852 2013 1218 2067 maledicorum
1254 2013 1518 2066 hominum
1548 2011 1741 2079 lingua:
1771 2008 2063 2061 deterreant
2093 2024 2111 2061 :

521 2104 618 2160 sed
640 2104 778 2157 omni
793 2104 1067 2169 instantia,
1089 2102 1325 2171 omnique
1348 2102 1545 2169 fervore
1568 2099 1971 2167 quwinchaastis
2006 2097 2112 2151 Deo

523 2203 732 2249 auctore
758 2192 1010 2261 peragite,
1038 2201 1164 2255 etc.,
1196 2204 1314 2259 quae
1338 2190 1437 2256 legi
1468 2194 1692 2256 possunt
1712 2197 1825 2240 tum
1849 2185 1988 2255 apud
2008 2184 2114 2239 Be-

524 2287 669 2351 dam,
702 2293 814 2338 tum
842 2283 896 2336 in
926 2282 1171 2349 Registro
1198 2279 1558 2348 Epistolarum
1590 2277 1726 2349 (Lib.
1760 2293 1833 2339 vr,
1875 2293 1956 2344 ep.
1991 2276 2107 2344 51).

523 2372 610 2429 Ex
646 2382 892 2441 tempore
916 2385 1024 2438 quo
1053 2370 1251 2437 scripta
1282 2377 1366 2421 est
1395 2368 1510 2422 hzec
1536 2369 1766 2436 epistola
1808 2368 1953 2437 (data
1984 2367 2114 2435 legi-

525 2472 617 2520 tur
636 2464 843 2519 decima
865 2462 949 2516 die
960 2459 1184 2514 Kalend.
1202 2458 1450 2527 Augusti)
1470 2458 1666 2527 conjici
1700 2466 1881 2527 potest
1903 2458 2116 2527 quando

528 2553 861 2623 Augustinus
898 2558 955 2606 et
985 2550 1118 2605 socii
1166 2549 1395 2618 profecti
1427 2548 1645 2602 fuerint.
1698 2546 1899 2601 Eodem
1938 2547 2025 2601 die
2061 2555 2117 2601 et

526 2658 674 2700 anno
702 2644 955 2711 scriptam
980 2639 1261 2710 epistolam
1290 2638 1358 2691 52
1390 2654 1459 2692 ex
1486 2636 1628 2691 Beda
1669 2637 1962 2706 praesertim
1998 2651 2114 2689 eam

525 2732 799 2792 referente
828 2730 1191 2798 intelligimus.
1222 2726 1476 2782 Eamdem
1503 2740 1716 2796 quoque
1756 2733 1970 2780 aetatem
1999 2739 2116 2780 esse

526 2829 849 2880 ceterarum
875 2818 1253 2889 Epistolarum,
1285 2818 1476 2886 quibus
1518 2830 1652 2884 papa
1672 2816 2055 2886 prmdicatores
2084 2832 2115 2869 a

523 2927 591 2973 se
628 2911 821 2966 missos
848 2909 1249 2965 commendavit
1272 2908 1458 2962 Galliae
1483 2919 1591 2961 tum
1616 2907 1839 2976 regibus
1887 2914 1942 2960 et
1970 2906 2114 2974 Opti-

524 3002 794 3065 matibus,
827 3008 939 3055 tum
957 3000 1246 3069 episcopis,
1271 2998 1427 3053 facile
1448 2999 1501 3052 in
1523 3000 1759 3053 animum
1792 2998 2111 3052 induserim.

527 3095 737 3167 Quippe
765 3111 883 3152 cum
905 3095 1025 3149 illos
1051 3101 1302 3148 nutantes
1318 3095 1691 3161 cognovisset,
1717 3093 1880 3163 259
1909 3107 1971 3145 ac
2000 3092 2116 3145 viso

2200 584 2509 643 comparate
2538 575 2603 628 ad
2632 574 2801 627 multo
2841 573 3051 641 longius
3083 570 3227 642 quod
3258 566 3655 623 conﬁciendum
3688 582 3789 619 su-

2199 675 2433 735 pererat.
2462 664 2661 719 Eadem
2689 664 2899 717 ratione
2918 662 3077 715 debet
3116 659 3373 728 explicari
3409 657 3637 726 scriptor
3663 657 3795 709 vita:

2200 753 2254 809 S.
2290 754 2589 823 Augustini,
2623 754 2747 807 dum
2776 762 2899 822 post
2927 751 3030 806 iter
3061 750 3253 819 aliquot
3282 747 3480 799 dierum
3505 745 3573 799 de
3604 743 3790 799 reditu

2201 843 2465 910 cogitasse
2495 842 2786 896 monachos
2812 840 3149 895 illosasserit.
3184 836 3335 890 Nunc
3360 835 3505 906 ipsos
3531 834 3793 889 alacriter

2203 931 2343 985 viam
2374 933 2568 985 iterum
2596 939 2881 1000 carpentes
2901 929 3199 983 videamus.

2273 1023 2326 1075 7.
2358 1020 2435 1075 Ex
2473 1020 2923 1076 commendatitiis
2943 1033 3077 1087 quas
3102 1015 3428 1084 Augustinus
3466 1011 3796 1067 deferendas

2204 1120 2486 1180 acceperat
2508 1110 2762 1179 Epistolis
2783 1110 3115 1177 descriptum
3143 1105 3402 1159 habemus
3424 1102 3540 1171 ejus
3568 1102 3671 1155 iter
3694 1116 3796 1168 per

2204 1199 2420 1255 Gallias.
2452 1199 2632 1254 Primo
2659 1198 2874 1269 quidem
2906 1198 3229 1266 appulerunt
3251 1193 3561 1257 Massiliam,
3590 1190 3681 1245 ubi
3704 1190 3800 1243 Se-

2205 1304 2396 1343 renum
2445 1290 2758 1360 episcopum
2807 1286 3145 1347 salutarunt;
3182 1299 3250 1337 ex
3289 1280 3533 1349 Gregorii
3572 1278 3801 1332 nomine

2206 1377 2326 1431 data
2349 1379 2398 1433 ei
2423 1378 2649 1447 epistola
2680 1376 2819 1446 (Lib.
2845 1391 2919 1442 γι,
2944 1392 3025 1441 ep.
3058 1371 3171 1440 5‘2).
3200 1370 3394 1424 Postea
3422 1375 3798 1437 pervenerunt

2207 1466 2457 1531 Arelate,
2511 1466 2913 1531 inviseruutque
2976 1460 3255 1529 Virgilium
3319 1457 3798 1525 archiepiscopum

2207 1566 2407 1610 sanetm
2433 1557 2573 1610 sedis
2605 1556 2884 1619 vicarium,
2910 1553 2997 1608 cui
3019 1567 3112 1606 eos
3141 1549 3483 1620 potissimum
3514 1561 3801 1602 commen-

2209 1646 2361 1700 darat
2389 1661 2524 1715 papa
2556 1644 2718 1716 (Ibid.
2744 1683 2759 1710 ,
2790 1661 2873 1713 ep.
2909 1643 3025 1711 55).
3063 1640 3265 1695 Deinde
3303 1638 3547 1693 adeunda
3587 1636 3803 1691 Vienna

2210 1740 2359 1807 cujus
2380 1739 2662 1809 episcopus
2690 1744 2807 1791 erat
2827 1734 3156 1796 Desiderius,
3186 1745 3325 1785 unus
3353 1745 3422 1783 ex
3451 1729 3532 1783 his
3561 1726 3628 1780 ad
3658 1740 3806 1796 quos

2210 1824 2498 1895 Gregorius
2536 1826 2750 1894 scripsit
2792 1824 2981 1895 (lbid.,
3027 1840 3110 1891 ep.
3153 1820 3267 1889 54).
3314 1818 3451 1871 Tum
3506 1814 3803 1886 petendum

2213 1913 2547 1984 Lugdunum,
2583 1915 2685 1967 etsi
2716 1913 2782 1967 ad
2810 1912 3089 1965 Etherium
3119 1909 3277 1978 hujus
3306 1907 3453 1962 urbis
3482 1908 3803 1974 episcopum

2216 2006 2373 2060 nullae
2402 2013 2616 2061 exstent
2637 2005 2827 2058 littera:
2849 2011 2975 2057 tunc
3004 2017 3067 2055 ea
3095 2001 3160 2055 de
3206 2016 3266 2054 re
3291 1999 3522 2067 scriptae.
3546 1996 3678 2050 [nde
3720 2004 3808 2049 te-

2218 2095 2504 2148 tenderunt
2524 2093 2858 2158 Gabilonem,
2892 2091 2981 2145 ubi
3006 2089 3377 2143 Theodericus
3399 2104 3495 2141 rex
3518 2102 3638 2141 cum
3663 2084 3808 2139 Bru-

2216 2185 2449 2239 nichilde
2499 2185 2617 2238 avia
2668 2184 2905 2237 residere
2948 2190 3322 2236 consueverat.
3384 2178 3605 2247 Utrique
3660 2191 3807 2246 papa

2216 2274 2329 2328 suis
2355 2273 2756 2328 commendarat
2781 2271 3023 2340 epistolis
3050 2269 3406 2339 Augustinum
3432 2268 3657 2337 ejusque
3699 2265 3802 2318 ad-

2212 2361 2421 2431 jutores
2465 2360 2665 2433 (Ibid.,
2709 2378 2791 2431 ep.
2838 2359 2905 2412 58
2932 2368 2980 2414 et
3010 2358 3119 2430 59).
3168 2358 3304 2412 Tum
3355 2358 3807 2425 Augustodunum

2216 2458 2572 2523 perrexerunt
2599 2450 2805 2521 Syagrii
2837 2450 3075 2519 episc0pi
3098 2464 3256 2517 opem
3281 2446 3812 2516 imploraturi,litte—

2218 2558 2414 2611 rasque
2459 2556 2611 2610 papae
2642 2540 2873 2594 oblaturi
2927 2539 3115 2609 (Ibid.,
3153 2558 3233 2609 ep.
3292 2538 3406 2608 54).
3448 2538 3627 2594 Multis
3680 2555 3810 2609 per-

2219 2642 2423 2702 agratis
2454 2632 2585 2686 locis
2628 2631 2713 2684 vel
2742 2630 3069 2683 Divodurum
3101 2630 3558 2684 Mediomatricum
3608 2645 3809 2700 perve-

2219 2730 2434 2786 nerunt,
2464 2722 2549 2776 vel
2592 2722 3015 2774 Durocortorum
3052 2719 3401 2785 ltheiuorum,
3438 2720 3811 2775 Theodeberti

2221 2808 2512 2865 Austrasize
2549 2810 2689 2877 regis
2732 2808 2907 2873 sedes,
2958 2824 3117 2877 quem
3161 2814 3565 2863 connuendatos
3605 2810 3811 2863 habere

2220 2918 2348 2959 suos
2376 2904 2673 2958 monachos
2703 2903 2853 2957 verbi
2882 2902 3047 2955 divini
3090 2917 3387 2971 prmcones,
3416 2904 3609 2959 litteris
3637 2904 3809 2973 pluri-

2221 3012 2367 3051 mum
2410 2995 2635 3063 rogabat
2687 2994 2743 3048 S.
2790 2994 3102 3061 Gregorius.
3152 2995 3231 3049 Ab
3281 2994 3440 3063 hujus
3494 2997 3636 3064 regis
3681 2997 3809 3049 aula

2224 3084 2950 3140 Caesarodunum-Turonum
2984 3098 3267 3149 venerunt,
3304 3092 3415 3139 tum
3445 3092 3501 3137 ut
3528 3084 3585 3138 S.
3619 3083 3810 3139 Marti-

527 3187 740 3242 eminus
780 3193 987 3241 tantum
1026 3183 1267 3252 periculo
1306 3183 1544 3249 territos,
1592 3192 1756 3252 atque
1797 3182 1864 3236 ad
1904 3182 2115 3249 longam
2148 3213 2193 3275 Ο
2224 3175 2279 3228 ni
2307 3173 2570 3228 tumulum
2623 3189 2915 3245 sacrasque
2957 3173 3213 3243 reliquias
3244 3183 3654 3245 venerarentur,
3694 3186 3810 3231 tum

526 3273 674 3330 inter
697 3275 908 3342 ignotas
937 3278 1125 3339 gentes
1155 3270 1646 3339 peregrinationem
1691 3271 1863 3324 minus
1894 3270 2115 3338 expedi-

527 3372 639 3429 tos,
670 3362 739 3417 ad
776 3360 1113 3431 procuranda
1151 3360 1282 3430 ipsis
1315 3361 1573 3426 subsidia,
1603 3363 1799 3430 quibus
1823 3377 2014 3431 magna
2037 3364 2117 3417 la-

531 3450 685 3507 boris
730 3463 856 3520 pars
905 3447 1176 3502 levaretur
1231 3448 1470 3501 animum
1509 3448 1727 3517 adjecit.
1777 3448 1893 3503 Hoc
1940 3460 2117 3505 autem

531 3538 760 3598 consilio
779 3538 1034 3606 scriptam
1060 3535 1225 3591 fuisse
1253 3536 1535 3605 epistolam
1560 3535 1628 3588 52
1659 3552 1781 3590 cum
1811 3537 2123 3592 duabusim-

530 3630 768 3686 mediate
793 3626 1067 3696 subjectis,
1099 3641 1309 3681 necnon
1333 3624 1399 3677 57
1434 3624 1670 3693 duasque
1691 3636 1978 3697 sequentes
2001 3628 2121 3682 libri

530 3720 694 3784 sexti;
711 3718 844 3773 satis
864 3716 1180 3787 intelligitur
1199 3730 1265 3770 ex
1288 3722 1605 3783 argumento
1626 3716 1847 3783 singulis
1878 3717 2116 3785 praeﬁxo.

602 3810 656 3865 6.
688 3808 807 3876 Quo
844 3810 967 3865 loco
997 3807 1332 3863 substiterint
1368 3805 1423 3859 hi
1464 3805 1615 3859 verbi
1659 3807 1795 3860 sacri
1843 3822 2121 3875 praecones

532 3918 643 3959 non
671 3902 915 3971 legimus.
946 3900 1100 3972 Apud
1140 3898 1339 3954 Bedam
1372 3896 1506 3968 (Lib.
1541 3914 1581 3966 1,
1622 3915 1667 3951 c.
1698 3897 1787 3967 25)
1834 3909 1888 3954 et
1918 3901 1971 3953 in
2000 3900 2120 3953 Vita

531 3991 590 4047 S.
625 3990 904 4059 Augustini
935 3998 1135 4043 tantum
1183 3989 1409 4043 habetur
1449 4003 1543 4042 eos
1577 3998 1847 4059 postquam
1874 3990 2123 4059 aliquan-

534 4089 642 4134 tum
686 4081 883 4133 itineris
913 4079 1274 4148 confecissent,
1308 4091 1404 4130 seu
1442 4090 1662 4129 emenso
1694 4079 1889 4147 aliquot
1919 4077 2123 4134 dierum

531 4169 735 4230 itinere,
769 4180 985 4220 cursum
1014 4166 1351 4234 repressisse,
1388 4172 1443 4218 et
1471 4164 1645 4219 donec
1694 4167 1896 4222 rediret
1941 4169 2124 4237 Augu-

533 4255 711 4311 stinus
723 4254 786 4307 ad
811 4254 868 4307 S.
887 4251 1208 4321 Gregorium
1223 4254 1289 4306 ab
1308 4253 1436 4322 ipsis
1461 4254 1654 4308 missus
1680 4271 1888 4310 moram
1911 4258 2122 4314 fecisse.

534 4344 832 4412 Conjicitur
868 4352 1082 4409 tamen,
1130 4359 1229 4397 nec
1257 4342 1552 4408 immerito,
1581 4359 1675 4400 eos
1708 4345 1762 4399 in
1812 4345 2117 4412 Provincia,

535 4448 645 4488 non
667 4432 825 4500 longe
849 4433 917 4486 ab
946 4432 1119 4485 insula
1132 4431 1395 4486 Lirinensi
1430 4434 1759 4489 consedisse.
1788 4435 1845 4489 Id
1887 4452 2021 4493 sane
2049 4441 2125 4494 si-

535 4521 791 4592 gniﬁcant
822 4521 984 4576 verba
1013 4520 1394 4589 haecepistohe
1417 4520 1486 4574 55
1536 4521 1656 4577 libri
1686 4540 1760 4592 vr,
1795 4525 1859 4578 ad
1895 4527 2126 4598 Stepha-

2225 3274 2283 3319 ut
2311 3266 2523 3333 Pelagio
2563 3263 2830 3333 Episcopo
2877 3264 2932 3318 S.
2980 3262 3222 3331 Gregorii
3268 3264 3474 3320 litteras
3526 3266 3814 3320 redderent

2226 3354 2414 3426 (Ibid,
2448 3373 2528 3424 ep.
2560 3353 2673 3423 52).
2719 3352 2909 3409 Utrum
2938 3370 3006 3409 ex
3032 3355 3224 3409 itinere
3244 3354 3593 3411 deﬂecteutes
3613 3356 3814 3413 Medio-

2224 3448 2735 3502 lanum-Santonum
2775 3448 3006 3503 adierint
3038 3448 3105 3502 ad
3134 3447 3471 3503 salutandum
3515 3448 3814 3502 Palladium

2224 3540 2555 3608 episcopum,
2612 3539 2677 3592 ad
2720 3554 2879 3607 quem
2923 3554 3060 3609 papa
3099 3540 3423 3607 scripserat,
3476 3538 3692 3593 dil‘ticile
3730 3549 3815 3594 est

2223 3633 2481 3681 statuere.
2540 3626 2792 3683 Fortasse
2844 3643 2966 3681 cum
3027 3627 3317 3695 plurimum
3368 3628 3539 3694 gratia
3584 3629 3817 3698 polleret

2225 3713 2365 3782 apud
2401 3714 2729 3770 Francorum
2776 3730 2951 3783 reges,
3006 3730 3129 3769 eum
3178 3715 3230 3768 in
3279 3716 3399 3771 aula
3456 3716 3811 3783 invenerant,

2227 3802 2385 3871 eique
2416 3808 2737 3861 sanctissimi
2777 3809 3068 3878 pontiﬁcis,
3100 3811 3190 3877 qui
3230 3810 3477 3865 eumdem
3503 3810 3613 3875 jam
3645 3811 3815 3865 bene-

2227 3888 2348 3947 ﬁcio
2405 3894 2740 3964 devinxerat,
2790 3897 2999 3951 litteras
3040 3897 3408 3952 reddiderunt.
3458 3896 3815 3965 Augustinum

2226 4000 2325 4054 per
2374 3988 2689 4063 Andegavos
2732 3991 3005 4047 transiisse
3050 3999 3239 4045 auctor
3278 3998 3360 4043 est
3398 3989 3705 4045 Gotselinus
3764 3990 3817 4042 in

2228 4078 2393 4145 ipsius
2424 4080 2572 4143 Vita;
2601 4094 2892 4152 uarratque
2914 4085 3234 4138 miraculum
3270 4100 3378 4137 non
3404 4084 3561 4151 longe
3589 4098 3619 4135 a
3642 4081 3818 4137 Ponte

2229 4164 2325 4219 Sai
2350 4168 2480 4232 sive,
2514 4177 2567 4222 ut
2593 4171 2682 4223 alii
2713 4171 2918 4237 dicunt,
2956 4172 3119 4225 Ponte
3140 4170 3385 4227 Cwsaris.

2301 4258 2352 4308 8.
2395 4255 2488 4310 llis
2531 4260 2778 4313 omnibus
2818 4262 3029 4317 omissis
3070 4261 3209 4315 Beda
3259 4262 3484 4315 scribit:
3528 4263 3819 4335 Roboratus

2229 4364 2351 4416 ergo
2380 4349 2777 4417 conﬁrmatjoue
2818 4352 2954 4404 beati
2998 4351 3175 4404 Patris
3218 4352 3457 4423 Gregorii
3496 4355 3815 4425 Augustinus

2231 4453 2344 4489 cum
2387 4440 2595 4507 famulis
2632 4438 2824 4493 Christi
2852 4441 2938 4511 qui
2978 4457 3090 4493 cum
3121 4458 3179 4494 eo
3216 4452 3365 4494 erant
3407 4444 3558 4496 rediit
3596 4446 3649 4498 in
3689 4464 3819 4516 opus

2233 4527 2388 4592 verbi,
2424 4529 2746 4595 pervenitque
2774 4531 2827 4582 in
2862 4528 3189 4581 Britanniam
3212 4528 3351 4597 (Lib.
3384 4548 3421 4595 ι,
3455 4548 3502 4584 c.
3532 4531 3656 4603 25);
3684 4544 3740 4588 et
3768 4536 3819 4587 in

534 4630 665 4671 num
707 4614 958 4669 abbatem
995 4612 1326 4681 Lirinensem
1378 4630 1390 4664 :
1435 4611 1608 4667 Ltetos
1654 4631 1751 4669 nos
1789 4620 1973 4673 relatio
1991 4586 2126 4674 .Au-
2158 4586 2211 4644 D
2236 4618 2461 4672 insulam
2484 4586 2721 4673 Tanetos
2766 4618 2965 4672 dictam
2994 4618 3196 4687 appulit
3217 4586 3375 4686 regni
3407 4586 3579 4674 Gantii
3603 4586 3822 4689 lp'ortio-

535 4708 729 4778 gustini
770 4707 902 4760 servi
944 4704 1041 4760 Dei
1079 4706 1410 4772 prwsentium
1451 4707 1716 4775 portitoris
1751 4708 1957 4776 e/fecit,
1990 4713 2124 4781 quod

538 4796 868 4850 dilectionem
908 4805 1079 4860 tuam,
1110 4805 1165 4847 ut
1195 4804 1425 4863 oportet,
1460 4796 1750 4865 vigilantem
1790 4815 1901 4851 esse
1936 4816 2124 4853 narra-

536 4887 626 4939 vit.
651 4883 933 4952 Quomodo
973 4886 1117 4938 enim
1140 4884 1467 4953 Augustinus
1504 4883 1730 4938 Romam
1774 4901 1842 4940 ex
1872 4896 2123 4957 suscepto

538 4972 732 5028 itinere
761 4988 1025 5039 reversus,
1066 4973 1180 5027 haec
1211 4974 1277 5027 de
1302 4973 1569 5029 Lirinensi
1604 4976 1798 5032 abbate
1827 4979 2122 5044 retulisset,

536 5062 585 5118 si
615 5062 775 5131 longe
808 5071 1095 5133 antequam
1131 5064 1403 5132 ingressus
1437 5074 1581 5119 esset
1622 5065 1996 5134 Provinciam,
2031 5085 2125 5138 pa-

537 5149 700 5204 triam
746 5151 1049 5206 revisisset?
1096 5151 1239 5205 Idem
1287 5154 1615 5222 Augustinus
1666 5156 1870 5210 adierat
1907 5174 2126 5228 quoque

537 5236 845 5295 Protasium
889 5240 1194 5311 Aquensem
1223 5243 1557 5313 episc0pum,
1587 5252 1641 5297 et
1682 5231 1917 5313 Arigium
1961 5248 2127 5314 patri-

538 5329 702 5397 cium,
745 5330 812 5384 de
846 5331 1039 5401 quibus
1081 5332 1245 5386 multa
1291 5332 1552 5402 Gregorio
1588 5342 1840 5402 tanquam
1884 5336 2127 5393 oculatus

543 5422 695 5476 testis
735 5423 971 5477 narravit
999 5424 1050 5477 in
1079 5423 1274 5480 Urbem
1303 5424 1476 5478 redux
1524 5423 1663 5491 (Lib.
1710 5439 1782 5491 Vl,
1822 5443 1941 5493 epp.
1977 5426 2046 5480 55
2079 5439 2129 5484 et

541 5507 655 5583 δῖ).
684 5512 873 5583 Itaque
898 5514 1113 5585 quando
1154 5516 1348 5584 legitur
1377 5513 1517 5583 apud
1554 5513 1753 5567 Bedam
1806 5516 2128 5587 aliquantum

540 5599 746 5656 itineris
787 5610 991 5658 tantum
1030 5618 1342 5674 progressos
1386 5603 1551 5657 tuisse
1595 5604 1947 5675 Augustinum
1988 5608 2130 5677 ejus-

2232 4720 2356 4761 nem
2395 4706 2460 4759 ad
2498 4705 2824 4761 Orientalem
2861 4707 3095 4776 plagam.
3132 4706 3189 4759 ln
3218 4707 3410 4762 Cautio
3442 4710 3661 4776 regione
3700 4711 3821 4764 Bri-

2235 4797 2431 4854 tannia}
2461 4795 2646 4851 Galliis
2674 4798 2889 4864 objecta
2918 4814 3093 4867 usque
3118 4800 3183 4853 ad
3218 4799 3516 4854 Ilumbrum
3557 4800 3779 4855 ﬂuvium
3803 4844 3817 4866 ,

2231 4901 2361 4947 tunc
2392 4890 2649 4956 regnabat
2679 4899 2704 4926 ⁸
2738 4889 3096 4955 Edilberthus,
3124 4890 3279 4959 cujus
3300 4908 3437 4945 uxor
3458 4902 3576 4946 erat
3600 4892 3817 4960 Bertha,

2232 4982 2535 5037 Chariberti
2575 4980 2906 5035 Francorum
2936 4980 3097 5048 Regis
3139 4980 3245 5033 ﬁlia
3285 4989 3340 5035 et
3368 4980 3632 5035 Clotharii
3662 4982 3819 5050 primi

2226 5071 2403 5140 neptis
2450 5088 2461 5123 :
2498 5069 2669 5139 Anglo
2703 5071 2816 5138 regi
2849 5070 2949 5124 hac
2996 5071 3113 5137 lege
3142 5070 3195 5123 in
3233 5069 3638 5123 matrimonium
3669 5070 3817 5136 data,

2228 5172 2288 5217 ut
2305 5162 2461 5216 ﬁdem
2486 5161 2849 5216 Christianam
2874 5162 3135 5215 retineret
3161 5175 3224 5214 ac
3249 5160 3419 5213 libere
3440 5159 3816 5229 proﬁteretur;

2233 5250 2558 5324 quapropter
2590 5250 2975 5316 Luidhardum,
3005 5250 3464 5305 Silvanectensem
3483 5251 3818 5319 episcopum,

2230 5358 2413 5398 secum
2446 5340 2617 5405 duxit,
2647 5356 2711 5395 ac
2740 5341 2793 5395 in
2824 5340 2947 5393 aula
2974 5354 3247 5393 sacrorum
3279 5338 3581 5393 ministrum
3608 5339 3818 5393 habuit.

2236 5429 2316 5485 Ab
2347 5431 2435 5484 illa
2472 5430 2769 5501 praesertim
2800 5429 3089 5498 pellectum
3112 5426 3275 5481 fuisse
3304 5441 3487 5494 regem
3509 5426 3573 5480 ad
3604 5426 3822 5494 ejuran-

2192 5590 2195 5593 _
2238 5521 2363 5575 dum
2386 5521 2654 5575 idolorum
2685 5518 2888 5574 cultum
2915 5519 3201 5581 credimus,
3240 5533 3307 5572 ex
3322 5516 3379 5570 S.
3412 5516 3662 5586 Gregorii
3691 5532 3821 5571 con~

2237 5611 2357 5666 silio
2389 5610 2529 5683 (Lib.
2560 5628 2634 5678 xi,
2673 5626 2751 5680 ep.
2783 5608 2893 5677 2)),
2922 5608 3015 5678 qui
3054 5608 3463 5663 conversionem
3495 5606 3670 5677 gentis
3710 5604 3817 5658 An-

615 5732 635 5753 '
665 5734 756 5791 Sic
782 5736 1086 5808 legendum,
1129 5754 1237 5796 non
1278 5738 1627 5795 Adilberthus.
1658 5739 1777 5799 Edil
1816 5744 2290 5814 linguaSaxonica
2322 5742 2583 5815 signiﬁcat
2625 5743 2938 5813 gloriosum,
2995 5744 3319 5800 honoratum
3347 5743 3501 5813 juxta
3530 5740 3817 5812 Spelman-
