4138 6448
346 453 450 511 369

840 459 899 516 S.
940 451 1264 513 GRECORII
1305 450 1517 507 MAGNI
1559 450 1738 518 VlTA,
1781 449 1868 506 EX
1911 445 2070 504 EJUS
2108 449 2413 515 SCRIPT'S
2453 458 2842 516 ADORNATA.
2882 459 3011 515 LIB.
3053 457 3138 516 Ill.

3503 420 3639 519 370'

343 566 557 638 glorum
597 567 717 635 ejus
761 569 996 623 mercedi
1040 577 1368 623 reservatam
1417 568 1627 632 asserit,
1674 573 1839 634 atque
1867 561 1936 617 ad
1963 563 2013 622 A
2039 563 2400 632 Christianum
2443 573 2640 630 factum
2687 592 2718 632 a
2752 577 3014 646 Gregorio
3066 577 3312 635 Romano
3363 580 3624 650 pontiﬁce

344 663 554 709 tantum
567 671 704 726 opus
714 656 1097 726 perliciendum
1111 657 1352 712 eamdem
1366 655 1832 711 vehementissima
1849 653 1936 708 ad-

341 746 656 803 hortatione
684 747 928 803 ac'cendit
963 767 974 801 :
1005 747 1158 818 quasi
1189 747 1369 815 Regia:
1398 746 1726 801 Francorum
1749 744 1934 814 stirpis

346 831 472 889 ﬁliae
517 851 700 890 veram
731 835 1015 906 lidempro
1045 839 1170 890 dote
1199 837 1326 891 viris
1346 836 1457 889 suis
1488 835 1680 890 aﬂ'erre
1703 850 1935 890 consue-

339 922 565 976 vissent.
601 922 691 977 Sic
715 925 856 977 enim
879 923 1300 987 Chlodesuinda,
1333 924 1593 978 Chlotarii
1631 924 1774 993 regis
1802 923 1929 987 lilia,

340 1014 633 1070 Alboinum
671 1014 1150 1083 Langobardorum
1193 1030 1376 1084 regem
1410 1016 1772 1071 Christianum
1803 1014 1932 1071 elle—

340 1105 453 1171 cit;
485 1114 538 1159 et
566 1104 838 1173 lngundis,
880 1105 985 1159 lilia
1023 1104 1276 1173 Sigiberti
1321 1112 1374 1159 et
1413 1097 1743 1161 Cbildeb-erti
1789 1106 1932 1174 regis

341 1209 518 1262 soror,
551 1195 964 1266 Hermenegildo
987 1199 1186 1252 Ariano
1225 1198 1440 1262 tradita,
1473 1215 1597 1254 eum
1624 1201 1690 1254 ad
1710 1199 1932 1255 catholi-

341 1303 462 1342 cam
503 1287 709 1344 inﬂexit
736 1289 896 1344 iidem
921 1296 978 1344 et
1007 1289 1072 1343 ad
1102 1289 1417 1360 martyrium
1449 1288 1820 1344 inﬂammavit.
1901 1364 1903 1366 _

415 1376 468 1433 9.
499 1379 830 1449 Augustinus
861 1381 928 1434 ab
975 1379 1148 1434 insula
1179 1379 1385 1435 Taneto
1415 1381 1561 1434 misit
1591 1380 1657 1434 ad
1686 1379 1928 1433 Edilber-

342 1467 496 1520 thum
535 1483 601 1520 ex
620 1468 730 1522 suis
750 1469 931 1532 sociis,
956 1469 1047 1539 "qui
1076 1468 1321 1523 dicerent
1359 1484 1416 1524 se
1444 1469 1615 1524 Roma
1647 1470 1924 1540 profectos

341 1557 581 1608 nuntium
610 1556 678 1610 ad
716 1573 840 1611 eum
871 1559 1008 1628 ferre
1031 1560 1308 1628 optimum,
1337 1561 1423 1630 qui
1453 1558 1549 1612 sibi
1575 1560 1930 1629 obtemperen-

343 1644 477 1699 tibus
500 1655 695 1701 (eterna
721 1649 773 1701 in
804 1650 945 1703 cadis
974 1649 1165 1720 gaudia
1192 1658 1240 1703 et
1282 1666 1493 1720 regnum
1527 1653 1646 1728 sine
1675 1651 1779 1718 fine
1813 1664 1927 1702 cum

342 1735 452 1791 Deo
491 1739 599 1792 vivo
638 1749 687 1792 et
723 1757 840 1794 vero
872 1743 1133 1811 futurum,
1177 1743 1288 1794 sine
1317 1742 1424 1794 ulla
1456 1741 1771 1795 dubitatione
1806 1755 1928 1810 pro-

341 1830 562 1882 mitteret
593 1830 758 1900 (Beda
789 1830 877 1884 lib.
902 1847 937 1895 1,
970 1848 1015 1885 c.
1051 1830 1165 1901 25).
1201 1830 1308 1885 Eos
1335 1832 1740 1900 perhumaniter
1775 1829 1925 1885 exci-

2037 657 2430 724 sapientissime
2473 665 2759 732 gubernari
2802 687 2814 721 :
2854 670 2946 737 qui
2963 669 3191 725 salutem
3229 670 3372 738 regis
3411 669 3618 740 Anglo-

2035 761 2262 819 rumque
2290 753 2529 807 omnium
2555 756 2762 822 sitiens,
2793 759 3022 814 libenter
3053 761 3168 816 haec
3196 761 3326 829 ipsis
3359 760 3624 828 pradica-

2036 844 2189 893 turus
2222 841 2544 911 advolasset,
2577 847 2677 901 nisi
2709 857 2789 902 tot
2824 851 2924 904 sibi
2955 851 3281 905 creditarum
3307 851 3485 906 ovium
3517 866 3616 905 cu-

2035 940 2150 981 ram
2181 927 2432 987 deserere
2477 935 2818 992 lormidasset
2855 940 3092 1008 optimus
3139 949 3324 1010 pastor
3355 957 3370 994 :
3404 955 3463 996 se
3490 954 3623 995 vero

2034 1030 2134 1084 pro
2164 1019 2282 1087 ipso
2311 1023 2583 1090 legatione
2612 1025 2779 1094 fungi.

2106 1109 2193 1162 ll.
2235 1111 2315 1165 Ad
2365 1113 2477 1168 lucc
2525 1129 2620 1168 rex
2653 1116 2793 1168 inter
2821 1115 2994 1168 inoliti
3029 1117 3229 1171 erroris
3257 1116 3541 1179 tenebras,
3565 1122 3626 1172 et
3678 1121 3686 1132 ‘

2033 1201 2373 1271 allulgentem
2403 1205 2642 1258 veritatis
2680 1205 2851 1259 lucem
2883 1220 3080 1274 anceps
3114 1214 3165 1260 et
3197 1205 3624 1273 cunctabundus,

2031 1295 2293 1362 respondit
2320 1302 2374 1346 ut
2403 1311 2560 1364 teger,
2593 1297 2768 1366 favens
2793 1297 2998 1366 quidem
3028 1295 3261 1359 medicis,
3291 1296 3381 1349 sed
3404 1297 3623 1351 necdum

2029 1385 2232 1454 patiens
2269 1385 2583 1450 curationis,
2612 1387 2832 1456 pulchra
2872 1387 2970 1441 sibi
3006 1387 3176 1441 videri
3204 1387 3366 1441 verba
3411 1394 3467 1440 et
3495 1401 3626 1457 pro-

2030 1478 2223 1536 missa:
2253 1479 2345 1532 sed
2369 1481 2488 1549 quia
2508 1495 2639 1533 nova
2668 1488 2787 1533 sunt
2814 1488 2864 1533 et
2888 1481 3114 1544 incerta,
3146 1479 3342 1549 inquit,
3380 1495 3485 1532 non
3511 1495 3628 1549 pos-

2030 1586 2143 1623 sum
2175 1587 2439 1624 assensum
2467 1571 2711 1633 tribuere,
2759 1571 2948 1624 relictis
2987 1572 3060 1624 eis
3089 1585 3202 1641 qua
3224 1579 3367 1624 tanto
3397 1577 3626 1638 tempore

2029 1675 2142 1714 cum
2185 1662 2325 1714 omni
2371 1661 2660 1731 Anglorum
2698 1671 2846 1732 gente
2890 1663 3103 1715 servavi.
3164 1660 3354 1714 Verum
3398 1663 3520 1731 quia
3561 1660 3629 1716 de

2028 1751 2181 1823 longe
2209 1753 2304 1806 huc
2334 1755 2564 1820 venistis,
2588 1764 2642 1806 ut
2666 1770 2779 1823 qua?
2799 1770 2919 1807 vera
2941 1761 2991 1807 et
3011 1754 3206 1823 optima
3232 1752 3370 1806 vobis
3391 1753 3628 1806 videntur

2028 1858 2088 1894 ea
2114 1843 2259 1895 nobis
2281 1845 2722 1897 communicaretis
2741 1885 2756 1911 ,
2800 1851 3100 1914 pergratum
3129 1842 3406 1907 habemus;
3437 1843 3630 1897 annui-

340 1918 494 1986 Piens
537 1934 654 1983 ΓΘΧ,
679 1919 839 1987 iussn
882 1929 945 1972 ιιι
986 1921 1038 1974 in
1079 1935 1145 1974 θο
1189 1935 1296 1988 quo
1347 1921 1556 1989 aPl)“ISi
1601 1929 1756 1975 erant
1802 1920 1924 1973 Ῑοοο
1957 1936 2004 1995 Β
2029 1948 2238 2003 musque
2265 1945 2321 1986 ut
2348 1935 2632 2003 quicunque
2653 1933 2857 1988 Christo
2894 1951 3080 1988 nomen
3125 1935 3252 1988 dare
3288 1935 3630 1999 voluerint,a

339 2007 651 2077 aliquandiu
686 2017 1050 2071 morarentur,
1089 2008 1261 2062 donec
1289 2009 1418 2077 quid
1451 2008 1590 2064 facto
1619 2025 1755 2078 Opus
1785 2015 1928 2062 esset

338 2093 684 2159 decerneret,
717 2097 1072 2166 suppeditatis
1101 2097 1315 2151 interim
1347 2099 1555 2153 cunctis
1583 2100 1924 2154 necessariis.

339 2181 472 2235 Post
516 2183 630 2237 dies
667 2185 872 2254 aliquot
909 2185 1058 2239 venit
1097 2185 1163 2238 ad
1209 2185 1435 2240 insulam
1464 2201 1584 2251 rex,
1627 2195 1682 2241 et
1707 2187 1806 2242 sub
1837 2186 1926 2241 dio

339 2271 602 2336 residens,
630 2273 987 2340 Augustinum
1010 2289 1073 2328 ac
1103 2274 1282 2328 socios
1307 2274 1371 2327 ad
1393 2275 1725 2343 colloquium
1749 2292 1928 2332 accer-

340 2359 506 2415 sivit:
555 2361 772 2416 Cauerat
813 2372 982 2416 autem
1032 2381 1095 2417 ne
1130 2365 1185 2417 in
1223 2365 1450 2434 aliquam
1498 2367 1706 2420 domum
1751 2367 1820 2421 ad
1873 2383 1928 2421 se

340 2451 614 2514 introiret,
659 2453 816 2505 veteri
841 2470 960 2506 usus
989 2456 1228 2524 augurio,
1257 2453 1431 2524 inquit
1460 2453 1624 2517 Beda,
1655 2473 1717 2509 ne
1746 2473 1926 2523 super-

341 2549 488 2593 ventu
523 2558 636 2605 suo,
665 2544 708 2595 si
735 2544 858 2614 quid
894 2545 1150 2613 male/ica:
1190 2547 1318 2598 artis
1349 2546 1664 2610 habuissent,
1698 2567 1813 2604 eum
1840 2567 1929 2604 su-

343 2629 574 2697 perando
604 2631 916 2701 deciperent.
941 2634 1006 2685 At
1029 2635 1104 2687 illi
1126 2651 1232 2687 non
1271 2634 1609 2700 dwmoniaca,
1644 2639 1732 2690 sed
1754 2639 1929 2695 divina

346 2718 532 2771 virtute
559 2721 788 2786 praediti,
817 2722 1103 2786 veniebant,
1136 2739 1335 2776 crucem
1365 2741 1456 2792 pro
1490 2726 1676 2779 vexillo
1707 2730 1930 2797 ferentes

349 2817 663 2876 argenteam,
695 2821 744 2864 et
771 2813 1048 2883 imaginem
1093 2812 1302 2866 Domini
1344 2811 1634 2868 Saluatoris
1661 2817 1715 2869 in
1755 2817 1932 2872 tabula

347 2895 622 2964 depictam,
655 2901 966 2975 litaniasque
994 2913 1255 2958 canentes.

423 2983 515 3040 l0.
543 2989 888 3060 Augustinus,
931 2993 1215 3062 impetrata
1253 2993 1506 3064 loquendi
1547 2996 1788 3065 licentia,
1820 3001 1932 3068 regi

353 3083 566 3149 aperuit
613 3099 671 3138 se
698 3085 986 3155 sociosque
1015 3099 1142 3140 suos
1180 3099 1246 3138 eo
1275 3085 1500 3140 consilio
1545 3087 1844 3156 advenisse,
1871 3098 1935 3144 ut

351 3169 527 3239 ipsum
557 3169 810 3229 docerent
841 3190 946 3245 qua
989 3177 1198 3232 ratione
1230 3187 1354 3247 post
1389 3183 1616 3232 mortem
1648 3179 1934 3246 gloriosius

349 3270 633 3328 regnaret,
663 3263 1185 3336 immortalitatisque
1209 3285 1461 3326 coronam
1489 3277 1932 3336 consequeretur.

353 3345 530 3419 Ipsam
565 3351 908 3407 credentibus
938 3354 990 3407 in
1027 3371 1084 3409 se
1111 3354 1294 3412 Jesum
1323 3359 1593 3413 Christum
1635 3373 1730 3411 sua
1759 3367 1937 3413 morte

352 3439 717 3505 promeruisse
737 3480 752 3505 ,
783 3456 1115 3513 regnumque
1155 3447 1414 3501 caelorum
1445 3462 1738 3502 reserasse.
1769 3447 1939 3502 Nimi-

355 3539 474 3580 rum
507 3535 657 3583 tanto
699 3529 864 3585 Deum
893 3547 1077 3588 amore
1113 3533 1366 3603 ﬂagrasse
1394 3551 1519 3606 erga
1547 3536 1811 3601 homines,
1846 3545 1938 3602 ut,

354 3617 418 3671 ad
447 3632 632 3674 eorum
658 3620 886 3674 salutem
920 3624 1332 3691 procurandam,
1358 3624 1548 3679 Filium
1570 3641 1724 3680 suum
1749 3625 1941 3692 unige-

353 3707 526 3763 nitum
566 3711 884 3780 turpissimus
920 3715 1099 3777 morti,
1142 3715 1320 3769 crucis
1356 3715 1606 3770 videlicet
1653 3713 1937 3784 supplicio,

357 3797 654 3852 tradiderit.
687 3799 766 3855 ita
797 3803 972 3855 crucis
992 3803 1304 3856 scandalum
1349 3805 1569 3859 minime
1599 3806 1940 3860 dissimulan-

353 3889 485 3943 dum
513 3892 723 3958 putavit
764 3897 1012 3962 egregius
1064 3897 1419 3965 praedicator;
1450 3913 1560 3967 quo
1599 3901 1768 3966 magis
1806 3899 1941 3954 divi-

354 3992 479 4032 nam
510 3977 628 4046 ejus
654 3982 909 4038 virtutem
937 3986 1004 4039 ad
1032 3987 1307 4041 hominem
1337 4003 1367 4040 a
1397 3989 1585 4042 mortis
1621 3990 1940 4060 peccatique

353 4067 618 4124 servitute
659 4071 992 4129 liberandum
1027 4077 1449 4131 commendaret.
1495 4075 1633 4141 Quid
1673 4081 1809 4133 enim
1837 4089 1939 4134 tam

355 4159 568 4225 dignum
597 4161 707 4217 Deo
738 4181 891 4236 quam
920 4167 1062 4221 salus
1093 4168 1358 4221 hominis?
1387 4167 1644 4223 Eumdem
1670 4169 1939 4224 Christum

351 4258 475 4319 post
506 4262 737 4308 mortem
768 4257 1128 4312 rosuri-exisse
1152 4300 1168 4326 ,
1215 4273 1438 4328 regnum
1480 4259 1739 4314 caelorum
1778 4275 1936 4316 cons-

353 4346 616 4413 cendisse,
659 4357 820 4417 atque
846 4350 912 4402 ad
941 4350 1218 4404 dexteram
1245 4349 1418 4404 Patris
1445 4351 1607 4422 260
1626 4338 1814 4406 sedere
1841 4351 1938 4405 ad-

350 4440 516 4507 jecit;
558 4450 845 4495 venturum
877 4448 1056 4495 autem
1088 4441 1140 4494 in
1174 4448 1417 4495 extrema
1463 4441 1645 4494 mundi
1685 4456 1937 4496 consum-

353 4530 590 4584 matione
613 4530 678 4585 ad
702 4530 975 4585 terendum
998 4533 1064 4585 de
1087 4532 1293 4586 cunctis
1316 4532 1633 4587 mortalibus
1652 4532 1930 4602 judicium.

355 4618 530 4689 Atque
551 4628 611 4674 ut
632 4621 787 4675 ﬁdem
815 4620 1036 4684 laceret,
1065 4621 1322 4676 miracula
1373 4607 1644 4676 enarravit
1690 4622 1936 4679 innume-

352 4721 414 4760 ra
459 4717 514 4763 et
553 4711 838 4780 stupenda,
869 4726 987 4778 quae
1034 4709 1330 4764 divinitatis
1358 4709 1556 4764 Christi
1588 4722 1735 4765 certa
1782 4727 1938 4781 argu-

351 4805 532 4851 menta
561 4807 686 4853 sunt
712 4816 726 4864 ;
755 4813 866 4868 prae
895 4800 1104 4855 czeteris
1128 4814 1258 4854 vero
1288 4799 1527 4868 gentium
1554 4796 1670 4856 fere
1696 4804 1938 4859 omnium

351 4886 406 4940 in
423 4888 763 4957 suscipienda
791 4889 1098 4944 Christiana
1111 4890 1385 4957 religione,
1411 4892 1673 4960 idolisque
1686 4894 1940 4961 rejicien-

351 4975 434 5031 dis
484 4977 674 5031 miram
705 4978 1158 5046 conspirationem
1178 5019 1190 5042 ,
1225 4979 1350 5032 licet
1381 4980 1734 5034 renitentibus
1763 4987 1940 5050 pravis

351 5066 630 5121 hominum
681 5067 961 5122 aﬂectibus
1013 5084 1077 5122 ac
1127 5069 1311 5133 vitiis;
1347 5071 1544 5140 quibus
1598 5072 1670 5125 ita
1725 5073 1942 5134 favebat

350 5157 734 5230 Ethnicismus,
770 5171 828 5216 ut
871 5161 1082 5216 divinos
1125 5162 1286 5216 etiam
1329 5163 1564 5219 honores
1594 5181 1692 5234 pro
1721 5167 1798 5222 eis
1836 5169 1934 5226 de-

351 5263 602 5306 cerneret
624 5267 687 5307 ac
710 5243 1052 5322 repe'nderet,
1087 5267 1208 5306 cum
1239 5267 1269 5306 e
1289 5262 1475 5307 contra
1521 5262 1749 5310 mortem
1773 5265 1934 5313 teter-

347 5355 475 5395 nam
545 5342 866 5411 corruptela:
922 5356 1135 5396 morum
1200 5341 1526 5410 stipendium
1571 5359 1689 5399 esse
1740 5347 1935 5404 doceat

348 5429 439 5486 lex
491 5429 832 5500 Evangelica.
890 5430 1178 5500 Subjunxit
1229 5432 1559 5502 Augustinus
1615 5437 1803 5490 orbem
1858 5437 1933 5494 ita

421 5586 447 5614 ⁸
479 5577 671 5634 Postea
709 5579 994 5634 Cantuaria
1029 5580 1189 5635 dicta.

418 5647 448 5685 δ
483 5649 562 5722 _De
587 5650 811 5722 patratis
835 5652 900 5704 ab
944 5652 1236 5714 Augustino
1277 5652 1656 5722 sodalihusque
1683 5653 1798 5722 ejus
1827 5657 1931 5710 mi-

320 5720 566 5790 ‘raculis,
597 5735 702 5772 non
735 5720 906 5772 solum
934 5735 1120 5774 eorum
1149 5732 1266 5777 acta
1295 5720 1612 5790 loquuntur,
1645 5720 1736 5778 sed
1767 5729 1929 5781 etiam

347 5788 656 5865 Bedtt‘loco
696 5790 950 5865 laudato,
985 5793 1196 5865 etipsc
1240 5788 1555 5865 Gregorius,
1591 5788 1852 5865 prmcipue
1876 5798 1928 5852 in

349 5873 452 5933 ep.
472 5860 711 5933 50,_libri
743 5876 859 5933 vni,
890 5860 1258 5933 adEulogium
1286 5881 1298 5914 :
1336 5862 1531 5928 Tantis,
1556 5860 1930 5933 inqtiit,'mira-

351 5931 482 5985 culis
502 5931 577 5986 vel
599 5932 707 6001 ipse
729 5930 1096 6002 (Augustinus)
1117 5934 1192 5987 vel
1220 5934 1271 5987 hi
1291 5934 1376 6005 qui
1398 5950 1512 5988 cum
1541 5952 1600 5991 eo
1630 5930 1926 5995 transmissi

1965 4699 2020 4760 Β
2042 4669 2260 4725 minime
2298 4677 2534 4739 caperet.

2034 2025 2174 2076 vobis
2217 2025 2599 2092 suscipiantur,
2648 2035 2698 2078 et
2741 2043 2834 2095 pro
2874 2035 3038 2079 vestro
3102 2043 3246 2080 more
3291 2028 3631 2080 instituantur

2033 2115 2220 2184 (Beda,
2257 2115 2293 2168 ι.
2319 2132 2356 2180 ι,
2381 2133 2428 2169 c.
2452 2113 2563 2185 25).
2599 2113 2865 2170 Praeterea
2894 2116 3076 2170 locum
3105 2117 3394 2184 assignavit
3418 2117 3474 2171 in
3503 2115 3630 2172 civi-

2033 2214 2143 2260 tate
2175 2216 2200 2244 ι
2230 2205 2612 2273 Dorrohernia,
2647 2207 2811 2261 totius
2840 2207 2991 2276 regni
3016 2207 3322 2277 metropoli,
3355 2207 3446 2262 ubi
3470 2221 3624 2262 com-

2030 2298 2190 2352 mode
2223 2306 2539 2361 manerent;
2573 2307 2627 2352 et
2649 2313 2769 2366 qua:
2809 2298 2876 2352 ad
2916 2298 3081 2353 vitam
3107 2299 3412 2354 necessaria
3448 2297 3632 2356 forent

2031 2387 2242 2442 abunde
2283 2388 2613 2458 suppeditari
2656 2389 2837 2456 jussit.
3614 2447 3618 2451 ,

2104 2478 2190 2532 12.
2233 2479 2431 2534 Urbem
2460 2480 2660 2547 regiam
2693 2480 2914 2548 ingressi
2937 2488 3083 2548 sunt,
3114 2495 3328 2538 crucem
3353 2489 3409 2536 et
3437 2481 3631 2553 imagi-

2031 2587 2152 2626 nrm
2176 2570 2374 2625 Christi
2405 2570 2708 2626 Servatoris
2732 2587 2882 2626 more
2901 2585 3002 2628 suo
3030 2571 3398 2642 praeferentes,
3424 2581 3482 2628 et
3501 2573 3628 2627 lita-

2031 2662 2174 2716 niain
2209 2662 2344 2717 hanc
2379 2677 2512 2716 voce
2564 2676 2803 2716 consona
2843 2663 3180 2718 modulantes
3227 2681 3242 2715 :
3273 2662 3628 2733 Deprecamur

2035 2760 2098 2814 te,
2131 2751 2367 2817 Domine,
2401 2753 2455 2806 in
2479 2754 2617 2806 omni
2643 2753 3002 2807 misericordia
3023 2762 3131 2819 tua,
3154 2763 3211 2808 ut
3239 2756 3508 2826 auferatur
3542 2756 3631 2825 {u-

2034 2857 2121 2892 ror
2143 2848 2256 2893 tuus
2281 2850 2329 2892 et
2348 2840 2428 2892 ira
2453 2848 2538 2892 tua
2559 2857 2592 2892 a
2614 2841 2819 2894 civitate
2837 2843 2960 2908 ista,
2987 2850 3036 2896 et
3060 2843 3126 2896 de
3147 2843 3298 2898 domo
3319 2852 3501 2898 sancta
3517 2853 3628 2911 tua,

2033 2930 2275 2998 quoniam
2305 2931 2651 2999 peccavimus,
2685 2931 2898 2985 alleluia
2925 2933 3125 3000 (Beda,
3154 2933 3242 2988 lib.
3272 2950 3318 3001 1,
3350 2952 3396 2987 c.
3421 2932 3532 3004 25).
3567 2934 3629 2991 In

2035 3036 2295 3076 concessa
2321 3021 2424 3076 sibi
2452 3022 2577 3078 sede
2606 3022 2938 3091 Augustinus
2961 3025 3185 3097 ejusque
3206 3028 3626 3094 commilitones,

2035 3111 2386 3181 apostolicam
2409 3115 2676 3168 nascentis
2699 3113 2949 3171 Ecclesiae
2990 3120 3155 3172 vitam
3205 3119 3403 3174 imitari
3448 3135 3631 3192 cmpe-

2037 3211 2392 3267 runt,cuncta
2412 3204 2594 3259 mundi
2609 3205 2766 3274 hujus
2783 3206 2930 3262 velut
2949 3207 3123 3262 aliena
3145 3210 3467 3278 spernendo,
3489 3220 3545 3266 et
3564 3225 3632 3266 ea

1963 3307 2010 3372 ο
2040 3303 2246 3349 tantum
2277 3295 2394 3363 quae
2417 3296 2581 3351 victui
2611 3299 2915 3353 necessaria
2946 3297 3125 3354 forent
3149 3301 3217 3355 ab
3253 3299 3331 3356 eis
3367 3316 3502 3371 quos
3529 3301 3633 3357 do-

2044 3389 2238 3444 cebant
2269 3389 2608 3460 accipiendo,
2655 3397 2716 3444 ut
2742 3390 3002 3460 exemplis
3022 3392 3200 3460 potius
3246 3406 3409 3462 quam
3457 3393 3635 3450 verbis

2043 3480 2174 3550 legis
2213 3479 2528 3535 Christiana:
2549 3483 2889 3535 sanctitatem
2933 3481 3390 3537 commendarent.
3423 3480 3517 3538 His
3546 3483 3634 3539 in-

2042 3573 2219 3626 noxiis
2259 3572 2524 3627 illecebris
2552 3572 2732 3628 allecti
2763 3573 2831 3627 ad
2859 3575 3100 3629 veritatis
3148 3575 3284 3629 retia
3315 3591 3422 3630 non
3450 3577 3632 3647 pauci,

2044 3660 2202 3716 ﬁdem
2233 3662 2285 3716 in
2333 3660 2604 3716 Christum
2633 3662 2866 3732 amplexi
2903 3673 3058 3731 sunt;
3100 3665 3292 3733 quibus
3331 3667 3387 3720 in
3415 3667 3637 3738 antiqua

2043 3756 2215 3813 sancti
2253 3754 2462 3809 Martini
2489 3756 2641 3824 juxta
2664 3756 2848 3811 urbem
2871 3755 3135 3825 Ecclesia,
3164 3759 3280 3814 sola
3303 3767 3414 3812 tum
3443 3775 3636 3830 super-

2044 3848 2188 3912 stite,
2219 3862 2448 3917 synaxes
2473 3860 2632 3914 agere
2655 3863 2972 3904 concessum
3002 3858 3102 3904 est.
3132 3851 3202 3903 At
3218 3858 3504 3919 postquam
3532 3865 3634 3908 rex

2044 3941 2160 4011 ipse
2189 3939 2416 3994 credidit
2443 3948 2498 3994 et
2525 3941 3044 4009 haptismoinitiatus
3059 3950 3170 4005 est,
3203 3941 3230 3980 ι’
3247 3942 3631 4001 miraculorum

2043 4031 2240 4100 quibus
2281 4031 2423 4085 Deus
2456 4044 2733 4085 servorum
2771 4046 2990 4085 suorum
3040 4031 3338 4087 doctrinam
3375 4034 3636 4089 sanctita-

2044 4131 2260 4190 temque
2279 4119 2653 4182 conlirmabat,
2675 4119 2873 4175 invicto
2893 4122 3201 4175 testimonio
3216 4122 3356 4176 ultra
3373 4123 3628 4180 reluctari

2043 4231 2148 4270 n0n
2177 4215 2371 4278 ferens,
2404 4225 2586 4270 vetera
2631 4213 2828 4283 templa
2853 4213 3026 4268 diruta
3055 4224 3364 4271 restaurare
3394 4231 3456 4271 ac
3485 4232 3627 4272 nova

2044 4313 2322 4360 exstruere
2360 4306 2492 4358 mira
2534 4311 2811 4374 cmperunt
2835 4303 3111 4359 alacritate
3134 4305 3411 4376 neopbyti.
3458 4305 3628 4361 Nimi-

2043 4412 2160 4450 rum
2194 4404 2341 4450 tanta
2382 4403 2508 4450 tunc
2535 4395 2788 4451 Ecclesiae
2824 4393 3064 4449 nascenti
3092 4394 3233 4449 facta
3256 4404 3338 4450 est
3365 4397 3626 4463 accessio,

2044 4487 2226 4557 Anglis
2251 4488 2392 4557 regis
2420 4487 2724 4558 exemplum
2748 4488 2990 4541 certatim
3011 4487 3358 4556 sequentibus
3386 4487 3533 4558 (licet
3559 4486 3630 4542 ad

2042 4579 2356 4648 religionem
2383 4578 2651 4652 neminem
2687 4579 2930 4650 cogeret)
2970 4587 3029 4634 ut
3057 4593 3152 4634 eos
3195 4577 3346 4648 prior
3389 4576 3631 4634 Ecclesia

2669 4737 2897 4793 CAPUT
2952 4737 3016 4792 ν.

2043 4847 2312 4911 Ancusi.—
2334 4848 2376 4895 1.
2404 4846 2701 4911 Augustinus
2725 4847 2974 4911 ordinatur
2999 4847 3274 4911 episcOpus.
3300 4874 3360 4884 —
3383 4850 3432 4897 2.
3458 4849 3630 4911 Bapti-

2104 4917 2178 4958 zat
2216 4910 2390 4975 decem
2429 4906 2694 4975 Anglorum
2737 4907 2900 4956 niiltia.
2940 4906 3136 4975 Romam
3168 4906 3326 4960 'mittit
3365 4916 3432 4975 et,
3455 4906 3628 4975 pariat;

2107 4927 2178 4958 lat
2216 4927 2390 4958 (lacent
2429 4927 2694 4967 Aligtorum
2737 4927 2900 4956 uulua.
2940 4927 3136 4957 numam
3176 4927 3326 4960 ωιιιιι
3365 4927 3417 4961 ει
3455 4927 3510 4974 pa
3549 4927 3628 4975 εις,

2107 4971 2328 5018 consulit.
2355 4996 2413 5005 -—
2440 4971 2485 5030 3,
2522 4969 2563 5016 A
2601 4983 2697 5030 quo
2735 4981 2912 5017 novum
2955 4973 3322 5030 praedicatorum
3362 4927 3629 5022 subsidium
3679 4990 3686 4992 ‘

2109 5031 2301 5090 accipit.
2343 5030 2400 5095 Et
2427 5029 2516 5095 alia
2543 5031 2766 5095 plurima.
2789 5058 2852 5095 _—7
2879 5032 2924 5078 4.
2953 5029 3179 5093 Epistolie
3222 5033 3273 5081 S.
3303 5034 3529 5095 Gregorii
3567 5034 3627 5084 ad

2104 5105 2294 5154 regem.
2316 5093 2388 5140 Ad
2401 5093 2640 5155 reginam.
2664 5091 2721 5140 Et
2740 5093 2798 5140 ad
2817 5091 3270 5155 Augustinum—5.
3292 5095 3367 5145 De
3383 5091 3627 5146 monaste-

2106 5153 2182 5203 rio
2203 5166 2351 5214 prope
2379 5153 2680 5202 Cantuariaui
2705 5153 2918 5204 condito:
2960 5154 3020 5204 Et
3042 5159 3303 5207 monastica
3327 5161 3421 5208 vita
3461 5159 3509 5206 in
3531 5157 3626 5208 Ec-

2099 5215 2246 5264 clesia
2268 5215 2601 5264 Cantuariensi
2622 5217 2854 5266 instituto.
2885 5217 3202 5270 Luculentum
3227 5233 3287 5268 ea
3312 5219 3377 5268 de
3401 5233 3457 5268 re
3475 5219 3626 5268 Bedte

2099 5279 2514 5343 testiinonium—ﬁ
2529 5278 2575 5326 6.
2602 5276 2824 5327 Alterum
2849 5292 2912 5328 ex
2938 5279 3071 5330 Beda
3094 5287 3336 5343 sumptum
3355 5292 3624 5342 argumen-

2101 5347 2204 5388 tum
2238 5339 2573 5389 ineluctabile.

2109 5440 2160 5494 1.
2184 5441 2373 5495 Datam
2399 5441 2501 5496 sibi
2523 5455 2556 5525 a
2581 5440 2637 5496 S.
2662 5439 2922 5512 Gregorio
2945 5444 3278 5514 provinciam
3317 5450 3424 5498 tam
3443 5441 3620 5498 felici-

2041 5605 2178 5658 sunt,
2200 5599 2253 5650 in
2279 5607 2424 5666 gente
2445 5597 2620 5650 eadem
2645 5605 2940 5660 coruscant,
2966 5604 3020 5648 ut
3041 5596 3390 5666 apostolorum
3412 5595 3623 5652 virtutes

2039 5669 2091 5720 in
2114 5665 2400 5738 signisqnte
2419 5667 2680 5738 exhibent,
2695 5668 2890 5721 imitari
2904 5665 3192 5738 videantur.
3215 5665 3280 5718 In
3301 5666 3625 5738 solemnitate

2037 5735 2206 5790 autem
2229 5735 2500 5791 Dominica
2527 5735 2858 5799 Nativitatis,
2892 5752 3004 5805 qua:
3027 5736 3122 5790 hac
3145 5737 3312 5805 prima
3339 5736 3624 5792 indictione

2038 5818 2300 5861 transacta
2321 5817 2394 5861 est
2412 5849 2426 5871 ,
2453 5808 2564 5876 plus
2605 5824 2758 5876 quam
2786 5809 2954 5857 decem
2982 5806 3147 5858 millia
3186 5807 3340 5877 Angli
3357 5806 3422 5859 ab
3443 5806 3622 5862 eodem

2033 5880 2255 5934 nuntiati
2287 5889 2402 5933 sunt
2433 5881 2593 5948 fratre
2614 5887 2663 5930 et
2685 5877 2982 5946 coepiscopo
3007 5887 3180 5932 nostro
3205 5878 3471 5948 baptizati.
