4138 6462
550 399 654 458 571

1016 400 1074 457 S.
1115 398 1439 457 GBEGORII
1480 398 1692 455 MAGNI
1731 396 1916 463 VITA,
1960 397 2051 453 EX
2092 396 2259 456 EJUS
2296 399 2603 458 SCRIPTIS
2644 400 3043 457 ADORNATA.
3084 402 3211 461 LIB.
3256 403 3340 461 Ill.

3718 407 3837 463 372

549 524 635 573 ter
663 517 963 588 auspicatus
984 517 1342 586 Augustinus,
1374 520 1614 590 ejusdem
1640 518 1793 587 jussu
1823 520 1876 572 in
1907 515 2135 572 Galliam
2161 524 2212 579 A
2240 521 2573 587 necessaria,
2601 536 2726 577 vasa
2757 536 2909 578 sacra
2944 521 3221 587 videlicet,
3268 522 3430 593 pallia
3457 523 3755 580 vestiendis
3786 538 3847 585 et

546 608 759 675 trajecit
784 609 874 663 ubi
896 624 927 663 a
950 606 1349 665 Germaniarum
1377 612 1629 682 episcopis
1660 613 1829 681 factus
1846 618 1919 664 est
1937 611 2135 680 episco-

545 712 639 769 pus
665 695 802 769 (Lib.
833 715 943 765 vnt,
976 718 1056 771 ep.
1080 698 1191 771 30).
1241 698 1344 757 Per
1374 700 1691 757 Germanias
1732 699 2023 769 Gregorius
2051 701 2134 754 in-

534 788 733 858 telligit
780 788 980 844 Gallias
1010 798 1139 846 tunc
1186 807 1215 845 a
1246 791 1468 847 Francis
1514 807 1544 847 e
1582 790 1868 846 Germania
1898 790 2135 846 oriundis

538 884 596 935 et
640 878 891 949 profectis
932 892 1239 952 occupatas.
1283 883 1529 939 Forsitan
1569 898 1785 953 quoque
1820 880 2135 939 Germanias

536 968 680 1025 inter
707 970 1074 1030 Arelatensem
1113 977 1321 1031 censuit
1352 977 1682 1047 provinciam
1699 976 1768 1031 ob
1800 974 2136 1046 Burgundio-

538 1080 635 1121 nes
665 1067 782 1134 ejus
810 1067 1013 1123 incolas
1042 1069 1250 1138 origine
1278 1068 1576 1125 Germanos
1618 1068 1767 1140 (Lib.
1796 1085 1829 1122 v
1850 1114 1863 1135 ,
1897 1087 1979 1138 ep.
2012 1067 2131 1138 53).

536 1154 735 1211 Eadem
764 1160 907 1213 enim
938 1161 1149 1215 ratione
1177 1160 1497 1230 Apollinaris
1523 1160 1773 1216 Sidonius
1798 1161 2133 1229 provinciam

534 1246 795 1317 Lugduno
825 1249 1116 1315 subditam,
1151 1250 1558 1319 Lugdunensem
1581 1250 1923 1306 Germaniam
1948 1251 2134 1321 appel-

533 1334 627 1392 lat.
664 1338 741 1394 Ab
770 1340 1027 1409 episcopo
1068 1340 1368 1397 Arelatensi
1400 1342 1705 1397 ordinatum
1750 1342 1912 1397 tuisse
1949 1339 2132 1408 Augu-

535 1429 733 1483 stinum
764 1429 924 1483 refert
947 1430 1090 1484 Beda
1124 1431 1309 1502 (Beda,
1346 1431 1433 1487 lib.
1456 1450 1490 1497 ι,
1522 1449 1566 1486 c.
1592 1430 1686 1501 27)
1704 1450 1722 1499 ;
1754 1448 1913 1502 quem
1937 1446 2135 1485 memo-

536 1518 612 1572 ria
644 1519 821 1587 lapsus
862 1519 1140 1575 Etherium
1193 1523 1453 1576 nominat.

601 1610 653 1664 2.
687 1608 743 1663 In
794 1611 1019 1667 insulam
1050 1628 1299 1668 reversus
1330 1629 1501 1669 novus
1528 1612 1805 1684 apostolus
1835 1612 1951 1681 ipso
1980 1622 2005 1649 α
2028 1609 2135 1665 Na-

535 1703 655 1756 talis
697 1703 907 1759 Domini
950 1703 1037 1759 die
1079 1705 1199 1775 plus
1229 1722 1387 1776 quam
1419 1705 1604 1761 deCem
1638 1705 1929 1776 Anglorum
1967 1703 2132 1758 millia

536 1788 841 1847 lustralibus
882 1794 1035 1863 aquis
1064 1796 1243 1851 tinxit.
1274 1795 1427 1862 Quod
1472 1795 1763 1850 indictione
1798 1811 1814 1849 t
1845 1794 2134 1863 contigisse

2241 609 2494 667 ornandis
2515 611 2789 677 altaribus,
2815 612 3165 668 sacerdotalia
3183 612 3511 679 indumenta,
3538 616 3841 686 martyrum

2239 701 2525 770 reliquias,
2573 711 2628 757 et
2674 704 2888 759 codices
2916 702 3173 773 plurimos
3199 700 3400 773 (Beda,
3450 702 3537 758 lib.
3564 722 3609 767 t,
3641 724 3688 759 ε.
3722 704 3838 778 29).

2240 791 2459 848 Addidit
2502 796 2714 861 pallium
2752 805 2805 850 et
2836 796 3115 866 epistolam
3154 812 3255 865 qua
3285 813 3426 852 novo
3470 799 3719 868 apostolo
3772 800 3843 855 de

2240 882 2534 952 Anglorum
2565 887 2951 953 conversione,
2984 902 3047 941 ac
3072 886 3137 940 de
3166 886 3388 955 patratis
3411 882 3477 941 ab
3524 887 3641 958 ip~o
3672 889 3840 941 mira-

2240 979 2376 1033 culis
2407 979 2477 1033 ita
2506 977 2910 1046 gratulabatur,
2944 987 3003 1033 ut
3030 978 3094 1033 ad
3124 980 3477 1035 humilitatem
3508 990 3562 1035 et
3583 980 3651 1036 de
3676 997 3838 1037 acce-

2239 1070 2345 1139 ptis
2384 1067 2537 1123 donis
2580 1067 2916 1122 formidinem
2948 1069 3292 1124 nihilominus
3322 1069 3637 1139 discipulum
3676 1088 3838 1125 suum

2240 1170 2592 1229 provocaret,
2635 1176 2664 1213 a
2704 1160 2948 1229 reprobis
2990 1161 3130 1214 facta
3172 1160 3431 1215 miracula
3474 1159 3524 1216 ei
3569 1161 3840 1231 objiciens

2240 1247 2381 1322 (Lib.
2409 1266 2487 1316 xt,
2520 1267 2600 1320 ep.
2642 1249 2738 1316 28;
2770 1248 2927 1316 Beda,
2958 1249 3046 1303 lib.
3076 1266 3121 1317 ι,
3153 1268 3198 1304 c.
3232 1248 3345 1319 '5l).

2309 1363 2362 1418 ι.
2392 1363 2619 1431 Scripsit
2663 1378 2878 1433 quoque
2922 1362 3233 1419 Edilbertho
3259 1365 3407 1433 regi,
3431 1365 3631 1434 gratias
3664 1380 3837 1432 agens

2238 1467 2336 1521 pro
2366 1452 2469 1506 title
2492 1451 2793 1506 Christiana
2822 1468 2982 1521 quam
3020 1462 3358 1523 susceperat,
3407 1462 3462 1509 et
3508 1454 3655 1508 velut
3696 1454 3841 1507 alter

2238 1539 2618 1596 Constantinus
2652 1552 3074 1611 propagaverat;
3110 1558 3215 1611 qua
3242 1543 3294 1596 in
3325 1543 3551 1611 epistola
3580 1543 3841 1610 Augusti-

2238 1648 2363 1686 num
2396 1633 2641 1701 impense
2670 1632 2879 1698 laudat,
2912 1634 3057 1702 quod
3089 1634 3141 1687 in
3172 1633 3482 1689 monasterii
3514 1633 3697 1701 regula
3736 1635 3841 1687 do-
3906 1666 3907 1669 η

2236 1734 2355 1782 ctus
2382 1724 2480 1791 sit,
2510 1741 2675 1781 sacrae
2704 1725 2991 1796 Scriptum
3024 1727 3245 1782 scientia
3283 1725 3551 1793 repletus,
3581 1733 3636 1779 et
3652 1725 3839 1789 bonis,

2238 1828 2461 1873 auctore
2482 1818 2611 1884 Deo,
2629 1819 2883 1888 praeditus
2904 1819 3156 1889 operibus
3181 1838 3192 1871 :
3216 1817 3409 1887 dignus
3428 1817 3651 1886 proinde
3671 1832 3838 1885 quem

535 1890 761 1939 testatur
788 1883 1083 1955 Gregorius
1113 1887 1179 1943 ad
1225 1886 1508 1957 Eulogium
1558 1889 1798 1943 scribens
1843 1886 1982 1958 (Lib.
2008 1902 2124 1977 vnt,
2166 1890 2213 1949 B
2240 1923 2336 1963 rex
2385 1883 2696 1963 ωοηθηιέη,
2740 1883 2955 1977 audi“;
2998 1910 3083 1967 cui
3132 1883 3379 1966 ευεάέηιί
3430 1883 3634 1964 inore,”
3683 1883 3841 1977 ἐπει

532 1992 612 2047 ep.
643 1976 763 2049 30),
811 1979 915 2036 hoc
944 1986 1028 2036 est
1075 1981 1419 2054 pontiﬁcatus
1458 1983 1539 2037 sui
1572 1998 1713 2035 anno
1751 1987 1963 2035 octavo.
2006 1976 2133 2034 Mox

531 2065 856 2138 Augustinus
885 2068 1019 2125 duos
1046 2085 1112 2127 ex
1134 2072 1432 2137 sodalibus,
1465 2069 1809 2125 Laurentium
1834 2077 1889 2123 ct
1913 2066 2130 2125 Petrum

530 2156 758 2216 Romam
785 2160 958 2228 misit,
990 2170 1046 2217 ut
1075 2161 1141 2218 de
1170 2164 1419 2219 omnibus
1443 2178 1563 2234 qua
1592 2170 1739 2231 gesta
1770 2160 1983 2215 fuerant
2009 2175 2129 2216 cer-

530 2248 723 2307 tiorem
747 2251 988 2309 facerent
1013 2263 1257 2311 sanctum
1287 2253 1616 2325 pontificem,
1646 2268 1878 2322 eumque
1907 2252 1972 2308 de
1995 2268 2133 2307 non-

530 2339 691 2398 nullis
739 2344 1125 2413 quaestionibus
1189 2346 1586 2417 interrogarent
1651 2355 1708 2401 et
1764 2344 2129 2411 consulerent,

530 2442 664 2501 quas
703 2446 825 2487 cum
861 2434 1030 2504 ipsius
1077 2436 1348 2504 responsis
1377 2436 1444 2490 ad
1483 2436 1718 2506 singulas
1758 2434 1983 2504 legimus
2015 2443 2130 2489 tum

529 2518 671 2588 apud
702 2516 929 2587 Bedam,
966 2530 1077 2579 tum
1108 2523 1161 2578 in
1190 2522 1549 2594 Epistolarum
1594 2524 1845 2594 Registro
1877 2524 2015 2596 (Lib.
2050 2542 2125 2591 xi,

529 2624 610 2679 ep.
644 2608 757 2680 64).
790 2604 1079 2684 Praecipua
1125 2623 1250 2669 sunt
1278 2615 1343 2671 de
1371 2625 1601 2685 quatuor
1641 2616 2130 2673 ecclesiasticorum

529 2698 796 2757 redituum
828 2712 884 2760 et
913 2707 1245 2765 oblationum
1263 2711 1601 2781 portionibus
1618 2712 1892 2777 faciendis,
1928 2713 1993 2767 de
2016 2712 2128 2767 cle-

528 2793 652 2850 ricis
680 2804 802 2866 post
844 2808 1150 2870 susceptum
1200 2804 1511 2859 clericatum
1536 2804 1838 2874 conjugatis
1858 2848 1873 2873 ,
1905 2806 1968 2861 de
1998 2823 2130 2863 con-

527 2886 898 2952 sanguinitatis
921 2890 1301 2961 alllnitatisque
1326 2892 1578 2961 gradibus
1600 2895 1997 2950 matrimonium
2030 2899 2131 2952 im-

526 2975 885 3045 pedientibus,
918 2980 985 3034 de
1012 2981 1352 3039 ordinatione
1386 2985 1784 3055 episcoporum.
1821 2983 2129 3044 Canonibus

526 3070 739 3139 quidem
770 3080 986 3129 cautum
1014 3083 1147 3143 erat,
1172 3078 1506 3149 utepiscopo
1527 3080 1754 3135 alterum
1788 3080 2130 3136 consecranti

525 3157 633 3216 duo
671 3163 759 3217 alii
801 3163 1051 3221 adessent
1087 3169 1356 3240 episc0pi,
1413 3171 1603 3226 saltem
1659 3175 1817 3244 231
1872 3180 2126 3242 tanquam

2240 1999 2380 2070 (Lib.
2407 2017 2489 2065 χι,
2524 2018 2606 2073 ep.
2633 2001 2744 2070 66).

2309 2094 2448 2149 Ante
2493 2094 2639 2149 illam
2689 2092 3007 2149 Edilbertbo
3054 2094 3167 2161 regi
3214 2094 3475 2163 scriptam
3525 2090 3838 2162 epistolam,

2235 2181 2526 2253 Gregorius
2553 2183 2763 2239 Bertha:
2789 2184 2954 2254 ipsius
2984 2185 3143 2239 uxori
3171 2185 3490 2254 scripserat,
3527 2183 3575 2237 ei
3598 2182 3841 2252 gratula—

2238 2281 2325 2330 tus
2352 2275 2496 2343 quod
2528 2283 2782 2344 tanquam
2821 2276 2993 2331 altera
3026 2274 3228 2331 Helena
3252 2317 3267 2343 ,
3294 2275 3631 2331 Constantini
3662 2274 3841 2343 impe-

2237 2367 2431 2420 ratoris
2459 2375 2649 2432 mater,
2690 2366 2809 2422 zelo
2839 2367 2961 2422 ﬁdei
2991 2382 3237 2433 accensa,
3267 2367 3606 2422 conversioni
3632 2366 3841 2435 Anglo-

2238 2473 2357 2511 rum
2414 2473 2635 2528 operam
2692 2458 2879 2524 daret;
2937 2473 3056 2513 eam
3110 2467 3287 2512 tamen
3349 2458 3510 2512 tacite
3558 2458 3838 2526 neglectus

2236 2562 2467 2616 arguens
2494 2550 2565 2604 ob
2611 2548 2984 2604 Edilberthum
3015 2550 3083 2603 ad
3110 2550 3467 2603 Christianam
3510 2548 3666 2603 ﬁdem
3698 2564 3838 2603 non-

2234 2639 2362 2693 dum
2390 2638 2505 2707 ejus
2536 2654 2664 2693 cura
2694 2650 2747 2693 et
2770 2640 3051 2709 prudentia
3075 2639 3362 2706 inﬂexum;
3392 2641 3483 2709 qui
3518 2641 3680 2709 paulo
3709 2648 3837 2710 post

2235 2729 2449 2785 Christo
2477 2747 2536 2785 se
2562 2730 2792 2786 subdidit
2825 2730 3009 2800 (Ibid.,
3035 2748 3114 2797 ep.
3147 2729 3261 2799 29).

2307 2819 2509 2876 Praeter
2548 2823 2827 2892 epistolam
2869 2823 2933 2875 ad
2975 2822 3328 2889 Augustinum
3376 2820 3624 2886 missam,
3673 2818 3835 2888 cujus

2235 2914 2580 2967 meminimus
2608 2929 2767 2983 supra
2792 2912 2930 2983 (Lib.
2960 2928 3006 2978 l,
3034 2930 3079 2966 ε.
3103 2912 3217 2983 29),
3247 2914 3465 2968 exhibet
3485 2913 3644 2966 aliam
3664 2925 3835 2966 vene-

2235 3006 2419 3061 rabilis
2466 3006 2646 3075 Beda,
2700 3008 2752 3061 in
2798 3022 2903 3074 qua
2952 3008 3177 3076 legimus
3214 3008 3514 3076 Augustino
3554 3007 3643 3077 jus
3681 3008 3835 3079 pallii

2234 3112 2550 3153 concessum
2574 3143 2587 3167 ,
2626 3104 3061 3169 potestatemque
3094 3101 3275 3154 datam
3309 3100 3591 3155 duodecim
3618 3100 3834 3169 episco-

2234 3203 2334 3258 pos
2365 3189 2673 3255 ordinandi,
2717 3192 2806 3259 qui
2836 3192 2951 3259 ejus
2986 3191 3177 3247 ditioni
3214 3191 3585 3260 subjacerent;
3613 3206 3675 3245 ea
3710 3190 3834 3259 lege

524 3258 715 3355 ίθξιθεχ
737 3253 937 3311 verum
968 3260 1092 3355 ψιίξλ
1119 3258 1172 3314 in
1203 3260 1495 3355 Αηειοτυηρ
1527 3260 1767 3320 Εεοιθείίι
1794 3264 2128 3333 Δυςυειίηιιε
2157 3268 2203 3330 C
2235 3253 2293 3335 ut
2346 3253 2750 3337 Lundoniensis
2786 3253 3073 3353 episc0pus
3128 3285 3179 3338 in
3219 3253 3493 3355 posterum
3539 3253 3833 3353 semper'a

524 3341 671 3398 solus
701 3350 829 3400 tunc
855 3356 969 3401 erat
992 3350 1295 3420 episcopus,
1328 3352 1517 3408 annuit
1543 3370 1681 3425 papa
1711 3363 1769 3410 ut
1798 3356 1865 3410 ab
1890 3355 1981 3411 illo
2009 3355 2132 3411 solo

523 3433 766 3507 episcopi
807 3446 1033 3508 possent
1060 3440 1319 3497 ordinari.

592 3540 646 3600 5.
690 3546 1135 3620 Quandoquidem
1179 3554 1246 3609 ab
1287 3554 1570 3624 Augustini
1610 3555 1806 3624 legatis
1842 3562 2129 3625 acceperat

521 3633 815 3707 Gregorius
846 3656 1077 3697 messem
1104 3644 1160 3698 in
1196 3644 1385 3714 Anglia
1415 3645 1638 3700 multam
1670 3660 1815 3709 esse,
1848 3646 2128 3715 operarios

523 3736 702 3785 autem
734 3746 934 3801 paucos
965 3733 1110 3805 (cum
1138 3736 1493 3803 quadraginta
1519 3744 1700 3791 tamen
1722 3736 1936 3791 circiter
1963 3736 2125 3790 sociis

522 3816 576 3873 in
605 3819 829 3877 insulam
867 3824 1005 3881 hanc
1037 3826 1289 3896 appulsus
1324 3825 1543 3895 fuerat),
1576 3841 1771 3881 novum
1803 3826 2123 3898 subsidium,

521 3912 779 3985 plurimos
806 3918 1057 3975 videlicet
1085 3920 1319 3977 selectos
1360 3920 1425 3975 ad
1455 3922 1604 3977 verbi
1634 3920 1801 3976 divini
1830 3922 2124 3991 altarisque

521 4007 876 4065 ministerium
906 4012 1219 4078 monachos,
1255 4012 1545 4069 Laurentio
1573 4020 1626 4067 et
1655 4012 1817 4069 Petro
1846 4013 2120 4081 adjunxit;

521 4113 749 4167 quorum
786 4102 1037 4173 principui
1068 4102 1282 4159 fuerunt
1310 4103 1572 4171 Mellitus,
1599 4101 1809 4168 Justus,
1844 4103 2120 4171 Paulinus,

523 4192 859 4251 Ruﬁnianus.
902 4196 1229 4254 Transituris
1274 4214 1369 4267 per
1406 4198 1633 4253 Galliam
1664 4199 1689 4237 ι)
1720 4200 1927 4254 litteras
1969 4199 2124 4254 dedit

522 4285 993 4342 commendatitias
1012 4286 1081 4341 ad
1098 4286 1493 4342 Brunicbildem
1518 4289 1781 4357 reginam,
1808 4288 1873 4342 ad
1895 4303 2049 4356 reges
2065 4296 2122 4342 et

524 4376 592 4429 ad
620 4376 919 4445 praecipuos
944 4377 1239 4433 Galliarum
1283 4379 1601 4449 episcopos,
1642 4380 1693 4433 in
1723 4379 1914 4448 quibus
1943 4379 2119 4433 omni-

520 4464 625 4522 bus
652 4467 910 4525 Mellitum
926 4470 1197 4536 abbatem,
1236 4478 1463 4526 caeteros
1482 4488 1608 4526 vero
1626 4473 1919 4527 monachos
1934 4483 2115 4529 vocat.

522 4556 601 4613 Ex
632 4561 962 4617 monasterio
974 4560 1032 4616 S.
1050 4559 1279 4615 Andreae
1294 4562 1553 4631 prodiisse
1564 4562 1994 4631 supplementum
2008 4562 2116 4618 hoc

2233 3371 2450 3440 propria
2477 3372 2683 3441 synodo
2704 3383 3134 3437 consecraretur,
3166 3376 3495 3444 palliumque
3526 3375 3591 3429 ab
3617 3380 3834 3441 aposto-

2233 3460 2337 3514 lica
2367 3460 2495 3515 sede
2526 3462 2797 3530 acciperet
2836 3461 2982 3533 (Lib.
3028 3481 3113 3530 ιι,
3157 3482 3237 3534 ep.
3271 3464 3394 3534 65).
3434 3464 3831 3523 Eboracensem

2233 3566 2448 3621 quoque
2485 3554 2799 3622 episcopum
2845 3555 2911 3609 ab
2959 3556 3077 3625 ipso
3125 3556 3507 3623 ordinandum,
3554 3557 3835 3611 constituit

2233 3643 2489 3713 deinceps
2517 3647 2936 3713 metropolitano
2964 3646 3082 3716 jure
3107 3649 3363 3718 palliique
3392 3649 3600 3704 honore
3625 3651 3832 3719 potitu-

2232 3750 2382 3800 rum;
2416 3750 2445 3789 a
2476 3750 2616 3804 quo,
2648 3737 2691 3790 si
2739 3736 2977 3791 ﬁnitimae
3006 3738 3165 3792 urbes
3212 3739 3433 3793 verbum
3475 3737 3567 3793 Dei
3618 3739 3831 3808 rccipc-

2230 3834 2387 3892 rent,
2418 3827 2704 3883 duodecim
2747 3830 2984 3900 episcopi
3015 3830 3443 3885 instituerentur.
3478 3829 3605 3884 Post
3645 3828 3833 3895 Augu-

2230 3917 2353 3971 stini
2375 3928 2623 3981 mortem,
2644 3932 2802 3987 quem
2826 3920 3065 3989 quandiu
3102 3920 3329 3983 viveret,
3344 3920 3517 3974 voluit
3537 3916 3835 3987 Gregorius

2230 4007 2434 4077 Angliae
2462 4009 2752 4078 primatum
2783 4012 3055 4075 obtinere,
3090 4009 3329 4067 decrevit
3359 4019 3415 4065 ut
3445 4026 3509 4066 ex
3539 4010 3832 4064 Londonizc

2229 4111 2295 4152 ac
2324 4096 2582 4154 Eboracm
2611 4100 2845 4155 civitatis
2875 4100 3141 4171 episcopis
3179 4102 3267 4155 ille
3297 4102 3496 4172 primas
3518 4101 3827 4163 haberetur,

2230 4187 2318 4257 qui
2348 4190 2498 4258 prior
2526 4191 2715 4246 fuisset
2736 4192 3033 4246 ordinatus.
3066 4191 3145 4245 Ex
3172 4192 3273 4247 hac
3303 4192 3528 4262 epistola
3561 4191 3833 4258 conjicere

2228 4279 2355 4335 licet
2380 4297 2590 4337 summo
2630 4284 2873 4353 pontiﬁci
2909 4284 3057 4353 prius
3093 4284 3389 4353 placuisse,
3420 4291 3476 4336 ut
3506 4283 3834 4349 Augustinus

2232 4373 2522 4430 Londoniae
2537 4376 2715 4445 potius
2732 4392 2888 4447 quam
2903 4376 3248 4432 Dorobernizc
3260 4374 3567 4431 cathedram
3583 4375 3826 4429 haberet.

2226 4466 2402 4522 Aliter
2428 4484 2557 4523 vero
2586 4472 2759 4527 visum
2784 4478 2865 4525 est
2896 4481 3082 4539 postea
3106 4473 3134 4537 ;'
3151 4472 3431 4542 primaque
3448 4470 3601 4524 sedes
3618 4471 3831 4538 episco-

2225 4559 2360 4628 palis
2401 4560 2635 4629 Anglite,
2674 4560 3021 4625 Dorobernim
3067 4577 3161 4616 seu
3195 4560 3499 4617 Cantuarize
3542 4561 3821 4615 remansit.

522 4649 953 4717 praedicatorum,
990 4651 1131 4705 unde
1159 4650 1319 4704 etiam
1351 4650 1558 4720 priores
1588 4652 1785 4718 educti,
1816 4652 2119 4721 signiﬁcare
2149 4654 2199 4714 Ι)
2299 4653 2351 4707 5.
2389 4651 2715 4719 Augustinus
2756 4668 2924 4722 prope
2963 4653 3207 4708 eamdem
3257 4655 3529 4709 civitatem
3556 4662 3831 4706 monaste-

523 4736 774 4792 videntur
810 4739 897 4793 illa
930 4740 1091 4794 verba
1138 4740 1381 4809 epistola:
1421 4740 1488 4793 ad
1537 4740 1793 4794 Mellitum
1826 4741 2071 4797 abbatem
2103 4760 2120 4797 :

524 4825 656 4881 Post
726 4829 1007 4884 discessum
1067 4832 1484 4902 congregationis
1538 4839 1729 4885 nostra:
1786 4848 1898 4902 qum
1957 4841 2121 4887 tecum

440 4929 619 5003 dat,
638 4930 743 4975 etc.
778 4921 917 4992 (Lib.
948 4939 1021 4988 χι,
1048 4941 1127 4994 ep.
1175 4923 1287 4992 76).
1319 4923 1475 4991 Quod
1498 4934 1817 4994 argumento
1843 4933 1925 4982 est
1951 4943 2122 4997 quan-

524 5016 637 5066 tum
660 5010 875 5068 ﬂoreret
894 5013 1281 5084 Gregorianum
1303 5017 1405 5072 hoc
1429 5019 1755 5074 coenobium.

597 5097 699 5154 Per
727 5116 821 5156 eos
856 5118 993 5173 papa
1026 5105 1172 5160 misit
1211 5106 1276 5161 ad
1325 5107 1681 5178 Augustinum
1712 5124 1939 5178 quaeque
1961 5117 2118 5164 erant

524 5189 591 5245 ad
618 5192 820 5249 cultum
849 5195 1086 5252 divinum
1115 5205 1170 5253 et
1196 5198 1262 5252 ad
1288 5201 1642 5257 tuinisterium
1689 5201 2115 5256 ecclesiasticum

595 5311 622 5341 "
653 5304 878 5379 Siricius
898 5323 1032 5377 papa
1058 5310 1109 5362 in
1131 5324 1215 5379 ep.
1236 5310 1301 5363 ad
1318 5308 1610 5367 Himerium
1628 5312 1917 5364 Tarracon.
1944 5312 2064 5364 can.
2084 5311 2121 5363 2

528 5374 983 5450 damnatquideni
1013 5394 1106 5435 eos
1143 5374 1232 5448 qui
1273 5384 1470 5450 passim
1518 5383 1796 5449 baptizant
1828 5381 1880 5450 in,
1910 5379 2115 5435 Natali-

524 5444 613 5498 tiis
635 5444 828 5501 Christi
845 5448 1067 5519 aliisque
1081 5444 1540 5516 solemnitatibus;
1558 5444 1837 5519 salumque
1858 5449 2121 5515 Paschale

526 5521 737 5589 tempus
767 5533 829 5572 ac
859 5517 1209 5575 Pentecosten
1240 5523 1473 5589 assignat
1502 5523 1565 5573 ad
1596 5517 1974 5575 celebrandum
2016 5522 2115 5575 ba-

526 5587 801 5709 gtismum.
825 5590 906 5642 Ab
930 5591 1028 5644 hac
1046 5599 1226 5644 tamen
1248 5587 1435 5644 eximit
1456 5593 1571 5658 lege
1589 5592 1923 5645 necessitatis
1937 5607 2115 5648 casus.

568 5671 669 5709 ane
709 5654 1043 5709 Clodovmus-
1066 5662 1155 5709 aui
1197 5661 1399 5709 nrimns
1443 5680 1503 5709 ex
1553 5662 1876 5709 Francorum
1906 5663 2115 5709 regibus

568 5671 669 5729 ane
709 5654 1043 5725 Clodovmus,
1066 5662 1156 5729 qui
1197 5661 1399 5729 primus
1443 5654 1531 5715 rx'
1552 5662 1876 5715 Francorum
1903 5663 2119 5727 regibus

529 5675 669 5709 οειηε
709 5675 1043 5725 uouovmus,
1105 5678 1156 5714 ut
1197 5676 1399 5729 primus
1443 5680 1505 5715 rx
1552 5675 1876 5715 rrancorum
1903 5675 2118 5727 regibus

529 5722 744 5780 Christo
771 5743 967 5798 nomen
996 5675 1173 5798 degit,
1217 5732 1299 5786 die
1343 5730 1542 5786 Natalis
1576 5733 1783 5785 Domini
1818 5734 2118 5798 baptizatus

529 5801 617 5873 est
634 5810 768 5873 cum_
792 5797 972 5873 multis
999 5797 1241 5873 aliis,es
1272 5803 1495 5873 epistola
1525 5802 1581 5858 S.
1626 5803 1763 5856 Aviti
1801 5797 2116 5857 Viennensis

529 5865 877 5938 episcopium]
906 5865 1149 5938 eumdem
1179 5865 1538 5931 Clod-orteum.
1584 5873 1736 5938 Quod
1771 5875 2117 5928 conﬁrmatur

535 5928 800 5989 Anastasii
818 5930 864 5989 ll
882 5934 950 5992 ad
969 5937 1141 6008 ipsum
1161 5928 1442 5999 scribentis
1470 5958 1555 6014 ep.
1588 5928 1629 5995 ιῖ
1645 5958 1657 5994 :
1688 5941 1871 6007 Tuum,
1898 5945 2118 6011 gloriose

2229 4742 2367 4796 rium
2400 4743 2730 4807 construxit,
2756 4744 2808 4797 in
2837 4759 2964 4812 quo,
2990 4744 3108 4814 ipso
3136 4757 3383 4810 auctore,
3414 4761 3509 4800 rex
3532 4742 3829 4800 Ecclesiam

2226 4835 2507 4889 beatorum
2548 4835 2913 4903 apostolorum
2945 4834 3089 4891 Petri
3128 4844 3181 4890 et
3225 4835 3376 4890 Pauli
3428 4837 3643 4890 nomine
3662 4834 3828 4890 aedili-

2228 4927 2339 4983 cari
2364 4927 2599 4993 curavit,
2631 4941 2696 4981 ac
2736 4926 2961 4981 diversis
2989 4928 3177 4982 ditavit
3214 4928 3402 4993 donis;
3434 4943 3551 4997 qua:
3587 4927 3827 4995 ejusdem

2229 5016 2511 5084 Augustini
2543 5024 2594 5069 et
2624 5016 2860 5070 omnium
2887 5017 3141 5088 deinceps
3168 5019 3544 5088 episcoporum
3569 5017 3831 5072 Dorober-

2227 5110 2493 5174 nensium,
2526 5125 2733 5165 necnon
2766 5126 2953 5179 regum
2982 5110 3154 5165 Cantii
3176 5112 3533 5168 conditorium
3561 5111 3676 5165 fuit.
3714 5109 3829 5165 Hoc

2224 5200 2612 5255 monasterium
2640 5201 2870 5269 primum
2885 5200 3131 5256 abbatem
3150 5202 3335 5257 habuit
3352 5200 3567 5256 Petrum
3589 5212 3609 5239 ε
3634 5215 3825 5254 mona-

2229 5308 2367 5372 Fili,
2394 5313 2447 5363 in
2477 5310 2772 5364 Christiana
2801 5312 2904 5379 ﬁde
2927 5329 3042 5364 cum
3076 5315 3288 5366 exordio
3328 5320 3501 5366 nostro
3531 5312 3580 5364 in
3609 5311 3825 5379 ponti/i—

2234 5390 2349 5431 cam
2400 5381 3062 5451 contigisseigratulamur.
3109 5381 3276 5436 Porro
3314 5382 3628 5436 Anastasius
3662 5382 3826 5449 paulo

2234 5399 2349 5431 cam
2400 5399 2677 5451 contigisse
2756 5399 3062 5435 ranuamur.
3109 5399 3276 5436 Porro
3314 5399 3628 5436 nnasmsnus
3662 5399 3825 5449 paulo

2229 5461 2355 5503 ante
2396 5451 2638 5505 Natalem
2680 5399 2877 5505 Cﬁristi
2915 5454 3054 5506 diam
3106 5452 3477 5524 pontiﬁcatum
3516 5452 3825 5521 auspicatus

2294 5530 2332 5574 Ι.

2231 5536 2332 5627 εδιιί
2361 5591 2499 5660 Lege
2525 5594 2615 5649 lib.
2644 5610 2695 5647 χι
2718 5594 2974 5660 epistolas
2998 5594 3087 5660 54,
3118 5593 3188 5647 55
3211 5603 3266 5650 et
3286 5604 3494 5666 septem
3516 5595 3824 5651 immediate

2228 5676 2301 5714 58(
2329 5675 2534 5717 nentes.

2304 5678 2323 5768 ἔ
2367 5731 2461 5787 Hic
2512 5734 2736 5787 Romam
2767 5750 2886 5788 cum
2935 5734 3222 5791 Laurentio
3263 5738 3459 5793 missus
3508 5738 3625 5792 fuit.
3678 5736 3821 5791 Beda

2226 5803 2440 5870 quidem
2478 5819 2601 5858 eum
2648 5813 2808 5879 vocat
2852 5809 3481 5879 tantumgpresbyterum
3514 5810 3636 5879 loco
3682 5807 3821 5863 indi-

2225 5880 2346 5944 cato
2374 5891 2385 5925 :
2419 5888 2602 5928 verum
2636 5894 2683 5931 c.
2716 5876 2786 5927 97
2814 5875 3053 5944 ejusdem
3079 5877 3200 5933 libri
3238 5875 3484 5937 eumdem
3509 5877 3673 5938 fuisse
3700 5891 3818 5937 moi-

2225 5941 2457 5998 nacbum
2500 5945 2644 6001 clare
2679 5941 2853 6003 docet.
