4138 6452
305 435 415 492 575

303 635 547 704 ejusdem
583 633 898 701 sanctitate,
934 641 1144 699 morte,
1194 632 1454 701 editisque
1489 642 1612 704 post
1648 642 1878 690 mortem

796 400 856 489 s.
896 429 1221 490 susconn
1260 430 1471 488 usum
1510 431 1689 499 Vl'l‘A,
1728 431 1820 487 ex
1863 427 2024 488 EJUS
2060 430 2360 489 scrupus
2393 432 2784 494 ADOllNATA.
2824 437 2934 494 LIB
2970 437 3058 494 ιιι.

303 529 463 605 chum
506 552 564 602 et
598 543 998 615 presbyterum,
1051 543 1201 614 cujus
1239 543 1349 614 jam
1404 546 1764 601 meminimus.
1804 545 1881 600 De
1907 527 1954 607 Α
1983 548 2153 600 omnia
2175 564 2288 602 cum
2304 551 2416 620 ipso
2436 554 2671 623 episcopo
2692 555 2924 626 regulam
2940 565 3158 611 servent.

3456 443 3560 501 576

3183 555 3351 646 Quam
3363 559 3564 614 vivendi

1981 653 2217 693 normam
2242 642 2454 694 multum
2478 657 2533 696 se
2573 645 2786 716 diligere
2815 648 3045 716 probavit
3073 642 3252 703 beatus
3273 667 3412 720 papa
3433 650 3562 705 Grc-

305 726 534 811 adoejus
583 725 888 796 sepulcrm
943 724 1212 780 miraculis
1268 725 1522 796 legendus
1560 726 1881 782 venerabilis
1982 729 2180 798 gorius,
2203 747 2319 784 cum
2345 733 2628 787 sciscitanti
2647 753 2736 804 per
2755 737 2952 792 litteras
2979 740 3264 810 Augustino
3293 755 3440 812 quem
3459 744 3569 810 pri-

310 818 620 888 Anglicanas
675 818 912 873 historiae
955 817 1188 888 scriptor
1219 812 1404 888 (Beda,
1435 818 1525 872 lib.
1577 834 1615 884 ι,
1659 834 1706 872 c.
1764 817 1879 888 35).

382 933 442 987 in
469 932 708 988 Ecclesia
737 948 950 1003 quoque
992 933 1400 1003 metropolitana
1429 933 1793 988 Cantuariensi
1823 931 1883 986 S.

310 1026 639 1094 AuguStinus
677 1026 841 1080 vitam
871 1025 1174 1082 observavit
1217 1027 1588 1081 cumobiticam
1625 1039 1746 1080 cum
1775 1024 1887 1080 suis

307 1119 492 1184 sociis,
521 1127 575 1174 et
603 1117 992 1174 observandam
1017 1118 1268 1189 deinceps
1296 1117 1551 1183 instituit,
1589 1135 1656 1173 ex
1684 1117 1891 1188 (ἔνθεο-

311 1208 381 1262 rii
401 1207 626 1263 consilio
641 1209 728 1262 vel
748 1217 1018 1278 praecepto
1038 1210 1123 1264 his
1140 1211 1317 1264 verbis
1337 1211 1462 1264 dato
1487 1229 1500 1263 :
1525 1209 1679 1276 Quia,
1695 1211 1886 1278 inquit,

315 1307 406 1352 tua
448 1299 750 1369 fraternitas
793 1302 1093 1355 monasterii
1130 1301 1318 1371 regulis
1375 1302 1608 1364 erudita,
1661 1315 1890 1355 seorsum

308 1388 477 1441 uiuere
501 1405 604 1442 non
633 1387 780 1442 debet
804 1405 836 1441 α
865 1389 1064 1443 clericis
1091 1392 1198 1443 suis
1233 1392 1286 1444 in
1312 1389 1545 1444 Ecclesia
1583 1391 1887 1462 Anglorum,

308 1494 426 1548 qua
453 1488 661 1532 auctore
697 1478 808 1535 Deo
847 1496 1006 1550 nuper
1034 1482 1103 1533 ad
1142 1481 1298 1550 ﬁdem
1330 1482 1573 1551 perducta
1606 1492 1712 1550 est,
1759 1483 1894 1536 hanc

311 1568 462 1622 debet
483 1571 750 1624 instituere
781 1571 1216 1627 conuersationem
1249 1587 1362 1643 quis
1387 1574 1440 1625 in
1464 1574 1613 1626 initio
1638 1574 1892 1628 nascentis

312 1655 563 1714 Ecclesia:
591 1661 686 1730 fuit
715 1660 943 1730 patribus
983 1662 1204 1726 nostris,
1242 1665 1299 1716 in
1330 1661 1508 1733 quibus
1529 1663 1698 1716 nullus
1719 1674 1896 1718 eorum

310 1764 378 1803 es
409 1751 488 1804 his
514 1766 628 1822 quis
654 1753 986 1819 possidebant
1011 1752 1209 1824 aliquid
1239 1769 1385 1808 suum
1412 1767 1520 1809 esse
1548 1753 1766 1821 dicebat,
1807 1755 1897 1809 sed

311 1849 461 1896 eram
479 1845 585 1898 illis
611 1847 788 1899 omnia
814 1847 1102 1900 communia
1117 1845 1254 1917 (Lib.
1279 1863 1356 1916 XI,
1385 1864 1465 1917 ep.
1499 1847 1611 1918 64).

1985 835 2122 872 mum
2148 823 2285 891 genti
2314 823 2594 894 Anglorum
2622 827 2912 897 episcopum
2951 833 3180 895 miserat,
3212 832 3433 903 qualiter
3455 835 3567 903 epi-

1987 911 2129 980 scopi
2160 928 2274 966 cum
2312 914 2418 967 suis
2451 915 2652 970 clericis
2699 924 2989 975 conversari
3032 923 3278 990 debeant,
3301 925 3572 994 respondit

1987 1001 2121 1056 inter
2143 1003 2249 1057 alia
2278 1021 2295 1057 :
2330 1003 2438 1059 Sed
2463 1009 2583 1076 quia
2614 1017 2700 1061 tua
2729 1011 3034 1077 fraternitas
3061 1018 3358 1070 monasterii
3382 1017 3576 1087 regulis

1988 1092 2190 1146 erudita
2207 1109 2437 1148 seorsum
2462 1097 2576 1166 ﬁeri
2599 1114 2700 1152 non
2721 1100 2868 1154 debet
2888 1117 2920 1154 a
2948 1104 3146 1158 clericis
3161 1107 3287 1168 suis,
3318 1109 3372 1160 in
3393 1106 3576 1160 Eccle-

1990 1181 2070 1234 sia
2094 1180 2398 1252 Anglorum,
2426 1201 2538 1255 quae
2563 1187 2670 1242 Deo
2705 1198 2916 1242 auctore
2941 1197 3100 1260 nuper
3131 1194 3298 1246 adhuc
3325 1195 3392 1246 ad
3417 1196 3576 1264 ﬁdem

1992 1268 2238 1338 perducta
2281 1285 2394 1340 est;
2432 1275 2564 1330 hanc
2614 1269 2759 1332 debet
2805 1283 3240 1336 concenationem
3277 1286 3591 1354 instituere;-

1993 1374 2108 1428 quae
2153 1361 2207 1414 in
2255 1363 2403 1418 initio
2456 1369 2712 1422 nascentis
2759 1368 3008 1426 Ecclesiae
3064 1374 3164 1443 fuit
3206 1375 3441 1443 patribus
3479 1392 3577 1428 no-

1993 1452 2145 1520 stris,
2173 1461 2302 1520 etc.,
2335 1467 2390 1510 ut
2417 1472 2596 1527 supra.

2069 1560 2149 1617 Ex
2178 1572 2285 1619 tam
2315 1569 2612 1638 perspicuis
2649 1567 2828 1627 verbis
2858 1586 2996 1642 pene
3023 1573 3228 1629 oculati
3273 1587 3337 1628 ac
3369 1574 3582 1629 indubi-

2001 1661 2126 1708 tata:
2171 1654 2296 1710 ﬁdei
2333 1659 2488 1714 testis
2537 1665 2688 1731 patet
2731 1661 3196 1720 Dorobernensem
3250 1663 3542 1720 Ecclesium
3565 1708 3581 1732 ,

1999 1749 2152 1812 atque
2193 1757 2258 1801 ac
2292 1746 2822 1820 Lendisi‘arnensem,
2853 1763 2954 1821 pro
2990 1753 3135 1808 clero
3178 1767 3278 1809 suo
3315 1755 3460 1810 solos
3489 1756 3584 1809 ha-

2001 1835 2184 1892 buisse
2202 1842 2516 1896 monachos.
2541 1839 2696 1899 Unde
2718 1844 2903 1899 mirari
2930 1844 3072 1900 subit
3091 1845 3280 1915 nuperi
3308 1845 3586 1916 seriptoris

386 1954 648 2025 Equidem
687 1957 828 2014 haud
871 1957 1079 2014 inﬂcior
1109 1959 1191 2014 his
1219 1959 1399 2015 verbis
1433 1973 1585 2029 teque
1613 1959 1897 2028 significari
1931 1926 1983 1986 Β
1999 1939 2370 2029 ‘°°'¥ff"°"‘_“_m
2398 1935 2490 2002 qui
2534 1935 2602 1990 de
2632 1936 2818 2029 ordine
2847 1939 3230 1994 canonicomm
3260 1940 3586 2009 “summm

309 2057 473 2113 posse
497 2047 680 2111 ,vitam
729 2048 1105 2104 ctenobiticam
1135 2056 1189 2104 et
1228 2061 1562 2105 communem
1581 2092 1595 2117 ,
1619 2049 1789 2120 qualis
1818 2060 1901 2107 es‘t

309 2135 717 2203 canonicorum,
747 2145 808 2193 ut
831 2146 1044 2204 vocant,
1072 2138 1416 2209 regularium,
1445 2146 1508 2196 ac
1526 2141 1896 2202 monasticam.

311 2224 510 2280 Verum
543 2228 609 2282 de
641 2231 1050 2287 conversatione
1089 2233 1384 2290 monastica
1410 2234 1464 2289 in
1498 2231 1733 2290 Ecclesia
1762 2236 1900 2291 Can-

311 2317 569 2372 tuariensi
591 2317 832 2375 instituta
860 2321 1037 2390 qualis
1053 2323 1282 2379 decebat
1302 2323 1655 2394 Augustinum
1676 2326 1900 2395 ejusque

312 2407 499 2462 socios
532 2409 857 2476 monachos,
886 2408 940 2466 id
969 2413 1353 2483 interpretatur
1381 2416 1703 2472 venerabilis
1732 2411 1896 2484 Beda,

310 2512 441 2552 sane
473 2501 572 2554 hac
599 2500 654 2553 in
681 2516 741 2555 re
767 2502 1079 2559 audiendus;
1104 2501 1239 2560 Cum
1262 2505 1402 2561 enim
1428 2507 1702 2562 historiam
1732 2508 1902 2565 eccle-

311 2586 580 2642 siasticam
610 2595 718 2646 sude
740 2592 914 2659 gentis
948 2596 1233 2650 texendam
1262 2597 1583 2668 suscepisset
1613 2601 1902 2658 accuratis-

314 2681 482 2734 simus
512 2686 568 2736 et
595 2682 939 2740 ductissimus
969 2689 1226 2758 scriptor,
1266 2687 1322 2744 S.
1363 2691 1641 2761 Augusﬁni
1667 2701 1759 2747 aut
1787 2691 1902 2762 ejus

313 2767 698 2840 discipulorum
768 2773 879 2830 fere
928 2779 1128 2847 suppar
1177 2777 1411 2849 (eodem
1461 2781 1656 2852 nempe
1703 2783 1902 2840 sacculo

290 2859 513 2917 'llorcre
550 2857 712 2935 capit
749 2879 856 2935 quo
903 2868 1228 2937 Augustin‘hs
1268 2870 1584 2928 Christianm
1630 2871 1905 2944 religionis

287 2951 373 3006 ’ξπ
419 2953 604 3023 Anglia
647 2955 988 3015 fundamenta
1034 2960 1192 3031 jecit,
1238 2969 1292 3019 et
1333 2971 1478 3042 tanto
1507 2967 1655 3037 operi
1685 2977 1765 3022 est
1798 2965 1902 3025 im-

317 3047 601 3115 mortuus)
648 3057 756 3103 nun
806 3051 978 3119 potuit
999 3069 1119 3108 cum
1150 3055 1361 3124 fugere,
1391 3057 1549 3126 quale
1579 3060 1700 3114 vitae
1735 3055 1905 3128 genus

312 3135 367 3189 in
399 3138 648 3206 primaria
687 3139 980 3209 Anglorum
1025 3141 1260 3202 Ecclesia
1283 3190 1298 3214 ,
1338 3141 1655 3224 clericorum
1690 3167 1756 3205 an
1787 3144 1903 3207 mo-

308 3225 606 3281 nachorum
644 3228 933 3286 instituerit
974 3234 1057 3287 vir
1093 3233 1477 3292 sanctisSimus.
1521 3229 1716 3294 Bedam
1743 3235 1905 3309 igitur

291 3317 592 3374 audiamus
624 3321 713 3374 lib.
757 3337 808 3376 tv
839 3319 974 3377 Hist.
1008 3321 1208 3380 Eccles.
1234 3342 1282 3381 c.
1309 3320 1378 3380 27
1417 3347 1432 3381 :
1462 3325 1594 3393 Quia
1622 3329 1898 3401 nimirum,
1930 3302 1978 3366 Ο

315 3405 507 3475 inquit,
528 3407 700 3463 Aidan
721 3413 809 3481 qui
827 3415 1020 3480 primus
1044 3414 1198 3484 hujus
1221 3413 1320 3470 loci
1345 3411 1897 3485 (Lendisfarnensium

311 3497 578 3569 episcopus
616 3502 903 3572 fuit,°cunt
925 3507 1188 3560 monachis
1218 3508 1340 3562 illuc
1378 3519 1427 3563 et
1467 3512 1576 3582 ipse
1620 3513 1898 3570 monachus

311 3587 612 3653 adveniens,
643 3593 996 3648 monachicam
1024 3599 1078 3651 in
1108 3609 1166 3652 eo”
1194 3603 1629 3656 conversationem
1658 3606 1898 3660 instituit.

313 3675 580 3741 Quomodo
602 3690 652 3736 et
690 3685 832 3754 prius
871 3685 1049 3741 beatus
1091 3687 1249 3743 Pater
1278 3691 1591 3762 Augustinus
1632 3695 1684 3746 in
1715 3693 1903 3750 Cantia

311 3769 495 3839 fecisse
519 3777 774 3845 noscitur,
806 3779 1054 3835 scribente
1093 3783 1139 3836 ei
1165 3783 1456 3838 beatissimo
1477 3803 1613 3854 papa
1640 3787 1776 3856 quod
1817 3795 1904 3840 stt-

308 3880 406 3933 pra
435 3868 697 3934 posuimus
721 3885 739 3922 :
765 3869 859 3926 sed
904 3873 1026 3940 quia
1072 3882 1162 3928 tua
1192 3871 1498 3930 fraternitas
1517 3916 1532 3940 ,
1563 3879 1757 3948 inquit,
1789 3875 1905 3933 mo-

308 3956 534 4010 nasterii
585 3959 782 4029 regulis
823 3962 1062 4029 erudita,
1109 3980 1352 4020 seorsum
1402 3965 1514 4021 ﬁeri
1545 3982 1651 4020 non
1682 3968 1843 4022 debet
1869 3985 1904 4025 a

311 4047 524 4102 clericis
555 4049 684 4115 suis,
714 4059 819 4106 etc.
847 4049 998 4108 Unde
1029 4063 1176 4124 patet
1205 4057 1380 4113 minus
1407 4056 1540 4116 ﬁdos
1562 4075 1680 4114 esse
1709 4061 1904 4118 mentis

308 4137 368 4194 S.
401 4138 646 4208 Gregorii
680 4139 1030 4212 interpretes,
1063 4143 1154 4216 qui
1193 4160 1258 4200 ex
1286 4146 1367 4202 his
1403 4147 1580 4203 verbis
1605 4149 1906 4207 extund’unt

309 4228 610 4284 clericalem
636 4231 798 4285 vitam
827 4247 986 4302 quam
1016 4235 1262 4290 canonici
1286 4238 1558 4306 regulares
1585 4239 1744 4307 vulgo
1772 4241 1905 4297 dicti

310 4326 608 4384 sectantur,
641 4327 674 4375 α
712 4321 870 4377 beato
901 4323 1204 4391 AuguStino‘
1231 4323 1394 4382 fuisse
1432 4328 1481 4382 in
1513 4330 1766 4398 primaria
1794 4331 1904 4386 An-

309 4410 520 4478 glorum
544 4410 781 4468 Ecclesia
812 4413 1112 4471 institutam
1146 4434 1159 4470 :
1189 4419 1288 4472 nisi
1342 4416 1495 4474 fateri
1526 4421 1692 4476 velint
1719 4419 1906 4478 mona-

307 4500 442 4554 chos
488 4501 709 4558 eos'dem
755 4513 875 4561 esse
917 4511 1078 4578 atque
1119 4509 1408 4566 canonicos
1449 4513 1747 4568 communis
1781 4514 1906 4569 vitae

310 4599 624 4651 sectatores.

383 4705 435 4763 6.
468 4707 698 4765 Mentem
727 4725 879 4766 suam
907 4707 1105 4769 clarius
1139 4715 1370 4784 explicat
1404 4717 1728 4772 venerabilis
1759 4718 1904 4775 Beda

313 4799 367 4853 in
398 4800 507 4855 vita
533 4802 589 4856 S.
625 4801 904 4859 Cutberthi
932 4820 1050 4874 cap.
1087 4793 1152 4858 16
1186 4825 1197 4859 :
1226 4797 1407 4878 Neque
1437 4809 1623 4882 aliquis
1656 4813 1904 4882 miretur,

313 4890 504 4958 inquit,
534 4893 671 4962 quod
697 4896 750 4948 in
780 4889 960 4949 eadem
993 4895 1166 4950 insula
1188 4895 1610 4972 {Lendisfarnea,
1651 4920 1764 4957 cum
1791 4921 1910 4974 per-

313 4981 517 5035 modica
547 4984 634 5046 sit,
667 4989 716 5037 et
761 4999 918 5050 supra
947 4985 1200 5062 episcopi,
1243 4999 1292 5042 et
1332 5007 1465 5044 nunc
1515 4992 1716 5048 abbatis
1750 4983 1908 5067 262

312 5081 361 5125 et
382 5075 749 5129 monachorum
769 5091 877 5130 esse
900 5075 1066 5130 locant
1096 5076 1395 5133 dixerimus.
1427 5080 1500 5135 Re
1526 5099 1644 5136 vera
1675 5085 1808 5137 enim
1835 5086 1910 5139 ita

309 5165 403 5215 est.
453 5159 692 5237 Namque
747 5183 851 5218 una
892 5166 1169 5238 eademque
1213 5167 1470 5223 servorum
1523 5167 1618 5225 Dei
1658 5172 1908 5230 habitatio

312 5262 550 5326 utrosque
571 5255 726 5310 simul
755 5265 906 5310 tenet.
935 5254 1050 5312 Imo
1072 5255 1245 5312 dmnes
1265 5261 1540 5316 monachos
1565 5255 1715 5318 tenet“.
1740 5257 1907 5320 Aida-

312 5359 410 5397 nus
447 5347 636 5415 quippe
675 5349 762 5418 qui
802 5349 997 5419 primus
1056 5347 1283 5420 ejusdem
1337 5351 1435 5406 loci
1482 5353 1747 5424 episwpus
1786 5360 1904 5428 fuit,

312 5437 592 5491 monachus
614 5446 752 5503 erat,“
776 5447 824 5494 et
845 5443 1201 5496 monachicam
1224 5461 1335 5498 cum
1362 5443 1468 5499 suis
1489 5445 1722 5503 omnibus
1749 5451 1908 5507 vitam

313 5539 511 5594 semper
543 5531 695 5598 agere
736 5530 948 5585 solebat.
989 5513 1144 5588 Unde
1176 5531 1357 5591 abillo
1388 5531 1562 5593 omnes
1605 5537 1702 5594 loci
1742 5542 1905 5613 ipsius

312 5614 590 5681 antistites,
619 5613 776 5687 us'que
797 5619 946 5674 hodie
975 5624 1047 5676 sic
1069 5625 1358 5697 episcopale
1389 5640 1627 5682 exercent
1649 5625 1900 5702 ofﬁcium,

312 5713 368 5759 ut
389 5717 594 5779 regente
616 5717 983 5767 monasterium
1012 5707 1223 5786 abbate,
1255 5717 1402 5790 quem
1430 5722 1529 5792 ipsi
1551 5740 1664 5777 cum
1687 5726 1902 5781 consilio

314 5796 535 5867 fratrum
555 5801 822 5872 elegerint,
853 5820 1028 5859 omnes
1062 5808 1362 5880 presbyteri,
1384 5813 1609 5878 diaconi,
1643 5825 1900 5886 cantores,

311 5887 822 5964 ’tsctores'cceterique
858 5893 1052 5968 gradus
1070 5899 1400 5959 ecclesiastici
1431 5907 1783 5962 monachicam
1813 5925 1903 5978 per

2004 2023 2244 2077 scribens
2271 2023 2420 2094 (Cap.
2454 2039 2515 2090 tt,
2538 2033 2640 2082 art.
2670 2028 2696 2080 1
2724 2035 2772 2082 et
2801 2031 2953 2100 seq.),
2978 2030 3334 2100 Augustinum
3364 2035 3590 2100 ejusque

2004 2113 2182 2168 socios
2221 2115 2440 2170 exhibet
2479 2122 2732 2187 tanquam
2761 2123 2990 2188 primum
3023 2121 3328 2190 exemplum
3357 2121 3586 2176 clerico-

2003 2215 2122 2257 rum
2166 2207 2522 2261 commmriter
2565 2210 2936 2278 canoniceque
2971 2211 3309 2278 viventium;
3358 2219 3590 2281 cumque

2007 2297 2114 2345 tam
2141 2294 2341 2362 spartis
2370 2298 2690 2355 testimoniis
2719 2311 2840 2368 quae
2866 2300 3011 2370 ipsos
3029 2295 3192 2356 fuisse
3215 2301 3590 2371 mansisseun

2006 2385 2300 2441 monachos
2327 2385 2446 2442 luce
2467 2387 2664 2444 clarius
2685 2391 2936 2459 probant,
2963 2391 3219 2460 'etiugiu'm
3249 2399 3357 2448 non
3384 2395 3594 2450 inveni;

2007 2467 2129 2529 rct:
2166 2476 2310 2546 ipsos
2339 2477 2490 2546 ﬁngit
2520 2491 2584 2534 ea
2628 2481 2745 2550 lege
2774 2481 2827 2536 in
2861 2481 3064 2536 clerum
3092 2487 3377 2552 cooptatos
3405 2483 3591 2553 luisse,

1991 2575 2066 2620 ut
2084 2570 2510 2625 monachismum
2534 2571 2825 2641 ejurarent.
2858 2573 3060 2641 Quibus
3082 2576 3384 2631 rationibus”
3406 2576 3595 2634 fulcire

2006 2665 2232 2728 conetur
2277 2661 2381 2716 hoc
2433 2663 2790 2732 paradoxum;
2835 2680 2978 2720 nunc
3030 2667 3418 2737 erpendamus,
3468 2668 3597 2724 licet

1997 2751 2172 2821 paulo
2203 2761 2354 2809 extra
2383 2752 2727 2827 Gregorianaa
2752 2757 2991 2814 historiae
3021 2766 3216 2828 metas,
3256 2760 3360 2818 hac
3381 2761 3437 2817 in
3481 2761 3594 2817 dis-‘-

2007 2843 2340 2914 cep'tatione,
2377 2855 2668 2904 excurrere
2695 2848 2990 2905 videamur.

2626 2957 2851 3039 CAPUT
2892 2981 2980 3038 γι.

2007 3088 2202 3156 Asculi.
2227 3118 2286 3128 —
2309 3091 2583 3156 l.__0bjecla
2617 3106 2680 3143 ex
2707 3093 2914 3156 Gregor.
2943 3092 3598 3156 Episl0H8_diSSOlVlliiiUl'.-f

2071 3145 2118 3215 2.
2145 3145 2483 3215 ReSpondetur
2518 3149 2658 3203 alteri
2693 3145 3058 3213 objectionif—
3077 3158 3126 3204 ὅ.
3153 3153 3227 3205 An
3249 3157 3509 3204 monachus
3536 3155 3598 3204 ad

2071 3213 2354 3277 clericatum
2389 3223 2664 3277 promotus,
2685 3215 2810 3265 ultra
2834 3227 2929 3266 non
2954 3217 3141 3266 dicatur
3164 3218 3445 3276 monachus,
3471 3217 3598 3276 apud

2071 3253 3178 3350 ξδ’.ᾙῖἑέὅὲἶῶΪξᾝῗῖιόιὶᾈὶιιῖίῦἴιιῆἻεῙ-ρτιςι
3204 3281 3376 3350 passim
3401 3253 3598 3350 όῖςιῖί-έ

2072 3339 2118 3385 5.
2149 3337 2315 3402 Utrum
2339 3339 2592 3388 canonicos
2613 3353 2718 3400 reg.
2747 3342 3016 3402 instituerit
3035 3342 3087 3402 S.
3115 3337 3404 3400 Gregorius.
3439 3339 3593 3388 Joané

2070 3410 2160 3448 nes
2204 3398 2450 3470 Diaconus
2477 3398 2780 3474 explica—tur.
2829 3427 2890 3437 --
2933 3401 3002 3474 6_._
3028 3401 3151 3474 Num
3193 3398 3290 3452 vita
3330 3403 3600 3474 communis

2070 3465 2352 3536 canonicum
2387 3465 2551 3536 potius
2583 3465 2750 3536 innuat
2787 3477 2930 3536 quam
2957 3464 3349 3536 Monachilmgf
3369 3464 3600 3536 _7_._Objee

2067 3529 2256 3598 ciorum
2264 3524 2462 3574 Joannis
2475 3524 2675 3598 Diaconi
2700 3526 2904 3598 γει-δοίη
2912 3541 2955 3574 m
2977 3528 3223 3598 genuinus
3239 3527 3470 3598 statu_itur_
3480 3524 3598 3598 seu:

2069 3596 2167 3633 sus.
2229 3587 2302 3633 An
2346 3587 2594 3658 canonicis
2651 3586 2961 3658 regularibus
2985 3586 3369 3658 'Aanntiﬁmerandi
3427 3587 3600 3658 clerici

2070 3657 2241 3694 omnes
2282 3648 2363 3708 qui
2398 3647 2541 3707 juxta
2589 3647 2800 3702 canones
2841 3650 3177 3702 vivunt.-.--8'.
3207 3649 3286 3708 De
3321 3651 3599 3700 discrimine

2073 3709 2410 3772 canonicorum
2435 3708 2600 3757 srecnl.
2628 3717 2678 3756 et
2698 3710 2857 3767 regni.
2879 3738 2940 3747 —
2963 3712 3010 3762 9.
3037 3711 3223 3760 Novum
3259 3711 3319 3758 de
3348 3710 3399 3758 S.
3427 3711 3601 3772 Augu-

2070 3769 2193 3830 stini
2214 3770 2356 3817 sociis
2379 3772 2622 3830 monachis
2646 3779 2888 3830 nunquam
2929 3773 3162 3820 ordinatis
3192 3769 3600 3820 commentum.—

2073 3829 2148 3876 10.
2175 3828 2471 3904 Laurentius
2492 3829 2648 3904 ethahi
2674 3831 2726 3880 S.
2747 3828 3010 3904 angustia}
3033 3832 3223 3904 sodales
3239 3845 3433 3904 "omnes
3454 3832 3599 3904 fuere

2073 3889 2315 3938 monachi.
2338 3917 2397 3925 -—
2425 3891 2498 3954 11.
2536 3889 2940 3954 Depresbyt—eris
2969 3893 3345 3954 Arelatensibus
3362 3893 3599 3954 Augusti-

2075 3959 2186 3995 num
2228 3955 2414 4001 secutis
2455 3950 2580 4000 aliud
2621 3950 3005 4015 figmentumr—
3032 3953 3106 4005 12.
3143 3955 3366 4015 Gregorii
3411 3950 3468 4002 ad
3496 3953 3599 4003 Au-

2072 4017 2201 4086 gust.
2241 4015 2494 4086 responsio
2533 4013 2909 4086 explicat-ur;-—
2935 4014 3009 4065 13.
3052 4013 3335 4086 Urban_i_'ll__
3371 4019 3599 4086 testimoe

2072 4074 2206 4126 nium
2245 4076 2559 4133 expenditur.
2597 4074 2657 4110 4—
2693 4075 2766 4124 14.
2800 4076 3064 4127 Decretum
3107 4077 3339 4128 Bonifatii
3379 4077 3462 4126 IV.
3504 4077 3600 4132 Pro

2070 4135 2318 4202 monachis
2340 4133 2660 4202 ecclesiastica
2685 4139 3249 4202 murnia_obenntibus.—
3266 4138 3343 4189 15.
3369 4138 3598 4202 Ejusdem

2073 4195 2280 4248 ﬁnistols
2304 4211 2392 4257 pro
2415 4201 2664 4248 monachis
2687 4203 2734 4250 in
2761 4200 2976 4251 Ecclesia
3000 4201 3225 4252 Cautum.
3253 4195 3596 4254 militantibus.
3686 4195 3694 4202 ’

2073 4257 2202 4309 Male
2224 4273 2248 4307 a
2272 4272 2462 4321 nupero
2480 4267 2721 4322 scriptore
2746 4262 3017 4312 intellecta.

2085 4364 2136 4418 1.
2189 4365 2316 4420 Duas
2361 4367 2514 4421 nobis
2565 4376 2914 4438 opponuntur
2962 4367 3020 4425 S.
3054 4369 3300 4440 Gregorii
3331 4373 3597 4442 epistolas.

2009 4453 2070 4510 In
2098 4456 2287 4526 priori,
2319 4470 2438 4525 quae
2467 4457 2586 4512 libri
2627 4461 2804 4529 quarti
2837 4461 3009 4531 prima
3038 4471 3143 4530 est,
3174 4464 3396 4531 legitur:
3431 4463 3601 4522 Nemo

2011 4554 2176 4614 potest
2198 4557 2246 4599 et
2273 4548 2631 4604 ecclesiasticis
2660 4552 2840 4620 officiis
2869 4553 3143 4620 deservire,
3173 4563 3224 4606 et
3247 4556 3301 4607 in
3339 4543 3601 4610 monachi-

2011 4650 2073 4687 ca
2100 4636 2276 4707 regula
2305 4637 2541 4692 ordinate
2586 4641 2858 4710 persistere
2879 4682 2894 4708 ,
2944 4650 3050 4698 etc.
3079 4640 3219 4709 Ergo
3272 4641 3520 4698 admissis
3546 4645 3600 4699 in

2007 4727 2212 4783 clerum
2240 4728 2524 4798 Augustini
2551 4734 2712 4790 sociis
2741 4735 3006 4803 integrum
3034 4749 3142 4789 non
3170 4733 3270 4788 fuit
3300 4736 3600 4793 monastica

2004 4807 2242 4874 retinere
2259 4819 2520 4876 instituta.
2540 4820 2676 4878 Huic
2704 4824 2825 4880 loco
2848 4825 2958 4892 jam
2979 4826 3254 4882 multoties
3282 4841 3601 4897 responsum

2008 4903 2088 4963 est
2117 4917 2231 4964 tum
2259 4925 2290 4964 a
2323 4911 2632 4968 Mabillonio
2671 4924 2880 4983 nostro,
2911 4924 3023 4970 tum
3053 4933 3082 4971 a
3125 4919 3299 4986 nobis,
3332 4920 3426 4976 lib.
3459 4936 3518 4988 tt,
3547 4937 3598 4978 θ.

2011 4998 2100 5067 12,
2132 4999 2159 5070 §
2202 4999 2287 5066 11,
2320 5009 2374 5055 et
2406 5001 2459 5056 in
2490 5004 2631 5058 notis
2658 5005 2725 5059 ad
2764 5006 2904 5062 hanc
2933 5007 3214 5078 epistolam
3241 5047 3264 5077 ,~
3285 5012 3376 5067 ubi
3405 5012 3600 5081 genui-

2015 5104 2139 5143 num
2171 5091 2459 5146 verborum
2490 5092 2704 5149 illorum
2733 5110 2950 5153 sensum
2980 5101 3306 5170 aperuimus.
3336 5101 3454 5156 lam
3485 5102 3601 5158 dic-

2017 5181 2084 5236 tis
2106 5188 2284 5236 tamen
2307 5183 2634 5252 addendum,
2659 5185 2813 5242 fateri
2835 5204 2934 5244 nos
2953 5191 3282 5260 perlibenter
3300 5193 3600 5249 monachos

2015 5269 2106 5340 qui
2138 5272 2407 5329 nonnullis
2434 5271 2825 5332 Ecclesiasticis
2851 5278 3044 5337 ofﬁciis
3065 5281 3396 5348 deserviunt,
3419 5282 3600 5353 qualia

2013 5370 2140 5416 sunt
2166 5363 2316 5418 verbi
2340 5363 2752 5434 diviniassidua
2780 5370 3109 5440 praedicatio,
3140 5380 3601 5429 sacramentorum

2016 5449 2430 5521 administratio,
2462 5454 2824 5515 Ecclesiarum
2852 5462 3190 5530 gubernatio,
3222 5477 3449 5532 quaeque
3475 5460 3603 5516 Gre-

2013 5537 2195 5625 gorius
2222 5537 2305 5598 bis
2333 5539 2522 5601 verbis
2539 5548 2801 5617 signiﬁcat
2827 5569 2840 5604 :
2884 5551 2986 5616 Qui
3024 5555 3249 5625 quotidie
3276 5555 3331 5607 in
3361 5545 3601 5622 obsequio

2013 5621 2264 5689 Ecclesia:
2292 5637 2492 5712 cogitur
2541 5657 2864 5711 permanere,
2911 5660 3019 5698 non
3049 5659 3208 5714 posse
3249 5643 3317 5698 ad
3345 5644 3602 5700 amussim

2015 5728 2195 5784 omnia
2235 5732 2432 5802 regulas
2461 5739 2771 5794 monasticae
2803 5738 3042 5792 instituta
3090 5737 3385 5794 districtius
3414 5738 3603 5794 obser-

2012 5836 2161 5888 vare,
2193 5825 2248 5878 in
2273 5825 2511 5893 silent-io,
2539 5830 2752 5898 vigiliis,
2774 5829 3014 5898 jejuniis,
3043 5831 3272 5899 aliisque
3295 5830 3600 5896 similibus;

2012 5903 2284 5986 quodgest
2309 5917 2604 5991 _.Grcgor-io,
2654 5923 3020 5980 districtionem
3067 5925 3367 5985 monasterii
3403 5933 3596 5982 tenere.
