4130 6462
554 348 660 421 575

1043 361 1101 417 S.
1135 357 1459 431 GREGQRII
1500 354 1713 411 MAGNI
1754 352 1931 411 VITA.
1978 352 2071 410 EX
2110 352 2277 412 EJUS
2305 353 2611 411 SCRIPTIS
2648 349 3037 407 ADORNATA.
3080 350 3210 407 LIB.
3253 350 3342 407 IlI.

3730 357 3843 413 376

548 481 704 540 Unde
749 478 970 533 abhates
999 476 1196 544 aliique
1227 474 1599 531 emnohiorum
1639 472 1901 542 praefecti,
1935 488 1963 526 a
1994 487 2132 542 quo-
2162 480 2212 537 Α
2240 490 2272 525 a
2319 471 2717 526 Germaniarum
2746 471 2999 540 episcopis
3033 468 3299 539 episcopus
3341 470 3509 539 factus
3544 469 3690 542 (Lib.
3727 485 3855 535 vin.

551 584 672 627 rum
700 568 865 622 verbo
894 573 949 651 οξ
990 564 1240 633 exemplo
1268 563 1471 634 pendet
1500 564 1649 631 vigor
1672 564 1848 617 omnis
1876 562 2137 631 regularis

550 656 925 720 observantiae,
958 669 1067 709 non
1095 664 1319 724 possunt
1345 654 1505 709 simul
1529 653 1888 707 ecclesiastica
1916 653 2138 722 implere

551 747 825 821 munia,e_t
853 743 1191 799 monasteriis
1211 757 1463 813 praeesse.
1496 742 1688 797 Caeteri
1711 757 1838 797 vero
1866 740 2136 805 monachi,

2243 583 2325 635 ep.
2354 563 2471 635 30).

2315 656 2459 711 Idem
2500 656 2566 711 de
2612 655 2671 710 S.
2706 653 2985 724 Augustini
3014 653 3177 709 sociis
3204 662 3258 709 et
3287 654 3339 708 in
3370 654 3669 723 Anglorum
3700 674 3845 713 con-

2249 747 2497 801 versione
2512 746 2849 814 adjutoribus
2869 744 3152 800 dicendum
3170 754 3273 811 est,
3295 760 3431 815 quos
3446 746 3503 801 S.
3523 746 3853 819 Gregorius,

550 840 598 897 si
625 836 983 893 Ecclesiarum
1010 834 1358 905 plebiumque
1385 849 1567 889 curam
1610 841 1815 902 gerant,
1846 832 2046 903 aliquid
2073 830 2141 886 de
2242 844 2347 891 ets:
2378 837 2444 891 ad
2474 836 2872 906 praedicandum
2913 837 3105 892 missos
3133 843 3187 891 et
3216 836 3283 890 ad
3321 839 3615 907 apostolica
3646 856 3848 910 opera,

550 930 732 999 rigore
758 926 1053 996 disciplina:
1081 925 1362 981 remittere
1389 933 1669 995 cogantur.
1701 924 1768 978 At
1794 923 1935 978 idem
1961 924 2143 978 dicere

553 1020 669 1075 sive
721 1018 790 1071 de
834 1016 1108 1072 canonicis
1158 1015 1535 1085 regularibus,
1583 1014 1817 1069 maxime
1854 1014 2147 1070 severioris

554 1118 611 1165 et
660 1106 921 1164 arctioris'
960 1107 1337 1171 observantiae,
1380 1106 1551 1176 qualis
1600 1105 1774 1160 adhuc
1813 1105 1957 1175 viget
2002 1103 2145 1174 apud

555 1200 1100 1254 Prmmonstratenses
1129 1197 1491 1261 Reformatos,
1526 1196 1638 1249 sive
1666 1195 1735 1249 de
1773 1210 1962 1250 eorum
2002 1209 2144 1263 prae-

554 1294 709 1347 fectis
738 1290 867 1361 quid
894 1289 1181 1358 prohibet?
1208 1288 1406 1341 Ideone
1432 1301 1559 1340 vero
1590 1285 1881 1339 somniabit
1908 1284 2027 1352 quis
2052 1298 2147 1337 eos

557 1401 665 1440 non
695 1398 852 1452 posse
879 1382 1205 1435 clericorum
1233 1379 1391 1433 simul
1438 1378 1588 1432 obire
1619 1393 1833 1444 munus,
1876 1385 1931 1430 et
1971 1374 2147 1430 eccle-

553 1474 785 1531 siasticis
806 1472 995 1527 ol‘liciis
1016 1470 1215 1524 addici?
1240 1470 1339 1523 nisi
1362 1468 1509 1537 prius
1531 1468 1911 1522 canonicorum
1937 1465 2147 1533 regula-

554 1569 693 1621 rium
713 1566 955 1618 instituto
977 1563 1299 1617 valedicant.
1320 1560 1571 1613 Adhibita
1596 1559 1775 1614 forsan
1804 1558 2151 1612 distinctione

552 1652 959 1722 respondebunt
1008 1651 1106 1715 illi,
1135 1650 1242 1703 duo
1274 1651 1325 1703 in
1369 1663 1468 1703 suo
1510 1650 1892 1702 canonicorum
1940 1646 2152 1715 regula-

554 1745 694 1800 rium
724 1744 971 1799 instituto
1011 1741 1299 1811 conjuncta
1328 1759 1340 1804 ς
1374 1749 1502 1794 vota
1550 1740 1754 1795 scilicet
1784 1755 1904 1808 qua:
1950 1737 2018 1793 ad
2064 1738 2150 1794 sui

2246 942 2520 996 nunquam
2577 943 2684 982 non
2746 927 3045 982 monachos
3099 926 3383 997 appellat:
3443 926 3599 997 Quia,
3631 930 3854 1000 inquit,

2248 1020 2605 1091 Redemptoris
2643 1023 2807 1075 nostri
2838 1021 3011 1090 gratia
3041 1030 3349 1089 cooperante
3372 1062 3389 1088 ,
3439 1029 3586 1075 tanta
3629 1023 3694 1076 de
3734 1026 3852 1077 An-

2247 1114 2448 1185 glorum
2485 1123 2636 1184 gente
2684 1113 2752 1166 ad
2788 1114 3086 1166 christiana:
3137 1112 3260 1179 ﬁdei
3303 1114 3529 1183 gratiam
3570 1116 3855 1172 multitudo

2247 1204 2590 1268 convertitur,
2624 1210 2679 1254 ut
2730 1202 3182 1256 reverendissimus
3236 1204 3520 1256 communis
3573 1205 3744 1273 frater
3800 1213 3852 1259 et

2249 1295 2576 1362 coepiscopus
2603 1301 2776 1345 noster
2805 1292 3123 1362 Augustinus
3154 1308 3242 1345 eos
3283 1293 3372 1362 qui
3410 1309 3578 1345 secum
3604 1303 3749 1360 sunt,
3784 1295 3855 1347 ad

2250 1382 2345 1435 hoc
2374 1400 2499 1452 opus
2528 1383 2906 1451 exsequendum
2935 1423 2950 1447 ,
3004 1399 3095 1452 per
3124 1383 3326 1436 diversa
3365 1383 3479 1436 loca
3505 1394 3709 1438 asserat
3750 1401 3859 1439 non

2248 1489 2398 1541 posse
2425 1474 2692 1541 su/ﬁcere:
2724 1473 3013 1539 aliquantos
3054 1472 3124 1525 ad
3151 1488 3266 1524 eum
3306 1475 3586 1528 monachos
3612 1491 3729 1527 cum
3777 1476 3862 1528 di-

2253 1564 2541 1616 lectissimis
2587 1571 2635 1616 et
2664 1563 3017 1615 communibus
3055 1564 3179 1632 [iliis
3223 1561 3505 1617 Laurentio
3552 1567 3858 1635 presbytero

2253 1664 2301 1707 et
2346 1654 2548 1708 Mellito
2597 1655 2779 1708 abbate
2832 1656 3160 1724 prwvidimus
3205 1658 3629 1713 transmittendos
3678 1658 3855 1730 (Lib.

2252 1760 2325 1809 ιι,
2345 1762 2427 1815 ep.
2459 1744 2574 1813 58).
2602 1745 2743 1800 Idem
2772 1746 2969 1815 repetit
2998 1745 3064 1799 ad
3093 1761 3351 1801 nauseam
3381 1749 3617 1816 usquein
3641 1751 3853 1818 episto-

553 1842 726 1890 status
755 1832 1042 1887 essentiam
1072 1831 1365 1899 pertinent,
1396 1838 1451 1883 et
1480 1829 1595 1897 pias
1623 1829 1880 1897 quasdam
1912 1841 2147 1892 asceses,
2181 1855 2226 1913 Β
2255 1832 2319 1887 lis
2371 1833 2489 1887 aliis
2539 1849 2603 1887 ea
2633 1834 2699 1887 de
2750 1849 2809 1888 re
2848 1834 3061 1903 scriptis
3085 1834 3248 1903 (Ibid.
3279 1878 3294 1902 ,
3338 1853 3454 1906 epp.
3490 1836 3559 1889 54
3583 1877 3596 1900 ,
3630 1838 3721 1905 55,
3759 1838 3858 1908 56,

554 1927 743 1995 quales
786 1934 911 1980 sunt
950 1924 1111 1979 certis
1140 1924 1287 1977 horis
1316 1923 1371 1976 in
1406 1922 1574 1976 choro
1604 1920 1867 1990 psallere,
1903 1920 2143 1986 lectioni,

555 2018 803 2083 orationi,
847 2016 1185 2073 meditationi
1214 2030 1435 2085 operam
1466 2014 1616 2078 dare,
1650 2014 1703 2067 in
1732 2013 2005 2068 communi
2035 2027 2149 2068 cm-

554 2111 749 2166 naculo
779 2110 955 2165 cibum
996 2124 1210 2165 sumere
1233 2147 1247 2172 ,
1293 2108 1360 2161 ab
1390 2107 1667 2161 hominum
1696 2106 1969 2161 consortio
1996 2119 2150 2159 sece-

554 2201 708 2269 dere,
740 2202 1067 2270 silentioque
1102 2200 1339 2264 studere,
1393 2198 1585 2253 eodem
1635 2198 1755 2252 loco
1802 2204 1860 2250 et
1907 2204 2153 2266 tempore

552 2290 897 2355 decumbere,
930 2298 1038 2345 etc.
1071 2289 1139 2343 Et
1183 2288 1402 2357 quidem
1430 2288 1625 2341 horum
1662 2285 2001 2355 dispendium
2043 2283 2154 2354 pati

555 2397 653 2438 eos
680 2382 773 2451 qui
814 2389 906 2435 aut
934 2380 1201 2435 lucrandis
1232 2387 1326 2432 aut
1361 2376 1608 2445 regendis
1637 2376 1919 2430 animabus
1949 2376 2156 2429 incum-

556 2472 730 2537 bunt;
763 2481 889 2526 vota
920 2486 1049 2525 vero
1077 2469 1279 2523 illibata
1326 2482 1665 2538 permanere.
1697 2465 1768 2520 At
1798 2465 2045 2521 eamdem
2084 2465 2156 2520 si-

554 2563 670 2619 mul
694 2563 1103 2631 responsionem
1128 2558 1546 2630 suppeditabunt
1573 2558 1853 2613 monachis
1898 2556 2155 2614 sacerdo-

557 2653 667 2706 tale
715 2668 909 2706 munus
938 2651 1281 2715 obeuntihus,
1330 2650 1567 2719 nodique
1611 2648 1937 2705 solutionem
1987 2662 2150 2719 quem

557 2758 627 2798 ex
657 2743 824 2812 priori
853 2742 1100 2811 Gregorii
1140 2742 1452 2797 testimonio
1496 2740 1835 2809 adstringere
1864 2746 2151 2795 conantur.

622 2834 678 2893 2.
702 2834 782 2887 Ad
800 2836 1154 2905 posteriorem
1172 2835 1348 2890 locum
1368 2836 1479 2903 jam
1513 2834 1813 2889 veniamus.
1840 2832 1898 2887 S.
1928 2832 2151 2902 Doctor,

560 2930 657 2987 lib.
687 2946 782 2995 vn,
811 2945 897 2999 ep.
943 2929 1034 2995 45,
1072 2928 1189 2984 haec
1218 2927 1499 2984 decernit:
1534 2927 1596 2981 Si
1623 2927 1877 2998 quispiam
1912 2924 2157 2979 abbatum

559 3036 650 3080 aut
680 3025 1051 3079 monachorum
1082 3041 1146 3077 ea:
1179 3039 1477 3094 quocunque
1507 3022 1823 3075 monasterio
1849 3018 1917 3073 ad
1939 3020 2157 3073 clerica-

557 3127 637 3171 tus
682 3117 904 3186 ofﬁcium
949 3119 1025 3169 vel
1065 3114 1298 3168 ordinem
1342 3128 1547 3167 sacrum
1572 3111 1864 3175 accesserit,
1906 3126 2012 3163 non
2046 3107 2156 3161 illic

554 3211 781 3279 aliquam
812 3206 998 3261 habeat
1026 3206 1270 3270 ulterius,
1294 3213 1351 3257 ut
1379 3204 1629 3271 diximus,
1656 3210 1993 3273 potestatem;
2024 3213 2155 3268 ergo

553 3301 659 3355 hoc
688 3300 803 3369 ipso
833 3298 980 3369 quod
1007 3298 1072 3351 ad
1101 3312 1288 3352 curam
1316 3294 1575 3350 Ecclesia:
1600 3289 2151 3348 sustinendam‘ordi-

556 3392 783 3447 nabatur
828 3390 1150 3452 monachus,
1184 3386 1545 3443 monachatus
1575 3384 1950 3451 auferebatur,
1984 3383 2155 3451 inquit

554 3499 795 3554 nuperus
847 3483 1101 3551 scriptor.
1156 3480 1292 3534 Mira
1344 3492 1477 3534 sane
1524 3476 1933 3547 consequentia.
1992 3474 2157 3542 Quasi

554 3590 686 3631 vero
715 3574 860 3629 idem
886 3579 1032 3628 esset
1073 3577 1321 3641 potestas
1350 3570 1407 3623 in
1437 3569 1789 3634 monasterio,
1822 3574 1880 3621 et
1908 3566 2159 3621 monasti-

557 3680 656 3725 cus
676 3674 872 3734 status,
896 3662 991 3733 qui
1015 3661 1325 3719 obedientia
1352 3669 1408 3715 et
1430 3658 1768 3728 subiectione
1791 3658 1951 3728 263
1978 3656 2158 3726 potius

558 3774 722 3829 quam
743 3764 1012 3827 potestate
1033 3770 1097 3811 ac
1119 3754 1447 3809 auctoritate
1464 3758 1697 3806 constat.
1722 3749 1957 3819 Scopum
1979 3754 2160 3803 autem

556 3851 616 3907 S.
647 3848 892 3919 Gregorii
941 3848 1055 3903 haec
1101 3845 1392 3901 scribentis
1435 3844 1548 3913 jam
1577 3841 1913 3897 ostendimus
1958 3840 2161 3911 (Supra

558 3942 672 4011 cap.
718 3939 772 4005 5,
805 3956 947 3994 num.
999 3936 1077 4007 9).
1110 3936 1379 3991 Caeterum
1404 3940 1464 3988 ut
1514 3942 1625 3987 tam
1659 3931 1855 3996 dubiis,
1886 3944 1955 3985 ne
1982 3929 2159 3985 dicam

556 4032 722 4102 plane
769 4030 938 4097 falsis,
980 4027 1281 4083 certissima
1331 4036 1388 4081 et
1417 4022 1771 4079 invictissima
1821 4033 2160 4091 opponamus

560 4128 896 4189 argumenta,
944 4118 1182 4173 breviter
1228 4115 1578 4173 ostendamus
1619 4116 1794 4183 primo
1839 4110 2160 4181 Gregorium
2196 4128 2197 4131 η

560 4212 811 4279 Magnum
834 4224 940 4263 non
958 4210 1031 4261 sic
1046 4210 1229 4280 ubique
1245 4210 1487 4262 clericum
1508 4224 1539 4259 a
1559 4206 1813 4259 monacho
1842 4204 2159 4273 sejunxisse,

560 4310 617 4355 ut
635 4316 783 4372 quem
812 4299 972 4353 semel
1001 4300 1245 4352 clericum
1272 4297 1629 4368 appellaverit,
1677 4299 1721 4350 is
1754 4298 1848 4351 hoc
1876 4297 1990 4366 ipso
2018 4298 2160 4366 quis-

561 4395 675 4467 quis
701 4402 798 4458 est,
830 4407 1150 4462 nequaquam
1195 4392 1262 4443 sit
1290 4406 1382 4459 pro
1414 4390 1669 4443 monacho
1698 4390 1980 4460 putandus,
2012 4390 2160 4459 quod

564 4487 706 4542 forte
736 4484 882 4540 aliud
910 4483 1158 4552 cogitans
1181 4480 1315 4537 dixit
1360 4481 1449 4537 ille
1474 4482 1707 4551 scriptor
1732 4501 1745 4534 :
1774 4484 2013 4538 secundo
2040 4498 2161 4539 mo-

563 4578 767 4634 nachos
806 4575 1007 4646 passim
1038 4573 1265 4629 clericos
1303 4572 1467 4626 etiam
1508 4572 1681 4627 dictos
1709 4573 1763 4628 in
1793 4572 2160 4630 celeberrimis

562 4668 916 4738 scriptoribus
940 4664 1202 4734 Gregorio
1232 4663 1570 4735 synchronis.

634 4762 687 4815 '5.
736 4761 879 4814 Sane
918 4757 1149 4814 clericus
1189 4755 1301 4827 jam
1351 4762 1487 4821 erat,
1519 4762 1573 4809 et
1615 4754 2016 4823 ecclesiasticis,
2046 4754 2155 4812 imo

564 4852 873 4921 apostolicis
900 4848 1090 4905 ofliciis
1120 4846 1367 4903 addibtus
1396 4845 1454 4901 S.
1486 4844 1838 4914 Augustinus,
1873 4861 1996 4900 cum
2029 4861 2155 4915 eum

565 4943 636 4998 ad
678 4942 973 5011 Anglorum
1001 4941 1412 4996 conversionem
1450 4938 1597 4993 misit
1626 4938 1996 4994 sanctissimus
2041 4953 2157 4993 ma-

565 5034 751 5103 gister.
779 5032 1038 5087 Eumdem
1065 5040 1195 5087 tunc
1220 5040 1314 5086 aut
1341 5030 1717 5102 presbyterum
1744 5036 1837 5083 aut
1862 5028 2156 5083 Diaconum

566 5126 759 5183 saltem
781 5124 943 5177 fuisse
969 5138 1106 5192 pene
1129 5123 1317 5192 liquet,
1352 5123 1495 5193 quod
1516 5122 1807 5191 Gregorius
1833 5121 2004 5188 illum,
2032 5120 2155 5176 nul-

563 5219 617 5273 la
644 5216 865 5272 alterius
893 5214 1096 5269 ordinis
1118 5215 1300 5269 collati
1351 5212 1489 5269 facta
1513 5215 1810 5281 mentione,
1840 5215 2156 5269 ordinatum

565 5315 879 5384 episcopum
910 5319 1159 5367 testetur.
1189 5310 1366 5365 Nihilo
1385 5319 1563 5367 tamen
1577 5311 2014 5368 minuseumdem
2040 5327 2160 5367 mo-

562 5407 799 5461 nachum
825 5404 1000 5459 adhuc
1024 5404 1261 5474 appellat
1302 5403 1369 5457 ad
1391 5403 1675 5472 Eulogium
1700 5406 1940 5459 scribens
1971 5424 1983 5458 :
2018 5405 2157 5460 Dum

564 5507 689 5570 gens
713 5497 999 5569 Anglorum
1022 5498 1077 5549 in
1107 5497 1285 5549 mundi
1312 5500 1501 5566 angulo
1524 5499 1715 5564 posita,
1742 5499 1793 5550 in
1826 5500 1963 5552 cultu
1989 5500 2157 5570 ligno-

563 5606 681 5643 rum
737 5607 795 5642 ac
848 5588 1079 5660 lapidum
1128 5586 1333 5656 perﬁda
1382 5604 1679 5656 nuncusque
1728 5599 2034 5653 remaneret,
2091 5606 2157 5645 ea:

565 5690 747 5735 vestrm
788 5682 913 5734 mihi
962 5679 1213 5734 orationis
1262 5679 1525 5750 adjutorio
1561 5682 1774 5747 placuit,
1820 5693 1873 5734 ut
1923 5684 1991 5734 ad
2041 5700 2157 5737 eam

568 5771 865 5823 monasterii
893 5770 992 5821 mei
1021 5768 1324 5822 monachum
1348 5771 1401 5822 in
1434 5770 1854 5839 pra’dicationem
1891 5774 2159 5825 transmit-

574 5864 680 5911 tere
725 5857 833 5913 Deo
872 5866 1077 5912 auctore
1106 5858 1405 5913 debuissem.
1440 5858 1560 5927 Qui,
1594 5861 1714 5913 data
1744 5879 1775 5913 a
1806 5877 1884 5914 me
1948 5862 2154 5916 licentia

2262 1922 2354 1990 57,
2397 1924 2489 1992 59,
2518 1925 2608 1993 60,
2638 1926 2727 1992 Gl,
2759 1925 2868 1995 62).
2902 1926 3056 1981 Brevi
3103 1929 3378 1984 audiemus
3408 1930 3739 1986 Bonifacium
3790 1931 3863 1987 IV

2257 2033 2367 2072 non
2415 2014 2574 2073 secus
2627 2033 2689 2072 ac
2720 2028 3033 2073 antecessor
3084 2018 3375 2088 Gregorius
3429 2021 3739 2090 loquentem
3799 2025 3858 2079 in

2258 2109 2486 2179 epistola
2513 2110 2580 2163 ad
2599 2108 2967 2164 Edilberthum
2993 2125 3217 2180 regem:
3255 2111 3322 2165 Ut
3344 2113 3441 2182 ipsi
3468 2123 3651 2167 vestra:
3672 2116 3862 2171 salutis

2257 2201 2625 2271 praedicatores
2677 2203 2915 2256 monachi
2945 2203 3315 2257 monachorum
3346 2220 3550 2274 gregem
3581 2204 3681 2259 sibi
3709 2222 3862 2260 asso-

2258 2293 2411 2345 cient.
2455 2292 2573 2347 Non
2621 2291 2789 2361 pudet
2838 2292 3171 2347 Bonifacium
3214 2293 3488 2363 appellare
3532 2296 3859 2364 monachos,

2260 2381 2385 2437 illos
2413 2380 2795 2451 prmdicatores
2826 2382 2967 2436 haud
2996 2383 3161 2437 dubie
3198 2383 3445 2450 clericos,
3497 2383 3605 2439 imo
3633 2384 3854 2456 episco-

2258 2486 2375 2542 pos,
2408 2472 2772 2543 presbyteros,
2797 2472 3077 2527 diaconos.

2328 2562 2383 2615 4.
2414 2560 2491 2615 Ex
2519 2562 2715 2617 coaevis
2744 2562 3098 2631 scriptoribus
3127 2561 3359 2619 sufﬁciat
3383 2563 3539 2619 nobis
3562 2562 3860 2634 Gregorius

2260 2650 2559 2705 Turonicus
2599 2659 2657 2704 ut
2696 2652 3047 2708 ostendamus
3087 2661 3215 2709 tunc
3258 2655 3514 2725 temporis
3554 2654 3857 2712 Monacbos

2256 2742 2457 2813 passim
2486 2743 2711 2798 clericos
2739 2743 2927 2798 dictos.
2977 2743 3037 2799 In
3083 2744 3218 2798 Ilb.l
3260 2745 3327 2800 de
3358 2744 3541 2800 Gloria
3591 2744 3757 2801 Mart.
3792 2762 3845 2801 c.

2258 2832 2347 2898 76,
2376 2833 2468 2901 qui
2498 2832 2553 2887 in
2594 2835 2925 2889 monasterio
2952 2834 3259 2903 Agaunensi
3295 2835 3408 2891 Deo
3434 2836 3618 2892 laudes
3645 2838 3860 2907 persol-

2257 2924 2477 2991 vebant,
2529 2924 2999 2980 indiscriminatim
3026 2934 3293 2981 vocantur
3321 2928 3483 2983 modo
3512 2928 3715 2993 clerici,
3748 2944 3862 2985 mo-

2258 3013 2329 3069 do
2356 3015 2627 3070 monachi.
2654 3014 2865 3082 Mulier,
2889 3016 3062 3085 inquit
3089 3015 3401 3086 Gregorius,
3426 3020 3663 3089 quadam
3686 3020 3857 3089 ﬁlium

2258 3119 2407 3157 suum
2446 3104 2655 3158 unicum
2702 3106 2772 3158 ad
2814 3106 2907 3159 hoc
2957 3111 3325 3162 monasterium
3353 3109 3649 3177 adducens,
3682 3110 3862 3166 abbati

2262 3195 2476 3249 tradidit
2494 3196 2861 3262 erudiendum,
2886 3197 3119 3252 videlicet
3142 3206 3195 3251 ut
3225 3201 3396 3269 factus
3426 3200 3641 3254 clericus
3662 3201 3862 3258 sanctis

2259 3288 2643 3357 manciparetur
2664 3290 2863 3358 ofﬁciis.
2897 3288 3086 3343 Verum
3112 3307 3229 3343 cum
3252 3292 3369 3360 jam
3395 3292 3717 3361 spiritalibus
3736 3310 3861 3347 eru-

2260 3378 2399 3431 ditus
2426 3386 2555 3433 esset
2589 3380 2644 3431 in
2670 3379 2875 3445 litteris,
2902 3388 2951 3433 et
2990 3396 3105 3433 cum
3136 3382 3345 3451 reliquis
3375 3381 3576 3436 clericis
3605 3382 3660 3435 in
3700 3384 3861 3439 choro

2259 3472 2553 3524 canentium
2590 3470 2853 3539 psalleret,
2902 3478 3005 3526 etc.
3040 3470 3119 3525 En
3150 3472 3332 3528 clerici
3370 3473 3625 3530 dicuntur
3669 3476 3855 3546 Agau—

2263 3578 2498 3628 nenses;
2531 3572 2588 3617 at
2616 3564 2775 3632 paulo
2808 3562 2945 3618 infra
2974 3564 3227 3621 monachi
3258 3566 3596 3636 appellantur
3622 3585 3634 3621 :
3666 3569 3863 3623 Audies

2260 3670 2431 3708 uocem
2461 3653 2571 3723 ejus
2604 3654 2740 3706 inter
2778 3654 2961 3709 choros
3000 3655 3334 3725 psallentium
3372 3658 3764 3711 monachorum.
3793 3656 3865 3713 Et

2262 3745 2426 3815 paulo
2457 3751 2612 3813 post:
2652 3742 2865 3798 U
2899 3746 3238 3816 antiphonam
3267 3756 3473 3801 caterva
3499 3750 3722 3819 suscepit
3741 3765 3859 3803 mo-

2263 3836 2569 3903 nachorum,
2620 3836 2765 3890 audit
2811 3839 3056 3908 genitrix,
3109 3841 3308 3908 parvuli
3355 3856 3528 3895 vocem
3569 3844 3858 3913 cognoscit.

2260 3926 2406 3982 Idem
2434 3926 2724 3997 Gregorius
2752 3928 2890 3984 libro
2920 3929 2988 3985 de
3015 3930 3290 3985 miraculis
3317 3930 3376 3985 S.
3415 3931 3612 3987 Iuliani
3642 3949 3693 3989 c.
3742 3933 3813 3988 28
3839 3951 3855 3989 :

2262 4018 2493 4075 Clericus
2532 4032 2701 4076 autem
2729 4023 2938 4093 quidam
2966 4023 3135 4076 Aridii
3154 4021 3469 4078 Lemovicini
3492 4024 3715 4094 abbatis,
3744 4035 3857 4082 etc.

2261 4110 2425 4166 Multa
2466 4113 2658 4168 omitto
2695 4114 2889 4184 quibus
2918 4122 3102 4169 narrat
3130 4114 3389 4171 clericum
3420 4117 3565 4172 hunc
3593 4118 3859 4176 miraculo

2260 4202 2319 4256 in
2366 4204 2646 4259 basilicam
2675 4204 2733 4259 S.
2771 4203 2967 4258 Juliani
2994 4204 3158 4259 fuisse
3188 4206 3575 4262 introductum.
3625 4206 3695 4262 Et
3730 4209 3862 4264 sub-

2263 4291 2340 4347 dit
2366 4311 2378 4346 :
2410 4295 2559 4357 Quod
2588 4312 2652 4349 ne
2677 4297 2788 4367 quis
2818 4297 3036 4361 dubitet,
3062 4307 3220 4353 testor
3243 4301 3641 4371 omnipotentem
3665 4299 3857 4367 Deum,

2262 4385 2381 4455 quia
2425 4384 2489 4436 ab
2519 4386 2678 4455 ipsius
2729 4384 2930 4440 abbatis
2975 4403 3063 4441 ore
3094 4389 3202 4444 haec
3246 4392 3421 4444 omnia
3461 4392 3671 4462 cognoui
3716 4391 3860 4460 apud
3904 4374 3933 4397 ”

2263 4479 2412 4549 cujus
2454 4481 2765 4533 monachum
2808 4488 2954 4549 gesta
2997 4492 3136 4535 sunt.
3168 4483 3331 4538 Vides
3369 4484 3457 4539 hic
3502 4486 3857 4554 monachum,

2188 4614 2243 4673 Β
2266 4584 2428 4639 quem
2456 4585 2612 4639 supra
2642 4571 2897 4626 clericum
2928 4573 3123 4641 legisti.
3166 4572 3236 4628 At
3263 4575 3378 4630 vice
3416 4590 3574 4631 versa
3611 4591 3733 4646 cap.
3762 4574 3856 4644 55,

2265 4678 2427 4733 quem
2452 4662 2600 4732 prius
2627 4662 2947 4719 Monachum
2978 4666 3132 4731 dixit,
3180 4668 3360 4721 statim
3391 4668 3645 4723 clericum
3673 4669 3857 4738 appel-

2258 4757 2355 4810 lat.
2401 4754 2514 4810 Etsi
2557 4770 2688 4810 vero
2735 4757 3033 4812 monachus
3077 4758 3144 4813 ad
3173 4760 3567 4816 ecclesiasticas
3614 4776 3773 4815 curas
3800 4768 3857 4816 et

2258 4845 2544 4914 dignitates
2572 4854 2878 4916 assumptus
2904 4849 3202 4905 monachus
3232 4850 3371 4904 ultra
3402 4867 3511 4906 non
3554 4851 3851 4917 diceretur,

2260 4953 2378 4994 esse
2430 4948 2610 4996 tamen
2663 4940 2883 4997 minime
2933 4941 3226 5009 desineret,
3258 4943 3406 5013 quod
3437 4944 3719 5000 contendit
3770 4945 3856 4999 vir

2259 5032 2470 5098 doctus,
2521 5042 2578 5087 at
2622 5033 2677 5087 in
2708 5032 2942 5090 lectione
2985 5032 3240 5104 Gregorii
3287 5034 3464 5104 Magni
3514 5051 3653 5106 pene
3697 5051 3857 5107 pere-

2265 5126 2466 5193 grinus.
2496 5125 2631 5181 Cum
2660 5126 2803 5181 enim
2829 5127 3195 5183 denominatio
3225 5144 3255 5183 a
3284 5129 3534 5185 nobiliori
3562 5130 3731 5199 gradu
3760 5130 3852 5185 de-

2263 5230 2529 5289 sumatur,
2556 5221 2687 5291 quid
2730 5222 2924 5277 mirum
2953 5222 2997 5277 si
3026 5222 3146 5291 quis
3172 5222 3438 5278 monacho
3464 5222 3855 5292 superinduens

2264 5312 2575 5382 episcopum
2599 5353 2615 5379 ,
2649 5312 2883 5383 exempli
2911 5312 3083 5379 gratia
3106 5353 3122 5377 ,
3154 5327 3263 5368 non
3293 5312 3525 5383 amplius
3553 5313 3854 5368 monachus

2262 5404 2549 5468 vocitetur,
2606 5404 2733 5459 licet
2784 5404 3108 5459 monachum
3159 5419 3270 5459 non
3326 5404 3657 5473 deposuerit.
3714 5410 3771 5458 et
3798 5402 3855 5457 in

2262 5495 2572 5552 monasticis
2601 5496 2764 5550 etiam
2794 5497 3048 5551 institutis
3069 5536 3085 5562 ,
3134 5497 3187 5551 in
3215 5496 3429 5566 vigiliis,
3458 5495 3696 5566 jejuniis,
3726 5510 3855 5551 ora-

2262 5588 2499 5643 tionibus
2528 5590 2880 5658 perseveret?
2910 5588 2985 5641 De
3013 5589 3097 5643 his
3126 5601 3245 5656 qua:
3288 5587 3588 5643 delibamus
3616 5596 3850 5650 tantum,

2260 5676 2471 5745 legendi
2521 5685 2645 5734 sunt
2692 5685 2875 5741 noster
2922 5669 3261 5733 Mabillonius
3292 5686 3403 5732 tum
3433 5679 3486 5733 in
3539 5678 3751 5732 Przefat.
3784 5676 3854 5731 ad

2262 5772 2512 5827 sacculum
2543 5787 2578 5826 ιι
2607 5769 2833 5837 Bened.,
2865 5786 3013 5824 num.
3046 5770 3135 5835 27,
3166 5777 3277 5823 tum
3309 5770 3362 5823 in
3394 5784 3535 5839 resp.
3571 5770 3593 5821 l
3624 5769 3689 5823 ad
3712 5767 3851 5823 scri-

2263 5870 2414 5933 ptum
2444 5863 2825 5918 canonicorum
2852 5874 2966 5930 reg.
2998 5861 3066 5918 de
3090 5861 3419 5921 sessionibus
3444 5861 3497 5916 in
3528 5857 3851 5933 Burgundia
