4130 6450
289 364 391 423 377

778 362 836 420 8.
877 361 1202 420 GREGORll
1245 361 1462 419 MAGNI
1501 361 1681 432 VITA,
1725 361 1821 417 EX
1858 360 2019 419 EJUS
2056 360 2359 419 SCRIPTIS
2394 362 2791 422 ADORNATA.
2816 364 2960 441 .LIB.
3000 365 3089 423 lll.

3453 369 3558 426 578

285 480 540 545 comitiis,
580 477 881 535 Hadrianus
907 480 1149 535 Valesius
1172 481 1226 536 in
1253 480 1644 551 disceptatione
1671 480 1738 535 de
1766 480 1862 535 ba—
1894 498 1938 553 Α
1968 478 2164 548 prioris
2179 487 2235 534 et
2256 480 2559 549 apostolicae
2580 479 2831 538 Ecclesiae
2848 464 3054 538 morem
3075 482 3309 538 occurrit
3328 484 3557 553 mentio,

283 572 470 637 silicis,
522 578 577 626 et
606 570 660 625 in
708 570 824 639 ejus
852 571 1165 628 defensione
1187 614 1203 638 ,
1234 588 1446 629 necnon
1486 572 1867 628 Thomassinus

282 663 587 733 Disciplina:
615 660 819 718 Eccles.
850 672 1005 734 parte
1032 681 1070 729 l,
1098 666 1190 721 lib.
1222 682 1261 721 ι.

334 756 389 809 5.
408 755 654 823 Magnum
668 770 800 811 sane
818 756 1155 825 opinatorem
1172 772 1293 813 esse
1309 758 1480 813 virum
1495 757 1761 812 eruditum
1773 772 1867 812 cu-

277 846 363 915 jus
378 861 521 900 nunc
537 854 851 914 argumenta
864 848 1233 917 expendimus,
1251 849 1301 902 in
1310 849 1571 905 ficiabitur
1582 864 1761 913 nemo,
1776 850 1865 919 qui

279 936 348 990 ad
365 951 430 990 ea
458 936 801 1005 ponderanda
827 937 963 992 liber
984 938 1052 992 ab
1073 940 1320 994 omnibus
1340 940 1661 1009 prrejudiciis
1681 955 1864 995 acces-

280 1028 412 1080 serit
430 1044 444 1092 ;
460 1042 579 1096 qua:
593 1028 844 1083 videlicet
856 1044 1183 1099 proponere,
1202 1030 1449 1086 refellere
1463 1040 1562 1097 est,
1582 1040 1641 1085 ut
1656 1046 1721 1086 ex
1738 1047 1865 1087 mox

278 1117 518 1189 dicendis
533 1119 705 1187 palam
721 1118 832 1173 ﬁet.
849 1119 963 1174 Non
976 1120 1138 1175 stabit
1149 1136 1244 1190 per
1264 1121 1435 1190 ipsum
1453 1123 1737 1191 quominus
1752 1137 1865 1193 per-

276 1222 494 1261 suasum
512 1209 800 1263 habeamus
823 1208 1139 1279 Gregorium
1165 1211 1414 1280 Magnum
1445 1213 1737 1267 canonicos
1758 1227 1863 1282 re-

276 1297 491 1361 gulares
513 1297 827 1363 instituisse,
856 1306 1152 1367 posteaque
1173 1301 1475 1356 decrevisse
1496 1308 1555 1354 ut
1584 1316 1651 1355 ex
1672 1301 1861 1355 eodem

277 1386 525 1442 instituto
540 1388 719 1444 clerici
733 1392 960 1459 primam
988 1392 1282 1460 Anglorum
1302 1392 1599 1448 Ecclesiam
1631 1393 1864 1448 Cantua-

273 1480 372 1533 τίω
398 1481 666 1535 conditam
688 1491 1043 1553 occuparent;
1070 1484 1639 1554 tandemqucreliquas
1659 1485 1864 1553 Anglite

270 1571 435 1626 sedes
446 1570 779 1641 pontificales
791 1576 1061 1630 canonicis
1074 1575 1285 1631 clericis
1298 1576 1543 1631 similiter
1554 1578 1856 1634 obvenisse.

348 1663 583 1718 Primum
612 1664 829 1734 quidem
858 1668 1088 1735 probare
1116 1668 1306 1722 nititur
1349 1684 1417 1723 ex
1461 1668 1673 1724 Joanne
1706 1671 1857 1728 Diac.

267 1753 370 1809 lib.
400 1770 438 1808 ll
477 1754 609 1809 Viue
656 1756 712 1809 S.
761 1754 920 1825 Greg.
953 1772 1073 1827 cap.
1126 1757 1230 1812 ηε
1288 1758 1633 1827 Videbantur,
1666 1761 1858 1830 inquit,

1970 572 2024 626 id
2054 572 2118 626 ad
2140 572 2474 641 probandum
2506 574 2889 630 canonicorum
2919 574 3086 643 regul.
3120 575 3421 631 institutum
3449 584 3564 632 tra—

1970 661 2062 715 hat
2093 678 2105 713 :
2134 677 2239 715 non
2270 662 2551 715 attendens
2582 664 2957 719 emnobiticam
2987 672 3043 719 et
3066 679 3409 720 communem
3437 680 3560 722 mo-

1969 751 2263 806 nachorum
2298 753 2493 817 vitam,
2542 754 2705 808 etiam
2749 756 2814 809 ad
2854 756 3094 825 ejusdem
3136 758 3451 827 antiquioris
3492 760 3560 815 ab

1968 841 2226 910 apostolis
2248 841 2507 895 instituta:
2529 841 2784 898 Ecclesiae
2808 847 3025 900 modum
3046 862 3399 918 normamque
3420 866 3560 920 prm-

1967 934 2222 1001 scﬂptam
2251 934 2415 988 fuisse
2434 972 2451 998 ,
2499 942 2555 989 et
2585 935 2638 988 in
2683 936 2931 991 omnibus
2961 953 3099 1009 pene
3127 942 3441 996 monasticis
3467 955 3561 998 re-

1970 1023 2107 1091 gulis
2127 1025 2431 1094 exemplum
2446 1026 2643 1080 veteris
2664 1026 2807 1081 illius
2827 1027 3080 1083 Ecclesia:
3098 1029 3562 1102 Jerosolymitane

1966 1117 2064 1170 sub
2093 1118 2369 1184 apostolis,
2404 1117 2457 1171 in
2485 1118 2719 1173 medium
2750 1118 2941 1173 adduci
2967 1138 2979 1172 :
3012 1120 3299 1192 Omniaque
3324 1124 3560 1179 omnibus
3608 1172 3618 1179 .

1965 1208 2073 1260 sint
2100 1210 2427 1275 communia,
2461 1210 2636 1279 inquit
2667 1208 2725 1265 8.
2758 1209 3081 1265 Benedictus
3101 1253 3116 1277 ,
3155 1214 3285 1265 sicut
3313 1217 3562 1284 scriptum

1964 1308 2042 1351 est
2072 1298 2209 1366 (Act.
2238 1301 2332 1368 tv),
2352 1317 2444 1353 nec
2473 1303 2742 1373 quisquam
2765 1317 2911 1354 suum
2937 1302 3134 1371 aliquid
3155 1302 3294 1355 dicat
3318 1305 3393 1356 vel
3422 1321 3559 1373 pra:-

1963 1397 2151 1441 sumat.
2183 1389 2246 1443 Et
2269 1405 2387 1459 cap.
2414 1390 2483 1444 54
2507 1408 2519 1443 :
2555 1390 2616 1445 Si
2643 1407 2817 1445 omnes
2841 1391 3108 1462 (equaliter
3138 1391 3353 1445 debeant
3380 1410 3559 1447 neces-

1964 1482 2109 1534 saria
2138 1483 2388 1552 accipere.
2421 1482 2571 1536 Sicut
2600 1485 2847 1552 scriptum
2876 1493 2969 1547 est,
3000 1481 3318 1535 dividebatur
3346 1483 3562 1553 singulis

1964 1581 2118 1641 prout
2160 1576 2339 1643 cuique
2374 1591 2499 1643 opus
2539 1584 2670 1627 erat.
2708 1572 2842 1627 Cum
2882 1581 3070 1627 sancto
3101 1572 3393 1628 Benedicto
3430 1587 3562 1628 vero

1964 1662 2066 1717 hac
2107 1664 2161 1717 in
2211 1673 2365 1732 parte
2412 1664 2704 1719 concinnat
2749 1678 2937 1718 omnes
2985 1663 3099 1717 fere
3143 1663 3562 1718 monasticarum

1963 1753 2288 1821 regularum,
2322 1754 2649 1818 conditores,
2675 1763 2732 1808 ut
2755 1754 2939 1807 videre
2967 1761 3050 1807 est
3075 1752 3129 1806 in
3158 1752 3448 1807 concordia
3476 1767 3564 1808 re-

265 1844 469 1910 passim
497 1844 980 1900 cumeruditissimis
1001 1846 1203 1901 clericis
1233 1848 1500 1902 adhaerere
1518 1852 1751 1919 ponti/iri
1774 1870 1859 1905 re-
1888 1873 1939 1933 Β
1965 1845 2226 1912 Stllarum.
2246 1855 2470 1901 auctore
2497 1846 2555 1901 S.
2586 1846 2878 1901 Benedicto
2900 1845 3121 1898 Alliam?
3150 1844 3560 1933 ftbbalQrCilPP-

264 1932 866 2001 ligiosissimimonachi,
890 1938 1005 1990 etin
1030 1939 1245 1991 diversis
1272 1941 1680 2009 professionibus
1704 1943 1861 1995 liabe-

261 2020 422 2076 batur
448 2025 554 2077 vita
582 2029 893 2080 communis:
918 2030 994 2081 ita
1023 2038 1079 2081 ut
1108 2030 1229 2084 talis
1246 2040 1377 2084 esset
1407 2040 1524 2083 tunc
1554 2032 1644 2085 sub
1675 2031 1865 2103 Grego-

261 2115 348 2167 rio
388 2131 541 2184 penes
577 2118 753 2173 urbem
781 2119 998 2175 Romam
1024 2122 1279 2187 Ecclesia,
1311 2128 1514 2195 qualem
1540 2128 1673 2181 hanc
1703 2130 1865 2199 fuisse

260 2205 361 2259 sub
401 2210 648 2277 apostolis
694 2209 865 2265 Lucas
892 2220 941 2265 et
969 2213 1059 2266 sub
1106 2212 1288 2269 Marco
1326 2215 1661 2288 Evangelista
1707 2235 1862 2287 penes

260 2296 645 2353 Alexandriam
669 2298 825 2355 Philo
846 2316 1235 2360 commemorat.

340 2386 439 2442 Hic
482 2402 718 2457 agnosco
764 2399 1009 2447 nostrum
1037 2393 1356 2464 Gregorium
1382 2400 1696 2454 monasticae
1740 2401 1863 2456 vita:

263 2478 565 2547 cultorem,
591 2489 646 2536 et
673 2484 955 2537 monastici
983 2485 1067 2539 sui
1096 2486 1329 2541 instituti
1360 2490 1857 2558 retinentissimum,

262 2568 561 2651 monachos
609 2570 895 2626 habentem
944 2575 1285 2632 convictores
1312 2619 1328 2646 ,
1379 2596 1496 2633 cum
1545 2582 1725 2652 quibus
1765 2584 1859 2638 diu

264 2648 518 2731 noctuque
544 2671 799 2728 versatus,
831 2665 961 2718 nihil
998 2667 1297 2722 monasticce
1322 2673 1653 2740 perfectionis
1677 2675 1731 2727 in
1762 2691 1859 2743 pa-

263 2747 462 2803 latio...
500 2751 791 2824 dereliquit,
825 2754 991 2825 inquit
1015 2754 1267 2816 Joannes.
1299 2758 1470 2814 Video
1511 2777 1726 2833 quoque
1763 2765 1863 2833 ipsi

263 2839 541 2896 adhaerere
554 2844 797 2911 clericos,
812 2847 905 2916 qui
919 2847 1087 2903 libere
1104 2850 1260 2905 nullis
1273 2852 1515 2907 adstricti
1538 2856 1701 2921 votis,
1720 2856 1861 2912 nulla

261 2928 388 3001 iege
435 2934 674 3003 obligati,
724 2952 848 2991 cum
888 2941 1166 2995 monachis
1206 2958 1545 2999 communem
1589 2945 1861 3002 ducebant

259 3022 458 3078 vitam.
482 3023 743 3081 Caeterum
768 3029 835 3083 de
857 3032 1242 3086 canonicorum
1266 3035 1589 3103 regularium
1615 3037 1860 3094 instituto

269 3112 433 3183 cujus
458 3114 617 3171 fuerit
646 3134 840 3189 parens
870 3122 928 3175 S.
959 3120 1275 3191 Gregorius,
1312 3140 1487 3194 neque
1515 3127 1619 3182 hoc
1644 3128 1701 3201 in
1737 3130 1858 3184 loco

1965 1930 2038 1983 42
2061 1942 2116 1987 et
2144 1932 2243 1998 45,
2278 1934 2615 2003 proindeque
2642 1934 2841 2004 potiori
2865 1933 2986 2001 jure
3014 1932 3267 1987 monachi
3296 1931 3397 1985 sibi
3425 1946 3562 1986 ven-

1965 2020 2147 2075 dicare
2177 2032 2405 2090 possunt
2434 2033 2677 2078 veterum
2717 2024 2785 2077 de
2825 2026 2933 2077 vita
2961 2022 3285 2078 ctenobitica
3325 2029 3381 2077 et
3408 2037 3563 2077 com-

1966 2111 2114 2164 muni
2147 2113 2473 2166 testimonia.

2037 2198 2191 2264 Quod
2246 2210 2458 2269 spectat
2512 2202 2579 2255 ad
2640 2200 2938 2256 Ecclesiam
2994 2202 3407 2257 Alexandrinam
3461 2204 3563 2259 sub

1965 2286 2022 2344 S.
2046 2288 2226 2345 Marco
2252 2293 2539 2347 sanctitate
2560 2291 3016 2361 florentissimam,
3050 2294 3293 2364 plerique
3322 2287 3563 2350 vetefum

1962 2381 2055 2449 qui
2080 2381 2148 2436 de
2174 2382 2337 2437 rebus
2365 2384 2679 2438 monasticis
2706 2393 2956 2453 egerunt,
2988 2385 3040 2439 in
3070 2385 3187 2454 ipsa
3216 2395 3271 2439 et
3300 2386 3352 2438 in
3378 2386 3562 2440 thera-

1966 2471 2140 2540 peutis
2180 2469 2419 2527 Philonis
2459 2488 2490 2527 a
2534 2471 2739 2528 Joanne
2789 2474 3027 2529 Diacono
3081 2476 3549 2541 commemoratis,

1964 2562 2303 2631 propositum
2378 2578 2499 2618 esse
2574 2573 2745 2619 status
2807 2566 3115 2634 politizeque
3174 2566 3563 2621 monachorum

1963 2652 2261 2721 exemplar,
2293 2668 2400 2707 non
2430 2654 2834 2721 canonicorum,
2862 2662 3205 2710 censuerunt.

2034 2742 2088 2796 7.
2134 2742 2370 2812 Exploso
2412 2744 2545 2799 falso
2576 2745 2867 2799 verborum
2909 2743 3133 2799 Joannis
3177 2744 3398 2800 Diaconi
3426 2743 3564 2800 ﬁcti-

1964 2832 2146 2902 tioque
2174 2849 2353 2901 sensu,
2399 2835 2668 2890 sincerum
2693 2836 2806 2904 jam
2838 2845 2893 2890 et
2919 2836 3207 2903 genuinum
3236 2836 3561 2905 aperiamus.

1962 2924 2019 2979 S.
2046 2923 2339 2995 Gregorius
2363 2926 2456 2994 qui
2483 2926 2765 2981 monachis
2793 2926 3190 2980 convictoribus
3214 2940 3340 2979 usus
3362 2924 3558 2990 luerat,

1963 3031 2087 3071 cum
2116 3013 2585 3086 Constantinopoli
2614 3015 3021 3086 apocrisiarium
3051 3020 3268 3083 ageret,
3302 3025 3356 3066 ut
3385 3030 3563 3068 eorum

1961 3108 2197 3177 exemplo
2229 3125 2429 3178 semper
2453 3108 2521 3160 ad
2552 3109 2802 3162 orationis
2834 3107 3094 3177 placidum
3124 3107 3265 3159 littus
3294 3106 3441 3177 quasi
3470 3122 3565 3159 an-

262 3204 559 3276 quldquam
590 3208 802 3278 legitur,
832 3228 1009 3282 neque
1040 3214 1163 3269 ullis
1205 3218 1261 3271 in
1290 3218 1533 3286 epistolis
1563 3196 1656 3274 aut
1701 3221 1855 3277 lucu-
1881 3236 1929 3298 ο
1963 3198 2134 3298 Cl“)???
2161 3200 2283 3298 [uite
2321 3199 2777 3298 restringeretur}
2796 3198 3019 3298 Prtefat.
3051 3196 3253 3298 Μοναιί
3268 3197 3318 3267 ),
3346 3196 3565 3298 eosdem

261 3294 601 3352 brationibus
638 3297 1001 3368 Gregorianis.
1033 3304 1169 3359 Num
1210 3322 1337 3377 ergo
1368 3310 1553 3364 clerici
1581 3312 1764 3366 statim
1792 3329 1856 3369 ac

263 3384 389 3438 vitae
432 3387 711 3458 victusque
758 3395 1199 3451 communitatem
1254 3399 1566 3470 habebunt,
1597 3405 1856 3460 continuo

261 3475 493 3531 evadent
529 3482 775 3536 canonici
806 3486 1127 3553 regulares?

332 3566 403 3619 At
432 3566 641 3637 inquies
666 3586 789 3627 cum
817 3575 979 3631 docto
1002 3578 1143 3645 viro,
1166 3590 1346 3648 poeta,
1371 3584 1556 3640 nescio
1584 3587 1706 3655 quis
1734 3603 1855 3644 me-

258 3658 421 3711 minit
449 3664 836 3720 canonicorum
866 3669 1071 3723 ordinis
1098 3670 1417 3741 Gregoriani
1443 3695 1458 3743 ;
1489 3693 1619 3748 ergo
1650 3680 1857 3750 Grego-

256 3748 375 3803 rius
401 3750 623 3820 lllagnus
654 3759 1039 3813 canonicorum
1063 3765 1389 3830 regularium
1418 3770 1666 3824 ordinem
1698 3748 1854 3827 inisti-

257 3841 397 3906 tuit;
430 3842 499 3896 Et
522 3847 722 3912 quidni,
753 3850 848 3911 ait,
892 3866 986 3904 nos
1010 3851 1357 3923 Gregorianos
1386 3862 1665 3915 canonicos
1690 3863 1855 3917 Itono-

257 3942 331 3988 ris
360 3951 518 3989 causa
545 3941 867 3995 nominemus
890 3942 916 3994 ?

330 4025 484 4080 Absit
515 4035 573 4080 ut
603 4028 723 4098 pios
745 4045 810 4084 ac
836 4032 1120 4101 religiosos
1145 4034 1288 4091 viros
1310 4036 1629 4107 Gregoriani
1651 4041 1855 4097 ordinis

256 4116 552 4171 canonicos
604 4120 793 4173 eodem
842 4135 1005 4177 sensu
1055 4126 1387 4195 appellemus
1416 4171 1431 4197 ,
1483 4145 1591 4199 quo
1647 4132 1716 4186 ab
1760 4133 1853 4190 illo

240 4213 421 4291 poeta
452 4208 722 4275 dicuntur,
764 4228 902 4282 quos
931 4216 1095 4271 refert
1122 4233 1154 4273 e
1181 4217 1239 4273 S.
1286 4219 1543 4276 Walartci
1571 4233 1850 4281 monaste-

256 4298 342 4352 rio
382 4298 589 4366 cjectos
614 4302 697 4357 his
726 4306 907 4360 verbis
933 4325 945 4359 :

382 4389 565 4463 Qrdine
588 4390 689 4441 dux
716 4394 1087 4463 Hugovacusns
1112 4414 1220 4449 mox
1243 4401 1549 4463 Gregoriano

382 4450 659 4513 Templum,
686 4450 955 4508 normalem
980 4464 1149 4511 statuit
1172 4450 1754 4519 normam—monachilem.

254 4556 393 4611 Nam
418 4573 483 4612 ex
509 4559 731 4615 historia
761 4563 1036 4619 relationis
1058 4564 1115 4620 S.
1145 4565 1397 4624 Walarici
1425 4569 1680 4627 discimus
1703 4571 1849 4643 (Ma-

257 4646 393 4713 bill.,
423 4665 546 4704 smc.
579 4652 632 4719 v)
664 4655 955 4710 canonicos
994 4656 1115 4711 illos
1145 4661 1431 4715 saecularcs
1470 4662 1669 4717 fuisse:
1706 4664 1851 4719 Tunc

255 4741 509 4808 prwfatus
537 4740 658 4795 Dux
686 4744 847 4815 264
877 4763 1067 4815 magna
1097 4749 1444 4805 sollicitudine
1469 4770 1753 4823 procurans
1784 4756 1847 4811 S.

256 4828 514 4884 Walarici
538 4833 729 4901 locum,
758 4834 944 4905 abjecit
982 4837 1045 4889 ab
1070 4855 1127 4891 eo
1158 4842 1459 4895 stvcularem
1488 4847 1849 4915 congregatio-

254 4938 394 4987 nem,
406 4932 454 4975 et
471 4929 762 4996 aggregavit
777 4927 829 4979 in
846 4944 904 4979 eo
918 4930 1201 4998 regularem
1215 4933 1449 4986 ordinent
1460 4937 1847 4994 monachorum.

254 5011 332 5067 Ita
361 5013 588 5083 scriptor
604 5031 820 5085 suppar,
840 5031 999 5086 quem
1030 5018 1204 5072 latere
1235 5036 1339 5073 non
1355 5023 1631 5091 potuitqui
1648 5034 1703 5077 et
1719 5040 1852 5093 qua-

252 5102 334 5158 les
357 5103 554 5160 fuerint
578 5107 664 5162 isti
711 5108 956 5162 canonici
987 5115 1044 5161 ut
1073 5109 1151 5163 sal
1175 5109 1495 5165 infatuatum
1546 5113 1692 5169 foras
1718 5130 1847 5184 pro-

249 5194 404 5265 jecti,
461 5197 597 5252 forte
650 5198 769 5253 ideo
822 5198 1138 5267 Gregoriani
1168 5200 1370 5254 ordinis
1423 5203 1551 5257 dicti
1599 5206 1742 5274 quod
1792 5206 1848 5260 in

252 5288 553 5356 psalmodia
596 5292 839 5347 ordinem
872 5292 1170 5348 Romanum
1202 5310 1233 5347 a
1264 5293 1527 5363 Gregorio
1551 5299 1844 5354 concinna-

254 5385 368 5431 tum
398 5390 752 5451 sequerentur
783 5385 801 5455 (
833 5399 941 5439 non
970 5386 1328 5440 monasticum
1358 5386 1570 5454 qualem
1599 5392 1845 5458 praescri-

249 5468 330 5523 bit
359 5468 417 5523 S.
464 5471 827 5545 Benedictus),
860 5484 914 5530 et
950 5487 1138 5547 postea
1167 5479 1522 5533 observarunt
1551 5482 1643 5549 qui
1674 5497 1842 5538 cano-

250 5563 388 5618 nicis
408 5577 787 5621 successerunt
812 5570 865 5623 in
886 5569 944 5625 8.
976 5568 1227 5628 Walarici
1253 5572 1478 5628 ecclesia
1512 5573 1847 5632 Benedictini

247 5649 520 5710 Monachi.

321 5748 375 5800 6.
418 5748 478 5802 ld
520 5748 657 5804 fallit
686 5752 860 5806 virum
900 5753 1063 5810 nimio
1104 5757 1157 5811 in
1188 5758 1430 5812 ordinem
1468 5775 1621 5814 suum
1662 5761 1843 5817 studio

250 5846 605 5905 astuantem,
646 5842 792 5913 quod
837 5844 1141 5917 ubicunque
1181 5850 1302 5905 vita:
1349 5853 1649 5909 communis
1688 5853 1845 5923 juxta

1964 3288 2133 3342 voluit
2160 3289 2363 3343 habere
2392 3288 2809 3343 contubernales
2828 3329 2844 3356 ,
2874 3295 3162 3357 postquam
3189 3286 3258 3340 ad
3277 3283 3564 3355 pontifica-

1963 3391 2075 3433 tum
2107 3380 2304 3433 invitus
2345 3389 2532 3448 raptus
2563 3388 2646 3434 est
2670 3417 2685 3443 ,
2744 3378 3113 3448 palatiumque
3150 3393 3305 3431 suum
3335 3377 3482 3432 velut
3510 3379 3565 3432 in

1962 3470 2176 3539 aliquod
2206 3470 2595 3525 monasterium
2624 3469 2928 3537 convertit,
2966 3468 3057 3523 ubi
3095 3466 3431 3522 familiariter
3456 3468 3563 3537 ipsi

1958 3560 2264 3615 assidebant
2280 3560 2469 3616 selecti
2488 3560 2707 3629 quidam
2732 3575 2800 3615 ex
2822 3559 3116 3613 monachis.
3140 3557 3249 3613 Sex
3263 3557 3556 3615 monachos

1963 3652 2165 3720 pietate
2205 3667 2267 3706 ac
2296 3652 2581 3706 sanctitate
2610 3652 2846 3719 insignes
2881 3659 3131 3705 recenset
3164 3647 3401 3703 Jo..nnes
3434 3647 3561 3701 Dia-

1964 3756 2155 3795 conus.
2182 3741 2424 3805 Quatuor
2445 3756 2659 3810 quoque
2681 3741 2909 3795 clericos
2930 3738 3174 3793 nominat
3200 3737 3485 3807 prudentia
3508 3745 3565 3792 et

1962 3832 2265 3886 eruditione
2295 3833 2653 3900 conspicuos,
2687 3845 2917 3898 quorum
2944 3844 3166 3899 operam
3194 3836 3250 3882 et
3277 3827 3561 3883 consilium

1958 3921 2074 3974 sive
2116 3920 2170 3973 in
2211 3918 2463 3973 Ecclesia:
2502 3918 2763 3986 negotiis,
2796 3918 2910 3972 sive
2940 3919 2991 3971 in
3028 3917 3221 3971 studiis
3247 3915 3560 3969 adhibebat.

1964 4010 2233 4068 Praeterea
2260 4028 2381 4066 cum
2405 4027 2435 4065 a
2457 4011 2704 4066 cubiculo
2729 4025 2827 4066 suo
2856 4011 3138 4065 smculares
3167 4025 3356 4066 omnes
3376 4024 3558 4065 remo-

1958 4105 2123 4159 visset
2153 4103 2318 4175 (quod
2341 4104 2503 4158 etiam
2531 4112 2589 4157 ut
2611 4102 2763 4158 fieret
2788 4120 2819 4158 a
2841 4103 3183 4173 pontificibus
3204 4104 3557 4173 imposterum

1954 4194 2194 4249 decrevit
2215 4194 2457 4249 Romana
2496 4199 2730 4264 synodus
2769 4193 3002 4267 [Decret.
3042 4191 3096 4263 1]
3134 4195 3253 4264 ipso
3284 4193 3550 4266 auctore),

1936 4285 2217 4354 'quosdam
2247 4301 2313 4340 cx
2342 4285 2552 4341 clericis
2580 4294 2635 4339 et
2667 4301 2734 4340 ex
2770 4286 3049 4341 monachis
3088 4286 3555 4341 indiscriminatim

1955 4376 2279 4431 accersierat
2317 4377 2409 4445 qui
2450 4376 2551 4431 sibi
2598 4378 2987 4433 ministrarent.
3030 4376 3273 4444 Quorum
3314 4377 3556 4432 omnium

1956 4468 2385 4533 unanimitatem,
2421 4468 2546 4523 licet
2570 4468 2622 4523 in
2647 4469 2858 4524 diversa
2884 4469 3238 4540 professione,
3282 4470 3558 4538 vitamque

1962 4560 2219 4613 socialem
2245 4567 2299 4613 et
2324 4575 2666 4636 communem
2690 4560 2981 4615 admiratus
3007 4558 3243 4615 Joannes
3264 4558 3551 4623 Diaconus,

1963 4665 2070 4704 non
2092 4649 2355 4703 dubitavit
2377 4649 2557 4703 dicere
2576 4650 2634 4703 in
2654 4665 2717 4704 ea
2742 4650 3001 4704 societate
3030 4656 3085 4703 et
3105 4648 3393 4703 concordia
3415 4648 3558 4704 visas

1932 4736 1935 4739 ⁷
1963 4758 2083 4798 esse
2112 4742 2275 4797 veluti
2306 4741 2568 4796 redivivas
2597 4742 2846 4796 fundatas
2867 4742 2934 4795 ab
2955 4740 3213 4811 apostolis
3238 4740 3379 4809 apud
3403 4739 3557 4796 Jero-

1962 4834 2251 4905 solymam,
2287 4842 2341 4887 et
2371 4833 2708 4887 Alexandria:
2750 4848 2781 4886 a
2818 4832 2875 4887 S.
2908 4831 3092 4886 Marco
3119 4829 3408 4888 Ecclesias.
3437 4831 3557 4889 Cae-

1963 4940 2139 4985 terum
2168 4930 2235 4984 de
2264 4930 2540 4984 canonicis
2568 4928 2899 4995 regularibus
2929 4942 2959 4980 a
2984 4926 3243 4995 Gregorio
3272 4928 3551 4992 institutis,

1959 5039 2031 5078 ne
2058 5022 2273 5092 quidem
2302 5037 2399 5091 per
2426 5021 2692 5075 somnium
2720 5020 3005 5088 cogitavit,
3044 5019 3243 5090 quippe
3270 5035 3390 5075 cum
3420 5019 3553 5075 nulli

1963 5113 2163 5169 iuerint
2174 5114 2285 5166 sive
2298 5112 2355 5165 S.
2375 5110 2620 5179 Gregorii
2637 5110 2750 5165 sive
2765 5112 2925 5165 etiam
2942 5109 3166 5166 Joannis
3188 5112 3543 5182 temporibus.

1962 5204 2151 5273 Neque
2184 5204 2326 5257 enim
2350 5202 2415 5256 iis
2440 5201 2777 5256 adscribendi
2815 5209 2940 5256 sunt
2960 5202 3143 5257 clerici
3175 5218 3365 5257 omnes
3389 5205 3547 5270 juxta

1961 5310 2199 5351 canones
2220 5303 2275 5349 et
2296 5294 2508 5363 regulas
2531 5294 2782 5349 Ecclesia:
2804 5310 2983 5350 mores
3004 5304 3398 5365 componentes
3419 5308 3549 5348 suos

1958 5405 2096 5459 quos
2124 5389 2191 5444 ab
2213 5389 2434 5444 exordio
2461 5388 2729 5445 exstitisse
2754 5397 2995 5458 constat,
3027 5390 3129 5443 nisi
3158 5388 3299 5444 votis
3336 5386 3552 5440 fuerunt

1958 5479 2181 5548 alligati.
2214 5478 2356 5534 Sane
2390 5480 2456 5533 ab
2487 5478 2773 5533 undecimo
2814 5480 3009 5535 salculo
3049 5478 3436 5533 canonicorum
3464 5488 3551 5529 re-

1956 5571 2251 5641 gularium,
2297 5572 2389 5640 qui
2418 5571 2806 5626 monachorum
2836 5585 3019 5635 more,
3051 5568 3240 5625 iisdem
3270 5567 3383 5621 fere
3408 5564 3551 5620 votis

1957 5663 2200 5731 obligati,
2231 5662 2341 5717 suis
2366 5662 2648 5717 abbatibus
2674 5673 2767 5717 aut
2788 5661 3087 5733 praepositis
3110 5659 3421 5714 obedientes
3447 5657 3547 5713 sub

1958 5764 2105 5810 arcta
2134 5754 2411 5824 disciplina
2444 5755 2715 5819 viverent,
2761 5770 2903 5824 saepe
2936 5754 2993 5806 tit
3021 5754 3224 5808 mentio
3253 5753 3394 5823 apud
3418 5751 3546 5806 Ful-

1955 5849 2167 5904 bertum
2186 5886 2200 5914 ,
2235 5846 2586 5914 Bernardum,
2618 5846 2837 5903 Petrum
2867 5846 3174 5904 Blesensem
3200 5856 3255 5904 et
3282 5846 3419 5903 alios
3444 5861 3545 5901 au-
