4130 6476
615 437 722 494 379

1205 415 1531 490 GREGORII
1573 429 1782 486 MAGNI
1824 427 2000 494 VITA,
2046 426 2134 482 EX
2178 423 2336 480 EJUS
2375 421 2678 479 SCRIPTIS
2718 420 3107 478 ADORNA'I‘A.
3149 417 3277 476 LIB.
3309 420 3397 477 Ill.

3772 419 3890 478 380

615 529 793 587 ctore‘s
814 531 1024 584 caaevos
1053 544 1068 581 :
1101 525 1430 580 abbatiarum
1461 534 1552 578 aut
1579 525 1804 579 aliorum
1832 520 2188 578 monasterio-
2213 523 2262 580 Α
2292 516 2507 587 quando
2536 517 2752 572 eosdem
2772 557 2786 582 ,
2833 515 3056 584 jubente
3101 516 3440 572 sanetissimo
3485 513 3785 586 pontiﬁce,
3833 514 3891 570 in

615 637 732 677 rum
781 635 881 690 pro
938 617 1241 686 liujusmodi
1293 617 1565 672 canonicis
1615 625 1739 671 tunc
1793 622 2185 669 exstructorum
2291 610 2661 665 Cantuariensi
2684 609 2912 664 Ecclesia
2941 611 3210 664 institutos
3232 609 3441 664 asserit.

617 710 849 780 ‘origines
877 709 1150 772 novimus,
1196 707 1279 760 vel
1321 707 1544 761 aliorum
1575 706 1686 774 jam
1728 704 2048 759 exstantium
2073 716 2192 770 quae

617 797 747 869 ipsis
780 799 1040 854 cesserint
1078 797 1403 851 mutationes
1452 797 1615 864 (ipsis
1653 797 1792 849 enim
1831 795 2192 864 przepositura:

618 907 725 946 non
754 903 936 961 pauca:
965 890 1165 946 ordinis
1191 890 1245 944 S.
1281 888 1555 944 Benedicti
1584 897 1706 942 sunt
1730 903 1996 943 concessa:
2016 928 2028 950 ,
2063 900 2194 953 quas

619 981 758 1035 inter
786 964 983 1036 eminet
1013 981 1419 1036 celeberrimum
1449 978 1506 1033 S.
1540 977 1766 1032 Victoris
1792 977 1928 1046 apud
1961 977 2196 1030 Parisios

619 1073 998 1140 asceterium);
1043 1072 1110 1127 de
1149 1075 1229 1126 his
1268 1087 1392 1126 vero
1432 1080 1557 1124 ante
1598 1071 1725 1124 illud
1765 1071 2015 1126 smcuium
2066 1067 2196 1122 nihil

619 1167 873 1221 occurrit.
899 1166 1030 1220 Nam
1057 1165 1512 1234 Aquisgranenses
1533 1163 1772 1217 canonici
1803 1170 1894 1215 aut
1914 1163 2000 1229 qui
2024 1161 2197 1214 Chro-

618 1255 842 1325 degangi
871 1257 1106 1326 regulam
1136 1256 1493 1316 sectabantur,
1523 1253 1608 1306 vel
1632 1254 1791 1307 etiam
1822 1252 2041 1318 Ettgcnii
2074 1249 2115 1304 ll
2143 1257 2199 1304 et

618 1343 814 1402 Leonis
843 1345 934 1414 IV,
963 1359 1071 1400 non
1093 1345 1261 1400 solum
1293 1361 1321 1398 a
1353 1344 1615 1412 religiosis
1637 1352 1690 1396 et
1710 1343 2038 1396 solemnibus
2058 1341 2197 1394 votis

618 1438 781 1492 soluti
813 1439 1077 1502 vivebant,
1105 1437 1197 1492 sed
1222 1437 1380 1491 etiam
1405 1452 1469 1490 ex
1492 1436 1795 1504 regularum
1820 1447 2033 1486 suarum
2065 1446 2198 1502 prte-

621 1528 821 1597 scripto
845 1527 1084 1582 nonnihil
1107 1526 1305 1597 proprii
1327 1525 1596 1579 habebant
1623 1533 1678 1578 et
1698 1523 1920 1592 peculii;
1949 1531 1972 1558 ἰ
1996 1521 2197 1576 fatente

619 1618 737 1687 ipso
764 1619 1142 1673 canonicorum
1170 1617 1338 1687 regul.
1364 1626 1597 1678 oratore,
1625 1631 1783 1686 quem
1807 1615 1895 1669 hic
1920 1616 2198 1684 impugna-

619 1723 756 1763 mus.
785 1705 951 1763 Porro
976 1708 1059 1763 vel
1089 1709 1204 1764 hagc
1229 1709 1343 1762 sola
1371 1707 1572 1777 proprii
1600 1708 1854 1774 retentio,
1883 1723 1948 1761 ex
1971 1708 2200 1776 ipsomet

617 1800 812 1868 regulae
833 1801 1109 1868 instituto,
1138 1815 1169 1855 a
1199 1801 1445 1855 canonici
1481 1800 1739 1869 regularis
1767 1804 1909 1855 statu
1935 1799 2069 1855 adeo
2100 1799 2188 1853 ab-

2363 699 2414 752 9.
2451 699 2626 754 Primo
2656 699 2874 768 quidem
2907 698 3054 767 fingit
3082 715 3149 752 ex
3176 700 3451 754 monachis
3480 700 3546 753 ad
3578 698 3893 766 Anglorum

2293 793 2697 846 conversionem
2727 793 3118 861 procurandum
3147 792 3397 854 delectis,
3437 807 3466 845 a
3513 792 3570 845 S.
3613 790 3895 859 Gregorio

2294 887 2496 940 nullum
2537 894 2627 940 aut
2665 885 2965 940 ordinatum
3008 894 3099 938 aut
3141 884 3496 939 ordinandum
3527 899 3594 938 ex
3637 883 3894 952 ejusdem

2296 980 2557 1034 sententia
2577 979 2756 1040 luisse,
2783 978 3338 1048 prmterAugustinum
3361 995 3372 1030 :
3401 975 3635 1029 Necdum
3661 975 3892 1040 scilicet,

2296 1069 2492 1137 inquit,
2544 1067 2822 1137 Gregorius
2858 1067 3116 1138 cogitabat
3161 1068 3222 1121 de
3252 1070 3620 1121 monachorum
3664 1066 3894 1120 ordina-

2298 1161 2462 1225 tione;
2489 1161 2840 1215 tantummodo
2867 1163 3202 1230 Augustinum
3225 1162 3297 1214 eis
3319 1163 3609 1230 episcopum
3630 1161 3898 1214 ordinan-

2299 1251 2441 1317 dum,
2471 1253 2514 1304 si
2546 1251 2609 1304 ab
2639 1252 2818 1322 Anglis
2848 1254 3244 1322 susciperentur,
3274 1253 3597 1322 disposuerat
3623 1249 3783 1318 (Lib.
3819 1264 3894 1312 ιι.

2299 1359 2380 1412 ep.
2413 1341 2480 1395 58
2507 1353 2554 1395 et
2582 1345 2734 1410 seq.).
2771 1342 2909 1411 Ergo
2940 1359 3034 1398 eos
3073 1361 3177 1397 non
3221 1343 3288 1397 ad
3319 1344 3467 1399 verbi
3496 1344 3658 1397 divini
3697 1341 3899 1412 praedi-

2300 1436 2562 1490 cationem
2607 1443 2698 1488 aut
2741 1437 2804 1488 ad
2849 1451 3060 1491 sacrum
3113 1437 3462 1490 ministerium
3498 1434 3671 1505 (quod
3705 1442 3897 1487 tamen

2299 1527 2412 1596 ipse
2461 1529 2656 1596 ubique
2685 1527 2908 1592 clamat,
2943 1527 2970 1566 δ
3002 1528 3462 1583 consentientibus
3492 1526 3632 1581 Beda
3654 1567 3670 1591 ,
3725 1524 3900 1579 Boni-

2300 1619 2438 1675 lacio
2461 1619 2550 1687 IV,
2577 1619 2853 1690 Scriptore
2873 1619 3004 1674 Vitae,
3025 1618 3081 1674 S.
3099 1618 3346 1688 August,
3368 1619 3520 1689 etc.),
3546 1617 3640 1672 sed
3659 1616 3904 1674 fortasse

2301 1712 2366 1765 ad
2399 1711 2544 1765 olera
2573 1709 2824 1774 serenda,
2858 1721 2950 1765 aut
2978 1711 3044 1765 ad
3073 1712 3318 1779 coquina:
3349 1725 3532 1765 curam
3561 1707 3898 1764 habendam.

2300 1801 2399 1856 Cui
2424 1804 2564 1858 enim
2597 1803 2825 1872 sapienti
2853 1803 3034 1857 veniat
3061 1803 3113 1856 in
3144 1811 3398 1865 mentem,
3429 1803 3640 1856 mittere
3661 1798 3733 1854 ad
3757 1813 3905 1869 opus

615 1889 830 1959 horret,
877 1895 936 1944 ut
973 1898 1205 1955 evertat,
1239 1898 1294 1945 et
1322 1890 1630 1945 saecularem
1671 1903 1793 1944 eum
1823 1888 2040 1945 elliciat.
2076 1889 2189 1962 (Cf.
2229 1899 2272 1959 Β
2299 1896 2654 1965 apostolicum
2685 1896 2851 1950 laicos
2881 1895 3040 1949 etiam
3072 1909 3344 1962 nunquam
3376 1890 3742 1956 ordinandos,
3782 1905 3905 1944 ma-

614 1978 755 2034 Gall.
781 1981 967 2035 Christ.
997 1980 1214 2035 Alberic.
1244 1982 1314 2034 ad
1336 1999 1420 2035 an.
1444 1979 1626 2054 1029.)

685 2059 740 2124 8.
769 2069 896 2126 Scio
926 2071 1174 2142 equidem
1205 2072 1482 2126 minimum
1522 2072 1842 2129 discriminis
1869 2072 2008 2128 inter
2034 2089 2197 2128 cano-
2278 2086 2281 2087 '

615 2165 792 2220 nicum
813 2167 1122 2221 saecularem
1151 2173 1206 2220 et
1235 2165 1532 2234 regularem
1555 2165 1770 2234 agnOsci
1803 2169 1833 2219 a
1869 2166 2198 2235 Disquisitio-

614 2267 743 2326 num
767 2265 986 2311 auctore
1006 2256 1145 2325 apud
1169 2271 1326 2324 quem
1348 2261 1455 2311 non
1479 2257 1680 2324 absque
1700 2266 1922 2327 stupore
1941 2256 2046 2326 legi
2072 2274 2120 2311 c.
2143 2258 2192 2324 i,

615 2356 716 2403 art.
740 2348 792 2414 2,
819 2353 941 2418 pag;
963 2349 996 2401 8
1018 2367 1030 2400 :
1057 2347 1305 2404 Caeterum
1321 2351 1404 2420 qui
1427 2351 1712 2404 meminerit
1733 2351 2009 2404 monachos
2032 2347 2196 2404 Bene-

616 2440 835 2493 dictinos
856 2441 907 2492 in
934 2439 1165 2493 ordinem
1192 2439 1598 2506 Cluniacensem,
1629 2449 1716 2493 aut
1740 2439 2106 2509 Tyronensem,
2140 2441 2195 2494 in

616 2527 849 2581 ordinem
876 2527 1087 2597 majoris
1116 2529 1416 2583 monasterii
1443 2539 1594 2600 atque
1623 2531 1674 2583 in
1702 2529 1831 2583 alios
1862 2528 1986 2583 bene
2009 2531 2194 2584 multos

616 2619 821 2674 ordines
851 2620 1008 2690 fuisse
1037 2635 1088 2673 χι
1117 2619 1306 2673 aesculo
1333 2629 1481 2689 atque
1510 2636 1581 2674 xit
1611 2619 1906 2674 distributos
1925 2661 1937 2684 ,
1970 2621 2012 2674 is
2043 2621 2196 2690 facile

616 2711 862 2781 intelliget
891 2710 1141 2782 quomodo
1164 2712 1218 2765 id
1247 2711 1440 2782 tempus
1472 2711 1782 2782 regularium
1807 2711 1933 2765 ordo
1958 2720 2007 2765 et
2034 2727 2191 2766 saecu-

615 2799 800 2852 larium
830 2798 956 2854 ordo
986 2801 1380 2869 canonicorum,
1430 2803 1631 2854 tametsi
1656 2809 1865 2870 uterque
1900 2801 2196 2856 uniusmodi

614 2908 724 2945 esse
751 2889 1033 2960 debuisset,
1074 2893 1208 2947 inter
1233 2910 1288 2947 se
1317 2892 1566 2965 distingui
1596 2909 1656 2946 ac
1690 2895 1884 2947 secerni
1915 2895 2190 2963 potuerint.

614 2980 767 3037 Unde
795 2981 954 3038 infert
981 3002 993 3037 :
1028 2985 1118 3038 sed
1146 3003 1306 3055 neque
1333 2987 1510 3040 doctus
1551 2986 1802 3056 quispiam
1831 2985 1877 3039 si
1904 2986 2086 3040 viderit
2114 3001 2196 3038 re-

614 3077 789 3147 giones
805 3077 1066 3131 canonicis
1086 3077 1416 3132 saecularibus
1435 3077 1754 3132 abundantes
1773 3079 1858 3130 diu
1877 3077 2194 3149 regularibus

613 3168 862 3236 caruisse,
885 3167 1006 3222 inde
1026 3169 1302 3240 quidquam
1329 3169 1498 3224 eliciet
1524 3169 1594 3222 ad
1622 3169 2008 3241 impingendam
2028 3173 2196 3223 'cano-

615 3257 746 3310 uicis
779 3257 1097 3329 regularibus
1125 3261 1418 3314 novitatem.
1446 3261 1687 3332 Alioquin
1710 3261 1866 3314 simili
1894 3271 2194 3331 argumento
2227 3285 2270 3347 ρ

613 3362 819 3400 necesse
841 3349 917 3400 est
945 3358 998 3399 ut
1025 3348 1262 3418 conﬁciat
1293 3367 1324 3402 a
1354 3341 1774 3403 Cluniacensibus
1799 3358 1885 3402 aut
1914 3351 2194 3420 tequalibus

613 3438 877 3491 monachis
908 3455 1018 3492 esse
1042 3435 1361 3493 Benedictini
1383 3439 1580 3494 ordinis
1608 3440 1856 3494 sumenda
1884 3442 2193 3512 primordia.

615 3523 803 3594 itaque
822 3525 893 3580 ad
923 3538 1158 3583 mentem
1185 3529 1371 3598 nuperi
1402 3531 1700 3600 scriptoris,
1733 3531 1786 3585 in
1819 3531 2006 3587 ordine
2033 3531 2199 3589 cano-

617 3615 860 3671 nicorum
883 3617 1024 3673 haud
1055 3618 1225 3688 majus
1257 3626 1340 3674 est
1367 3619 1650 3676 discrimen
1673 3622 1944 3691 regulares
1974 3623 2111 3677 inter
2136 3639 2199 3678 ac

617 3708 922 3774 szeculares,
955 3726 1112 3780 quam
1144 3711 1198 3766 in
1227 3711 1414 3769 ordine
1445 3713 1791 3771 Benedictino
1821 3717 1958 3773 inter
1985 3717 2200 3772 Clunia-

593 3814 832 3869 .censes,
865 3789 1221 3874 Tyronenses,
1256 3815 1381 3872 etc.,
1413 3807 1502 3876 qui
1531 3823 1650 3864 cum
1681 3825 1868 3864 omnes
1891 3807 2200 3877 magistram

616 3891 969 3962 Sequerentur
1023 3895 1260 3966 regulam
1313 3896 1370 3953 S.
1429 3897 1728 3968 Benedicti,
1785 3901 2202 3971 eorumdemque

618 3993 864 4040 votorum
900 3985 1017 4055 lege
1062 3997 1402 4056 tenerentur,
1446 4007 1611 4061 penes
1647 3994 2029 4049 minutissimos
2068 3994 2202 4049 ritus

619 4073 871 4146 distingui
901 4075 1103 4132 tantum
1133 4087 1414 4149 poterant,
1463 4090 1519 4134 ut
1558 4083 1734 4149 aiunt,
1767 4082 2200 4149 accidentaliter;

624 4163 854 4232 indeque
907 4165 1242 4238 Consequens
1285 4173 1367 4226 eSt
1422 4169 1553 4224 nihil
1600 4185 1717 4226 esse
1766 4171 1908 4240 quod
1958 4181 2203 4226 secernat

622 4255 939 4309 canonicum
969 4259 1270 4324 regularem
1315 4274 1343 4312 a
1391 4259 1631 4313 saeculari
1669 4262 1844 4330 quoad
1883 4263 2201 4330 essentiam,

627 4334 692 4398 ad
716 4359 874 4413 quam
902 4346 1124 4416 proinde
1151 4364 1324 4417 neque
1341 4357 1468 4404 vota
1497 4366 1671 4420 neque
1696 4352 1956 4420 religiosa:
1977 4354 2095 4408 vitae
2121 4355 2204 4409 in-

629 4434 814 4488 stituta
842 4435 1149 4506 pertinent,
1201 4439 1293 4492 sed
1321 4439 1467 4494 velut
1511 4441 1650 4495 inter
1682 4441 1972 4513 adiaphora
2007 4445 2204 4500 debent

627 4525 933 4591 amandari,
981 4525 1409 4599 levissimamque
1456 4531 1824 4589 tantummodo
1871 4537 2203 4592 constituunt

619 4615 996 4677 dilferentiam.

697 4708 774 4764 Ad
816 4707 966 4781 haec,
1010 4705 1214 4780 fateor,
1256 4711 1479 4782 expavi;
1520 4721 1576 4768 et
1615 4713 1712 4768 nisi
1751 4723 1878 4769 nota
1927 4716 2203 4786 scriptoris

621 4800 842 4872 ejusque
869 4801 1129 4859 sodalium
1153 4801 1341 4873 religio
1370 4821 1618 4859 securum
1644 4821 1728 4860 me
1746 4805 2015 4876 fecissent,
2047 4807 2204 4865 valde

625 4891 825 4946 veritus
851 4892 1097 4960 luissem,
1128 4897 1195 4950 ne
1226 4895 1361 4950 forte
1393 4897 1457 4950 iis
1486 4895 1712 4952 defectio
1743 4901 2105 4970 transitusque
2134 4900 2203 4956 ad

627 4981 918 5038 canonicos
945 4983 1224 5040 saeculares
1252 4995 1549 5055 pararetur,
1583 5003 1718 5058 quos
1740 4991 1875 5045 adeo
1897 4993 2124 5058 vicinos,
2151 5001 2206 5048 et

623 5073 715 5127 vix
736 5072 1004 5130 levissima
1021 5075 1318 5132 differentia
1341 5079 1599 5134 discretos
1615 5081 1849 5136 ostendit
1865 5081 2170 5155 Disguisitio
2182 5115 2202 5127 -

621 5177 744 5218 num
773 5167 985 5233 parens.
1008 5163 1205 5222 Verum
1235 5168 1346 5223 haec
1374 5171 1473 5239 ipsi
1501 5171 1742 5238 incaute,
1776 5174 2200 5243 inconsultisque

622 5256 854 5311 maxime
871 5259 979 5313 suae
999 5261 1426 5328 congregationis
1450 5263 1864 5332 religiosissimis
1877 5266 2198 5334 praepositis,

620 5349 883 5408 excidisse
907 5353 1126 5410 credere
1164 5355 1440 5411 maluerim
1461 5401 1475 5426 ,
1505 5373 1662 5426 quam
1695 5359 1831 5412 ultra
1865 5375 2074 5428 urgere.
2108 5359 2202 5418 llis

620 5439 803 5512 itaque
832 5444 1059 5514 omissis,
1089 5455 1370 5519 pusiquam
1401 5449 1742 5519 probavimus
1773 5450 1932 5521 plane
1959 5453 2200 5508 iictitium

622 5544 741 5587 esse
769 5535 912 5603 quod
938 5539 1262 5607 excogitavit
1289 5539 1377 5594 hic
1400 5539 1631 5608 scriptor
1651 5538 1716 5593 de
1745 5543 2020 5598 canonicis
2047 5560 2204 5614 regu-

618 5619 823 5680 laribus
865 5628 916 5681 in
956 5625 1190 5686 Ecclesia
1232 5629 1474 5683 Romana
1506 5645 1532 5681 a
1562 5628 1822 5698 Gregorio
1863 5631 2056 5702 Magno
2095 5635 2204 5689 for-

625 5717 814 5785 matis,
867 5721 1228 5790 expendamus
1273 5721 1431 5794 265
1477 5730 1652 5776 utrum
1697 5723 1887 5781 melius
1929 5726 2201 5798 divinarit,

698 5835 720 5861 η
746 5826 870 5951 res.
904 5815 990 5897 ει,
1017 5832 1142 5901 sos,
1168 5834 1290 5902 sta,
1319 5836 1442 5900 sis,
1475 5837 1598 5892 525.

698 5893 720 5932 δ
747 5895 812 5951 Vt
851 5913 881 5951 e
908 5913 1068 5951 suum
1090 5911 1145 5951 el
1174 5901 1306 5951 intra
1337 5907 1364 5951 s
1401 5905 1458 5951 tt
1493 5916 1547 5951 nr.
1575 5906 1597 5951 t

694 5893 720 5932 δ
747 5893 881 5954 Vide
908 5893 1068 5970 supra
1090 5893 1145 5957 ei
1174 5893 1308 5958 intra
1337 5907 1364 5976 ς
1401 5893 1458 5960 Π
1493 5916 1547 5962 et
1575 5905 1665 5961 15.

2304 1986 2444 2040 xime
2474 2001 2594 2039 cum
2621 2000 2894 2040 sacrorum
2922 1983 3284 2039 ministrorum
3310 1981 3462 2036 adest
3483 1981 3637 2051 copia
3655 1983 3682 2034 τ

2372 2073 2524 2130 Haud
2554 2075 2802 2144 equidem
2833 2072 3067 2128 ditiiteor
3091 2089 3120 2128 a
3152 2071 3414 2142 Gregorio
3441 2071 3615 2127 solum
3639 2069 3906 2140 Augusti-

2299 2180 2427 2219 num
2450 2165 2515 2218 ad
2540 2166 2901 2236 episcopalem
2929 2165 3242 2233 dignitatem
3264 2207 3279 2231 ,
3315 2163 3495 2217 statim
3515 2204 3530 2229 ,
3562 2176 3688 2217 cum
3719 2160 3905 2216 adhuc

2300 2267 2501 2324 anceps
2526 2264 2669 2310 esset
2703 2255 2768 2310 de
2799 2263 3023 2321 eventu,
3065 2254 3332 2310 delectum
3376 2253 3558 2310 fuisse.
3597 2253 3806 2307 Verum
3838 2249 3905 2307 de

2301 2345 2418 2400 aliis
2462 2345 2740 2401 ordinibus
2783 2355 2877 2400 aut
2919 2345 3157 2402 nondum
3201 2345 3443 2412 collatis,
3487 2353 3580 2400 aut
3618 2357 3903 2414 nunquam

2301 2433 2639 2490 conferendis
2671 2435 2952 2506 Augustini
2980 2435 3253 2491 sodalibus
3294 2437 3462 2490 altum
3491 2436 3689 2505 ubique
3732 2435 3902 2490 silen-

2302 2525 2452 2579 tium.
2478 2524 2592 2579 lmo
2613 2540 2680 2581 ex
2704 2527 2982 2580 monachis
3004 2526 3118 2595 ejus
3142 2526 3475 2596 adjutoribus
3496 2525 3606 2581 fere
3625 2533 3901 2595 quotquot

2301 2615 2576 2681 novimus,
2610 2616 2850 2686 episcopi
2891 2615 3071 2682 fuere,
3105 2623 3164 2671 ut
3204 2616 3435 2671 Mellitus
3476 2615 3901 2684 Londoniensis,

2299 2702 2478 2760 Justus
2507 2704 2802 2772 Rotiensis;
2833 2721 2938 2776 qua
2966 2707 3034 2762 de
3060 2723 3118 2762 re
3140 2706 3398 2776 legendus
3428 2705 3590 2762 Beda.

2393 2797 2479 2851 10.
2522 2795 2772 2853 Secundo
2815 2799 2992 2870 placet
3036 2801 3420 2855 canonicorum
3449 2799 3775 2868 regularium
3809 2813 3898 2869 pa-

2301 2901 2488 2954 trono,
2537 2888 2882 2944 Laurentium
2914 2890 3286 2962 presbyterum
3318 2907 3480 2944 unum
3512 2906 3576 2945 ex
3611 2890 3897 2959 Augustini

2301 2981 2497 3048 sociis,
2529 2997 2597 3037 ex
2627 2998 2851 3037 numero
2873 2990 2927 3038 et
2949 2998 3112 3038 censu
3147 2983 3536 3038 monachorum
3563 2998 3898 3054 expungere,

2302 3073 2518 3144 suisque
2549 3075 2882 3130 adscribere.
2924 3073 3042 3143 Quo
3072 3092 3202 3132 vero
3227 3077 3378 3145 jure,
3423 3092 3544 3132 cum
3581 3093 3675 3132 eos
3710 3093 3899 3132 ornues

2303 3167 2597 3221 monachos
2624 3167 2859 3222 clament
2887 3166 2941 3222 S.
2979 3167 3290 3239 Gregorius,
3323 3169 3486 3236 Beda,
3523 3179 3577 3225 et
3605 3171 3694 3224 alii
3722 3171 3813 3241 qui
3837 3167 3899 3225 de

2308 3258 2436 3327 ipsis
2459 3259 2788 3326 loquuntur?
2818 3259 2952 3313 Num
2976 3261 3099 3328 quia
3127 3261 3407 3332 presbyter
3427 3263 3576 3316 erat?
3598 3263 3754 3332 quasi
3781 3270 3898 3316 tunc

2304 3349 2434 3403 nulli
2463 3351 2791 3404 exstitissent
2831 3351 2882 3405 in
2929 3353 3272 3407 monasteriis
3315 3352 3654 3422 presbyteri,
3710 3362 3898 3407 contra

2301 3458 2461 3512 quam
2494 3446 2723 3513 probant
2759 3455 2840 3500 tot
2874 3448 2932 3500 S.
2963 3445 3206 3514 Gregorii
3245 3459 3263 3483 ε
3295 3447 3556 3516 cpistola).
3591 3446 3898 3501 Gotselinus

2303 3537 2354 3589 in
2380 3537 2499 3590 Vita
2529 3536 2586 3591 S.
2621 3538 2903 3606 Augustini
2941 3555 3063 3593 eum
3093 3539 3316 3607 ejusque
3352 3545 3694 3609 sytninystas,
3730 3557 3761 3591 a
3792 3556 3898 3592 ma-

2305 3633 2464 3685 ternis
2507 3631 2783 3686 visceribus
2813 3635 3197 3687 monasterialis
3229 3633 3475 3687 Ecclesia:
3505 3633 3710 3686 avulsas
3743 3634 3898 3702 fuisse

2303 3723 2466 3789 dicit;
2504 3725 2757 3794 additque
2791 3736 2861 3780 tot
2888 3725 3178 3781 Dominich
3218 3727 3493 3798 legationis
3524 3725 3897 3795 manipulares,

2303 3813 2374 3866 ad
2401 3814 2747 3886 quadraginta
2779 3818 3072 3881 numerari,
3105 3825 3237 3884 quot
3264 3816 3514 3870 videlicet
3541 3815 3682 3868 Beda
3714 3823 3897 3868 narrat

2305 3905 2371 3958 ad
2416 3906 2648 3961 insulam
2681 3906 2942 3961 Tanetum
2985 3907 3329 3976 applicuisse.
3371 3905 3513 3975 Ergo
3545 3905 3723 3959 nullus
3752 3903 3897 3958 locus

2304 3997 2626 4066 relinquitur
2655 3998 2982 4070 presbyteris
3010 4013 3115 4052 non
3149 3998 3428 4053 monachis
3463 3997 3577 4052 sive
3617 4012 3684 4051 ex
3711 3994 3894 4063 Italia,

2304 4089 2418 4142 sive
2461 4102 2527 4144 ex
2575 4089 2748 4144 Gallia
2792 4091 3106 4159 assumptis,
3155 4089 3443 4158 nequidem
3494 4087 3897 4142 Arelatensibus

2303 4192 2440 4249 quos
2469 4195 2566 4235 suo
2589 4182 2763 4235 ordini
2794 4181 3164 4236 liberalissime
3198 4181 3378 4235 tribuit
3407 4177 3759 4248 Disquisitor,
3793 4176 3891 4230 lin-

2303 4273 2486 4343 gitque
2515 4275 2831 4344 religionem
2859 4277 3174 4330 canonicam
3197 4273 3262 4328 ad
3293 4273 3571 4340 Anglicam
3598 4270 3893 4325 Ecclesiam

2304 4363 2577 4419 detulisse.
2608 4365 2919 4434 lnjunxerat
2947 4367 3160 4435 quidem
3189 4381 3326 4436 papa
3350 4365 3648 4433 Augustino
3671 4364 3894 4431 ejusque

2304 4456 2466 4511 sociis
2497 4465 2554 4510 ut
2584 4458 2654 4510 ad
2681 4458 2881 4529 agenda
2908 4457 3015 4512 [nec
3039 4475 3067 4511 e
3090 4459 3252 4511 vicino
3280 4473 3450 4511 secum
3479 4455 3720 4509 deberent
3747 4471 3893 4524 pres-

2305 4545 2508 4616 byteros
2542 4548 2746 4603 ducere.
2797 4549 2994 4604 Verum
3026 4549 3254 4605 fortasse
3286 4549 3460 4604 nullus
3490 4548 3659 4602 adfuit
3697 4549 3790 4615 qui
3829 4547 3892 4600 ad

2230 4637 2633 4736 Dlegationem
2677 4651 2730 4694 et
2768 4640 3255 4710 peregrinationem
3294 4641 3432 4694 hanc
3460 4645 3676 4709 paratus
3717 4646 3891 4700 esset;

2308 4730 2739 4798 quandoquidem
2769 4731 2928 4785 docet
2956 4729 3096 4785 Beda
3124 4730 3264 4802 (Lib.
3290 4747 3326 4795 ι,
3358 4747 3474 4800 cap.
3501 4729 3591 4797 25)
3622 4729 3892 4798 accepisse

2306 4836 2400 4876 eos
2431 4822 2492 4875 de
2518 4832 2667 4892 gente
2702 4817 3030 4877 Francorum
3060 4825 3362 4892 interpretes
3382 4863 3396 4887 ,
3430 4829 3486 4875 at
3512 4819 3578 4875 de
3605 4818 3891 4888 assumptis

2307 4911 2636 4982 presbyteris
2665 4911 2886 4965 omnino
2915 4912 3065 4974 silet;
3097 4912 3241 4981 quod
3271 4913 3315 4966 si
3347 4911 3544 4966 factum
3577 4909 3747 4975 foret,
3787 4925 3890 4964 non

2304 5001 2492 5057 fuisset
2539 5001 2986 5058 dissimulaturos.
3037 5002 3187 5058 Adde
3242 5003 3594 5070 Augustinum
3644 5010 3890 5056 coactum

2305 5089 2466 5146 fuisse
2494 5109 2664 5149 novos
2686 5110 2746 5148 ex
2774 5094 3020 5149 Romano
3047 5091 3102 5148 S.
3129 5093 3355 5148 Andreae
3386 5093 3715 5148 monasterio
3745 5089 3889 5146 verbi

2307 5183 2468 5239 divini
2493 5203 2766 5256 praecones
2794 5189 3090 5252 advocare;
3124 5186 3263 5242 haud
3284 5186 3442 5242 dubie
3466 5186 3588 5256 quia
3621 5185 3674 5240 in
3705 5184 3888 5238 Galliis

2306 5293 2492 5347 parum
2524 5279 2744 5333 subsidii
2775 5288 2962 5334 nactus
2983 5287 3145 5336 esset.

2379 5365 2466 5423 il.
2499 5369 2626 5424 Esto
2652 5381 2826 5424 tamen
2849 5371 3015 5425 secuti
3037 5371 3144 5424 sint
3163 5385 3257 5424 eos
3280 5369 3522 5424 nonnulli
3547 5367 3889 5424 Arelatenses

2308 5463 2639 5534 presbyteri;
2673 5463 2854 5532 quidni
2885 5463 3124 5517 dicamus
3161 5477 3255 5518 eos
3296 5462 3458 5518 luisse
3499 5461 3656 5516 simul
3700 5475 3886 5515 mona-

2307 5553 2466 5617 clios,
2497 5563 2550 5607 et
2589 5551 2812 5607 forsitan
2842 5568 2909 5606 ex
2937 5553 3040 5607 illis
3069 5551 3358 5607 Lirinensis
3397 5547 3708 5607 monasterii
3738 5564 3884 5619 prcs-

2303 5642 2507 5715 byteris
2534 5660 2670 5713 quos
2700 5643 2880 5697 laudat
2908 5643 2966 5698 S.
3010 5643 3334 5713 Gregorius?
3377 5642 3625 5699 nimirum
3662 5657 3730 5695 ne
3759 5655 3883 5710 pro—

2304 5734 2552 5791 fessionis
2599 5734 2878 5790 diversitas
2917 5735 3116 5805 aliquid
3158 5735 3393 5802 dissidii,
3443 5744 3502 5791 ut
3546 5736 3634 5804 lit,
3683 5733 3740 5792 in
3781 5734 3882 5790 hoc

2381 5859 2400 5886 ε
2437 5847 2569 5904 Vide
2595 5847 2890 5918 praesertim
2910 5847 3005 5904 lib.
3027 5864 3102 5916 vt,
3127 5864 3213 5922 ep.
3248 5847 3334 5905 56.
