4130 6450
236 395 335 454 581

736 388 795 445 S.
839 386 1164 442 GREGOBII
1206 386 1421 443 MAGNI
1466 386 1647 458 VITA,
1689 385 1780 443 EX
1825 385 1991 443 EJUS
2030 386 2338 445 SCRIPTIS
2377 388 2771 446 ADORNATA.
2814 386 2944 444 LIB.
2984 386 3073 446 111.

228 516 422 567 sancto
452 510 596 561 emtu
622 508 933 570 generaret,
974 504 1269 558 monachos
1306 503 1584 558 monachis
1612 502 1821 558 sociare
1849 504 1896 562 A
1918 510 2103 559 olores
2127 505 2409 573 nequidem
2435 507 2488 560 in
2510 507 2807 578 appendice
2833 505 3190 575 Epistolarum
3222 501 3423 559 Urbani
3457 504 3501 560 ll

227 599 415 655 debuit
446 594 698 663 Virgilius
727 590 1054 648 Arelatensis
1080 594 1396 664 episcopus,
1428 596 1661 649 maxime
1691 608 1811 649 cum

226 690 525 749 Lirinensis
555 686 850 741 monachus
873 684 1085 751 fuisset,
1117 688 1192 741 uti
1221 703 1287 742 ex
1309 686 1424 755 ejus
1451 685 1814 756 praedecesso-

225 784 376 838 ribus
402 776 785 850 quamplurimi
816 775 952 847 (Lib.
985 792 1055 841 Vl,
1086 793 1167 845 ep.
1201 776 1312 840 56).

300 875 498 929 Demus
516 870 676 925 etiam
692 870 1035 940 presbyteros
1054 868 1262 935 aliquos
1284 866 1590 921 monasticis
1612 866 1815 934 legibus

228 968 533 1021 nullatenus
565 960 853 1018 adstrictos
891 960 1187 1029 Augustino
1227 958 1462 1012 sociatos
1504 973 1654 1021 esse;
1687 957 1815 1025 quid

225 1058 355 1112 inde
382 1057 560 1111 eliciet
594 1054 676 1108 vir
699 1053 918 1119 doctus,
964 1051 1031 1106 ad
1068 1050 1450 1105 canonicorum
1490 1050 1814 1116 regularium

224 1147 621 1201 institutionem
668 1144 721 1197 in
765 1142 1138 1198 Cantuariensi
1177 1141 1415 1195 Ecclesia
1446 1140 1816 1210 probandam?

222 1244 381 1311 quasi
412 1254 540 1294 vero
570 1236 753 1293 clerici
782 1252 846 1291 ac
873 1235 1169 1307 presbyteri
1199 1250 1386 1289 omnes
1405 1276 1419 1299 ,
1462 1233 1565 1287 illis
1598 1242 1811 1303 tempo-

222 1334 373 1388 ribus
412 1331 479 1385 ad
514 1342 703 1385 eorum
745 1328 985 1381 ordinem
1030 1326 1399 1396 pertinerent?
1438 1324 1815 1378 Dillicultatrm

223 1443 441 1481 omnem
463 1468 478 1494 ,
517 1424 562 1477 si
590 1438 694 1491 qua
721 1425 1063 1484 occurreret,
1098 1418 1313 1473 tolleret
1342 1418 1554 1471 unicum
1584 1431 1813 1470 venera-

221 1514 348 1570 bilis
376 1515 530 1570 Bedae
557 1513 921 1567 testimonium
951 1525 1111 1579 supra
1139 1510 1386 1564 relatum.
1418 1506 1577 1562 Solus
1615 1515 1696 1562 est
1726 1508 1816 1576 qui

222 1608 634 1675 responsionem
679 1604 737 1659 S.
781 1602 1024 1672 Gregorii
1070 1603 1136 1657 ad
1177 1604 1456 1673 Augustini
1496 1605 1718 1671 qumsita
1749 1605 1816 1658 de

221 1701 333 1753 vita
359 1699 627 1754 communi
652 1700 703 1752 in
724 1696 1096 1752 Cantuariensi
1116 1695 1355 1752 Ecclesia
1380 1698 1639 1753 servanda
1662 1698 1816 1753 nobis

224 1792 612 1857 transmiserit;
648 1791 798 1860 cujus
839 1789 1066 1861 proinde
1097 1790 1364 1859 legitimus
1400 1801 1482 1847 est
1523 1791 1809 1861 interpres.

223 1882 293 1935 At
324 1899 449 1937 vero
479 1883 544 1937 de
570 1884 675 1937 vita
701 1882 1021 1938 omnobitica
1046 1882 1428 1936 monachorum
1457 1885 1699 1941 eamdem
1731 1888 1814 1940 in-

224 1976 451 2030 tellexit.
478 1975 665 2045 Neque
694 1986 825 2030 sane
852 1977 1100 2045 ignorare
1130 1978 1305 2045 potuit
1334 1979 1566 2048 scriptor
1593 1979 1821 2048 diligen-

223 2066 463 2121 tissimus
491 2077 545 2120 et
571 2060 939 2131 doctissimus,
973 2081 1220 2135 peneque
1254 2084 1483 2138 suppar,
1514 2071 1732 2139 quinam
1762 2078 1819 2127 et

220 2156 410 2227 quales
441 2157 508 2211 ab
536 2156 688 2212 initio
718 2157 820 2212 hac
844 2157 896 2211 in
936 2154 1178 2213 Ecclesia
1209 2160 1484 2215 notissima
1516 2163 1678 2217 totius
1707 2164 1819 2219 An-

221 2252 431 2320 glorum
458 2254 633 2322 gentis
672 2253 925 2323 primaria
966 2253 1077 2309 Deo
1103 2255 1480 2321 militaverint,
1513 2257 1692 2313 clerici
1720 2274 1817 2315 seu

221 2344 469 2399 canonici
519 2344 829 2414 regulares,
888 2360 956 2401 an
1008 2346 1289 2415 monachi;
1340 2362 1460 2402 cum
1510 2349 1818 2407 etiamnunc

221 2434 365 2489 ha‘ud
397 2437 701 2504 ignoremus
722 2452 966 2507 quaenam
999 2439 1242 2494 ecclesiae
1260 2439 1614 2506 cathedrales,
1640 2458 1757 2512 qua:
1786 2458 1817 2498 a

225 2528 485 2583 trecentis
513 2528 665 2582 antiis
695 2529 970 2583 canonicis
997 2532 1336 2587 saecularibus
1364 2543 1660 2601 cesserunt,
1690 2536 1814 2590 olim

225 2624 319 2669 aut
347 2631 376 2669 a
404 2618 678 2673 canonicis
707 2620 1070 2687 regularibus,
1113 2632 1204 2676 aut
1234 2640 1259 2674 a
1302 2624 1577 2678 monachis
1614 2624 1819 2681 fuerint

225 2719 522 2779 occupatae.
574 2708 703 2777 Quis
747 2721 925 2767 autem
975 2713 1077 2769 nisi
1130 2725 1327 2767 temere
1377 2716 1592 2785 credat,
1643 2718 1817 2773 virum

223 2800 513 2855 sanctitate
542 2802 913 2870 conspicuum,
944 2800 1147 2874 ﬁngere
1174 2807 1410 2863 voluisse
1430 2809 1634 2864 nullum
1656 2812 1816 2869 alium

225 2902 427 2961 praeter
473 2895 769 2951 monachos
808 2896 1012 2953 clerum
1067 2899 1121 2954 in
1166 2899 1403 2956 Ecclesia
1447 2898 1819 2961 Cantuariensi

227 2988 532 3055 exstitisse;
563 2991 704 3059 quod
733 2992 849 3047 falsi
880 2996 1159 3053 revincere
1186 2997 1345 3055 facile
1372 3000 1634 3069 potuisset
1660 3002 1818 3072 quili-

225 3075 319 3132 bet
349 3079 399 3133 in
431 3078 618 3152 Anglia
644 3086 837 3141 natus?

300 3194 386 3248 η.
411 3192 577 3263 Igitur
597 3205 654 3250 ut
672 3196 779 3267 jam
801 3197 969 3257 fusius
990 3201 1134 3259 dicta
1156 3205 1489 3275 colligamus,
1518 3215 1572 3263 et
1592 3222 1659 3264 ex
1680 3223 1816 3278 prie-

228 3284 407 3338 missis
444 3286 862 3356 interpretemur
889 3290 946 3347 S.
974 3293 1288 3365 Gregorium
1320 3294 1619 3367 Augustino
1648 3302 1815 3356 inter—

223 3378 440 3443 roganti
468 3389 489 3414 ε·
522 3382 938 3451 reSpondentem
987 3388 1091 3459 (ex
1128 3390 1243 3459 ejus
1269 3394 1410 3447 enim
1454 3397 1817 3465 responsionis

228 3466 581 3538 intelligentia
614 3474 811 3542 pendet
847 3476 1001 3546 hujus
1029 3484 1411 3538 controversiae
1448 3488 1816 3555 compositio).

227 3555 413 3614 Primo
445 3560 499 3616 S.
533 3559 825 3635 Gregorius
853 3568 1171 3640 discipulum
1194 3590 1349 3628 suum
1375 3578 1681 3632 meminisse
1704 3579 1822 3632 vult

226 3653 352 3705 vitae
386 3658 697 3713 monasticm
718 3674 878 3728 quam
912 3662 1095 3717 Romae
1124 3665 1395 3735 professus
1417 3676 1499 3723 est
1530 3670 1583 3722 in
1614 3668 1670 3722 S.
1707 3669 1817 3722 An-

224 3743 371 3799 drece
400 3750 683 3805 asceterio.
730 3754 890 3819 Quia,
936 3755 1135 3825 inquit,
1180 3760 1480 3828 fraternitas
1510 3768 1598 3812 tua
1633 3777 1820 3813 mona-

224 3838 373 3890 sterii
407 3840 598 3908 regulis
635 3844 837 3897 erudita
859 3886 873 3911 ,
909 3854 1013 3900 etc.
1045 3846 1291 3902 Secundo
1320 3864 1441 3903 eum
1480 3852 1725 3904 hortatur
1755 3851 1822 3905 ad

227 3929 395 3982 vitam
429 3932 806 3987 emnobiticam
844 3945 899 3990 et
942 3953 1281 3993 communem
1314 3956 1434 3993 cum
1465 3940 1676 3998 clericis
1714 3941 1824 3995 suis

228 4020 554 4089 ducendam,
588 4026 801 4080 seorsim
828 4027 943 4097 ﬁeri
973 4044 1075 4082 non
1099 4028 1245 4083 debet
1270 4048 1299 4083 a
1323 4030 1522 4085 clericis
1551 4034 1689 4096 suis;
1715 4049 1823 4100 quo

232 4114 449 4169 nomine
479 4115 996 4184 significanturtum
1026 4124 1278 4178 monachi
1322 4124 1386 4177 ad
1426 4126 1825 4194 praedicandum

1916 592 2092 648 locum
2132 594 2423 660 dederunt,
2458 596 2757 664 respondeo
2798 596 2880 651 his
2912 596 3091 650 verbis
3130 596 3501 650 tantummodo

1914 682 2202 749 significari
2246 683 2302 738 S.
2338 682 2654 752 Gregorium
2687 686 2961 739 canonicis
2989 684 3322 751 regularibus
3350 684 3503 739 insti-

1918 773 2126 826 tuendis
2151 775 2203 827 in
2225 790 2317 830 sua
2337 774 2403 829 ad
2421 775 2773 843 Augustinum
2793 777 3144 843 responsione
3166 776 3468 844 prmlusisse
3488 793 3502 830 :

1916 863 2368 928 quemadmodum
2401 865 2491 935 (ut
2532 866 2583 918 in
2632 866 2822 919 eadem
2852 865 3054 920 Urbani
3085 869 3248 938 238
3274 869 3501 938 epistola

1917 952 2131 1021 legitur)
2156 956 2387 1023 apostoli
2411 956 2462 1009 in
2482 955 2718 1012 Ecclesia
2735 955 3184 1026 Jerosolymitana
3200 959 3504 1013 communia

1917 1059 2036 1097 esse
2063 1045 2240 1098 omnia
2281 1044 2638 1111 instituendo,
2681 1055 2737 1100 et
2779 1044 3025 1100 Urbanus
3054 1062 3190 1116 papa
3215 1055 3269 1101 et
3303 1057 3506 1117 martyr

1915 1135 2024 1187 suis
2062 1135 2291 1188 decretis
2335 1136 2485 1205 (qua:
2516 1143 2695 1189 tamen
2727 1151 2825 1204 pro
2863 1136 3060 1204 spuriis
3091 1135 3291 1190 habent
3318 1150 3507 1191 omnes
3584 1127 3597 1151 ⁷

1918 1222 2139 1295 eruditi)
2172 1226 2553 1280 caumicorum
2594 1226 2919 1293 regularium
2949 1226 3282 1294 disciplinam
3310 1228 3508 1296 prtevie

1918 1311 2214 1367 deliueasse
2244 1313 2526 1379 dicuntur;
2559 1331 2736 1384 neque
2781 1318 2924 1371 enim
2967 1317 3201 1385 exempli
3230 1318 3399 1384 gratia
3438 1318 3507 1372 de

1917 1416 2100 1456 eorum
2127 1404 2463 1459 institutione
2486 1407 2701 1475 proprie
2719 1406 2861 1461 dicta
2887 1406 3111 1474 intelligi
3138 1413 3364 1474 possunt
3386 1420 3506 1474 qua:

1916 1490 1982 1545 de
2021 1490 2259 1548 Ecclesia
2286 1492 2732 1566 Jerosolymitana
2777 1496 2967 1551 scribit
2993 1496 3050 1550 S.
3088 1496 3286 1561 Lucas,
3320 1496 3372 1550 in
3402 1510 3510 1564 qua

1916 1591 2111 1652 praeter
2130 1586 2433 1654 apostolos,
2466 1586 2783 1656 discipulos,
2814 1587 3074 1650 clericos,
3107 1593 3262 1640 erant
3289 1584 3509 1640 uxorati

1915 1670 2056 1737 laici,
2090 1673 2280 1738 vidum,
2316 1677 2565 1731 mulieres
2603 1679 2779 1733 omnis
2806 1678 2980 1731 aetatis
3008 1687 3064 1733 et
3085 1678 3432 1733 conditionis.

1989 1763 2133 1821 Sane
2198 1781 2266 1821 ex
2314 1768 2587 1823 veteribus
2633 1784 2741 1823 non
2791 1768 2948 1837 pauci
2979 1783 3078 1823 nec
3105 1768 3273 1821 intimi
3312 1767 3514 1821 ordinis

1847 1869 1893 1929 Β
1920 1854 2225 1923 scriptores,
2260 1857 2571 1912 monastica:
2594 1857 2714 1911 vita:
2742 1858 3156 1923 institutionem,
3184 1862 3251 1912 ad
3279 1857 3511 1921 Heliam,

1921 1942 2185 2000 Joannem
2233 1946 2528 2015 Baptistam
2554 1986 2568 2012 ,
2611 1957 2666 2001 et
2695 1950 2970 2017 apostolos
2997 1947 3358 2004 revocandam
3387 1964 3515 2003 ceu—

1922 2045 2166 2089 suerunt.
2216 2035 2504 2092 Cassianus
2547 2038 2757 2094 Heliam
2786 2047 2841 2092 et
2869 2039 3118 2094 Elisaeum
3168 2038 3517 2108 professionis

1920 2126 2081 2196 hujus
2114 2127 2369 2185 fundasse
2413 2129 2705 2199 primordia
2745 2128 2909 2187 docet
2949 2130 3044 2185 lib.
3077 2130 3353 2185 tlnstitut.
3381 2145 3429 2185 c.
3457 2130 3515 2197 2,

1922 2222 2066 2291 quod
2114 2224 2277 2279 etiam
2322 2226 2509 2281 asserit
2550 2226 2907 2298 Hieronymus
2936 2228 3094 2298 epist.
3120 2227 3208 2293 15,
3238 2227 3308 2282 ad
3337 2226 3518 2282 Pauli-

1919 2327 2049 2366 num
2093 2331 2105 2366 :
2154 2312 2532 2371 Monachorum
2577 2319 2819 2389 princeps
2862 2318 3095 2374 Joannes
3141 2319 3379 2388 Baptista
3405 2325 3516 2388 est,

1923 2406 2094 2476 inquit
2124 2406 2542 2479 Cbrysostomus
2591 2411 2738 2465 hom.
2771 2410 2799 2464 1
2832 2412 2884 2465 in
2916 2411 3175 2478 Marcum,
3209 2411 3293 2465 cui
3324 2408 3518 2466 suifra-

1919 2506 2077 2566 gatur
2123 2497 2455 2556 Sozomenus
2485 2501 2577 2556 lib.
2608 2518 2625 2555 ι
2655 2500 2793 2556 Hist.
2826 2518 2874 2557 c.
2910 2501 2995 2556 l2.
3030 2502 3380 2557 Monasticum
3428 2513 3519 2556 or-

1921 2584 2100 2640 dinem
2128 2589 2471 2643 commendat
2500 2590 2806 2645 Bernardus
2838 2590 2888 2644 in
2920 2590 3149 2660 Apolog.
3181 2590 3250 2645 ad
3296 2589 3519 2644 Guillel-

1923 2692 2070 2732 mum
2103 2678 2353 2734 abbatem
2375 2721 2391 2749 ,
2433 2681 2576 2751 quod
2606 2682 2801 2751 primus
2833 2683 2929 2752 fuit
2956 2683 3011 2735 in
3039 2681 3277 2737 Ecclesia
3298 2722 3312 2747 ,
3353 2684 3458 2738 imo
3485 2698 3521 2737 a

1924 2788 2022 2841 quo
2052 2773 2201 2840 coepit
2242 2770 2497 2840 Ecclesia,
2538 2789 2637 2843 quo
2666 2774 2837 2827 nullus
2866 2774 2920 2827 in
2954 2784 3089 2827 terra
3116 2774 3337 2827 similior
3363 2788 3521 2843 ange-

1921 2862 2034 2915 licis
2085 2861 2393 2927 ordinibus,
2446 2865 2594 2933 cujus
2636 2864 2857 2933 apostoli
2905 2864 3242 2926 institutores,
3293 2862 3435 2931 cujus
3468 2862 3521 2915 hi

1922 2971 2045 3026 quos
2098 2954 2299 3007 Paulus
2348 2963 2453 3007 tam
2497 2972 2633 3026 saepe
2673 2966 2881 3011 sanctos
2924 2956 3151 3026 appellat
3193 2955 3521 3009 inchoatores

1922 3048 2247 3100 exstiterunt.
2281 3044 2408 3100 Haec
2456 3046 2760 3101 Bernardus
2810 3046 3097 3102 confirmat
3144 3045 3308 3099 allato
3364 3041 3521 3097 Lucae

1925 3133 2251 3198 testimonio,
2296 3140 2404 3188 act.
2450 3148 2519 3199 IV,
2544 3133 2611 3188 de
2633 3134 2743 3187 vita
2766 3133 3092 3189 communia
3112 3132 3298 3202 primis
3320 3130 3522 3185 Christi

1846 3249 1892 3313 ρ
1922 3223 2191 3294 discipulis
2252 3224 2557 3279 observata.
2624 3223 2909 3280 lnnumera
2986 3238 3265 3293 possemus
3335 3222 3509 3289 addu-

1921 3332 2045 3372 cere
2074 3317 2187 3371 sive
2217 3330 2284 3370 ex
2310 3317 2511 3371 sanctis
2540 3315 2810 3383 Patribus,
2842 3317 2957 3372 sive
2982 3316 3146 3371 etiam
3177 3330 3245 3370 ex
3273 3312 3518 3369 conciliis

1917 3421 2038 3476 loca
2067 3407 2211 3462 idem
2241 3408 2620 3475 significantia.

1991 3498 2176 3565 Neque
2206 3505 2385 3550 tamen
2416 3497 2619 3553 idcirco
2649 3497 2717 3552 de
2742 3497 3021 3553 monachis
3048 3494 3391 3552 instituendis
3417 3493 3520 3550 ali-

1920 3589 2136 3658 quando
2165 3590 2432 3658 cogitasse
2461 3590 2739 3659 apostolos
2766 3591 3079 3654 asserimus,
3111 3599 3202 3643 aut
3229 3589 3296 3643 de
3324 3588 3522 3643 talibus

1923 3682 2232 3736 auctoribus
2288 3683 2445 3736 nobis
2500 3681 2841 3747 blandimur;
2902 3681 3274 3737 adumbratam
3318 3681 3523 3734 solum-

1924 3773 2085 3827 modo
2114 3773 2167 3826 in
2197 3788 2385 3826 eorum
2413 3774 2681 3841 exemplis
2709 3789 2771 3827 ac
2801 3773 3059 3827 institutis
3088 3769 3438 3825 monasticam
3468 3774 3524 3822 et

1924 3863 2302 3919 coenobiticam
2324 3863 2491 3915 vitam
2513 3862 2760 3928 dicimus,
2783 3863 2942 3931 idque
2962 3862 3264 3929 signiﬁcare
3285 3859 3523 3913 voluisse

1924 3953 2223 4021 scriptores
2251 3951 2501 4007 laudatos
2525 3993 2541 4019 ,
2572 3968 2693 4007 cum
2723 3953 2791 4007 ad
2816 3952 3204 4007 monachorum
3250 3965 3525 4006 commen-

1925 4042 2198 4095 dationem
2222 4056 2315 4097 eos
2345 4043 2413 4097 ab
2440 4043 2702 4112 apostolis
2724 4042 2989 4112 prodiisse
3009 4050 3294 4111 ortumque
3321 4041 3522 4094 ducere

1924 4133 2361 4203 pronuntiarunt.
2414 4134 2503 4189 Sic
2552 4133 2811 4203 explicari
2859 4148 3075 4203 quoque
3127 4132 3326 4198 debet,
3377 4129 3523 4199 quod

234 4204 508 4272 adjutores
546 4208 596 4262 ei
627 4208 763 4277 dati,
797 4219 851 4265 et
890 4211 941 4266 in
985 4222 1192 4283 partem
1224 4215 1422 4271 laboris
1451 4218 1658 4283 vocati,
1710 4228 1829 4274 tum
1929 4225 2174 4282 Urbanus
2214 4225 2259 4279 ll
2287 4235 2342 4281 et
2367 4226 2456 4280 alii
2488 4225 2556 4282 de
2583 4226 2859 4281 canonicis
2885 4226 3071 4280 dixere
3100 4239 3240 4293 quos
3268 4222 3526 4278 videbant

235 4298 397 4351 etiam
425 4298 665 4367 juniores
687 4302 869 4358 clerici
893 4321 1028 4375 quos
1050 4307 1421 4377 instituebant,
1454 4321 1706 4382 tanquam
1738 4330 1824 4369 se-

234 4390 446 4445 minarii
466 4394 786 4464 episcopalis
808 4398 1045 4466 prchecti
1069 4401 1616 4460 etadministratores.
1642 4407 1826 4463 Tertio

235 4487 482 4554 providet
511 4490 673 4544 victui
714 4492 1033 4549 clericorum
1063 4495 1305 4563 illorum,
1352 4498 1576 4565 quibus,
1616 4514 1738 4553 cum
1769 4500 1823 4554 in

236 4579 404 4633 sacris
429 4581 704 4639 ordinibus
731 4588 1005 4641 constituti
1036 4605 1140 4643 non
1170 4600 1372 4655 essent,
1404 4604 1601 4643 uxores
1627 4589 1825 4645 ducere

236 4670 471 4727 licebat:
506 4673 568 4729 Si
597 4679 684 4747 qui
717 4695 833 4732 vero
864 4690 983 4733 sunt
1013 4682 1183 4735 clerici
1220 4691 1367 4739 extra
1412 4698 1585 4736 sacros
1615 4684 1825 4736 ordines

236 4763 521 4830 constituti,
555 4767 641 4836 qui
670 4784 723 4821 se
748 4770 1011 4823 continere
1038 4788 1141 4825 non
1168 4782 1403 4841 possunt,
1432 4773 1609 4827 sortiri
1638 4788 1826 4827 uxores

237 4853 439 4923 debent,
473 4868 520 4911 et
550 4862 807 4931 stipendia
828 4880 921 4916 sua
945 4867 1168 4919 exterius
1197 4868 1439 4935 recipere.

312 4947 401 5003 l5.
428 4947 521 5004 His
551 4954 796 5006 omnibus
825 4956 1173 5022 argumentis,
1206 4956 1313 5009 imo
1353 4955 1828 5011 demonstrationi-

238 5040 368 5103 bus,
418 5040 634 5097 unicum
675 5045 829 5099 nobis
855 5046 1104 5114 ohjicilur
1135 5045 1335 5102 Urbani
1367 5047 1407 5100 ll
1440 5050 1824 5114 testimonium,

240 5140 390 5187 certe
416 5147 595 5202 grave,
630 5144 685 5191 et
705 5153 733 5191 a
766 5136 1127 5194 Benedictinis
1153 5155 1219 5194 eo
1246 5141 1420 5194 minus
1445 5141 1824 5210 respuendum,

239 5220 385 5291 quod
417 5223 531 5293 ipse
552 5241 620 5280 ex
649 5227 705 5281 S.
740 5227 1011 5284 Benedicti
1036 5230 1237 5284 familia
1278 5229 1435 5285 fuerit
1464 5232 1528 5284 ad
1560 5248 1826 5286 summum

240 5317 616 5387 pontificatum
652 5333 975 5394 assumptus.
1004 5324 1055 5380 Is
1083 5325 1267 5395 itaque
1304 5326 1355 5379 in
1384 5325 1611 5395 quadam
1637 5327 1702 5381 ad
1732 5341 1827 5381 ca-

240 5409 467 5464 nonicos
490 5412 760 5479 regulares
780 5416 980 5485 scripta
994 5418 1219 5487 epistola
1240 5425 1483 5480 testatur,
1510 5418 1827 5488 Gregorium

242 5501 401 5553 vitam
440 5505 744 5559 canonicam
788 5509 1073 5579 Augustino
1119 5509 1403 5579 Anglorum
1441 5513 1826 5582 archiepiscopo

240 5591 619 5649 instituendam
660 5601 990 5669 praecepisse;
1022 5601 1325 5657 bauddubie
1360 5603 1574 5671 quando
1611 5603 1677 5657 ad
1707 5618 1828 5658 eum

239 5684 457 5754 scripsit
483 5699 537 5741 ut
568 5690 925 5745 communiter
953 5708 1075 5747 cum
1106 5694 1215 5749 suis
1234 5694 1439 5749 viveret
1459 5695 1685 5749 clericis.

1856 4633 1907 4691 D

1927 4321 2302 4378 cmnobiticam
2352 4322 2513 4376 vitam
2561 4323 2759 4377 sectari
2807 4329 2862 4376 et
2909 4320 3204 4376 monachos
3246 4316 3523 4383 aemulari,

1928 4427 2255 4482 prorsusque
2299 4420 2454 4467 nutat
2502 4410 2764 4481 quidquid
2816 4426 2916 4480 pro
2967 4424 3153 4466 eorum
3206 4407 3526 4478 antiquitate

1928 4503 2245 4558 stabilienda
2276 4502 2400 4555 inde
2429 4502 2564 4571 petit
2589 4503 2671 4555 vir
2700 4501 2912 4555 doctus.

2000 4596 2081 4651 Ex
2109 4595 2266 4651 dictis
2296 4608 2425 4662 ergo
2454 4595 2767 4664 planissime
2808 4593 2977 4661 liquet
3016 4590 3069 4644 in
3115 4586 3352 4665 Ecclesia
3381 4583 3524 4639 Can-

1934 4688 2206 4752 tuariensi,
2249 4687 2316 4741 ab
2346 4687 2513 4755 ipsius
2541 4686 2789 4752 exordio,
2830 4685 2978 4737 solos
3032 4679 3290 4734 militasse
3334 4686 3524 4730 monaé

1934 4781 2087 4848 chos,
2121 4794 2228 4833 non
2260 4794 2424 4848 puros
2451 4778 2699 4833 clericos.
2743 4775 2895 4830 Unde
2924 4774 3048 4827 licet
3077 4773 3129 4825 in
3160 4768 3524 4825 adversarium

1933 4871 2037 4926 hoc
2082 4878 2453 4937 argumentum
2503 4877 2859 4934 retorquere:
2887 4863 2947 4917 Si
2990 4877 3148 4916 unam
3177 4862 3311 4915 hanc
3350 4860 3525 4915 sedem
3582 4890 3586 4895 ~

1933 4970 2068 5015 recte
2096 4959 2360 5012 canonicis
2391 4956 2592 5009 clericis
2639 4953 3005 5023 adjudicaoero
3028 4990 3044 5016 ,
3096 4951 3266 5020 inquit
3306 4949 3526 5021 (dicam

1936 5066 2071 5118 ego,
2103 5046 2434 5115 monachis),
2497 5062 2601 5099 non
2658 5043 2912 5097 immerito
2964 5042 3266 5097 concludam
3298 5042 3525 5111 reliquas

1934 5141 2136 5213 Anglia:
2162 5140 2308 5194 sedes
2337 5138 2779 5208 pontiﬁcales.....
2811 5138 3071 5191 canonicis
3101 5137 3300 5191 clericis
3329 5135 3524 5209 (dicam

1933 5234 2211 5290 monachis
2240 5232 2472 5300 doricis)
2502 5230 2743 5286 similiter
2781 5230 3064 5287 obvenisse.

2006 5326 2092 5379 14.
2136 5324 2259 5380 llaec
2307 5326 2697 5381 monachorum
2726 5324 2781 5378 in
2826 5323 3196 5379 ecclesiastico
3224 5317 3523 5376 ministerio

1933 5418 2198 5488 praecipua
2244 5418 2537 5472 auctoritas
2581 5431 2701 5471 cum
2740 5430 2927 5471 eorum
2957 5414 3179 5470 aemulos
3203 5405 3526 5466 commovis-

1937 5524 2037 5571 set.
2073 5511 2300 5565 Mellitus
2332 5528 2466 5566 unus
2496 5528 2560 5565 ex
2594 5511 2869 5580 Augustini
2897 5511 3056 5565 sociis
3102 5507 3385 5562 Londonitc
3410 5504 3524 5573 epi-

1941 5623 2124 5677 scopus
2159 5606 2378 5660 Romam
2408 5608 2559 5667 venit,
2611 5606 2677 5658 de
2720 5605 3023 5658 necessariis
3048 5599 3297 5655 Ecclesia?
3329 5596 3524 5669 Anglo-

1942 5714 2052 5751 rum
2084 5700 2252 5750 causis
2282 5714 2395 5751 cum
2426 5699 2705 5768 apostolico
2734 5714 2869 5767 papa
2896 5694 3161 5764 Bonifacio
3189 5698 3525 5747 tractatum.

320 5776 593 5849 Quidquid
616 5780 688 5835 sit
708 5780 774 5835 de
795 5781 896 5837 hac
925 5784 1153 5853 epistola
1180 5786 1263 5841 cui
1295 5787 1643 5843 conciliorum
1671 5786 1834 5842 colle-
1944 5788 2013 5843 Et
2051 5806 2166 5844 cum
2208 5790 2343 5845 idem
2386 5806 2526 5860 papa
2570 5786 3023 5845 reverendissimus
3048 5792 3250 5855 cogeret
3275 5779 3529 5855 synodum

330 5898 359 5931 ι
386 5890 521 5950 Vide
541 5906 705 5965 supra
727 5910 778 5953 ο.
800 5894 859 5963 5,
890 5895 917 5967 ς
949 5895 1001 5951 5.
