4130 6536
611 457 718 517 385

1091 451 1150 507 8.
1191 447 1512 508 GBEGOBII
1550 444 1770 505 MAGNI
1807 444 1991 509 VITA,
2032 444 2126 500 EX
2164 440 2329 500 EJUS
2367 441 2672 499 SCRIPTIS
2711 437 3106 497 ABORNATA.
3151 437 3279 493 LIB.
3320 437 3408 494 lll.

3795 428 3924 491 385

608 568 966 638 episcoporum
994 564 1192 633 Italica,
1225 567 1287 620 de
1315 566 1422 620 vita
1449 565 1816 620 monachorum
1843 571 1892 616 et
1920 563 2082 633 quiete
2108 577 2196 615 or—
2221 561 2274 618 Α
2359 570 2537 638 93513!)
2560 552 3597 638 i9§g§nturfh3$00"gshgyigngﬁgzggéf
3633 549 3928 638 ξξξῗξι-ξίυφ

611 660 917 723 dinaturus;
955 659 1019 712 et
1044 660 1155 728 ipse
1192 658 1423 712 Mellitus
1452 660 1585 711 inter
1628 674 1713 711 eos
1759 657 2015 710 assedit...
2047 669 2108 706 ac
2131 654 2190 707 in

615 749 949 803 Britanniam
976 749 1178 802 rediens
1210 765 1378 802 secum
1422 749 1707 819 Anglorum
1751 746 1998 800 Ecclesia:
2044 759 2192 796 man-

611 840 737 894 data
764 848 916 910 atque
943 837 1265 893 observanda
1293 840 1499 903 detulit,
1541 856 1643 892 uua
1671 855 1784 891 cum
1809 836 2034 906 epistolis
2063 850 2190 906 quas

606 931 746 986 idem
774 930 1005 1000 pontifex
1035 927 1144 982 Deo
1173 930 1360 984 dilecto
1390 920 1774 998 archiepiscopo
1808 927 2104 992 Laurentio,
2141 928 2192 978 et

605 1021 743 1075 clero
772 1022 1028 1087 universo,
1055 1021 1293 1081 similiter
1319 1015 1367 1074 et
1397 1020 1698 1074 Edilbertho
1720 1021 1849 1088 regi,
1881 1028 2031 1086 atque
2051 1018 2190 1088 genti

605 1109 893 1180 Anglorum
920 1108 1110 1163 direxit
1139 1110 1304 1180 (Beda
1332 1110 1421 1163 lib.
1449 1127 1507 1177 ιι,
1548 1109 1690 1163 Hist.
1722 1126 1767 1162 ε.
1798 1108 1875 1178 ll).
1904 1108 2048 1162 Inter
2071 1107 2190 1160 lau—

607 1197 734 1253 data
765 1198 1037 1264 mandata,
1069 1195 1477 1255 celeberrimum
1507 1210 1589 1254 est
1617 1201 1898 1254 Decretum
1932 1199 2077 1267 quod
2115 1199 2191 1254 ita

606 1287 794 1360 incipit
819 1305 833 1343 :
858 1289 992 1343 Sunt
1020 1291 1257 1344 nonnulli
1288 1291 1404 1360 fulti
1432 1291 1572 1344 nullo
1601 1291 1840 1361 dogmate
1869 1293 1885 1357 (
1912 1289 2025 1356 vel,
2069 1296 2193 1342 sunt

606 1380 850 1435 nonnulli
898 1379 1046 1435 stulti
1093 1380 1412 1450 dogmatis),
1449 1382 1613 1450 magis
1664 1381 1772 1434 zelo
1827 1379 2191 1433 amaritudinis

607 1487 761 1541 quam
815 1469 1099 1523 dilectionis
1163 1470 1502 1538 inflammati,
1551 1478 1836 1523 asserentes
1880 1468 2188 1530 monachos,

607 1561 726 1627 quia
753 1559 943 1613 mundo
969 1561 1157 1614 mortui
1197 1569 1315 1613 sunt
1348 1569 1396 1614 et
1434 1559 1572 1625 Deo,
1615 1562 1816 1626 vivunt,
1858 1561 2190 1613 sacerdotalis

609 1651 762 1719 ofﬁcii
787 1651 1019 1717 potentia
1049 1649 1175 1720 (vel,
1209 1651 1530 1705 sacerdotali
1559 1649 1761 1720 oﬂicio)
1795 1651 2051 1721 indignos,
2084 1657 2188 1704 etc.

609 1747 792 1818 (Tom.
838 1747 877 1801 γ
907 1747 1143 1816 Concil.)
1175 1746 1276 1801 Eos
1305 1748 1499 1802 refellit
1521 1763 1762 1802 summus
1786 1746 2046 1816 pontifex,
2078 1760 2189 1798 ma-

607 1838 752 1892 xime
797 1838 1057 1907 exemplis
1097 1836 1341 1906 Gregorii
1372 1838 1546 1906 Magni
1577 1847 1630 1892 et
1661 1838 1938 1904 Augustini
1968 1837 2081 1904 ejus
2111 1834 2192 1888 di-

2359 619 2535 669 frustra
2574 619 2714 668 nobis
2751 618 3016 677 obiectum.
3038 642 3102 651 —
3121 617 3169 662 6.
3197 617 3258 666 Et
3277 615 3600 677 uenerabilis
3640 615 3835 663 Bede.
3859 637 3929 649 —-

2357 682 2404 728 7.
2429 680 2572 728 Aliud
2598 675 2938 741 argumentum
2961 690 3023 741 ex
3050 676 3380 741 S._llenedicti
3394 675 3573 741 regula
3599 688 3698 741 per
3724 687 3922 722 mona—

2357 743 2474 790 chos
2494 737 2678 802 Anglos
2697 742 2744 787 tn
2770 738 3079 802 Germaniam
3100 737 3279 802 delata.
3305 765 3365 772 —
3387 739 3434 786 8.
3462 737 3923 802 Bollandianorurn

2359 816 2437 910 ear
2455 803 2535 910 (hri.
2558 799 2615 850 re
2655 801 2920 850 sententia.
2943 825 3008 836 —
3029 801 3076 848 9.
3099 800 3430 848 Mareshamus
3473 799 3621 847 aliter
3664 799 3922 846 sentiens

2359 875 2412 910 re
2435 875 2462 910 e
2525 875 2620 910 .ur.

2356 863 2620 912 refellitur.

2368 946 2418 998 1.
2462 945 2954 1000 Commemoratum
2981 943 3038 997 8.
3072 941 3343 998 Benedicti
3388 957 3585 996 nomen
3615 956 3646 995 a
3675 955 3918 995 summo

2295 1035 2549 1107 pontiﬁce
2578 1035 2870 1102 Bonifacio,
2903 1035 3084 1089 addito
3113 1035 3273 1088 etiam
3301 1033 3651 1103 praeceptoris
3698 1047 3915 1085 mona-

2240 1185 2245 1192 ,
2295 1127 2519 1181 chorum
2549 1127 2728 1190 titulo,
2752 1126 2843 1180 ubi
2871 1126 3104 1180 maxime
3131 1125 3200 1180 de
3227 1125 3614 1180 monachorum
3637 1123 3916 1190 Anglica-

2297 1235 2486 1274 norum
2537 1218 2923 1288 tranquillitate
2970 1218 3263 1285 agebatur,
3313 1231 3420 1270 non
3470 1215 3710 1271 obscure
3744 1215 3916 1269 nobis

2296 1309 2688 1378 conjiciendum
2736 1311 2939 1380 praebet
2986 1309 3188 1377 Anglice
3233 1307 3526 1362 monachos
3567 1315 3703 1360 tunc
3735 1303 3914 1360 fuisse

2295 1402 2704 1468 Benedictinos;
2749 1403 2861 1456 sive
2890 1403 2924 1455 ii
2951 1409 3129 1456 essent
3156 1399 3438 1468 Augustini
3468 1398 3600 1453 socii
3627 1396 3913 1466 supersti-

2295 1501 2376 1548 tes
2399 1534 2416 1560 ,
2463 1494 2575 1548 sive
2604 1494 2680 1548 illi
2709 1509 2847 1563 quos
2889 1493 2990 1548 sibi
3035 1499 3157 1562 post
3185 1491 3476 1561 legitimam
3508 1489 3911 1560 probationem

2295 1598 2512 1652 suzeque
2557 1583 2962 1651 congregationi
3008 1582 3299 1637 sociarunt.
3339 1579 3536 1635 Verum
3577 1578 3718 1648 quid
3765 1594 3912 1647 opus

2296 1683 2378 1730 est
2403 1675 2748 1745 conjecturis,
2780 1676 2868 1729 ubi
2904 1684 2984 1730 tot
3009 1675 3204 1729 adsunt
3229 1672 3771 1728 demonstrationes?
3800 1671 3912 1724 hoc

2295 1786 2423 1826 sane
2453 1771 2670 1826 nomine
2698 1770 2869 1839 dignae
2899 1780 3025 1825 sunt
3051 1769 3312 1834 rationes,
3359 1783 3492 1837 quas
3538 1765 3910 1820 doctissimus

2296 1862 2636 1918 Mahillonius
2685 1863 2738 1918 in
2783 1863 2889 1918 hoc
2936 1868 3307 1930 argumentum
3354 1859 3648 1927 congessit,
3695 1858 3908 1911 tumin

608 1927 938 2024 scipuli,_q_ui
968 1929 1095 1983 lieet
1112 1929 1406 2024 monachi,
1426 1928 1715 2024 pontificali
1746 1928 2002 1995 dignitate
2021 1926 2188 2024 lfulse-
2222 1943 2265 2000 Β
2294 1955 2498 2024 ναίει.
2530 1955 2596 2008 ad
2624 1955 2874 2009 saxulum
2905 1954 2926 2008 ι
2952 1926 3228 2008 Βέηθάίρι.
3259 1952 3286 2023 §
3315 1952 3376 2016 8;
3408 1926 3521 2004 m’m
3549 1950 3602 2003 in
3634 1949 3910 2002 Observa,

606 2026 762 2083 runt;
791 2018 1040 2089 additque
1065 2036 1078 2072 :
1102 2017 1284 2090 Neque
1322 2021 1457 2072 enim
1499 2019 1799 2072 Benedictus
1827 2019 2192 2072 monachorum

605 2121 910 2181 praeceptor,
935 2112 1088 2181 hujus
1117 2113 1190 2164 rei
1220 2111 1392 2182 aliquo
1422 2111 1572 2164 modo
1602 2113 1700 2181 fuit
1725 2111 2045 2164 interdictor.

679 2201 766 2255 15.
807 2201 1102 2270 Epistolam
1129 2202 1196 2255 ad
1224 2200 1592 2255 Edilberthum
1625 2215 1822 2268 regem,
1856 2199 2008 2267 cujus
2043 2199 2193 2254 Beda

607 2289 872 2349 meminit.
904 2289 1164 2345 habemus
1193 2290 1246 2342 in
1276 2290 1566 2343 novissima
1596 2279 2192 2343 collectione'concilio-

609 2395 752 2446 rum,
801 2393 869 2433 ex
917 2394 1022 2447 qua
1068 2394 1187 2447 quae
1234 2379 1299 2432 ad
1348 2389 1588 2432 nostrum
1634 2378 1968 2447 propositum
2001 2379 2196 2433 iaciunt

611 2468 742 2522 satis
771 2468 874 2521 erit
901 2467 1206 2526 exscribere
1233 2485 1246 2520 :
1274 2466 1631 2537 Quapropter,
1663 2469 1885 2538 gloriose
1912 2468 2016 2536 ﬁli,
2061 2468 2196 2538 quod

613 2560 678 2612 ab
709 2558 994 2628 apostolica
1019 2559 1139 2612 sede
1166 2577 1258 2629 per
1285 2562 1642 2630 coepiscopum
1670 2571 1898 2614 nostrum
1937 2560 2194 2615 Mellitum

612 2650 932 2720 postulastis,
963 2651 1137 2706 libenti
1167 2653 1340 2706 animo
1369 2654 1722 2717 concedimus;
1754 2655 1808 2706 id
1828 2663 1923 2718 est,
1948 2665 2003 2708 ut
2029 2663 2196 2710 vestra

611 2742 902 2816 benignitas
929 2747 984 2799 in
1009 2749 1321 2801 monasterio
1348 2748 1404 2800 in
1435 2745 1810 2802 Dorouernensi
1841 2751 2044 2804 civitate
2071 2767 2196 2804 con-

611 2837 817 2902 stituto,
864 2838 998 2908 quod
1041 2847 1247 2892 sanctus
1289 2839 1466 2894 doctor
1496 2848 1658 2894 vester
1686 2843 1997 2911 Augustinus
2035 2842 2197 2896 beatte

611 2932 872 2982 memoria:
897 2926 1130 3000 Gregorii
1161 2929 1441 3000 discipulus
1467 2933 1633 2984 sancti
1674 2931 1962 2986 Saluatoris
2000 2933 2196 2985 nomini

612 3021 945 3082 consecravit,
975 3021 1058 3074 cui
1087 3021 1155 3073 ad
1183 3037 1410 3091 praesens
1438 3038 1656 3092 prceesse
1702 3022 2020 3092 dignoscitur
2064 3023 2195 3075 dile-

612 3109 866 3162 ctissimus
896 3097 1059 3179 frater
1083 3120 1259 3166 noster
1280 3111 1620 3177 Laurentius;
1657 3113 1867 3166 licenter
1894 3132 1984 3183 per
2025 3115 2197 3168 omnia

611 3200 977 3254 monachorum
1017 3198 1321 3274 regulariter
1361 3205 1631 3257 ﬂuentium
1681 3204 2046 3259 habitationem
2091 3214 2199 3259 sta-

2295 2047 2527 2100 tionibus
2559 2047 2768 2115 praeviis
2798 2047 2863 2100 ad
2911 2046 2967 2100 8.
3005 2044 3235 2099 Wilfridi
3264 2044 3429 2097 vitam
3462 2043 3480 2095 l
3511 2049 3667 2112 parte
3697 2038 3906 2093 Steculi

2293 2137 2362 2192 IV
2392 2137 2703 2204 Benedict.;
2738 2146 2849 2192 tum
2880 2138 3260 2192 Analectorum
3287 2145 3434 2190 tomo
3465 2134 3528 2201 ll,
3555 2134 3608 2187 in
3636 2133 3904 2185 disserta-

2295 2227 2440 2282 tione
2465 2229 2532 2284 de
2560 2229 2618 2284 S.
2651 2228 2895 2298 Gregorii
2942 2230 3286 2292 monachatu,
3335 2237 3484 2296 parte
3513 2243 3569 2288 ιι,
3602 2225 3630 2295 §
3661 2224 3693 2277 8
3715 2263 3732 2286 ,
3772 2235 3898 2291 pag.

2297 2315 2401 2369 175
2423 2324 2478 2370 et
2502 2332 2652 2386 seq.;
2685 2326 2797 2370 tum
2829 2319 3060 2385 denique
3091 2317 3373 2370 Annalium
3402 2314 3682 2369 Benedict.
3711 2313 3897 2379 lib.,x,

2299 2408 2327 2480 §
2361 2408 2447 2472 18,
2482 2425 2544 2462 ac
2576 2410 2628 2463 in
2658 2411 2956 2479 appendice
2985 2410 3024 2475 Ι,
3059 2424 3178 2478 pag.
3229 2407 3332 2461 655
3359 2417 3412 2462 et
3437 2423 3549 2476 seq.
3584 2405 3902 2475 Praecipuas

2296 2507 2476 2553 autem
2527 2499 2766 2555 delibare
2814 2501 2880 2554 ad
2928 2508 3170 2556 nostrum
3223 2500 3352 2555 satis
3399 2499 3502 2552 erit
3551 2498 3894 2564 institutum;

2295 2591 2438 2645 unde
2462 2608 2799 2660 consequens
2819 2593 2941 2656 erit,
2967 2593 3108 2662 quod
3131 2593 3240 2659 jam
3261 2607 3472 2660 quoque
3493 2591 3728 2645 diximus
3753 2589 3894 2662 (Lib.

2297 2697 2332 2745 ι,
2365 2697 2411 2735 c.
2455 2681 2510 2750 5,
2556 2684 2582 2751 §
2617 2683 2814 2753 5-10),
2847 2682 2903 2737 S.
2936 2682 3253 2752 Gregorium
3284 2683 3686 2737 Benedictinam
3727 2696 3894 2749 regu-

2297 2774 2401 2828 lam
2429 2776 2766 2842 observasse,
2797 2777 3293 2844 observandamque
3322 2776 3430 2830 suis
3460 2775 3889 2830 commendasse.

2367 2866 2419 2922 2.
2464 2867 2638 2922 Prima
2667 2868 2878 2922 ducitur
2922 2883 2988 2922 ex
3029 2867 3327 2921 indubitato
3354 2865 3412 2920 S.
3443 2865 3711 2919 Aldhelmi
3743 2864 3895 2918 testi-

2297 2961 2499 3021 monio,
2548 2962 2636 3028 qui
2686 2961 2751 3013 ab
2791 2960 3060 3013 Hadriano
3091 2960 3282 3014 abbate
3312 2959 3623 3012 monasterii
3653 2958 3709 3010 S.
3749 2955 3892 3010 Petri

2297 3048 2439 3118 apud
2467 3047 2808 3102 Cantuarium
2842 3049 3073 3118 primum
3097 3049 3355 3113 eruditus,
3375 3047 3565 3102 deinde
3593 3046 3892 3101 monachus

2299 3147 2354 3192 et
2382 3139 2546 3192 abbas
2572 3139 2624 3192 in
2652 3140 2904 3194 coenobio
2927 3139 3276 3194 Mailduncnsi
3298 3154 3393 3194 seu
3419 3136 3884 3193 Malmesburiensi

2301 3232 2442 3302 apud
2467 3231 2907 3294 West-Saxones,
2936 3247 3161 3302 quorum
3189 3232 3350 3286 etiam
3379 3231 3664 3302 episcopus
3687 3229 3810 3293 fuit,
3837 3229 3889 3282 in

615 3296 724 3392 tuat
787 3291 1070 3392 apostolica
1099 3294 1404 3346 auctoritate
1432 3294 1790 3392 decernentes,
1813 3305 1867 3378 ut
1894 3298 1994 3365 ipsi
2022 3307 2199 3351 vestra:
2224 3301 2269 3361 C
2301 3291 2541 3377 cirmine
2564 3322 2632 3376 de
2655 3291 2979 3392 Virginia-le:
3011 3322 3069 3376 s.
3096 3291 3443 3378 Benediclmh
3464 3291 3770 3389 hoc-elogio
3792 3291 3888 3374 de,

613 3378 797 3432 salutis
847 3379 1211 3448 pratdicatores
1258 3384 1535 3448 monachi,
1585 3386 1952 3439 monachorum
1999 3403 2199 3457 gregem

615 3465 714 3520 sibi
761 3470 1018 3521 associent
1064 3467 1276 3539 (Ibid.).
1307 3471 1386 3526 Ex
1425 3473 1506 3528 his
1535 3475 1704 3544 liquet
1733 3465 2201 3546 metropolitanarn

615 3553 676 3610 8.
699 3556 990 3612 Salvatoris
1006 3559 1289 3614 ecclesiam
1313 3561 1380 3615 ab
1401 3563 1620 3619 exordio
1643 3567 2023 3620 monasterium
2041 3566 2203 3622 fuisse

617 3642 815 3699 dictam
861 3655 1084 3716 propter
1128 3649 1486 3709 inhabitantes
1522 3658 1834 3710 monachos.
1878 3656 1995 3711 Non
2027 3659 2200 3713 solum

618 3743 797 3792 autem
819 3746 992 3793 ratum
1022 3739 1205 3795 habuit
1234 3759 1470 3801 summus
1499 3747 1744 3816 pontifex'
1769 3747 2016 3802 traditam
2039 3749 2201 3806 fuisse

615 3831 894 3885 monachis
919 3831 1059 3886 hanc
1093 3836 1395 3903 ecclesiam,
1440 3839 1535 3894 sed
1573 3841 1735 3896 etiam
1781 3843 2076 3912 apostolica
2106 3859 2202 3898 au-

613 3921 866 3976 ctoritate
890 3922 1129 3979 decrevit
1157 3935 1214 3980 ut
1241 3930 1618 3998 praedicatores
1658 3934 1905 3988 monachi
1934 3933 2070 3989 alios
2098 3935 2200 3990 sibi

615 4016 908 4071 monachos
936 4018 1227 4089 sociarent,
1268 4037 1300 4076 a
1329 4023 1522 4090 quibus
1553 4024 1622 4078 ad
1651 4035 1898 4095 posteros
1942 4028 2201 4082 monasti-

617 4117 739 4158 cum
768 4107 1066 4163 institutum
1091 4123 1496 4182 propagaretur.
1524 4115 1640 4170 Non
1670 4131 1798 4185 ergo
1827 4119 2200 4176 centendimus

616 4195 914 4250 monachos
961 4199 1026 4252 ad
1072 4202 1352 4257 ecclesiam
1380 4203 1577 4258 Christi
1605 4205 2042 4264 Cantuariensem
2069 4252 2082 4277 ,
2132 4226 2200 4267 ex

619 4279 875 4339 Bonifacii
918 4287 1110 4346 litteris
1153 4294 1414 4350 admissos
1442 4311 1599 4362 esse,
1641 4306 1700 4350 ut
1743 4299 1964 4356 credere
1991 4303 2201 4359 videtur

619 4374 998 4432 canonicorum
1017 4383 1336 4450 regularium
1359 4392 1637 4454 patronus,
1661 4387 1753 4441 sed
1779 4389 2016 4457 ejusdem
2045 4408 2198 4463 papte

619 4463 936 4519 auctoritate
963 4466 1015 4522 in
1045 4470 1203 4540 hujus
1230 4474 1467 4528 ecclesiae
1495 4477 1834 4544 possessione
1854 4481 2199 4540 conﬁrmatos

617 4555 673 4642 et
699 4560 951 4608 assertos.
980 4555 1260 4614 Somniare
1287 4571 1464 4616 autem
1495 4566 1740 4622 eumdem
1771 4584 1944 4626 causae
1978 4589 2195 4642 prorsus

2302 3412 2479 3482 signat
2503 3432 2516 3467 :

2483 3503 2676 3566 Primus
2698 3506 2780 3566 qui
2807 3505 2974 3553 statuit
2997 3512 3174 3553 nostra:
3196 3507 3460 3554 certamina
3485 3505 3616 3564 vitae,

2490 3565 2940 3627 Qualiter’Optatam
2963 3571 3169 3616 teneant
3190 3567 3410 3614 coenobia
3434 3577 3669 3627 normam,

2492 3630 2698 3687 Quoque
2720 3631 2860 3676 modo
2885 3635 3119 3688 properet
3141 3628 3328 3676 directo
3347 3628 3542 3675 tramite
3565 3633 3781 3685 sanctus,
3803 3661 3807 3663 -

2490 3689 2564 3750 Ad
2584 3702 2792 3750 superos
2815 3687 3051 3737 scandens
3073 3690 3302 3738 cmlorum
3330 3689 3534 3737 culmina
3555 3687 3715 3736 cultor

2490 3749 2939 3810 Cujus’prteclsram
2966 3752 3182 3810 pandens
3203 3752 3264 3798 ab
3287 3751 3482 3810 origine
3508 3750 3650 3797 vitam

2490 3810 2762 3872 Gregorius
2787 3812 2962 3874 prtesul
2986 3812 3164 3862 chartis
3184 3812 3515 3874 descripserat
3534 3811 3672 3859 olim.

2302 3913 2401 3967 Hic
2429 3913 2710 3969 manifeste
2738 3914 2794 3968 S.
2839 3914 3150 3970 Aldhelmus
3179 3915 3475 3970 monachus
3501 3921 3556 3969 et
3579 3913 3762 3976 abbas,
3794 3912 3883 3982 qui

2302 4006 2492 4061 eodem
2521 4010 2718 4064 saaculo
2748 4026 2854 4079 quo
2882 4009 2940 4064 S.
2987 4011 3316 4078 Augustinus
3343 4010 3566 4079 ejusque
3595 4007 3727 4064 socii
3778 4009 3882 4062 An-

2301 4095 2417 4163 glos
2445 4099 2511 4152 ad
2544 4099 2700 4154 fidem
2730 4097 3087 4154 Christianam
3119 4101 3456 4155 adduxerunt
3483 4099 3662 4154 ﬂoruit
3703 4098 3884 4167 (devi-

2301 4191 2380 4244 xit
2408 4192 2550 4246 enim
2582 4202 2788 4247 tantum
2816 4209 2904 4248 an.
2939 4193 3062 4256 709,
3103 4203 3241 4248 teste
3267 4193 3474 4264 Beda),
3515 4193 3690 4263 palam
3720 4200 3882 4246 testa-

2301 4289 2388 4335 tur
2434 4283 2782 4338 Benedictum
2833 4284 2956 4337 vitte
3003 4284 3355 4350 monasticae,
3406 4298 3565 4353 quam
3615 4282 3882 4352 professus

2302 4373 2477 4428 fuerat
2523 4375 2994 4445 ohservabantque
3039 4376 3330 4444 Anglicana
3377 4374 3727 4438 monasteria,
3778 4375 3882 4443 pri-

2304 4481 2452 4520 mum
2483 4465 2646 4520 fuisse
2687 4467 3070 4522 institutorem.

2370 4556 2422 4609 ὅ.
2462 4555 2761 4611 Secundam
2802 4559 3063 4612 rationem
3085 4557 3392 4627 suppeditat
3420 4557 3541 4611 vitae
3567 4555 3626 4610 S.
3658 4552 3879 4609 Wilfridi

618 4637 913 4738 desperatae
941 4654 1180 4703 actorem
1209 4665 1347 4719 pene
1372 4653 1618 4723 dixerim,
1647 4658 1772 4713 dum
1802 4657 1952 4729 ﬁngit
1979 4637 2195 4720 Bonita-

2303 4646 2528 4716 scriptor
2539 4662 2748 4702 coaevus
2765 4647 2967 4704 Eddius
2986 4647 3313 4719 Stephanus,
3338 4646 3477 4716 apud
3494 4660 3651 4714 quem
3673 4653 3880 4700 sanctus

718 4746 981 4791 consensu
1010 4746 1102 4792 aut
1127 4739 1346 4797 decreto
1376 4745 1657 4814 adjunctos
1685 4752 1954 4808 canonicis
1982 4755 2194 4822 regula-

618 4817 766 4914 ribus
793 4822 956 4880 fuisse
986 4829 1306 4898 monachos,
1353 4837 1438 4906 qui
1476 4839 1814 4906 psalmodiam
1843 4817 2194 4914 quotidianam

619 4905 934 5003 absolverent
962 4918 1084 4971 dum
1110 4920 1190 4974 illi
1218 4905 1389 4978 clerici
1413 4968 1429 4993 ,
1469 4905 1594 4998 quos
1621 4933 1724 4985 alio
1767 4905 1970 5003 publica
1999 4938 2197 4992 utilitas

618 4998 849 5066 vocabat,
895 5004 1050 5058 libere
1078 5011 1410 5080 fungerentur
1437 5019 1576 5072 omni
1602 5021 1940 5077 ecclesiastico
1965 5041 2195 5082 munere.

619 5083 783 5155 Nugae
806 5105 954 5161 sane,
981 5099 1132 5164 quasi
1160 5115 1287 5156 vero
1313 5105 1518 5174 priores
1546 5109 1702 5178 hujus
1730 5113 1971 5167 ecclesiae
2001 5116 2194 5184 pracdi-

621 5185 832 5276 catores
856 5194 911 5237 et
939 5185 1269 5246 habitatores
1301 5211 1409 5250 non
1444 5201 1692 5256 monachi
1721 5217 1751 5255 a
1780 5203 2057 5258 Bonifacio
2094 5222 2193 5276 ap-

547 5295 552 5301 ι
623 5269 969 5343 pellarentur,
993 5278 1086 5333 sed
1107 5281 1320 5351 clerici;
1351 5297 1444 5341 aut
1469 5290 1658 5357 ullum,
1686 5301 1807 5361 post
1831 5308 1894 5346 ea
1915 5307 2034 5360 qua:
2057 5269 2194 5350 disi-

621 5375 760 5430 mus,
809 5376 1147 5437 receptarum
1191 5375 1259 5429 ab
1303 5377 1452 5433 initio
1483 5380 1536 5434 in
1567 5382 1793 5435 ecclesia
1823 5381 2195 5441 Cantuariensi

573 5518 578 5528 .
620 5453 936 5515 clericorum
964 5479 1073 5520 non
1100 5471 1483 5527 monachorum
1511 5473 1791 5540 vestigium
1819 5485 2120 5542 appareret.

583 5564 585 5566 ’
668 5586 673 5590 -
1109 5560 1268 5628 267
1301 5559 1529 5615 CAPUT
1569 5560 1678 5615 Vll.

619 5653 890 5740 Aliqui:
892 5663 1176 5740 1.1693158
1200 5673 1424 5740 monachi
1448 5671 1589 5740 fuere
1625 5675 1686 5740 ab
1710 5676 1844 5726 initio
1867 5680 2194 5733 Benedictini.

684 5717 824 5798 [Ἆπις
832 5722 938 5798 1:th
962 5717 1093 5798 dith
1111 5717 1459 5798 conﬁrmantur
1471 5717 1545 5798 ξιέ
1558 5717 1610 5785 8.

679 5780 966 5855 gtirlegibus
987 5789 1317 5855 at‘lstrigto;_:
1340 5793 1384 5840 2.
1412 5780 1810 5850 Primiani-0'

681 5840 976 5919 ﬁfgtfuuda
1020 5861 1082 5895 ex
1125 5849 1178 5897 8.
1198 5850 1553 5919 Wilfridrvitze
1583 5840 2119 5919 scrutare
2142 5871 2188 5918 4,

681 5897 856 5951 Tertia
879 5907 1002 5954 ratio
1040 5921 1106 5957 ex
1130 5897 1816 5986 veteribusliis-niisjqdibbg

2302 4738 2578 4793 Wilfridus
2607 4740 2678 4792 ita
2716 4739 2952 4810 loquitur
2971 4740 3037 4793 ad
3057 4739 3320 4810 synodum
3343 4738 3460 4806 ejus
3478 4751 3637 4791 causa
3661 4749 3878 4801 congre-

2303 4836 2479 4897 gatam
2504 4845 2517 4880 :
2544 4828 2734 4882 Nonne
2754 4828 2772 4899 [
2792 4829 2877 4883 Al.
2900 4827 3154 4899 Necnon]
3203 4846 3294 4898 ego
3324 4829 3519 4896 primus
3559 4834 3676 4895 post
3699 4825 3877 4878 obitum

2302 4923 2581 4992 primorum
2609 4939 2878 4991 procerum
2898 4940 2928 4975 a
2953 4924 3013 4977 S.
3033 4921 3283 4993 Gregorio
3313 4922 3621 4974 directorum
3649 4921 3876 4973 eurariut

2305 5013 2525 5069 Scoticaz
2562 5016 2813 5069 virulenta
2842 5015 3182 5086 plantationis
3222 5015 3455 5084 germina
3499 5013 3872 5066 eradicarem...

2303 5106 2381 5159 vel
2417 5106 2665 5176 quomodo
2694 5108 2849 5159 vitam
2872 5085 3239 5159 monachorum
3259 5105 3538 5158 secundum
3567 5103 3791 5174 regulam
3819 5104 3872 5158 S.

2304 5198 2564 5252 Benedicti
2596 5200 2758 5269 patris
2781 5239 2795 5263 ,
2839 5215 2990 5270 quam
3019 5199 3189 5252 nullas
3217 5201 3358 5268 prior
3386 5190 3579 5251 invexit
3609 5197 3871 5249 constitue-

2303 5307 2408 5343 rem
2459 5290 2692 5359 (chul.
2741 5306 2792 5343 ιν
2832 5289 3118 5354 Benedict.,
3151 5298 3288 5359 part.
3333 5288 3396 5354 l,
3441 5290 3494 5341 in
3524 5287 3870 5357 Appendice);

2302 5378 2510 5433 scilicet
2535 5379 2674 5448 apud
2708 5377 3247 5436 Ultra-Humbrenses
3279 5399 3291 5432 :
3317 5394 3438 5433 nam
3470 5379 3522 5433 in
3549 5393 3714 5447 regno
3743 5378 3872 5432 Can-

2304 5467 2361 5522 tii
2388 5467 2501 5536 jam
2543 5478 2815 5537 receptam
2845 5469 3007 5525 fuisse
3035 5473 3091 5525 S.
3124 5471 3395 5526 Benedicti
3425 5471 3697 5539 regulam,
3736 5472 3872 5527 inde-

2303 5572 2408 5625 que
2435 5557 2503 5610 ad
2529 5557 3150 5615 Nordam-l-lumbrorum
3180 5561 3428 5616 ctenobia
3455 5563 3540 5616 vel
3563 5562 3869 5617 instituenda

2299 5648 2384 5701 vel
2413 5649 2738 5703 restituenda
2769 5667 2799 5704 a
2828 5651 2883 5705 S.
2913 5651 3160 5706 Wilfrido
3201 5652 3435 5706 delatam
3466 5653 3630 5708 fuisse
3655 5657 3868 5723 probant

2297 5739 2412 5794 hmc
2441 5739 2586 5794 Eddii
2615 5742 2772 5794 verba
2803 5759 2848 5796 c.
2886 5743 2954 5796 Li
2983 5762 2994 5796 :
3023 5742 3268 5797 Ecbertus
3298 5761 3492 5815 quoque
3515 5762 3610 5799 rex
3653 5743 3864 5799 Cantua-

2296 5833 2490 5886 riorum
2519 5835 2786 5904 religiosus
2807 5876 2820 5901 ,
2851 5836 3146 5905 pontiﬁcem
3177 5844 3406 5889 nostrum
3435 5835 3505 5888 ad
3532 5851 3588 5888 se
3621 5838 3865 5889 accersivit

2293 5932 2342 5976 et
2368 5923 2474 5976 illic
2504 5923 2825 5993 presbyteros
2866 5925 3172 5983 multos.....
3218 5925 3599 5982 ordinavit.....-
3643 5923 3854 5980 omnibus
