4130 6448
210 342 320 399 385

728 340 795 397 8.
836 341 1163 399 GBEGOBII
1202 342 1416 399 MAGNI
1454 343 1635 411 VITA,
1677 344 1769 400 EX
1806 346 1971 406 EJUS
2009 349 2314 411 SCRIPTIS
2349 355 2745 418 ADOBNATA.
2786 363 2916 421 LIB.
2956 365 3048 422 lll.

3397 373 3504 432 586

208 450 741 559 charuffpiscttflilfa
782 452 949 559 Ofﬁffa
977 468 1069 518 ρετ
1098 452 1249 521 Plura
1279 455 1656 556 Spalitfﬂgenst
1690 473 1805 509 eum
1829 460 1883 519 A
1909 462 2167 531 suspicari
2197 464 2325 522 licet
2356 468 2373 537 (
2397 470 2441 524 si
2484 472 2588 526 alia
2618 489 2726 529 non
2754 486 3103 547 suppeterent
3144 493 3457 553 argumenta
3482 488 3502 559 )

207 540 507 596 cantoribus
553 540 627 592 ΑΕ
634 540 733 593 dde
760 550 808 592 et
836 539 1037 606 Ᾰῑοηα,
1071 550 1119 594 et
1150 546 1607 599 cwmentariis.....
1638 546 1694 598 in
1722 563 1807 599 re-

208 633 415 704 gionem
446 647 594 685 suam
624 638 878 685 revertens
908 648 1022 685 cum
1048 633 1226 703 regula
1253 631 1538 702 Benedicti,
1568 636 1805 691 instituta

207 720 565 776 Erclesiarum
590 720 715 775 bene
739 722 1047 777 melioravit.

278 835 332 890 4.
378 834 559 890 Tertia
588 835 727 890 ratio
757 835 955 904 petitur
983 850 1050 889 ex
1080 835 1353 891 veteribus
1380 836 1579 891 litaniis
1618 837 1807 907 Angli-

204 928 376 994 canis,
408 943 541 997 quas
571 943 601 981 a
632 927 777 981 mille
823 927 1015 983 saltem
1060 929 1244 993 annis,
1295 936 1350 983 et
1397 937 1522 984 ante
1549 930 1804 985 saaculnm

203 1034 298 1072 vni
330 1019 682 1073 concinnatus
708 1018 902 1086 probat
929 1018 1272 1074 doctissimus
1299 1019 1661 1089 Mabillonius,
1689 1032 1802 1078 tum

202 1124 271 1163 ex
306 1110 600 1178 pervetusti
648 1109 850 1163 codicis
878 1109 1278 1165 cbaracteribus
1324 1111 1798 1179 semi—Saxonicis;

202 1208 318 1253 tum
350 1200 582 1255 maxime
627 1201 771 1270 quod
800 1200 856 1253 in
886 1201 963 1253 eis
1007 1198 1184 1255 nullus
1231 1202 1511 1256 invocetur
1540 1212 1633 1255 aut
1661 1218 1800 1258 com-

202 1299 539 1345 memoretur
584 1298 802 1345 sanctus
838 1290 1016 1345 medio
1057 1292 1254 1346 sacculo
1298 1308 1369 1346 vn
1409 1292 1659 1358 inferior;
1691 1309 1801 1348 non

198 1380 454 1447 Mellitus,
502 1399 609 1438 non
654 1382 928 1446 Paulinus,
976 1383 1322 1448 Cuthbertus,
1355 1384 1655 1450 Willridus,
1703 1384 1797 1439 Ai-

199 1474 376 1531 danns
406 1486 459 1531 et
487 1476 577 1530 alii
608 1477 843 1546 plurimi,
876 1477 1056 1532 multis
1085 1480 1475 1533 recensitorum
1505 1479 1558 1532 in
1588 1479 1800 1533 litania-

197 1581 323 1619 rum
352 1566 492 1621 serie
522 1566 807 1622 Beatorum
855 1568 1143 1621 sanctitate
1189 1574 1243 1621 et
1271 1567 1514 1621 doctrina
1544 1569 1702 1638 longe
1729 1570 1797 1623 il-

196 1654 511 1722 lustriores;
542 1659 634 1726 qui
658 1674 785 1713 sane
806 1644 1149 1728 praeterniissi
1173 1675 1281 1713 non
1302 1658 1546 1726 fuissent,
1580 1661 1626 1715 si
1653 1660 1796 1716 diem

191 1745 308 1816 jam
339 1749 659 1804 clausissent
688 1758 1010 1815 extremum,
1058 1759 1113 1803 et
1142 1750 1209 1805 de
1252 1765 1437 1804 eorum
1487 1752 1793 1818 sanctitate,

1907 554 2171 622 synodum
2200 556 2707 619 Clovesboviensem
2734 607 2748 631 ,
2778 566 3040 625 Joannem
3086 571 3351 631 laudando
3397 554 3499 636 sub

1906 644 2152 716 Apostoli
2182 652 2419 717 nomine,
2458 669 2663 710 morem
2692 660 2920 726 gessisse
2949 661 3006 716 S.
3041 661 3355 722 Benedicto.

1977 734 2027 790 6.
2071 736 2225 803 Quod
2260 749 2470 809 spectat
2499 742 2568 797 ad
2594 748 2955 804 venerabilem
3000 750 3221 819 Bedam,
3268 754 3322 809 in
3354 765 3379 792 α
3409 754 3500 813 Hi-

1904 827 2081 881 storiae
2111 828 2378 884 Abbatum
2426 833 2901 893 Wiremutensinm
2936 847 2993 894 et
3041 839 3401 900 Girwensium
3432 848 3501 903 ab

1906 920 2022 992 ipso
2052 923 2207 977 editae
2236 925 2374 981 libro
2401 941 2421 981 ι
2448 928 2675 997 legimus
2719 930 2775 984 S.
2828 931 3173 990 Benedictum
3211 938 3500 1011 Biscopum

1905 1022 2148 1084 quartam
2179 1018 2570 1086 profectionem
2598 1021 2825 1076 Romam
2854 1037 3164 1092 aggressum
3193 1043 3332 1096 esse,
3377 1042 3499 1103 post

1904 1109 2259 1177 compositum
2299 1110 2453 1181 juxta
2484 1112 2738 1184 Regulam
2766 1116 3173 1170 monasterium.
3206 1118 3381 1185 Quam
3412 1137 3487 1177 re-

1904 1201 2080 1269 gulam
2105 1203 2349 1272 intelligit
2377 1206 2479 1259 nisi
2506 1206 2924 1273 benedictinam,
2952 1217 3148 1276 praeter
3167 1225 3327 1279 quam
3348 1214 3494 1268 nulla

1903 1294 2002 1349 fuit
2030 1295 2081 1349 in
2115 1294 2406 1351 Occidente
2435 1298 2541 1353 late
2569 1301 2900 1368 propagata?
2928 1300 3129 1356 Verum
3157 1303 3297 1359 hanc
3326 1306 3498 1375 ipsam

1902 1399 2089 1459 postea
2133 1389 2277 1443 clare
2322 1390 2566 1458 designat
2611 1390 2756 1447 Beda
2806 1394 3045 1449 referens
3093 1396 3147 1450 in
3196 1394 3302 1451 line
3331 1398 3498 1454 libri:

1902 1478 2016 1533 hinc
2042 1478 2250 1532 abbatis
2279 1480 2359 1534 sui
2388 1481 2552 1535 verba
2583 1482 2637 1534 in
2683 1483 2927 1538 oratione
2955 1493 3195 1541 extrema
3242 1487 3309 1541 ad
3339 1488 3497 1543 discie

1901 1570 2057 1639 pulos
2090 1569 2273 1624 habita
2303 1588 2314 1622 :
2343 1569 2565 1625 Multum
2614 1582 2858 1641 cavetote,
2911 1578 3140 1646 fratres,
3192 1596 3256 1632 ne
3302 1580 3498 1651 deforis

1903 1660 2115 1740 aliunde
2142 1661 2281 1715 vobis
2310 1672 2511 1731 patrem
2542 1667 2789 1736 quazratis
2805 1684 2824 1730 ;
2855 1666 2946 1719 sed
2966 1668 3123 1737 juata
3151 1668 3288 1738 quod
3316 1672 3497 1740 regula

1901 1752 2077 1821 magni
2103 1736 2364 1821 quondam
2391 1754 2591 1808 abbatis
2622 1755 2908 1820 Benedicti,
2934 1736 3091 1827 juxta
3121 1736 3256 1830 quod
3282 1736 3490 1830 privile-

193 1838 653 1904 quemadmodum
686 1848 872 1908 postea
900 1840 1095 1894 saeculo
1123 1857 1215 1894 vui
1245 1842 1599 1895 constitisset.
1631 1841 1688 1896 In
1716 1843 1797 1897 his
1829 1852 1877 1911 B
1902 1842 1974 1911 gii
2018 1844 2171 1896 vestri
2199 1846 2459 1900 continent
2490 1847 2695 1901 decreta
2718 1889 2731 1913 ,
2780 1851 2835 1902 in
2866 1861 3113 1904 conventu
3144 1866 3324 1907 vestra:
3370 1871 3497 1909 con-

192 1935 381 1981 antem
431 1928 628 1982 litaniis
675 1929 730 1983 8.
782 1930 1055 1985 Benedicti
1102 1947 1298 1985 nomen
1348 1933 1429 1985 bis
1474 1932 1796 1986 inclamatur

190 2026 321 2088 post
350 2018 408 2073 S.
442 2018 829 2089 Hieronymum
852 2063 866 2087 ,
916 2030 1040 2074 ante
1078 2022 1175 2075 SS.
1208 2022 1465 2075 Hilarium
1511 2030 1565 2077 et
1611 2023 1793 2078 Marti~

192 2125 358 2174 num;
391 2111 537 2180 quod
567 2122 941 2179 argumentum
974 2122 1057 2167 est
1094 2114 1499 2179 validissimum,
1531 2114 1588 2169 S.
1626 2118 1795 2171 Bene-

191 2202 400 2258 dictum
448 2204 591 2271 apud
640 2221 735 2259 eos
784 2206 873 2274 qui
919 2206 1221 2274 hujusmodi
1254 2194 1452 2263 litaniis
1483 2210 1793 2278 utebantur,

190 2294 410 2363 patroni
456 2293 637 2348 locum
688 2296 983 2351 obtinuisse
1026 2317 1037 2348 :
1083 2298 1318 2366 alioquin
1369 2314 1463 2353 cur
1510 2300 1597 2353 hic
1644 2304 1793 2355 solus

191 2394 719 2439 commemoraretur
749 2386 960 2441 omissis
991 2387 1307 2453 Pachomio,
1351 2390 1608 2456 Ant0nio,
1641 2390 1792 2465 Basi-

191 2473 288 2540 lio,
318 2474 689 2530 Columbano?
738 2476 849 2531 Cur
876 2480 956 2533 bis
987 2480 1351 2548 invocaretur,
1380 2481 1522 2551 quod
1552 2482 1682 2537 nulli
1708 2483 1790 2536 al-

195 2566 298 2619 teri
327 2582 663 2634 concessum,
697 2580 1053 2640 prmterquam
1102 2571 1158 2625 8.
1210 2572 1485 2642 Stephano
1516 2582 1569 2628 et
1598 2574 1655 2629 8.
1686 2576 1793 2630 Ma—

191 2658 291 2714 ria:
319 2669 398 2714 ter
428 2662 747 2731 appellatae?
796 2662 965 2718 Porro
1006 2665 1173 2719 usitas
1202 2666 1367 2721 fuisse
1413 2667 1625 2722 litanias
1671 2669 1791 2725 illas

190 2749 247 2804 in
296 2752 515 2821 Anglia;
550 2754 657 2808 imo
688 2771 785 2824 pro
817 2755 1007 2824 Anglia
1039 2760 1408 2825 concinnatus,
1451 2761 1647 2832 probat
1675 2762 1788 2818 haec

189 2842 552 2910 supplicatio:
580 2843 647 2897 Ut
696 2846 887 2897 clerum
936 2856 985 2898 et
1022 2848 1221 2916 plebem
1256 2850 1542 2920 Anglorum
1579 2869 1788 2906 conser-

188 2948 313 2985 vare
343 2933 586 3006 digneris,
621 2944 668 2988 te
697 2954 960 3007 rogamus,
992 2939 1115 2990 audi
1144 2956 1236 2992 nos
1260 2956 1279 3005 ,'
1304 2924 1515 2995 nullius
1568 2942 1789 2998 alterius

192 3024 375 3092 gentis
404 3024 548 3079 facta
574 3027 867 3081 mentione.

262 3140 317 3195 5.
362 3140 456 3197 [iis
494 3158 645 3213 aequa
673 3144 824 3200 lance
850 3144 1176 3213 ponderatis,
1206 3145 1649 3203 Cloveshoviana:
1692 3166 1783 3221 sy-

190 3233 321 3288 nodi
367 3242 423 3288 et
469 3237 787 3292 venerabilis
836 3237 990 3292 Bedae
1039 3239 1312 3293 silentium
1357 3240 1425 3295 de
1474 3239 1678 3309 Regula
1725 3242 1782 3297 S.

189 3323 491 3395 Benedicti,
525 3330 667 3399 quod
712 3333 780 3385 ab
821 3331 1142 3387 adversariis
1169 3332 1299 3387 olim
1329 3332 1603 3401 obiectum
1631 3333 1785 3389 nobis

190 3426 315 3481 est,
362 3420 583 3473 minime
630 3436 807 3475 causae
852 3430 1051 3475 nostra:
1098 3437 1296 3477 nocere
1337 3431 1535 3491 posset,
1575 3423 1786 3478 etiamsi

189 3507 335 3563 nulla
367 3510 420 3562 in
447 3510 552 3563 illis
578 3518 671 3564 aut
699 3509 756 3564 8.
785 3509 1081 3575 Benedicti,
1115 3521 1207 3566 aut
1245 3514 1597 3582 promulgata:
1627 3514 1695 3568 ab
1718 3528 1785 3568 eo

188 3602 391 3668 regula:
440 3603 594 3657 ﬁeret
636 3604 858 3659 mentio.
893 3605 1089 3659 Verum
1140 3622 1207 3660 ne
1260 3607 1388 3660 illud
1418 3608 1633 3676 quidem
1662 3607 1786 3662 licet

188 3693 349 3747 nobis
370 3709 671 3763 opponere;
702 3712 825 3750 nam
849 3697 900 3749 in
927 3697 1136 3768 synodo
1160 3697 1526 3753 Gloveshoviae
1548 3699 1781 3766 legitur:

196 3784 454 3839 Vicesimo
503 3796 685 3855 quarto
712 3790 967 3841 sancitum
996 3797 1069 3840 est
1102 3790 1348 3857 capitulo,
1379 3800 1434 3842 ut
1463 3792 1507 3843 si
1536 3792 1648 3860 quis
1687 3806 1785 3843 sw-

189 3878 446 3931 cularium
472 3886 667 3930 sancta:
694 3880 1030 3947 professionis
1063 3880 1369 3949 famulatum
1391 3880 1561 3933 subire
1583 3881 1784 3933 deside-

189 3976 295 4034 rat,
327 3984 431 4021 non
478 3975 631 4019 antea
673 3975 901 4021 tonsura:
932 3969 1157 4021 habitum
1189 3972 1437 4039 suscipiat
1465 3988 1616 4041 quam
1646 3973 1785 4025 illius

191 4059 508 4113 conversatio
551 4069 601 4111 et
641 4076 841 4112 morum
887 4061 1110 4129 qualitas
1159 4062 1441 4114 secundum
1488 4064 1786 4117 monastica:

189 4152 384 4221 regultc
414 4150 765 4219 deﬁnitionem
797 4154 1123 4222 manifestius
1152 4154 1421 4223 probetur,
1460 4156 1613 4225 juxta
1654 4172 1781 4226 apo-

190 4241 427 4295 stolicum
460 4242 1038 4311 prwceptum:Probate
1066 4245 1299 4312 spiritus,
1333 4246 1375 4296 si
1405 4260 1467 4296 ea:
1494 4243 1603 4298 Deo
1630 4256 1784 4311 sunt;

191 4335 294 4387 nisi
345 4334 517 4404 aliqua
567 4334 890 4388 rationabilis
921 4352 1077 4388 causa
1107 4344 1159 4387 ut
1191 4344 1310 4387 ante
1339 4337 1688 4403 suscipiantur
1728 4340 1785 4391 in

192 4425 642 4493 congregationem
671 4426 768 4477 rite
812 4425 1140 4493 persuadeat.
1175 4425 1453 4493 Quaenam,
1484 4440 1635 4494 rogo,
1667 4441 1783 4480 mc-

191 4512 375 4567 diante
405 4522 598 4569 octavo
627 4516 846 4581 saeculo,
897 4532 1003 4585 quo
1034 4519 1195 4588 268
1223 4526 1466 4587 tempore
1493 4518 1777 4572 concilium

1898 1938 2233 2006 gregationis,
2268 1942 2525 1993 communi
2556 1942 2769 1995 consilio
2800 1944 3113 2011 perquiratis
3139 1987 3154 2011 ,
3197 1947 3283 2016 qui
3313 1963 3487 2001 secun-

1898 2026 2019 2079 dum
2049 2028 2163 2080 vita:
2191 2030 2429 2081 meritum
2474 2039 2524 2082 et
2563 2032 2832 2099 sapientiae
2858 2032 3152 2086 doctrinam
3177 2075 3192 2101 ,
3224 2037 3396 2103 aptior
3425 2038 3495 2089 ad

1898 2117 1999 2169 tale
2048 2119 2390 2171 ministerium
2444 2120 2815 2189 perficiendum
2872 2122 3176 2191 digniorque
3229 2124 3490 2193 probetur.

1895 2206 1989 2262 Ha:
2034 2218 2160 2263 sunt
2205 2210 2360 2264 dotes
2390 2226 2524 2279 quas
2573 2211 2627 2265 in
2649 2210 2897 2279 eligendo
2927 2213 3137 2268 Abbate
3166 2216 3402 2284 postulat
3428 2216 3488 2272 S.

1894 2296 2218 2354 Benedictus
2245 2300 2463 2370 Regula:
2492 2317 2611 2370 cap.
2647 2301 2733 2354 64.

1964 2389 2265 2447 Ceolfridus
2294 2394 2462 2448 abbas
2485 2433 2499 2458 ,
2543 2392 2755 2463 Biscopi
2785 2409 3069 2463 successor
3089 2435 3105 2461 ,
3136 2410 3286 2451 mare
3314 2405 3492 2454 trans-

1891 2483 2183 2550 missurus,
2215 2484 2404 2538 eadem
2434 2485 2544 2539 suis
2590 2484 2841 2540 lratribus
2869 2485 3125 2556 pmcepit
3149 2504 3162 2539 :
3190 2485 3377 2542 Utilius
3400 2490 3490 2544 de-

1893 2576 2067 2639 crevit,
2094 2575 2267 2642 inquit
2292 2575 2437 2629 Beda
2459 2575 2695 2643 ejusdem
2716 2577 3147 2646 congregationis
3170 2580 3484 2644 monachus,

1891 2666 1986 2721 lib.
2038 2682 2095 2729 ιι,
2146 2666 2265 2719 dato
2316 2666 2563 2736 fratribus
2607 2675 2883 2735 praecepto,
2916 2676 2972 2719 ut
2993 2668 3150 2737 juxta
3178 2670 3257 2721 sui
3288 2658 3481 2723 statuta

1892 2756 2161 2827 privilegii,
2188 2757 2442 2826 juxtaque
2472 2757 2701 2826 regulam
2731 2757 2792 2811 S.
2839 2756 3041 2811 abbatis
3090 2757 3389 2827 Benedicti,
3422 2761 3487 2813 de

1893 2848 2000 2900 suis
2028 2847 2154 2917 ipsis
2184 2860 2383 2917 patrem
2412 2849 2495 2918 qui
2524 2849 2695 2917 aptior
2720 2864 2829 2901 esse
2858 2848 3125 2918 eligerent.

1963 2939 2096 2994 Cum
2119 2939 2256 2993 idem
2282 2939 2602 2993 venerabilis
2632 2939 2864 3009 scriptor
2886 2948 3093 2994 asserat
3120 2940 3214 2995 lib.
3237 2957 3273 3009 ι,
3302 2940 3484 2997 Bisco-

1891 3045 2019 3099 pum
2067 3044 2185 3083 eam
2225 3028 2494 3099 discipulis
2539 3030 2650 3083 suis
2699 3029 2936 3098 regulam
2979 3030 3283 3099 tradidisse,
3323 3047 3483 3102 quam
3568 3094 3575 3099 ἢ

1891 3121 1946 3174 in
1975 3121 2160 3175 decem
2189 3129 2245 3174 ct
2270 3128 2475 3189 septem
2506 3121 2849 3175 monasteriis
2879 3134 2910 3173 a
2939 3136 2998 3175 se
3024 3120 3361 3189 perlnstratis
3399 3121 3483 3178 in-

1813 3222 1856 3283 c
1888 3220 2144 3274 venerat,
2198 3225 2425 3278 quorum
2458 3224 2621 3263 unum
2651 3217 2767 3263 erat
2795 3209 3187 3266 Cantuariense
3229 3209 3289 3265 S.
3339 3211 3486 3267 Petri

1889 3301 2214 3366 C(Bnobium,
2249 3300 2647 3355 evidentissime
2674 3308 2827 3369 patet
2856 3301 3016 3368 longe
3048 3309 3173 3355 ante
3202 3301 3377 3371 ipsum
3422 3301 3482 3357 S.

1888 3392 2163 3446 Benedicti
2212 3390 2452 3458 regulam
2494 3390 2548 3444 in
2592 3390 2797 3459 Anglize
2835 3390 3180 3447 monasteriis
3209 3399 3484 3462 receptam

1885 3483 2048 3538 fuisse
2078 3491 2133 3537 et
2159 3482 2412 3551 viguisse.

1957 3598 2009 3651 7.
2052 3597 2168 3652 Non
2216 3597 2392 3650 minus
2434 3595 2671 3649 validum
2718 3594 3055 3665 depromitur
3084 3607 3481 3665 argumentum,

1886 3703 1953 3741 ex
1991 3687 2383 3756 propagatione
2410 3684 2606 3753 regula:
2637 3683 2999 3740 Benedictina:
3028 3686 3080 3740 in
3111 3685 3399 3741 Germania
3428 3698 3489 3745 et

1885 3778 2076 3833 vicinis
2102 3776 2410 3843 regionibus
2452 3776 2992 3844 septentrionalibus,
3042 3786 3263 3831 auctore
3291 3778 3349 3833 S.
3381 3774 3487 3833 Bo-

1886 3867 2082 3921 nifacio
2131 3866 2358 3934 aliisque
2405 3865 2687 3920 monachis
2735 3882 2801 3920 ex
2852 3868 3040 3935 Anglia
3093 3868 3369 3936 profectis,
3418 3868 3487 3923 ad

1886 3956 2046 4011 tidem
2075 3954 2436 4009 Christianam
2459 3954 2914 4009 disseminandam
2939 3974 2951 4010 :
2977 3956 3067 4025 qui
3095 3956 3346 4012 videlicet
3367 3958 3488 4027 plu-

1884 4048 2021 4103 rima
2051 4044 2297 4100 emnobia
2344 4044 2719 4111 condiderunt,
2752 4046 2803 4098 in
2834 4046 2917 4100 his
2948 4047 3180 4102 maxime
3216 4046 3486 4105 Fuldense

1886 4138 2277 4193 monasterium
2307 4144 2419 4191 tota
2454 4135 2665 4205 Europa
2700 4137 2895 4191 nedum
2926 4137 3214 4192 Germania
3243 4138 3485 4194 celeber-

1886 4230 2104 4291 rimum,
2157 4226 2248 4280 ubi
2292 4225 2426 4279 ritus
2470 4223 2849 4279 Benedictinos
2878 4225 2944 4279 ab
2974 4226 3198 4281 exordio
3247 4227 3484 4296 viguisse

1887 4321 2154 4375 inﬁciatnr
2179 4333 2356 4372 nemo.
2388 4316 2649 4371 Nimirum
2673 4331 2833 4385 quam
2862 4332 2891 4370 a
2917 4317 3213 4387 majoribus
3234 4319 3345 4373 suis
3373 4321 3485 4373 An-

1886 4413 2103 4481 gustino
2133 4410 2355 4479 ejusque
2400 4408 2674 4463 sodalibus
2702 4408 2947 4477 Gregorii
2988 4408 3164 4478 Magni
3209 4410 3484 4479 discipulis

1887 4502 2228 4571 Romanique
2274 4500 2587 4556 monasterii
2628 4500 2857 4556 alumnis
2904 4510 3227 4570 acceperant
3255 4502 3308 4554 hi
3339 4502 3480 4555 sacri

190 4601 563 4659 Clovcshoviae
611 4606 942 4661 celebratum
989 4616 1093 4676 est,
1146 4609 1329 4678 regula
1363 4610 1657 4665 monastica
1708 4609 1779 4664 ita

1890 4595 2035 4649 verbi
2080 4607 2376 4663 praecones,
2428 4590 2672 4646 eamdem
2701 4592 2755 4645 in
2799 4593 2996 4647 erectis
3026 4607 3056 4645 a
3103 4607 3162 4646 se
3205 4590 3482 4645 asceteriis

142 4694 145 4695 ⁷
193 4693 423 4748 celebris
449 4703 583 4761 erat,
617 4705 676 4750 ut
699 4697 1015 4766 simpliciter
1044 4698 1299 4768 nulloque
1328 4699 1530 4766 addito,
1562 4700 1784 4755 neruine

191 4782 413 4854 Regulae
441 4788 754 4842 monastica:
780 4788 1173 4858 designaretnr,
1202 4799 1396 4859 praeter
1419 4792 1477 4845 S.
1508 4791 1783 4847 Benedicti

190 4875 434 4953 regulam
466 4876 516 4930 in
555 4878 707 4946 cujus
752 4893 870 4947 cap.
920 4877 989 4931 58
1032 4879 1225 4947 legitur
1271 4879 1535 4936 :Noviter
1579 4884 1783 4936 veniens

189 4968 306 5036 quis
335 4967 406 5018 ad
432 4970 835 5030 conversionem,
869 4985 973 5021 non
1001 4970 1046 5020 ei
1076 4970 1245 5038 facilis
1286 4970 1540 5027 tribuatur
1579 4972 1779 5042 ingres-

187 5072 276 5110 sus
308 5054 376 5125 (I
402 5056 593 5110 Joann.
628 5060 737 5127 ιν),
784 5057 874 5110 sed
919 5059 1051 5110 sicut
1097 5060 1171 5111 ait
1214 5058 1527 5128 Apostolus:
1553 5058 1781 5113 Probate

186 5148 403 5217 spiritus
433 5149 477 5201 si
505 5164 567 5200 ea:
599 5148 709 5202 Deo
741 5148 895 5202 sunt?
936 5147 1139 5202 Deinde
1180 5149 1505 5218 praescriptis
1534 5151 1782 5206 omnibus

189 5238 257 5293 ad
290 5241 663 5308 probationem
694 5251 748 5296 ct
778 5241 1144 5311 receptionem
1176 5242 1524 5307 novitiorum,
1557 5242 1785 5311 subjun-

187 5330 369 5398 gitur:
396 5329 597 5401 Etjam
626 5351 690 5387 ex
716 5334 807 5387 illa
846 5334 928 5386 die
964 5335 1019 5387 in
1063 5334 1458 5404 congregatione
1500 5344 1781 5403 reputetur.

184 5419 373 5491 Neque
414 5423 627 5478 silentio
671 5425 1181 5494 prmtcrmittcndum
1223 5425 1436 5481 videtur
1477 5427 1527 5480 in
1556 5435 1785 5495 utroque

186 5522 447 5569 contextu
461 5513 515 5568 S.
532 5513 813 5579 Joannem,
828 5527 1023 5587 praeter
1044 5518 1259 5573 solitum
1271 5520 1449 5573 vocari
1468 5519 1781 5589 Apostolum

183 5604 520 5676 simpliciter,
553 5607 697 5676 quod
724 5610 825 5664 soli
856 5607 1022 5666 Paulo
1044 5626 1110 5665 ex
1131 5626 1281 5667 more
1303 5610 1552 5667 tribuitur
1578 5630 1591 5679 ;
1638 5611 1781 5667 unde

1886 4686 2275 4743 observandam
2307 4685 2682 4751 tradiderunt,
2732 4694 2787 4739 et
2829 4685 2884 4739 in
2931 4685 3097 4754 ipsius
3132 4683 3387 4739 institutis
3414 4685 3482 4739 ad

1870 4779 2141 4833 amussim
2169 4776 2441 4833 sectandis
2470 4776 2537 4830 ad
2564 4784 2797 4832 mortem
2845 4790 3016 4843 usque
3043 4786 3478 4845 perseverarunt.

1886 4869 2002 4925 Huc
2035 4869 2339 4925 revocanda
2368 4877 2492 4922 sunt
2519 4882 2639 4935 quae
2667 4866 2802 4921 libro
2834 4882 2851 4921 ι
2878 4866 3130 4931 diximus,
3162 4882 3281 4937 cap.
3329 4868 3381 4935 5,
3415 4869 3483 4923 de

1887 4959 1945 5016 S.
1973 4959 2247 5013 Benedicti
2275 4957 2459 5025 regula
2485 4956 2799 5011 inBornano
2819 4954 2875 5010 S.
2903 4956 3129 5012 Andrea:
3150 4959 3480 5015 monasterio

1887 5058 2162 5121 suscepta,
2190 5059 2243 5103 et
2271 5049 2336 5101 ab
2365 5048 2598 5117 ipsemet
2624 5046 2682 5101 8.
2710 5046 2975 5115 Gregorio
3003 5058 3237 5105 servata.

1960 5145 2013 5199 8.
2056 5143 2151 5197 llis
2199 5140 2496 5195 rationibus
2524 5139 2652 5193 victi
2681 5138 3013 5195 Bollandiani
3059 5143 3213 5210 socii,
3261 5152 3478 5199 contra?

1890 5235 2027 5291 riam
2055 5234 2182 5289 olim
2212 5232 2383 5287 secuti
2426 5230 2769 5298 sententiam,
2821 5231 3035 5287 tandem
3076 5233 3217 5289 ultro
3248 5234 3477 5289 confessi

1892 5336 2015 5384 sunt
2057 5323 2432 5380 Benedictinos
2478 5324 2708 5377 maxima
2754 5340 2868 5377 cum
2912 5326 3369 5379 verosimilitudine
3414 5339 3474 5376 ac

1890 5416 2256 5490 propemodum
2295 5415 2549 5469 evidentia
2596 5414 2952 5484 Augustinum
2998 5416 3221 5485 ejusque
3264 5413 3478 5470 sodales

1887 5513 2029 5567 inter
2074 5524 2201 5564 suos
2246 5523 2552 5563 numerare.
2594 5508 2799 5574 Quibus
2843 5509 2889 5564 si
2934 5508 3117 5562 videre
3162 5506 3477 5574 contigisset

1884 5603 2156 5662 laudatam
2204 5616 2365 5670 supra
2394 5600 2551 5656 Eddii
2579 5600 3003 5657 lucubrationem
3031 5599 3100 5655 de
3144 5597 3200 5652 S.
3238 5595 3474 5654 Wilfridi

260 5748 286 5777 ι
324 5739 475 5812 Hane
506 5740 962 5812 historiamcujus
987 5744 1232 5801 meminit
1259 5742 1575 5805 Guillelmus
1602 5742 1943 5800 Malmesbnr.
1981 5740 2077 5798 lib.
2104 5756 2142 5807 ι,
2172 5753 2222 5795 c.
2254 5738 2307 5806 5,
2339 5736 2547 5808 primus
2573 5736 2746 5794 edidit
2771 5732 3004 5791 Jacobus
3031 5731 3272 5789 Warmus
3297 5745 3466 5805 eques

188 5820 408 5869 auratus
434 5808 645 5868 Dublini
674 5810 830 5865 1664.
