  <div class='ocr_page' id='page_1' title='image "/cluster/home/n/w/nwhite01/storage/ocr_20150623/75/hvd.32044015469380/201.png"; bbox 0 0 4130 6458; ppageno 0'>
   <div class='ocr_carea' id='block_1_1' title="bbox 619 343 724 420">
    <p class='ocr_par' dir='ltr' id='par_1_1' title="bbox 619 343 724 420">
     <span class='ocr_line' id='line_1_1' title="bbox 619 343 724 420; baseline 0 -10"><span class='ocrx_word' id='word_1_1' title='bbox 619 343 724 420; x_wconf 67' lang='grc'><strong>88⁸1</strong></span> 
     </span>
    </p>
   </div>
   <div class='ocr_carea' id='block_1_2' title="bbox 1111 323 2212 398">
    <p class='ocr_par' dir='ltr' id='par_1_2' title="bbox 1111 327 2212 398">
     <span class='ocr_line' id='line_1_2' title="bbox 1111 327 2212 398; baseline -0.012 -2"><span class='ocrx_word' id='word_1_2' title='bbox 1111 337 1172 396; x_wconf 77' lang='lat'><strong>5.</strong></span> <span class='ocrx_word' id='word_1_3' title='bbox 1211 331 1535 392; x_wconf 75' lang='lat' dir='ltr'><strong>GBEGOBII</strong></span> <span class='ocrx_word' id='word_1_4' title='bbox 1573 327 1788 390; x_wconf 74' lang='lat' dir='ltr'><strong>MAGNI</strong></span> <span class='ocrx_word' id='word_1_5' title='bbox 1827 329 2008 398; x_wconf 83' lang='lat' dir='ltr'><strong>VITA,</strong></span> <span class='ocrx_word' id='word_1_6' title='bbox 2055 329 2148 386; x_wconf 78' lang='lat' dir='ltr'><strong>EX</strong></span> <span class='ocrx_word' id='word_1_7' title='bbox 2187 327 2212 383; x_wconf 74' lang='grc' dir='ltr'>Ε</span> 
     </span>
    </p>
   </div>
   <div class='ocr_carea' id='block_1_3' title="bbox 2316 323 3422 398">
    <p class='ocr_par' dir='ltr' id='par_1_3' title="bbox 2320 323 3422 384">
     <span class='ocr_line' id='line_1_3' title="bbox 2320 323 3422 384; baseline 0 -2"><span class='ocrx_word' id='word_1_8' title='bbox 2320 326 2357 382; x_wconf 88' lang='lat' dir='ltr'><strong>S</strong></span> <span class='ocrx_word' id='word_1_9' title='bbox 2393 323 2703 384; x_wconf 66' lang='lat' dir='ltr'><strong>SCRIPTIS</strong></span> <span class='ocrx_word' id='word_1_10' title='bbox 2743 325 3134 384; x_wconf 77' lang='lat' dir='ltr'><strong>ABORNA&#39;I&#39;A.</strong></span> <span class='ocrx_word' id='word_1_11' title='bbox 3165 325 3296 384; x_wconf 75' lang='lat' dir='ltr'><strong>LIB.</strong></span> <span class='ocrx_word' id='word_1_12' title='bbox 3334 325 3422 384; x_wconf 75' lang='lat' dir='ltr'><strong>Ill.</strong></span> 
     </span>
    </p>
   </div>
   <div class='ocr_carea' id='block_1_4' title="bbox 3814 327 3928 382">
    <p class='ocr_par' dir='ltr' id='par_1_4' title="bbox 3814 327 3928 382">
     <span class='ocr_line' id='line_1_4' title="bbox 3814 327 3928 382; baseline 0 -40"><span class='ocrx_word' id='word_1_13' title='bbox 3814 327 3928 382; x_wconf 40' lang='grc' dir='ltr'><strong>με</strong></span> 
     </span>
    </p>
   </div>
   <div class='ocr_carea' id='block_1_5' title="bbox 618 438 3931 534">
    <p class='ocr_par' dir='ltr' id='par_1_5' title="bbox 618 438 3931 534">
     <span class='ocr_line' id='line_1_5' title="bbox 618 438 3931 534; baseline -0.007 -14"><span class='ocrx_word' id='word_1_14' title='bbox 618 464 732 526; x_wconf 76' lang='lat' dir='ltr'><strong>vita</strong></span> <span class='ocrx_word' id='word_1_15' title='bbox 777 459 1052 534; x_wconf 89' lang='lat' dir='ltr'><strong>(nondum</strong></span> <span class='ocrx_word' id='word_1_16' title='bbox 1097 455 1240 511; x_wconf 89' lang='lat' dir='ltr'><strong>enim</strong></span> <span class='ocrx_word' id='word_1_17' title='bbox 1286 467 1406 509; x_wconf 88' lang='lat' dir='ltr'><strong>eam</strong></span> <span class='ocrx_word' id='word_1_18' title='bbox 1453 466 1484 506; x_wconf 93' lang='lat' dir='ltr'><strong>e</strong></span> <span class='ocrx_word' id='word_1_19' title='bbox 1523 449 1756 505; x_wconf 75' lang='lat' dir='ltr'><strong>tenebris</strong></span> <span class='ocrx_word' id='word_1_20' title='bbox 1784 455 1998 503; x_wconf 87' lang='lat' dir='ltr'><strong>eruerat</strong></span> <span class='ocrx_word' id='word_1_21' title='bbox 2024 455 2205 502; x_wconf 86' lang='lat' dir='ltr'><strong>noster</strong></span> <span class='ocrx_word' id='word_1_22' title='bbox 2234 449 2280 508; x_wconf 80' lang='grc' dir='ltr'><strong>Α</strong></span> <span class='ocrx_word' id='word_1_23' title='bbox 2307 440 2597 510; x_wconf 74' lang='lat' dir='ltr'><strong>Gregorius</strong></span> <span class='ocrx_word' id='word_1_24' title='bbox 2639 441 2841 496; x_wconf 86' lang='lat' dir='ltr'><strong>amicos</strong></span> <span class='ocrx_word' id='word_1_25' title='bbox 2871 455 2997 494; x_wconf 84' lang='lat' dir='ltr'><strong>suos</strong></span> <span class='ocrx_word' id='word_1_26' title='bbox 3023 439 3090 493; x_wconf 87' lang='lat' dir='ltr'><strong>ad</strong></span> <span class='ocrx_word' id='word_1_27' title='bbox 3117 439 3319 508; x_wconf 82' lang='lat' dir='ltr'><strong>gratias</strong></span> <span class='ocrx_word' id='word_1_28' title='bbox 3345 438 3458 494; x_wconf 82' lang='lat' dir='ltr'><strong>Deo</strong></span> <span class='ocrx_word' id='word_1_29' title='bbox 3487 451 3590 508; x_wconf 74' lang='lat' dir='ltr'><strong>pro</strong></span> <span class='ocrx_word' id='word_1_30' title='bbox 3613 445 3786 496; x_wconf 67' lang='lat' dir='ltr'><strong>tanta</strong></span> <span class='ocrx_word' id='word_1_31' title='bbox 3812 438 3931 496; x_wconf 66' lang='lat' dir='ltr'><strong>he-</strong></span> 
     </span>
    </p>
   </div>
   <div class='ocr_carea' id='block_1_6' title="bbox 621 541 2207 618">
    <p class='ocr_par' dir='ltr' id='par_1_6' title="bbox 621 541 2207 618">
     <span class='ocr_line' id='line_1_6' title="bbox 621 541 2207 618; baseline -0.013 -4"><span class='ocrx_word' id='word_1_32' title='bbox 621 554 979 618; x_wconf 78' lang='lat' dir='ltr'><strong>Mabillonius,</strong></span> <span class='ocrx_word' id='word_1_33' title='bbox 1012 563 1134 604; x_wconf 90' lang='lat' dir='ltr'><strong>cum</strong></span> <span class='ocrx_word' id='word_1_34' title='bbox 1164 548 1277 602; x_wconf 75' lang='lat' dir='ltr'><strong>bmc</strong></span> <span class='ocrx_word' id='word_1_35' title='bbox 1305 544 1450 600; x_wconf 89' lang='lat' dir='ltr'><strong>docti</strong></span> <span class='ocrx_word' id='word_1_36' title='bbox 1481 543 1582 598; x_wconf 89' lang='lat' dir='ltr'><strong>viri</strong></span> <span class='ocrx_word' id='word_1_37' title='bbox 1611 541 1969 610; x_wconf 79' lang='lat' dir='ltr'><strong>scriberent),</strong></span> <span class='ocrx_word' id='word_1_38' title='bbox 1995 546 2207 594; x_wconf 89' lang='lat' dir='ltr'><strong>remota</strong></span> 
     </span>
    </p>
   </div>
   <div class='ocr_carea' id='block_1_7' title="bbox 623 633 2219 704">
    <p class='ocr_par' dir='ltr' id='par_1_7' title="bbox 623 633 2219 704">
     <span class='ocr_line' id='line_1_7' title="bbox 623 633 2219 704; baseline -0.013 0"><span class='ocrx_word' id='word_1_39' title='bbox 623 648 766 704; x_wconf 89' lang='lat' dir='ltr'><strong>omni</strong></span> <span class='ocrx_word' id='word_1_40' title='bbox 797 643 1129 702; x_wconf 72' lang='lat' dir='ltr'><strong>dubitatione</strong></span> <span class='ocrx_word' id='word_1_41' title='bbox 1176 655 1241 694; x_wconf 88' lang='lat' dir='ltr'><strong>ac</strong></span> <span class='ocrx_word' id='word_1_42' title='bbox 1281 637 1630 694; x_wconf 79' lang='lat' dir='ltr'><strong>ﬂuctuatione</strong></span> <span class='ocrx_word' id='word_1_43' title='bbox 1656 677 1672 701; x_wconf 96' lang='lat'><strong>,</strong></span> <span class='ocrx_word' id='word_1_44' title='bbox 1724 633 1781 689; x_wconf 90' lang='lat' dir='ltr'><strong>S.</strong></span> <span class='ocrx_word' id='word_1_45' title='bbox 1833 633 2219 702; x_wconf 82' lang='lat' dir='ltr'><strong>Augustinum,</strong></span> 
     </span>
    </p>
   </div>
   <div class='ocr_carea' id='block_1_8' title="bbox 620 720 2208 807">
    <p class='ocr_par' dir='ltr' id='par_1_8' title="bbox 620 720 2208 807">
     <span class='ocr_line' id='line_1_8' title="bbox 620 720 2208 807; baseline -0.014 -12"><span class='ocrx_word' id='word_1_46' title='bbox 620 737 914 807; x_wconf 74' lang='lat' dir='ltr'><strong>Anglorum</strong></span> <span class='ocrx_word' id='word_1_47' title='bbox 944 730 1253 803; x_wconf 85' lang='lat' dir='ltr'><strong>apostolum</strong></span> <span class='ocrx_word' id='word_1_48' title='bbox 1281 729 1507 800; x_wconf 75' lang='lat' dir='ltr'><strong>ejusque</strong></span> <span class='ocrx_word' id='word_1_49' title='bbox 1534 727 1713 783; x_wconf 89' lang='lat' dir='ltr'><strong>socios</strong></span> <span class='ocrx_word' id='word_1_50' title='bbox 1741 722 2099 778; x_wconf 79' lang='lat' dir='ltr'><strong>Benedictina:</strong></span> <span class='ocrx_word' id='word_1_51' title='bbox 2127 720 2208 774; x_wconf 87' lang='lat' dir='ltr'><strong>fa-</strong></span> 
     </span>
    </p>
   </div>
   <div class='ocr_carea' id='block_1_9' title="bbox 619 823 1228 894">
    <p class='ocr_par' dir='ltr' id='par_1_9' title="bbox 619 823 1228 894">
     <span class='ocr_line' id='line_1_9' title="bbox 619 823 1228 894; baseline -0.018 -9"><span class='ocrx_word' id='word_1_52' title='bbox 619 827 781 885; x_wconf 71' lang='lat' dir='ltr'><strong>milia:</strong></span> <span class='ocrx_word' id='word_1_53' title='bbox 809 823 1228 894; x_wconf 85' lang='lat' dir='ltr'><strong>adjudicassent.</strong></span> 
     </span>
    </p>
   </div>
   <div class='ocr_carea' id='block_1_10' title="bbox 691 902 2212 976">
    <p class='ocr_par' dir='ltr' id='par_1_10' title="bbox 691 902 2212 976">
     <span class='ocr_line' id='line_1_10' title="bbox 691 902 2212 976; baseline -0.014 0"><span class='ocrx_word' id='word_1_54' title='bbox 691 918 743 976; x_wconf 91' lang='lat'><strong>9.</strong></span> <span class='ocrx_word' id='word_1_55' title='bbox 784 911 954 972; x_wconf 82' lang='lat' dir='ltr'><strong>Aliter</strong></span> <span class='ocrx_word' id='word_1_56' title='bbox 981 928 1112 968; x_wconf 82' lang='lat' dir='ltr'><strong>sane</strong></span> <span class='ocrx_word' id='word_1_57' title='bbox 1145 911 1311 968; x_wconf 88' lang='lat' dir='ltr'><strong>sentit</strong></span> <span class='ocrx_word' id='word_1_58' title='bbox 1338 908 1574 965; x_wconf 83' lang='lat' dir='ltr'><strong>Joannes</strong></span> <span class='ocrx_word' id='word_1_59' title='bbox 1603 905 1972 961; x_wconf 80' lang='lat' dir='ltr'><strong>Maresbamus</strong></span> <span class='ocrx_word' id='word_1_60' title='bbox 2002 902 2054 956; x_wconf 94' lang='lat' dir='ltr'><strong>in</strong></span> <span class='ocrx_word' id='word_1_61' title='bbox 2087 915 2212 971; x_wconf 88' lang='lat' dir='ltr'><strong>pro-</strong></span> 
     </span>
    </p>
   </div>
   <div class='ocr_carea' id='block_1_11' title="bbox 618 996 2210 1083">
    <p class='ocr_par' dir='ltr' id='par_1_11' title="bbox 618 996 2210 1083">
     <span class='ocr_line' id='line_1_11' title="bbox 618 996 2210 1083; baseline -0.009 -18"><span class='ocrx_word' id='word_1_62' title='bbox 618 1010 791 1083; x_wconf 76' lang='lat' dir='ltr'><strong>pylteo</strong></span> <span class='ocrx_word' id='word_1_63' title='bbox 820 1008 888 1064; x_wconf 88' lang='lat' dir='ltr'><strong>ad</strong></span> <span class='ocrx_word' id='word_1_64' title='bbox 915 1005 1268 1061; x_wconf 80' lang='lat' dir='ltr'><strong>Monasticum</strong></span> <span class='ocrx_word' id='word_1_65' title='bbox 1301 1003 1652 1072; x_wconf 87' lang='lat' dir='ltr'><strong>Auglicanum</strong></span> <span class='ocrx_word' id='word_1_66' title='bbox 1677 1017 1689 1065; x_wconf 90' lang='lat'><strong>;</strong></span> <span class='ocrx_word' id='word_1_67' title='bbox 1722 999 1833 1068; x_wconf 91' lang='lat' dir='ltr'><strong>qui,</strong></span> <span class='ocrx_word' id='word_1_68' title='bbox 1881 997 2007 1053; x_wconf 90' lang='lat' dir='ltr'><strong>licet</strong></span> <span class='ocrx_word' id='word_1_69' title='bbox 2037 996 2210 1050; x_wconf 88' lang='lat' dir='ltr'><strong>fatea-</strong></span> 
     </span>
    </p>
   </div>
   <div class='ocr_carea' id='block_1_12' title="bbox 620 1086 2210 1165">
    <p class='ocr_par' dir='ltr' id='par_1_12' title="bbox 620 1086 2210 1165">
     <span class='ocr_line' id='line_1_12' title="bbox 620 1086 2210 1165; baseline -0.009 -10"><span class='ocrx_word' id='word_1_70' title='bbox 620 1109 708 1156; x_wconf 85' lang='lat' dir='ltr'><strong>tur</strong></span> <span class='ocrx_word' id='word_1_71' title='bbox 751 1099 1039 1156; x_wconf 81' lang='lat' dir='ltr'><strong>maximam</strong></span> <span class='ocrx_word' id='word_1_72' title='bbox 1084 1096 1223 1165; x_wconf 88' lang='lat' dir='ltr'><strong>apud</strong></span> <span class='ocrx_word' id='word_1_73' title='bbox 1273 1093 1474 1162; x_wconf 80' lang='lat' dir='ltr'><strong>Anglos</strong></span> <span class='ocrx_word' id='word_1_74' title='bbox 1523 1092 1649 1146; x_wconf 90' lang='lat' dir='ltr'><strong>olim</strong></span> <span class='ocrx_word' id='word_1_75' title='bbox 1693 1088 1860 1145; x_wconf 82' lang='lat' dir='ltr'><strong>fuisse</strong></span> <span class='ocrx_word' id='word_1_76' title='bbox 1907 1087 2102 1156; x_wconf 84' lang='lat' dir='ltr'><strong>regulae</strong></span> <span class='ocrx_word' id='word_1_77' title='bbox 2150 1086 2210 1142; x_wconf 87' lang='lat' dir='ltr'><strong>S.</strong></span> 
     </span>
    </p>
   </div>
   <div class='ocr_carea' id='block_1_13' title="bbox 620 1178 2213 1248">
    <p class='ocr_par' dir='ltr' id='par_1_13' title="bbox 620 1178 2213 1248">
     <span class='ocr_line' id='line_1_13' title="bbox 620 1178 2213 1248; baseline -0.009 -4"><span class='ocrx_word' id='word_1_78' title='bbox 620 1186 897 1246; x_wconf 84' lang='lat' dir='ltr'><strong>Benedicti</strong></span> <span class='ocrx_word' id='word_1_79' title='bbox 925 1185 1306 1248; x_wconf 84' lang='lat' dir='ltr'><strong>reverentiam,</strong></span> <span class='ocrx_word' id='word_1_80' title='bbox 1340 1180 1583 1237; x_wconf 86' lang='lat' dir='ltr'><strong>eamdem</strong></span> <span class='ocrx_word' id='word_1_81' title='bbox 1617 1188 1793 1234; x_wconf 89' lang='lat' dir='ltr'><strong>tamen</strong></span> <span class='ocrx_word' id='word_1_82' title='bbox 1825 1178 1893 1232; x_wconf 91' lang='lat' dir='ltr'><strong>ab</strong></span> <span class='ocrx_word' id='word_1_83' title='bbox 1923 1193 2064 1232; x_wconf 88' lang='lat' dir='ltr'><strong>anno</strong></span> <span class='ocrx_word' id='word_1_84' title='bbox 2095 1186 2213 1231; x_wconf 89' lang='lat' dir='ltr'><strong>tan-</strong></span> 
     </span>
    </p>
   </div>
   <div class='ocr_carea' id='block_1_14' title="bbox 619 1271 2213 1343">
    <p class='ocr_par' dir='ltr' id='par_1_14' title="bbox 619 1271 2213 1343">
     <span class='ocr_line' id='line_1_14' title="bbox 619 1271 2213 1343; baseline -0.009 -6"><span class='ocrx_word' id='word_1_85' title='bbox 619 1289 734 1337; x_wconf 91' lang='lat' dir='ltr'><strong>tum</strong></span> <span class='ocrx_word' id='word_1_86' title='bbox 774 1277 881 1335; x_wconf 81' lang='lat'><strong>965</strong></span> <span class='ocrx_word' id='word_1_87' title='bbox 926 1278 982 1333; x_wconf 90' lang='lat' dir='ltr'><strong>in</strong></span> <span class='ocrx_word' id='word_1_88' title='bbox 1029 1274 1333 1343; x_wconf 82' lang='lat' dir='ltr'><strong>Anglicanis</strong></span> <span class='ocrx_word' id='word_1_89' title='bbox 1379 1271 1726 1327; x_wconf 88' lang='lat' dir='ltr'><strong>monasteriis</strong></span> <span class='ocrx_word' id='word_1_90' title='bbox 1776 1276 2045 1338; x_wconf 85' lang='lat' dir='ltr'><strong>receptam</strong></span> <span class='ocrx_word' id='word_1_91' title='bbox 2095 1281 2213 1322; x_wconf 90' lang='lat' dir='ltr'><strong>esse</strong></span> 
     </span>
    </p>
   </div>
   <div class='ocr_carea' id='block_1_15' title="bbox 621 1357 2213 1436">
    <p class='ocr_par' dir='ltr' id='par_1_15' title="bbox 621 1357 2213 1436">
     <span class='ocr_line' id='line_1_15' title="bbox 621 1357 2213 1436; baseline -0.009 -10"><span class='ocrx_word' id='word_1_92' title='bbox 621 1369 943 1436; x_wconf 75' lang='lat' dir='ltr'><strong>contendit,</strong></span> <span class='ocrx_word' id='word_1_93' title='bbox 997 1367 1067 1423; x_wconf 93' lang='lat' dir='ltr'><strong>ob</strong></span> <span class='ocrx_word' id='word_1_94' title='bbox 1113 1363 1301 1436; x_wconf 86' lang='lat' dir='ltr'><strong>synodi</strong></span> <span class='ocrx_word' id='word_1_95' title='bbox 1363 1358 1730 1417; x_wconf 70' lang='lat' dir='ltr'><strong>Cloveshovite</strong></span> <span class='ocrx_word' id='word_1_96' title='bbox 1782 1374 1845 1413; x_wconf 90' lang='lat' dir='ltr'><strong>ac</strong></span> <span class='ocrx_word' id='word_1_97' title='bbox 1889 1357 2213 1413; x_wconf 88' lang='lat' dir='ltr'><strong>venerabilis</strong></span> 
     </span>
    </p>
   </div>
   <div class='ocr_carea' id='block_1_16' title="bbox 619 1451 2214 1527">
    <p class='ocr_par' dir='ltr' id='par_1_16' title="bbox 619 1451 2214 1527">
     <span class='ocr_line' id='line_1_16' title="bbox 619 1451 2214 1527; baseline -0.006 -12"><span class='ocrx_word' id='word_1_98' title='bbox 619 1462 776 1518; x_wconf 68' lang='lat' dir='ltr'><strong>Bedae</strong></span> <span class='ocrx_word' id='word_1_99' title='bbox 804 1462 902 1516; x_wconf 89' lang='lat' dir='ltr'><strong>hac</strong></span> <span class='ocrx_word' id='word_1_100' title='bbox 943 1460 1010 1516; x_wconf 89' lang='lat' dir='ltr'><strong>de</strong></span> <span class='ocrx_word' id='word_1_101' title='bbox 1054 1457 1240 1527; x_wconf 89' lang='lat' dir='ltr'><strong>regula</strong></span> <span class='ocrx_word' id='word_1_102' title='bbox 1269 1456 1559 1510; x_wconf 87' lang='lat' dir='ltr'><strong>silentium.</strong></span> <span class='ocrx_word' id='word_1_103' title='bbox 1597 1453 1791 1508; x_wconf 82' lang='lat' dir='ltr'><strong>Verum</strong></span> <span class='ocrx_word' id='word_1_104' title='bbox 1821 1451 2070 1521; x_wconf 76' lang='lat' dir='ltr'><strong>negantia</strong></span> <span class='ocrx_word' id='word_1_105' title='bbox 2098 1451 2214 1506; x_wconf 61' lang='lat' dir='ltr'><strong>haec</strong></span> 
     </span>
    </p>
   </div>
   <div class='ocr_carea' id='block_1_17' title="bbox 619 1542 2213 1622">
    <p class='ocr_par' dir='ltr' id='par_1_17' title="bbox 619 1542 2213 1622">
     <span class='ocr_line' id='line_1_17' title="bbox 619 1542 2213 1622; baseline -0.008 -14"><span class='ocrx_word' id='word_1_106' title='bbox 619 1562 935 1622; x_wconf 87' lang='lat' dir='ltr'><strong>argumenta</strong></span> <span class='ocrx_word' id='word_1_107' title='bbox 958 1550 1069 1619; x_wconf 89' lang='lat' dir='ltr'><strong>jam</strong></span> <span class='ocrx_word' id='word_1_108' title='bbox 1098 1547 1428 1604; x_wconf 79' lang='lat' dir='ltr'><strong>sufficienter</strong></span> <span class='ocrx_word' id='word_1_109' title='bbox 1455 1545 1726 1609; x_wconf 87' lang='lat' dir='ltr'><strong>diluimus,</strong></span> <span class='ocrx_word' id='word_1_110' title='bbox 1753 1542 1975 1614; x_wconf 88' lang='lat' dir='ltr'><strong>prolatis</strong></span> <span class='ocrx_word' id='word_1_111' title='bbox 2006 1551 2116 1596; x_wconf 92' lang='lat' dir='ltr'><strong>tum</strong></span> <span class='ocrx_word' id='word_1_112' title='bbox 2147 1558 2213 1596; x_wconf 89' lang='lat' dir='ltr'><strong>ex</strong></span> 
     </span>
    </p>
   </div>
   <div class='ocr_carea' id='block_1_18' title="bbox 617 1634 2212 1714">
    <p class='ocr_par' dir='ltr' id='par_1_18' title="bbox 617 1634 2212 1714">
     <span class='ocr_line' id='line_1_18' title="bbox 617 1634 2212 1714; baseline -0.007 -15"><span class='ocrx_word' id='word_1_113' title='bbox 617 1645 830 1701; x_wconf 87' lang='lat' dir='ltr'><strong>laudata</strong></span> <span class='ocrx_word' id='word_1_114' title='bbox 859 1641 1101 1714; x_wconf 81' lang='lat' dir='ltr'><strong>synodo,</strong></span> <span class='ocrx_word' id='word_1_115' title='bbox 1132 1649 1246 1694; x_wconf 87' lang='lat' dir='ltr'><strong>tum</strong></span> <span class='ocrx_word' id='word_1_116' title='bbox 1275 1654 1342 1693; x_wconf 83' lang='lat' dir='ltr'><strong>ex</strong></span> <span class='ocrx_word' id='word_1_117' title='bbox 1372 1637 1664 1692; x_wconf 85' lang='lat' dir='ltr'><strong>venerabili</strong></span> <span class='ocrx_word' id='word_1_118' title='bbox 1692 1636 1954 1705; x_wconf 86' lang='lat' dir='ltr'><strong>scriptore</strong></span> <span class='ocrx_word' id='word_1_119' title='bbox 1977 1650 2084 1690; x_wconf 90' lang='lat' dir='ltr'><strong>non</strong></span> <span class='ocrx_word' id='word_1_120' title='bbox 2114 1634 2212 1688; x_wconf 91' lang='lat' dir='ltr'><strong>du-</strong></span> 
     </span>
    </p>
   </div>
   <div class='ocr_carea' id='block_1_19' title="bbox 615 1727 2212 1802">
    <p class='ocr_par' dir='ltr' id='par_1_19' title="bbox 615 1727 2212 1802">
     <span class='ocr_line' id='line_1_19' title="bbox 615 1727 2212 1802; baseline -0.009 -8"><span class='ocrx_word' id='word_1_121' title='bbox 615 1739 718 1795; x_wconf 89' lang='lat' dir='ltr'><strong>biis</strong></span> <span class='ocrx_word' id='word_1_122' title='bbox 746 1739 813 1794; x_wconf 89' lang='lat' dir='ltr'><strong>de</strong></span> <span class='ocrx_word' id='word_1_123' title='bbox 861 1733 1206 1792; x_wconf 90' lang='lat' dir='ltr'><strong>Benedictina</strong></span> <span class='ocrx_word' id='word_1_124' title='bbox 1238 1731 1420 1802; x_wconf 90' lang='lat' dir='ltr'><strong>regula</strong></span> <span class='ocrx_word' id='word_1_125' title='bbox 1451 1729 1790 1786; x_wconf 88' lang='lat' dir='ltr'><strong>testimoniis.</strong></span> <span class='ocrx_word' id='word_1_126' title='bbox 1828 1727 2055 1782; x_wconf 85' lang='lat' dir='ltr'><strong>Aliunde</strong></span> <span class='ocrx_word' id='word_1_127' title='bbox 2085 1741 2212 1781; x_wconf 86' lang='lat' dir='ltr'><strong>vero</strong></span> 
     </span>
    </p>
   </div>
   <div class='ocr_carea' id='block_1_20' title="bbox 2314 528 3932 600">
    <p class='ocr_par' dir='ltr' id='par_1_20' title="bbox 2314 528 3932 600">
     <span class='ocr_line' id='line_1_20' title="bbox 2314 528 3932 600; baseline -0.001 -12"><span class='ocrx_word' id='word_1_128' title='bbox 2314 533 2506 590; x_wconf 78' lang='lat' dir='ltr'><strong>nelic-io</strong></span> <span class='ocrx_word' id='word_1_129' title='bbox 2541 532 2774 600; x_wconf 83' lang='lat' dir='ltr'><strong>agendas</strong></span> <span class='ocrx_word' id='word_1_130' title='bbox 2819 531 3010 586; x_wconf 82' lang='lat' dir='ltr'><strong>litteris</strong></span> <span class='ocrx_word' id='word_1_131' title='bbox 3037 530 3147 588; x_wconf 88' lang='lat' dir='ltr'><strong>suis</strong></span> <span class='ocrx_word' id='word_1_132' title='bbox 3173 530 3506 599; x_wconf 82' lang='lat' dir='ltr'><strong>provocavit.</strong></span> <span class='ocrx_word' id='word_1_133' title='bbox 3541 530 3618 586; x_wconf 90' lang='lat' dir='ltr'><strong>Ad</strong></span> <span class='ocrx_word' id='word_1_134' title='bbox 3651 528 3711 584; x_wconf 91' lang='lat' dir='ltr'><strong>S.</strong></span> <span class='ocrx_word' id='word_1_135' title='bbox 3745 529 3932 586; x_wconf 78' lang='lat' dir='ltr'><strong>Eulo-</strong></span> 
     </span>
    </p>
   </div>
   <div class='ocr_carea' id='block_1_21' title="bbox 2313 620 3928 696">
    <p class='ocr_par' dir='ltr' id='par_1_21' title="bbox 2313 620 3928 696">
     <span class='ocr_line' id='line_1_21' title="bbox 2313 620 3928 696; baseline -0.004 -16"><span class='ocrx_word' id='word_1_136' title='bbox 2313 625 2478 696; x_wconf 87' lang='lat' dir='ltr'><strong>gium,</strong></span> <span class='ocrx_word' id='word_1_137' title='bbox 2528 641 2560 681; x_wconf 88' lang='lat' dir='ltr'><strong>a</strong></span> <span class='ocrx_word' id='word_1_138' title='bbox 2598 641 2704 696; x_wconf 88' lang='lat' dir='ltr'><strong>quo</strong></span> <span class='ocrx_word' id='word_1_139' title='bbox 2735 639 2906 694; x_wconf 86' lang='lat' dir='ltr'><strong>nuper</strong></span> <span class='ocrx_word' id='word_1_140' title='bbox 2935 623 3110 678; x_wconf 69' lang='lat' dir='ltr'><strong>ltetum</strong></span> <span class='ocrx_word' id='word_1_141' title='bbox 3142 620 3212 676; x_wconf 88' lang='lat' dir='ltr'><strong>de</strong></span> <span class='ocrx_word' id='word_1_142' title='bbox 3242 621 3616 676; x_wconf 66' lang='lat' dir='ltr'><strong>haereticorum</strong></span> <span class='ocrx_word' id='word_1_143' title='bbox 3672 636 3928 681; x_wconf 68' lang='lat' dir='ltr'><strong>convu-</strong></span> 
     </span>
    </p>
   </div>
   <div class='ocr_carea' id='block_1_22' title="bbox 2313 711 3927 782">
    <p class='ocr_par' dir='ltr' id='par_1_22' title="bbox 2313 711 3927 782">
     <span class='ocr_line' id='line_1_22' title="bbox 2313 711 3927 782; baseline -0.004 -11"><span class='ocrx_word' id='word_1_144' title='bbox 2313 717 2463 771; x_wconf 91' lang='lat' dir='ltr'><strong>sione</strong></span> <span class='ocrx_word' id='word_1_145' title='bbox 2487 757 2502 782; x_wconf 90' lang='lat'><strong>,</strong></span> <span class='ocrx_word' id='word_1_146' title='bbox 2549 723 2604 769; x_wconf 92' lang='lat' dir='ltr'><strong>et</strong></span> <span class='ocrx_word' id='word_1_147' title='bbox 2630 714 2697 769; x_wconf 90' lang='lat' dir='ltr'><strong>de</strong></span> <span class='ocrx_word' id='word_1_148' title='bbox 2725 714 3114 769; x_wconf 90' lang='lat' dir='ltr'><strong>catholicorum</strong></span> <span class='ocrx_word' id='word_1_149' title='bbox 3142 711 3428 766; x_wconf 79' lang='lat' dir='ltr'><strong>concordia</strong></span> <span class='ocrx_word' id='word_1_150' title='bbox 3457 711 3708 764; x_wconf 68' lang='lat' dir='ltr'><strong>nouitium</strong></span> <span class='ocrx_word' id='word_1_151' title='bbox 3748 726 3927 766; x_wconf 72' lang='lat' dir='ltr'><strong>acce-</strong></span> 
     </span>
    </p>
   </div>
   <div class='ocr_carea' id='block_1_23' title="bbox 2312 801 3930 878">
    <p class='ocr_par' dir='ltr' id='par_1_23' title="bbox 2312 801 3930 878">
     <span class='ocr_line' id='line_1_23' title="bbox 2312 801 3930 878; baseline -0.004 -15"><span class='ocrx_word' id='word_1_152' title='bbox 2312 816 2484 878; x_wconf 90' lang='lat' dir='ltr'><strong>perat,</strong></span> <span class='ocrx_word' id='word_1_153' title='bbox 2535 807 2608 862; x_wconf 89' lang='lat' dir='ltr'><strong>ita</strong></span> <span class='ocrx_word' id='word_1_154' title='bbox 2637 806 2859 862; x_wconf 88' lang='lat' dir='ltr'><strong>scribit:</strong></span> <span class='ocrx_word' id='word_1_155' title='bbox 2891 803 3150 868; x_wconf 85' lang='lat' dir='ltr'><strong>Quoniam</strong></span> <span class='ocrx_word' id='word_1_156' title='bbox 3179 819 3292 858; x_wconf 86' lang='lat' dir='ltr'><strong>vere</strong></span> <span class='ocrx_word' id='word_1_157' title='bbox 3319 803 3371 855; x_wconf 86' lang='lat' dir='ltr'><strong>in</strong></span> <span class='ocrx_word' id='word_1_158' title='bbox 3406 801 3552 856; x_wconf 84' lang='lat' dir='ltr'><strong>bonis</strong></span> <span class='ocrx_word' id='word_1_159' title='bbox 3591 818 3707 872; x_wconf 68' lang='lat' dir='ltr'><strong>ante</strong></span> <span class='ocrx_word' id='word_1_160' title='bbox 3755 801 3930 872; x_wconf 79' lang='lat' dir='ltr'><strong>agitis</strong></span> 
     </span>
    </p>
   </div>
   <div class='ocr_carea' id='block_1_24' title="bbox 2315 885 3930 971">
    <p class='ocr_par' dir='ltr' id='par_1_24' title="bbox 2315 885 3930 971">
     <span class='ocr_line' id='line_1_24' title="bbox 2315 885 3930 971; baseline -0.004 -18"><span class='ocrx_word' id='word_1_161' title='bbox 2315 901 2420 955; x_wconf 87' lang='lat' dir='ltr'><strong>scio</strong></span> <span class='ocrx_word' id='word_1_162' title='bbox 2448 899 2582 971; x_wconf 87' lang='lat' dir='ltr'><strong>quod</strong></span> <span class='ocrx_word' id='word_1_163' title='bbox 2611 909 2659 952; x_wconf 90' lang='lat' dir='ltr'><strong>et</strong></span> <span class='ocrx_word' id='word_1_164' title='bbox 2689 899 2805 952; x_wconf 84' lang='lat' dir='ltr'><strong>aliis</strong></span> <span class='ocrx_word' id='word_1_165' title='bbox 2836 885 3398 966; x_wconf 34' lang='lat' dir='ltr'><strong>congaudetis,‘ﬁt‘8trw</strong></span> <span class='ocrx_word' id='word_1_166' title='bbox 3430 892 3569 947; x_wconf 73' lang='lat' dir='ltr'><strong>vobis</strong></span> <span class='ocrx_word' id='word_1_167' title='bbox 3607 893 3803 970; x_wconf 62' lang='lat' dir='ltr'><strong>wits</strong></span> <span class='ocrx_word' id='word_1_168' title='bbox 3850 893 3930 946; x_wconf 83' lang='lat' dir='ltr'><strong>vi-</strong></span> 
     </span>
    </p>
   </div>
   <div class='ocr_carea' id='block_1_25' title="bbox 2315 982 3927 1055">
    <p class='ocr_par' dir='ltr' id='par_1_25' title="bbox 2315 982 3927 1055">
     <span class='ocr_line' id='line_1_25' title="bbox 2315 982 3927 1055; baseline -0.004 -12"><span class='ocrx_word' id='word_1_169' title='bbox 2315 1006 2421 1043; x_wconf 84' lang='lat' dir='ltr'><strong>cem</strong></span> <span class='ocrx_word' id='word_1_170' title='bbox 2452 989 2629 1055; x_wconf 87' lang='lat' dir='ltr'><strong>reddo,</strong></span> <span class='ocrx_word' id='word_1_171' title='bbox 2673 997 2722 1041; x_wconf 90' lang='lat' dir='ltr'><strong>et</strong></span> <span class='ocrx_word' id='word_1_172' title='bbox 2759 1004 2863 1042; x_wconf 86' lang='lat' dir='ltr'><strong>non</strong></span> <span class='ocrx_word' id='word_1_173' title='bbox 2901 985 3177 1039; x_wconf 78' lang='lat' dir='ltr'><strong>dissimilia</strong></span> <span class='ocrx_word' id='word_1_174' title='bbox 3206 983 3426 1036; x_wconf 87' lang='lat' dir='ltr'><strong>nuntio:</strong></span> <span class='ocrx_word' id='word_1_175' title='bbox 3457 983 3578 1054; x_wconf 83' lang='lat' dir='ltr'><strong>quia</strong></span> <span class='ocrx_word' id='word_1_176' title='bbox 3617 982 3742 1034; x_wconf 86' lang='lat' dir='ltr'><strong>dum</strong></span> <span class='ocrx_word' id='word_1_177' title='bbox 3795 998 3927 1051; x_wconf 74' lang='lat' dir='ltr'><strong>gens</strong></span> 
     </span>
    </p>
   </div>
   <div class='ocr_carea' id='block_1_26' title="bbox 2314 1072 3927 1150">
    <p class='ocr_par' dir='ltr' id='par_1_26' title="bbox 2314 1072 3927 1150">
     <span class='ocr_line' id='line_1_26' title="bbox 2314 1072 3927 1150; baseline -0.004 -20"><span class='ocrx_word' id='word_1_178' title='bbox 2314 1078 2596 1150; x_wconf 83' lang='lat' dir='ltr'><strong>Anglorum</strong></span> <span class='ocrx_word' id='word_1_179' title='bbox 2624 1079 2678 1131; x_wconf 90' lang='lat' dir='ltr'><strong>in</strong></span> <span class='ocrx_word' id='word_1_180' title='bbox 2707 1077 2883 1130; x_wconf 87' lang='lat' dir='ltr'><strong>mundi</strong></span> <span class='ocrx_word' id='word_1_181' title='bbox 2930 1075 3118 1146; x_wconf 88' lang='lat' dir='ltr'><strong>angulo</strong></span> <span class='ocrx_word' id='word_1_182' title='bbox 3163 1073 3330 1146; x_wconf 84' lang='lat' dir='ltr'><strong>posita</strong></span> <span class='ocrx_word' id='word_1_183' title='bbox 3355 1115 3370 1140; x_wconf 88' lang='lat'><strong>,</strong></span> <span class='ocrx_word' id='word_1_184' title='bbox 3402 1073 3456 1125; x_wconf 92' lang='lat' dir='ltr'><strong>in</strong></span> <span class='ocrx_word' id='word_1_185' title='bbox 3485 1072 3621 1125; x_wconf 90' lang='lat' dir='ltr'><strong>cultu</strong></span> <span class='ocrx_word' id='word_1_186' title='bbox 3651 1072 3927 1142; x_wconf 70' lang='lat' dir='ltr'><strong>lignorum</strong></span> 
     </span>
    </p>
   </div>
   <div class='ocr_carea' id='block_1_27' title="bbox 2316 1168 3928 1241">
    <p class='ocr_par' dir='ltr' id='par_1_27' title="bbox 2316 1168 3928 1241">
     <span class='ocr_line' id='line_1_27' title="bbox 2316 1168 3928 1241; baseline -0.006 -18"><span class='ocrx_word' id='word_1_187' title='bbox 2316 1187 2376 1223; x_wconf 89' lang='lat' dir='ltr'><strong>ac</strong></span> <span class='ocrx_word' id='word_1_188' title='bbox 2418 1171 2648 1241; x_wconf 83' lang='lat' dir='ltr'><strong>lapidum</strong></span> <span class='ocrx_word' id='word_1_189' title='bbox 2692 1168 2892 1238; x_wconf 80' lang='lat' dir='ltr'><strong>perﬁda</strong></span> <span class='ocrx_word' id='word_1_190' title='bbox 2932 1182 3226 1236; x_wconf 74' lang='lat' dir='ltr'><strong>truncusque</strong></span> <span class='ocrx_word' id='word_1_191' title='bbox 3272 1173 3594 1226; x_wconf 74' lang='lat' dir='ltr'><strong>remaneret,</strong></span> <span class='ocrx_word' id='word_1_192' title='bbox 3637 1179 3704 1216; x_wconf 71' lang='lat' dir='ltr'><strong>ea:</strong></span> <span class='ocrx_word' id='word_1_193' title='bbox 3733 1171 3928 1214; x_wconf 68' lang='lat' dir='ltr'><strong>restria</strong></span> 
     </span>
    </p>
   </div>
   <div class='ocr_carea' id='block_1_28' title="bbox 2315 1257 3926 1331">
    <p class='ocr_par' dir='ltr' id='par_1_28' title="bbox 2315 1257 3926 1331">
     <span class='ocr_line' id='line_1_28' title="bbox 2315 1257 3926 1331; baseline -0.004 -16"><span class='ocrx_word' id='word_1_194' title='bbox 2315 1262 2437 1315; x_wconf 86' lang='lat' dir='ltr'><strong>mihi</strong></span> <span class='ocrx_word' id='word_1_195' title='bbox 2468 1262 2719 1315; x_wconf 84' lang='lat' dir='ltr'><strong>orationis</strong></span> <span class='ocrx_word' id='word_1_196' title='bbox 2749 1259 3012 1331; x_wconf 88' lang='lat' dir='ltr'><strong>adjutorio</strong></span> <span class='ocrx_word' id='word_1_197' title='bbox 3041 1257 3254 1322; x_wconf 81' lang='lat' dir='ltr'><strong>placuit,</strong></span> <span class='ocrx_word' id='word_1_198' title='bbox 3285 1267 3340 1316; x_wconf 87' lang='lat' dir='ltr'><strong>ut</strong></span> <span class='ocrx_word' id='word_1_199' title='bbox 3371 1259 3436 1310; x_wconf 81' lang='lat' dir='ltr'><strong>ad</strong></span> <span class='ocrx_word' id='word_1_200' title='bbox 3466 1273 3579 1310; x_wconf 88' lang='lat' dir='ltr'><strong>eam</strong></span> <span class='ocrx_word' id='word_1_201' title='bbox 3608 1257 3926 1320; x_wconf 79' lang='lat' dir='ltr'><strong>monasterii</strong></span> 
     </span>
    </p>
   </div>
   <div class='ocr_carea' id='block_1_29' title="bbox 2315 1346 3924 1422">
    <p class='ocr_par' dir='ltr' id='par_1_29' title="bbox 2315 1346 3924 1422">
     <span class='ocr_line' id='line_1_29' title="bbox 2315 1346 3924 1422; baseline -0.002 -16"><span class='ocrx_word' id='word_1_202' title='bbox 2315 1353 2417 1422; x_wconf 80' lang='lat' dir='ltr'><strong>mei</strong></span> <span class='ocrx_word' id='word_1_203' title='bbox 2473 1351 2781 1405; x_wconf 85' lang='lat' dir='ltr'><strong>monachum</strong></span> <span class='ocrx_word' id='word_1_204' title='bbox 2825 1351 2878 1402; x_wconf 88' lang='lat' dir='ltr'><strong>in</strong></span> <span class='ocrx_word' id='word_1_205' title='bbox 2926 1347 3349 1417; x_wconf 64' lang='lat' dir='ltr'><strong>praedicationem</strong></span> <span class='ocrx_word' id='word_1_206' title='bbox 3399 1349 3754 1400; x_wconf 86' lang='lat' dir='ltr'><strong>transmittere</strong></span> <span class='ocrx_word' id='word_1_207' title='bbox 3811 1346 3924 1402; x_wconf 81' lang='lat' dir='ltr'><strong>Deo</strong></span> 
     </span>
    </p>
   </div>
   <div class='ocr_carea' id='block_1_30' title="bbox 2316 1436 3927 1512">
    <p class='ocr_par' dir='ltr' id='par_1_30' title="bbox 2316 1436 3927 1512">
     <span class='ocr_line' id='line_1_30' title="bbox 2316 1436 3927 1512; baseline -0.002 -14"><span class='ocrx_word' id='word_1_208' title='bbox 2316 1453 2524 1498; x_wconf 89' lang='lat' dir='ltr'><strong>auctore</strong></span> <span class='ocrx_word' id='word_1_209' title='bbox 2551 1443 2837 1497; x_wconf 77' lang='lat' dir='ltr'><strong>debuissem</strong></span> <span class='ocrx_word' id='word_1_210' title='bbox 2870 1440 3017 1512; x_wconf 85' lang='lat' dir='ltr'><strong>(Lib.</strong></span> <span class='ocrx_word' id='word_1_211' title='bbox 3053 1455 3179 1506; x_wconf 84' lang='lat' dir='ltr'><strong>vm,</strong></span> <span class='ocrx_word' id='word_1_212' title='bbox 3208 1455 3288 1505; x_wconf 87' lang='lat' dir='ltr'><strong>ep.</strong></span> <span class='ocrx_word' id='word_1_213' title='bbox 3322 1436 3411 1492; x_wconf 79' lang='lat'><strong>&#39;50.</strong></span> <span class='ocrx_word' id='word_1_214' title='bbox 3437 1441 3452 1506; x_wconf 94' lang='lat'><strong>)</strong></span> <span class='ocrx_word' id='word_1_215' title='bbox 3499 1437 3696 1492; x_wconf 81' lang='lat' dir='ltr'><strong>Narrat</strong></span> <span class='ocrx_word' id='word_1_216' title='bbox 3725 1448 3927 1508; x_wconf 80' lang='lat' dir='ltr'><strong>postea</strong></span> 
     </span>
    </p>
   </div>
   <div class='ocr_carea' id='block_1_31' title="bbox 2315 1527 3924 1606">
    <p class='ocr_par' dir='ltr' id='par_1_31' title="bbox 2315 1527 3924 1606">
     <span class='ocr_line' id='line_1_31' title="bbox 2315 1527 3924 1606; baseline -0.006 -16"><span class='ocrx_word' id='word_1_217' title='bbox 2315 1547 2448 1606; x_wconf 92' lang='lat' dir='ltr'><strong>quot</strong></span> <span class='ocrx_word' id='word_1_218' title='bbox 2476 1537 2793 1606; x_wconf 86' lang='lat' dir='ltr'><strong>quantisque</strong></span> <span class='ocrx_word' id='word_1_219' title='bbox 2838 1532 3109 1588; x_wconf 86' lang='lat' dir='ltr'><strong>miraculis</strong></span> <span class='ocrx_word' id='word_1_220' title='bbox 3156 1531 3482 1598; x_wconf 84' lang='lat' dir='ltr'><strong>Augustinus</strong></span> <span class='ocrx_word' id='word_1_221' title='bbox 3519 1527 3746 1598; x_wconf 87' lang='lat' dir='ltr'><strong>ejusque</strong></span> <span class='ocrx_word' id='word_1_222' title='bbox 3782 1528 3924 1581; x_wconf 88' lang='lat' dir='ltr'><strong>socii</strong></span> 
     </span>
    </p>
   </div>
   <div class='ocr_carea' id='block_1_32' title="bbox 2317 1617 3924 1697">
    <p class='ocr_par' dir='ltr' id='par_1_32' title="bbox 2317 1617 3924 1697">
     <span class='ocr_line' id='line_1_32' title="bbox 2317 1617 3924 1697; baseline -0.008 -14"><span class='ocrx_word' id='word_1_223' title='bbox 2317 1627 2460 1697; x_wconf 86' lang='lat' dir='ltr'><strong>apud</strong></span> <span class='ocrx_word' id='word_1_224' title='bbox 2491 1626 2693 1696; x_wconf 82' lang='lat' dir='ltr'><strong>Anglos</strong></span> <span class='ocrx_word' id='word_1_225' title='bbox 2719 1631 3105 1689; x_wconf 87' lang='lat' dir='ltr'><strong>coruscarent;</strong></span> <span class='ocrx_word' id='word_1_226' title='bbox 3156 1621 3226 1676; x_wconf 86' lang='lat' dir='ltr'><strong>ita</strong></span> <span class='ocrx_word' id='word_1_227' title='bbox 3258 1628 3315 1673; x_wconf 90' lang='lat' dir='ltr'><strong>ut</strong></span> <span class='ocrx_word' id='word_1_228' title='bbox 3347 1618 3716 1688; x_wconf 80' lang='lat' dir='ltr'><strong>apostolorum</strong></span> <span class='ocrx_word' id='word_1_229' title='bbox 3746 1617 3924 1671; x_wconf 85' lang='lat' dir='ltr'><strong>virtu-</strong></span> 
     </span>
    </p>
   </div>
   <div class='ocr_carea' id='block_1_33' title="bbox 2317 1710 3919 1788">
    <p class='ocr_par' dir='ltr' id='par_1_33' title="bbox 2317 1710 3919 1788">
     <span class='ocr_line' id='line_1_33' title="bbox 2317 1710 3919 1788; baseline -0.006 -14"><span class='ocrx_word' id='word_1_230' title='bbox 2317 1729 2398 1774; x_wconf 86' lang='lat' dir='ltr'><strong>tes</strong></span> <span class='ocrx_word' id='word_1_231' title='bbox 2424 1763 2438 1788; x_wconf 84' lang='lat'><strong>,</strong></span> <span class='ocrx_word' id='word_1_232' title='bbox 2487 1720 2537 1773; x_wconf 93' lang='lat' dir='ltr'><strong>in</strong></span> <span class='ocrx_word' id='word_1_233' title='bbox 2588 1719 2750 1786; x_wconf 82' lang='lat' dir='ltr'><strong>signis</strong></span> <span class='ocrx_word' id='word_1_234' title='bbox 2791 1732 2910 1786; x_wconf 83' lang='lat' dir='ltr'><strong>quae</strong></span> <span class='ocrx_word' id='word_1_235' title='bbox 2939 1715 3302 1775; x_wconf 74' lang='lat' dir='ltr'><strong>exhibebant,</strong></span> <span class='ocrx_word' id='word_1_236' title='bbox 3351 1710 3544 1764; x_wconf 89' lang='lat' dir='ltr'><strong>imitari</strong></span> <span class='ocrx_word' id='word_1_237' title='bbox 3575 1710 3919 1764; x_wconf 80' lang='lat' dir='ltr'><strong>viderentur.</strong></span> 
     </span>
    </p>
   </div>
   <div class='ocr_carea' id='block_1_34' title="bbox 616 1801 3922 1895">
    <p class='ocr_par' dir='ltr' id='par_1_34' title="bbox 616 1801 3922 1895">
     <span class='ocr_line' id='line_1_34' title="bbox 616 1801 3922 1895; baseline -0.009 -10"><span class='ocrx_word' id='word_1_238' title='bbox 616 1831 684 1885; x_wconf 89' lang='lat' dir='ltr'><strong>ab</strong></span> <span class='ocrx_word' id='word_1_239' title='bbox 733 1828 969 1884; x_wconf 73' lang='lat' dir='ltr'><strong>historia:</strong></span> <span class='ocrx_word' id='word_1_240' title='bbox 1015 1826 1244 1882; x_wconf 88' lang='lat' dir='ltr'><strong>veritate</strong></span> <span class='ocrx_word' id='word_1_241' title='bbox 1291 1801 1510 1892; x_wconf 87' lang='lat' dir='ltr'><strong>prorsus</strong></span> <span class='ocrx_word' id='word_1_242' title='bbox 1550 1822 1767 1876; x_wconf 90' lang='lat' dir='ltr'><strong>aberrat</strong></span> <span class='ocrx_word' id='word_1_243' title='bbox 1813 1819 2206 1884; x_wconf 80' lang='lat' dir='ltr'><strong>Maresbamus,</strong></span> <span class='ocrx_word' id='word_1_244' title='bbox 2239 1835 2285 1895; x_wconf 73' lang='grc' dir='ltr'><strong>Β</strong></span> <span class='ocrx_word' id='word_1_245' title='bbox 2319 1809 2468 1885; x_wconf 83' lang='lat' dir='ltr'><strong>Quod</strong></span> <span class='ocrx_word' id='word_1_246' title='bbox 2517 1811 2709 1864; x_wconf 86' lang='lat' dir='ltr'><strong>idcirco</strong></span> <span class='ocrx_word' id='word_1_247' title='bbox 2751 1807 2980 1872; x_wconf 82' lang='lat' dir='ltr'><strong>narravi,</strong></span> <span class='ocrx_word' id='word_1_248' title='bbox 3011 1805 3223 1875; x_wconf 87' lang='lat' dir='ltr'><strong>inquit,</strong></span> <span class='ocrx_word' id='word_1_249' title='bbox 3269 1811 3324 1891; x_wconf 85' lang='lat' dir='ltr'><strong>ut</strong></span> <span class='ocrx_word' id='word_1_250' title='bbox 3353 1803 3676 1872; x_wconf 75' lang='lat' dir='ltr'><strong>cognoscatis</strong></span> <span class='ocrx_word' id='word_1_251' title='bbox 3707 1801 3839 1870; x_wconf 86' lang='lat' dir='ltr'><strong>quid</strong></span> <span class='ocrx_word' id='word_1_252' title='bbox 3869 1802 3922 1856; x_wconf 83' lang='lat' dir='ltr'><strong>in</strong></span> 
     </span>
    </p>
   </div>
   <div class='ocr_carea' id='block_1_35' title="bbox 615 1909 2202 1980">
    <p class='ocr_par' dir='ltr' id='par_1_35' title="bbox 615 1909 2202 1980">
     <span class='ocr_line' id='line_1_35' title="bbox 615 1909 2202 1980; baseline -0.01 -3"><span class='ocrx_word' id='word_1_253' title='bbox 615 1937 741 1977; x_wconf 92' lang='lat' dir='ltr'><strong>cum</strong></span> <span class='ocrx_word' id='word_1_254' title='bbox 771 1928 898 1975; x_wconf 83' lang='lat' dir='ltr'><strong>ante</strong></span> <span class='ocrx_word' id='word_1_255' title='bbox 943 1917 1195 1974; x_wconf 72' lang='lat' dir='ltr'><strong>saeculum</strong></span> <span class='ocrx_word' id='word_1_256' title='bbox 1226 1932 1261 1970; x_wconf 88' lang='lat' dir='ltr'><strong>x</strong></span> <span class='ocrx_word' id='word_1_257' title='bbox 1289 1913 1345 1970; x_wconf 92' lang='lat' dir='ltr'><strong>S.</strong></span> <span class='ocrx_word' id='word_1_258' title='bbox 1380 1913 1655 1968; x_wconf 71' lang='lat' dir='ltr'><strong>Benedicti</strong></span> <span class='ocrx_word' id='word_1_259' title='bbox 1686 1911 1924 1980; x_wconf 87' lang='lat' dir='ltr'><strong>regulam</strong></span> <span class='ocrx_word' id='word_1_260' title='bbox 1956 1909 2202 1979; x_wconf 83' lang='lat' dir='ltr'><strong>Anglica-</strong></span> 
     </span>
    </p>
   </div>
   <div class='ocr_carea' id='block_1_36' title="bbox 616 1999 2209 2074">
    <p class='ocr_par' dir='ltr' id='par_1_36' title="bbox 616 1999 2209 2074">
     <span class='ocr_line' id='line_1_36' title="bbox 616 1999 2209 2074; baseline -0.008 -8"><span class='ocrx_word' id='word_1_261' title='bbox 616 2011 698 2066; x_wconf 89' lang='lat' dir='ltr'><strong>nis</strong></span> <span class='ocrx_word' id='word_1_262' title='bbox 727 2007 1070 2066; x_wconf 87' lang='lat' dir='ltr'><strong>monasteriis</strong></span> <span class='ocrx_word' id='word_1_263' title='bbox 1094 2007 1333 2074; x_wconf 89' lang='lat' dir='ltr'><strong>ignotam</strong></span> <span class='ocrx_word' id='word_1_264' title='bbox 1379 2003 1569 2058; x_wconf 88' lang='lat' dir='ltr'><strong>asserit</strong></span> <span class='ocrx_word' id='word_1_265' title='bbox 1596 2020 1608 2054; x_wconf 91' lang='lat'>:</span> <span class='ocrx_word' id='word_1_266' title='bbox 1635 2001 1776 2069; x_wconf 88' lang='lat' dir='ltr'><strong>quod</strong></span> <span class='ocrx_word' id='word_1_267' title='bbox 1808 2015 1968 2069; x_wconf 88' lang='lat' dir='ltr'><strong>quam</strong></span> <span class='ocrx_word' id='word_1_268' title='bbox 2016 1999 2085 2052; x_wconf 87' lang='lat' dir='ltr'><strong>sit</strong></span> <span class='ocrx_word' id='word_1_269' title='bbox 2134 2008 2209 2054; x_wconf 88' lang='lat' dir='ltr'><strong>Ie-</strong></span> 
     </span>
    </p>
   </div>
   <div class='ocr_carea' id='block_1_37' title="bbox 615 2088 2212 2162">
    <p class='ocr_par' dir='ltr' id='par_1_37' title="bbox 615 2088 2212 2162">
     <span class='ocr_line' id='line_1_37' title="bbox 615 2088 2212 2162; baseline -0.009 -7"><span class='ocrx_word' id='word_1_270' title='bbox 615 2115 765 2155; x_wconf 91' lang='lat' dir='ltr'><strong>mere</strong></span> <span class='ocrx_word' id='word_1_271' title='bbox 809 2099 1011 2153; x_wconf 87' lang='lat' dir='ltr'><strong>dictum</strong></span> <span class='ocrx_word' id='word_1_272' title='bbox 1037 2137 1052 2162; x_wconf 91' lang='lat'><strong>,</strong></span> <span class='ocrx_word' id='word_1_273' title='bbox 1101 2095 1186 2150; x_wconf 84' lang='lat' dir='ltr'><strong>vel</strong></span> <span class='ocrx_word' id='word_1_274' title='bbox 1219 2109 1355 2148; x_wconf 93' lang='lat' dir='ltr'><strong>unus</strong></span> <span class='ocrx_word' id='word_1_275' title='bbox 1386 2091 1618 2147; x_wconf 84' lang='lat' dir='ltr'><strong>Joannes</strong></span> <span class='ocrx_word' id='word_1_276' title='bbox 1660 2089 1928 2144; x_wconf 88' lang='lat' dir='ltr'><strong>Diaconus</strong></span> <span class='ocrx_word' id='word_1_277' title='bbox 1977 2088 2212 2144; x_wconf 63' lang='lat' dir='ltr'><strong>ostendit</strong></span> 
     </span>
    </p>
   </div>
   <div class='ocr_carea' id='block_1_38' title="bbox 613 2178 2210 2253">
    <p class='ocr_par' dir='ltr' id='par_1_38' title="bbox 613 2178 2210 2253">
     <span class='ocr_line' id='line_1_38' title="bbox 613 2178 2210 2253; baseline -0.009 -8"><span class='ocrx_word' id='word_1_278' title='bbox 613 2191 711 2246; x_wconf 88' lang='lat' dir='ltr'><strong>lib.</strong></span> <span class='ocrx_word' id='word_1_279' title='bbox 743 2206 793 2246; x_wconf 82' lang='lat' dir='ltr'><strong>tv</strong></span> <span class='ocrx_word' id='word_1_280' title='bbox 822 2188 958 2244; x_wconf 69' lang='lat' dir='ltr'><strong>Viue</strong></span> <span class='ocrx_word' id='word_1_281' title='bbox 990 2189 1044 2243; x_wconf 90' lang='lat' dir='ltr'><strong>S.</strong></span> <span class='ocrx_word' id='word_1_282' title='bbox 1075 2184 1321 2253; x_wconf 88' lang='lat' dir='ltr'><strong>Gregorii</strong></span> <span class='ocrx_word' id='word_1_283' title='bbox 1351 2198 1470 2253; x_wconf 88' lang='lat' dir='ltr'><strong>cap.</strong></span> <span class='ocrx_word' id='word_1_284' title='bbox 1514 2180 1617 2235; x_wconf 70' lang='lat'><strong>82:</strong></span> <span class='ocrx_word' id='word_1_285' title='bbox 1645 2178 1794 2244; x_wconf 83' lang='lat' dir='ltr'><strong>Quod</strong></span> <span class='ocrx_word' id='word_1_286' title='bbox 1824 2196 1962 2244; x_wconf 85' lang='lat' dir='ltr'><strong>vero,</strong></span> <span class='ocrx_word' id='word_1_287' title='bbox 2015 2178 2210 2248; x_wconf 86' lang='lat' dir='ltr'><strong>inquit,</strong></span> 
     </span>
    </p>
   </div>
   <div class='ocr_carea' id='block_1_39' title="bbox 617 2270 2212 2350">
    <p class='ocr_par' dir='ltr' id='par_1_39' title="bbox 617 2270 2212 2350">
     <span class='ocr_line' id='line_1_39' title="bbox 617 2270 2212 2350; baseline -0.008 -14"><span class='ocrx_word' id='word_1_288' title='bbox 617 2281 880 2344; x_wconf 85' lang='lat' dir='ltr'><strong>monachi,</strong></span> <span class='ocrx_word' id='word_1_289' title='bbox 907 2280 993 2350; x_wconf 88' lang='lat' dir='ltr'><strong>qui</strong></span> <span class='ocrx_word' id='word_1_290' title='bbox 1024 2295 1055 2330; x_wconf 91' lang='lat' dir='ltr'><strong>a</strong></span> <span class='ocrx_word' id='word_1_291' title='bbox 1084 2275 1331 2346; x_wconf 85' lang='lat' dir='ltr'><strong>Gregorio</strong></span> <span class='ocrx_word' id='word_1_292' title='bbox 1362 2275 1414 2327; x_wconf 89' lang='lat' dir='ltr'><strong>in</strong></span> <span class='ocrx_word' id='word_1_293' title='bbox 1448 2273 1737 2328; x_wconf 70' lang='lat' dir='ltr'><strong>Saxoniam</strong></span> <span class='ocrx_word' id='word_1_294' title='bbox 1779 2270 2212 2342; x_wconf 85' lang='lat' dir='ltr'><strong>(transmarinam</strong></span> 
     </span>
    </p>
   </div>
   <div class='ocr_carea' id='block_1_40' title="bbox 615 2363 2213 2437">
    <p class='ocr_par' dir='ltr' id='par_1_40' title="bbox 615 2363 2213 2437">
     <span class='ocr_line' id='line_1_40' title="bbox 615 2363 2213 2437; baseline -0.009 -8"><span class='ocrx_word' id='word_1_295' title='bbox 615 2373 823 2430; x_wconf 86' lang='lat' dir='ltr'><strong>scilicet</strong></span> <span class='ocrx_word' id='word_1_296' title='bbox 869 2385 965 2426; x_wconf 90' lang='lat' dir='ltr'><strong>seu</strong></span> <span class='ocrx_word' id='word_1_297' title='bbox 1011 2366 1320 2437; x_wconf 78' lang='lat' dir='ltr'><strong>Anglicani)</strong></span> <span class='ocrx_word' id='word_1_298' title='bbox 1357 2366 1500 2418; x_wconf 80' lang='lat' dir='ltr'><strong>missi</strong></span> <span class='ocrx_word' id='word_1_299' title='bbox 1530 2373 1677 2428; x_wconf 87' lang='lat' dir='ltr'><strong>sunt,</strong></span> <span class='ocrx_word' id='word_1_300' title='bbox 1731 2363 1790 2418; x_wconf 91' lang='lat' dir='ltr'><strong>S.</strong></span> <span class='ocrx_word' id='word_1_301' title='bbox 1840 2363 2098 2416; x_wconf 86' lang='lat' dir='ltr'><strong>Benedicti</strong></span> <span class='ocrx_word' id='word_1_302' title='bbox 2130 2378 2213 2416; x_wconf 86' lang='lat' dir='ltr'><strong>re-</strong></span> 
     </span>
    </p>
   </div>
   <div class='ocr_carea' id='block_1_41' title="bbox 615 2454 2211 2534">
    <p class='ocr_par' dir='ltr' id='par_1_41' title="bbox 615 2454 2211 2534">
     <span class='ocr_line' id='line_1_41' title="bbox 615 2454 2211 2534; baseline -0.005 -20"><span class='ocrx_word' id='word_1_303' title='bbox 615 2462 752 2534; x_wconf 66' lang='lat' dir='ltr'><strong>gulae</strong></span> <span class='ocrx_word' id='word_1_304' title='bbox 781 2461 974 2532; x_wconf 78' lang='lat' dir='ltr'><strong>fuerint</strong></span> <span class='ocrx_word' id='word_1_305' title='bbox 1002 2457 1317 2526; x_wconf 78' lang='lat' dir='ltr'><strong>mancipati;</strong></span> <span class='ocrx_word' id='word_1_306' title='bbox 1365 2457 1499 2510; x_wconf 87' lang='lat' dir='ltr'><strong>inter</strong></span> <span class='ocrx_word' id='word_1_307' title='bbox 1529 2455 1636 2508; x_wconf 89' lang='lat' dir='ltr'><strong>alia</strong></span> <span class='ocrx_word' id='word_1_308' title='bbox 1663 2456 1819 2508; x_wconf 86' lang='lat' dir='ltr'><strong>etiam</strong></span> <span class='ocrx_word' id='word_1_309' title='bbox 1865 2454 1995 2507; x_wconf 86' lang='lat' dir='ltr'><strong>illud</strong></span> <span class='ocrx_word' id='word_1_310' title='bbox 2040 2463 2211 2507; x_wconf 89' lang='lat' dir='ltr'><strong>osten-</strong></span> 
     </span>
    </p>
   </div>
   <div class='ocr_carea' id='block_1_42' title="bbox 616 2541 2212 2622">
    <p class='ocr_par' dir='ltr' id='par_1_42' title="bbox 616 2541 2212 2622">
     <span class='ocr_line' id='line_1_42' title="bbox 616 2541 2212 2622; baseline -0.006 -15"><span class='ocrx_word' id='word_1_311' title='bbox 616 2553 723 2622; x_wconf 86' lang='lat' dir='ltr'><strong>dit,</strong></span> <span class='ocrx_word' id='word_1_312' title='bbox 771 2550 906 2622; x_wconf 86' lang='lat' dir='ltr'><strong>quod</strong></span> <span class='ocrx_word' id='word_1_313' title='bbox 934 2567 999 2605; x_wconf 82' lang='lat' dir='ltr'><strong>ea:</strong></span> <span class='ocrx_word' id='word_1_314' title='bbox 1027 2551 1187 2620; x_wconf 79' lang='lat' dir='ltr'><strong>ipsius</strong></span> <span class='ocrx_word' id='word_1_315' title='bbox 1218 2549 1482 2619; x_wconf 79' lang='lat' dir='ltr'><strong>discipulis</strong></span> <span class='ocrx_word' id='word_1_316' title='bbox 1512 2547 1596 2600; x_wconf 64' lang='lat' dir='ltr'><strong>vix</strong></span> <span class='ocrx_word' id='word_1_317' title='bbox 1624 2541 1788 2617; x_wconf 79' lang='lat' dir='ltr'><strong>potest</strong></span> <span class='ocrx_word' id='word_1_318' title='bbox 1819 2547 1870 2599; x_wconf 90' lang='lat' dir='ltr'><strong>in</strong></span> <span class='ocrx_word' id='word_1_319' title='bbox 1902 2547 2005 2600; x_wconf 84' lang='lat' dir='ltr'><strong>illis</strong></span> <span class='ocrx_word' id='word_1_320' title='bbox 2047 2548 2212 2616; x_wconf 86' lang='lat' dir='ltr'><strong>parti-</strong></span> 
     </span>
    </p>
   </div>
   <div class='ocr_carea' id='block_1_43' title="bbox 616 2639 2211 2712">
    <p class='ocr_par' dir='ltr' id='par_1_43' title="bbox 616 2639 2211 2712">
     <span class='ocr_line' id='line_1_43' title="bbox 616 2639 2211 2712; baseline -0.005 -11"><span class='ocrx_word' id='word_1_321' title='bbox 616 2645 709 2702; x_wconf 90' lang='lat' dir='ltr'><strong>bus</strong></span> <span class='ocrx_word' id='word_1_322' title='bbox 738 2643 1020 2698; x_wconf 84' lang='lat' dir='ltr'><strong>monachus</strong></span> <span class='ocrx_word' id='word_1_323' title='bbox 1051 2643 1272 2696; x_wconf 87' lang='lat' dir='ltr'><strong>inveniri</strong></span> <span class='ocrx_word' id='word_1_324' title='bbox 1296 2682 1310 2706; x_wconf 95' lang='lat'><strong>,</strong></span> <span class='ocrx_word' id='word_1_325' title='bbox 1364 2657 1395 2696; x_wconf 90' lang='lat' dir='ltr'><strong>a</strong></span> <span class='ocrx_word' id='word_1_326' title='bbox 1441 2657 1538 2712; x_wconf 90' lang='lat' dir='ltr'><strong>quo</strong></span> <span class='ocrx_word' id='word_1_327' title='bbox 1571 2656 1672 2694; x_wconf 85' lang='lat' dir='ltr'><strong>non</strong></span> <span class='ocrx_word' id='word_1_328' title='bbox 1703 2639 1995 2693; x_wconf 81' lang='lat' dir='ltr'><strong>observetur</strong></span> <span class='ocrx_word' id='word_1_329' title='bbox 2025 2649 2130 2691; x_wconf 90' lang='lat' dir='ltr'><strong>tam</strong></span> <span class='ocrx_word' id='word_1_330' title='bbox 2157 2640 2211 2693; x_wconf 89' lang='lat' dir='ltr'><strong>in</strong></span> 
     </span>
    </p>
   </div>
   <div class='ocr_carea' id='block_1_44' title="bbox 614 2727 2212 2806">
    <p class='ocr_par' dir='ltr' id='par_1_44' title="bbox 614 2727 2212 2806">
     <span class='ocr_line' id='line_1_44' title="bbox 614 2727 2212 2806; baseline -0.004 -18"><span class='ocrx_word' id='word_1_331' title='bbox 614 2734 878 2806; x_wconf 84' lang='lat' dir='ltr'><strong>proposito</strong></span> <span class='ocrx_word' id='word_1_332' title='bbox 903 2749 1054 2805; x_wconf 85' lang='lat' dir='ltr'><strong>quam</strong></span> <span class='ocrx_word' id='word_1_333' title='bbox 1088 2733 1143 2786; x_wconf 85' lang='lat' dir='ltr'><strong>in</strong></span> <span class='ocrx_word' id='word_1_334' title='bbox 1173 2731 1348 2785; x_wconf 79' lang='lat' dir='ltr'><strong>habitu</strong></span> <span class='ocrx_word' id='word_1_335' title='bbox 1378 2730 1557 2801; x_wconf 91' lang='lat' dir='ltr'><strong>regula</strong></span> <span class='ocrx_word' id='word_1_336' title='bbox 1592 2729 1651 2783; x_wconf 90' lang='lat' dir='ltr'><strong>S.</strong></span> <span class='ocrx_word' id='word_1_337' title='bbox 1687 2728 1970 2782; x_wconf 86' lang='lat' dir='ltr'><strong>Benedicti.</strong></span> <span class='ocrx_word' id='word_1_338' title='bbox 1997 2727 2212 2782; x_wconf 88' lang='lat' dir='ltr'><strong>Scribe-</strong></span> 
     </span>
    </p>
   </div>
   <div class='ocr_carea' id='block_1_45' title="bbox 613 2821 2213 2890">
    <p class='ocr_par' dir='ltr' id='par_1_45' title="bbox 613 2821 2213 2890">
     <span class='ocr_line' id='line_1_45' title="bbox 613 2821 2213 2890; baseline -0.005 -7"><span class='ocrx_word' id='word_1_339' title='bbox 613 2829 707 2883; x_wconf 88' lang='lat' dir='ltr'><strong>bat</strong></span> <span class='ocrx_word' id='word_1_340' title='bbox 735 2827 968 2882; x_wconf 87' lang='lat' dir='ltr'><strong>Joannes</strong></span> <span class='ocrx_word' id='word_1_341' title='bbox 1017 2826 1284 2881; x_wconf 87' lang='lat' dir='ltr'><strong>Diaconus</strong></span> <span class='ocrx_word' id='word_1_342' title='bbox 1329 2840 1473 2879; x_wconf 89' lang='lat' dir='ltr'><strong>nono</strong></span> <span class='ocrx_word' id='word_1_343' title='bbox 1519 2821 1756 2886; x_wconf 58' lang='lat' dir='ltr'><strong>sarculo,</strong></span> <span class='ocrx_word' id='word_1_344' title='bbox 1806 2829 2022 2875; x_wconf 77' lang='lat' dir='ltr'><strong>centum</strong></span> <span class='ocrx_word' id='word_1_345' title='bbox 2074 2834 2213 2890; x_wconf 90' lang='lat' dir='ltr'><strong>pene</strong></span> 
     </span>
    </p>
   </div>
   <div class='ocr_carea' id='block_1_46' title="bbox 615 2908 2209 2974">
    <p class='ocr_par' dir='ltr' id='par_1_46' title="bbox 615 2908 2209 2974">
     <span class='ocr_line' id='line_1_46' title="bbox 615 2908 2209 2974; baseline -0.006 -1"><span class='ocrx_word' id='word_1_346' title='bbox 615 2919 769 2973; x_wconf 90' lang='lat' dir='ltr'><strong>annis</strong></span> <span class='ocrx_word' id='word_1_347' title='bbox 797 2926 921 2974; x_wconf 89' lang='lat' dir='ltr'><strong>ante</strong></span> <span class='ocrx_word' id='word_1_348' title='bbox 949 2915 1237 2972; x_wconf 89' lang='lat' dir='ltr'><strong>concilium</strong></span> <span class='ocrx_word' id='word_1_349' title='bbox 1282 2913 1660 2969; x_wconf 87' lang='lat' dir='ltr'><strong>Wintoniense</strong></span> <span class='ocrx_word' id='word_1_350' title='bbox 1689 2911 1929 2966; x_wconf 85' lang='lat' dir='ltr'><strong>habitum</strong></span> <span class='ocrx_word' id='word_1_351' title='bbox 1959 2926 2047 2964; x_wconf 91' lang='lat' dir='ltr'><strong>an.</strong></span> <span class='ocrx_word' id='word_1_352' title='bbox 2083 2908 2209 2974; x_wconf 83' lang='lat'><strong>965,</strong></span> 
     </span>
    </p>
   </div>
   <div class='ocr_carea' id='block_1_47' title="bbox 611 3003 2210 3080">
    <p class='ocr_par' dir='ltr' id='par_1_47' title="bbox 611 3003 2210 3080">
     <span class='ocr_line' id='line_1_47' title="bbox 611 3003 2210 3080; baseline -0.006 -14"><span class='ocrx_word' id='word_1_353' title='bbox 611 3010 669 3066; x_wconf 89' lang='lat' dir='ltr'><strong>in</strong></span> <span class='ocrx_word' id='word_1_354' title='bbox 690 3025 796 3080; x_wconf 88' lang='lat' dir='ltr'><strong>quo</strong></span> <span class='ocrx_word' id='word_1_355' title='bbox 821 3009 887 3065; x_wconf 89' lang='lat' dir='ltr'><strong>de</strong></span> <span class='ocrx_word' id='word_1_356' title='bbox 915 3008 973 3063; x_wconf 91' lang='lat' dir='ltr'><strong>S.</strong></span> <span class='ocrx_word' id='word_1_357' title='bbox 1001 3007 1274 3062; x_wconf 84' lang='lat' dir='ltr'><strong>Benedicti</strong></span> <span class='ocrx_word' id='word_1_358' title='bbox 1301 3005 1486 3076; x_wconf 90' lang='lat' dir='ltr'><strong>regula</strong></span> <span class='ocrx_word' id='word_1_359' title='bbox 1517 3005 1569 3058; x_wconf 89' lang='lat' dir='ltr'><strong>in</strong></span> <span class='ocrx_word' id='word_1_360' title='bbox 1601 3003 1906 3071; x_wconf 86' lang='lat' dir='ltr'><strong>Anglicanis</strong></span> <span class='ocrx_word' id='word_1_361' title='bbox 1936 3010 2210 3058; x_wconf 87' lang='lat' dir='ltr'><strong>monaste-</strong></span> 
     </span>
    </p>
   </div>
   <div class='ocr_carea' id='block_1_48' title="bbox 613 3095 2212 3162">
    <p class='ocr_par' dir='ltr' id='par_1_48' title="bbox 613 3095 2212 3162">
     <span class='ocr_line' id='line_1_48' title="bbox 613 3095 2212 3162; baseline -0.007 -4"><span class='ocrx_word' id='word_1_362' title='bbox 613 3103 708 3161; x_wconf 83' lang='lat' dir='ltr'><strong>riis</strong></span> <span class='ocrx_word' id='word_1_363' title='bbox 755 3102 1087 3158; x_wconf 89' lang='lat' dir='ltr'><strong>admittenda</strong></span> <span class='ocrx_word' id='word_1_364' title='bbox 1126 3107 1306 3156; x_wconf 86' lang='lat' dir='ltr'><strong>actum</strong></span> <span class='ocrx_word' id='word_1_365' title='bbox 1335 3108 1521 3154; x_wconf 88' lang='lat' dir='ltr'><strong>censet</strong></span> <span class='ocrx_word' id='word_1_366' title='bbox 1550 3097 1950 3162; x_wconf 87' lang='lat' dir='ltr'><strong>Mareshamus;</strong></span> <span class='ocrx_word' id='word_1_367' title='bbox 2001 3103 2057 3150; x_wconf 89' lang='lat' dir='ltr'><strong>et</strong></span> <span class='ocrx_word' id='word_1_368' title='bbox 2099 3095 2212 3161; x_wconf 86' lang='lat' dir='ltr'><strong>jam</strong></span> 
     </span>
    </p>
   </div>
   <div class='ocr_carea' id='block_1_49' title="bbox 614 3187 3913 3320">
    <p class='ocr_par' dir='ltr' id='par_1_49' title="bbox 614 3187 3913 3320">
     <span class='ocr_line' id='line_1_49' title="bbox 614 3187 3913 3266; baseline -0.005 -16"><span class='ocrx_word' id='word_1_369' title='bbox 614 3210 681 3250; x_wconf 90' lang='lat' dir='ltr'><strong>eo</strong></span> <span class='ocrx_word' id='word_1_370' title='bbox 711 3203 954 3264; x_wconf 89' lang='lat' dir='ltr'><strong>tempore</strong></span> <span class='ocrx_word' id='word_1_371' title='bbox 985 3193 1059 3246; x_wconf 89' lang='lat' dir='ltr'><strong>ita</strong></span> <span class='ocrx_word' id='word_1_372' title='bbox 1087 3192 1287 3262; x_wconf 88' lang='lat' dir='ltr'><strong>passim</strong></span> <span class='ocrx_word' id='word_1_373' title='bbox 1316 3189 1376 3246; x_wconf 90' lang='lat' dir='ltr'><strong>S.</strong></span> <span class='ocrx_word' id='word_1_374' title='bbox 1407 3189 1682 3246; x_wconf 89' lang='lat' dir='ltr'><strong>Benedicti</strong></span> <span class='ocrx_word' id='word_1_375' title='bbox 1714 3188 1896 3258; x_wconf 85' lang='lat' dir='ltr'><strong>regula</strong></span> <span class='ocrx_word' id='word_1_376' title='bbox 1927 3187 1980 3241; x_wconf 91' lang='lat' dir='ltr'><strong>in</strong></span> <span class='ocrx_word' id='word_1_377' title='bbox 2011 3187 2211 3255; x_wconf 85' lang='lat' dir='ltr'><strong>Angliac</strong></span> <span class='ocrx_word' id='word_1_378' title='bbox 2239 3204 2285 3266; x_wconf 60' lang='grc' dir='ltr'><strong>(ς</strong></span> <span class='ocrx_word' id='word_1_379' title='bbox 2319 3187 2480 3233; x_wconf 73' lang='lat'><strong>9&quot;”‘-&#39;</strong></span> <span class='ocrx_word' id='word_1_380' title='bbox 2511 3187 2559 3214; x_wconf 68' lang='grc'><strong>⁸⁸</strong></span> <span class='ocrx_word' id='word_1_381' title='bbox 2589 3187 2674 3261; x_wconf 69' lang='lat' dir='ltr'><strong>‘luf</strong></span> <span class='ocrx_word' id='word_1_382' title='bbox 2704 3187 2934 3213; x_wconf 68' lang='lat' dir='ltr'><strong>“&quot;&quot;W‘</strong></span> <span class='ocrx_word' id='word_1_383' title='bbox 2966 3187 3560 3257; x_wconf 54' lang='grc' dir='ltr'><strong>νυυηξυίηυηιῇςπιιπσξυ</strong></span> <span class='ocrx_word' id='word_1_384' title='bbox 3589 3187 3913 3254; x_wconf 63' lang='lat' dir='ltr'><strong>&quot;“t““&#39;(&quot;&quot;&quot;&quot;</strong></span> 
     </span>
     <span class='ocr_line' id='line_1_50' title="bbox 619 3245 3913 3320; baseline -0.002 0"><span class='ocrx_word' id='word_1_385' title='bbox 619 3284 961 3320; x_wconf 57' lang='lat' dir='ltr'><strong>mntionis-vna</strong></span> <span class='ocrx_word' id='word_1_386' title='bbox 1000 3283 1304 3320; x_wconf 69' lang='lat' dir='ltr'><strong>nhlinnnrnl</strong></span> <span class='ocrx_word' id='word_1_387' title='bbox 1383 3291 1435 3320; x_wconf 86' lang='lat' dir='ltr'><strong>nl</strong></span> <span class='ocrx_word' id='word_1_388' title='bbox 1487 3282 1569 3320; x_wconf 63' lang='lat' dir='ltr'><strong>vit</strong></span> <span class='ocrx_word' id='word_1_389' title='bbox 1625 3281 1676 3320; x_wconf 76' lang='lat' dir='ltr'><strong>in</strong></span> <span class='ocrx_word' id='word_1_390' title='bbox 1731 3287 1839 3320; x_wconf 61' lang='lat' dir='ltr'><strong>In!»</strong></span> <span class='ocrx_word' id='word_1_391' title='bbox 1889 3277 2214 3320; x_wconf 64' lang='lat' dir='ltr'><strong>I&#39;Pntlrirnlnl&#39;</strong></span> <span class='ocrx_word' id='word_1_392' title='bbox 2317 3260 2602 3317; x_wconf 64' lang='grc' dir='ltr'><strong>τηειαθναιν</strong></span> <span class='ocrx_word' id='word_1_393' title='bbox 2642 3265 2758 3320; x_wconf 57' lang='lat' dir='ltr'><strong>Iam</strong></span> <span class='ocrx_word' id='word_1_394' title='bbox 2805 3265 2939 3300; x_wconf 62' lang='lat' dir='ltr'><strong><em>nunc</em></strong></span> <span class='ocrx_word' id='word_1_395' title='bbox 2983 3247 3152 3317; x_wconf 47' lang='lat' dir='ltr'><strong>ﬁdelis</strong></span> <span class='ocrx_word' id='word_1_396' title='bbox 3191 3246 3458 3299; x_wconf 55' lang='lat' dir='ltr'><strong>Imm&#39;hum</strong></span> <span class='ocrx_word' id='word_1_397' title='bbox 3499 3245 3706 3316; x_wconf 45' lang='lat' dir='ltr'><strong>linguas</strong></span> <span class='ocrx_word' id='word_1_398' title='bbox 3749 3253 3913 3296; x_wconf 62' lang='lat' dir='ltr'><strong>&quot;me&quot;</strong></span> 
     </span>
    </p>
   </div>
   <div class='ocr_carea' id='block_1_50' title="bbox 618 3277 2214 3348">
    <p class='ocr_par' dir='ltr' id='par_1_50' title="bbox 618 3277 2214 3348">
     <span class='ocr_line' id='line_1_51' title="bbox 618 3277 2214 3348; baseline -0.004 -10"><span class='ocrx_word' id='word_1_399' title='bbox 618 3284 962 3342; x_wconf 81' lang='lat' dir='ltr'><strong>monasteriis</strong></span> <span class='ocrx_word' id='word_1_400' title='bbox 1000 3283 1328 3347; x_wconf 88' lang='lat' dir='ltr'><strong>obtinuerat,</strong></span> <span class='ocrx_word' id='word_1_401' title='bbox 1383 3291 1441 3337; x_wconf 93' lang='lat' dir='ltr'><strong>ut</strong></span> <span class='ocrx_word' id='word_1_402' title='bbox 1487 3282 1573 3337; x_wconf 78' lang='lat' dir='ltr'><strong>vix</strong></span> <span class='ocrx_word' id='word_1_403' title='bbox 1625 3281 1678 3334; x_wconf 91' lang='lat' dir='ltr'><strong>in</strong></span> <span class='ocrx_word' id='word_1_404' title='bbox 1731 3287 1840 3334; x_wconf 86' lang='lat' dir='ltr'><strong>tota</strong></span> <span class='ocrx_word' id='word_1_405' title='bbox 1887 3277 2214 3348; x_wconf 83' lang='lat' dir='ltr'><strong>reperiretur</strong></span> 
     </span>
    </p>
   </div>
   <div class='ocr_carea' id='block_1_51' title="bbox 615 3370 2212 3445">
    <p class='ocr_par' dir='ltr' id='par_1_51' title="bbox 615 3370 2212 3445">
     <span class='ocr_line' id='line_1_52' title="bbox 615 3370 2212 3445; baseline -0.003 -16"><span class='ocrx_word' id='word_1_406' title='bbox 615 3375 807 3445; x_wconf 81' lang='lat' dir='ltr'><strong>Anglia</strong></span> <span class='ocrx_word' id='word_1_407' title='bbox 851 3375 937 3430; x_wconf 91' lang='lat' dir='ltr'><strong>vel</strong></span> <span class='ocrx_word' id='word_1_408' title='bbox 986 3390 1120 3430; x_wconf 85' lang='lat' dir='ltr'><strong>unus</strong></span> <span class='ocrx_word' id='word_1_409' title='bbox 1169 3373 1463 3430; x_wconf 83' lang='lat' dir='ltr'><strong>monachus</strong></span> <span class='ocrx_word' id='word_1_410' title='bbox 1504 3373 1594 3442; x_wconf 92' lang='lat' dir='ltr'><strong>qui</strong></span> <span class='ocrx_word' id='word_1_411' title='bbox 1642 3372 1702 3426; x_wconf 90' lang='lat' dir='ltr'><strong>S.</strong></span> <span class='ocrx_word' id='word_1_412' title='bbox 1756 3370 2033 3426; x_wconf 89' lang='lat' dir='ltr'><strong>Benedicti</strong></span> <span class='ocrx_word' id='word_1_413' title='bbox 2064 3372 2212 3441; x_wconf 72' lang='lat' dir='ltr'><strong>lege;</strong></span> 
     </span>
    </p>
   </div>
   <div class='ocr_carea' id='block_1_52' title="bbox 620 3464 2211 3532">
    <p class='ocr_par' dir='ltr' id='par_1_52' title="bbox 620 3464 2211 3532">
     <span class='ocr_line' id='line_1_53' title="bbox 620 3464 2211 3532; baseline -0.003 -10"><span class='ocrx_word' id='word_1_414' title='bbox 620 3483 730 3522; x_wconf 93' lang='lat' dir='ltr'><strong>non</strong></span> <span class='ocrx_word' id='word_1_415' title='bbox 780 3467 1116 3522; x_wconf 82' lang='lat' dir='ltr'><strong>observaret.</strong></span> <span class='ocrx_word' id='word_1_416' title='bbox 1166 3465 1350 3532; x_wconf 88' lang='lat' dir='ltr'><strong>Neque</strong></span> <span class='ocrx_word' id='word_1_417' title='bbox 1397 3479 1524 3519; x_wconf 90' lang='lat' dir='ltr'><strong>vero</strong></span> <span class='ocrx_word' id='word_1_418' title='bbox 1573 3464 1622 3518; x_wconf 89' lang='lat' dir='ltr'><strong>id</strong></span> <span class='ocrx_word' id='word_1_419' title='bbox 1668 3464 1838 3518; x_wconf 86' lang='lat' dir='ltr'><strong>levius</strong></span> <span class='ocrx_word' id='word_1_420' title='bbox 1868 3470 2130 3517; x_wconf 64' lang='lat' dir='ltr'><strong>assertum</strong></span> <span class='ocrx_word' id='word_1_421' title='bbox 2179 3477 2211 3518; x_wconf 86' lang='lat' dir='ltr'><strong>a</strong></span> 
     </span>
    </p>
   </div>
   <div class='ocr_carea' id='block_1_53' title="bbox 617 3554 2211 3626">
    <p class='ocr_par' dir='ltr' id='par_1_53' title="bbox 617 3554 2211 3626">
     <span class='ocr_line' id='line_1_54' title="bbox 617 3554 2211 3626; baseline -0.004 -12"><span class='ocrx_word' id='word_1_422' title='bbox 617 3558 828 3614; x_wconf 80' lang='lat' dir='ltr'><strong>Joanne</strong></span> <span class='ocrx_word' id='word_1_423' title='bbox 875 3557 1009 3611; x_wconf 75' lang='lat' dir='ltr'><strong>Vita:</strong></span> <span class='ocrx_word' id='word_1_424' title='bbox 1039 3556 1098 3613; x_wconf 90' lang='lat' dir='ltr'><strong>S.</strong></span> <span class='ocrx_word' id='word_1_425' title='bbox 1131 3557 1376 3625; x_wconf 86' lang='lat' dir='ltr'><strong>Gregorii</strong></span> <span class='ocrx_word' id='word_1_426' title='bbox 1423 3557 1687 3626; x_wconf 82' lang='lat' dir='ltr'><strong>scriptore</strong></span> <span class='ocrx_word' id='word_1_427' title='bbox 1714 3555 2088 3626; x_wconf 86' lang='lat' dir='ltr'><strong>suspicabitur,</strong></span> <span class='ocrx_word' id='word_1_428' title='bbox 2121 3554 2211 3624; x_wconf 91' lang='lat' dir='ltr'><strong>qui</strong></span> 
     </span>
    </p>
   </div>
   <div class='ocr_carea' id='block_1_54' title="bbox 620 3645 2210 3720">
    <p class='ocr_par' dir='ltr' id='par_1_54' title="bbox 620 3645 2210 3720">
     <span class='ocr_line' id='line_1_55' title="bbox 620 3645 2210 3720; baseline -0.004 -15"><span class='ocrx_word' id='word_1_429' title='bbox 620 3649 858 3706; x_wconf 89' lang='lat' dir='ltr'><strong>adducta</strong></span> <span class='ocrx_word' id='word_1_430' title='bbox 889 3664 1049 3720; x_wconf 89' lang='lat' dir='ltr'><strong>supra</strong></span> <span class='ocrx_word' id='word_1_431' title='bbox 1080 3664 1151 3704; x_wconf 84' lang='lat' dir='ltr'><strong>ex</strong></span> <span class='ocrx_word' id='word_1_432' title='bbox 1179 3648 1480 3714; x_wconf 87' lang='lat' dir='ltr'><strong>Aldhelmo,</strong></span> <span class='ocrx_word' id='word_1_433' title='bbox 1513 3647 1678 3713; x_wconf 84' lang='lat' dir='ltr'><strong>Beda,</strong></span> <span class='ocrx_word' id='word_1_434' title='bbox 1707 3646 1876 3700; x_wconf 85' lang='lat' dir='ltr'><strong>Eddio</strong></span> <span class='ocrx_word' id='word_1_435' title='bbox 1907 3654 1960 3700; x_wconf 91' lang='lat' dir='ltr'><strong>et</strong></span> <span class='ocrx_word' id='word_1_436' title='bbox 1985 3645 2210 3701; x_wconf 83' lang='lat' dir='ltr'><strong>Clovcs-</strong></span> 
     </span>
    </p>
   </div>
   <div class='ocr_carea' id='block_1_55' title="bbox 619 3738 2208 3807">
    <p class='ocr_par' dir='ltr' id='par_1_55' title="bbox 619 3738 2208 3807">
     <span class='ocr_line' id='line_1_56' title="bbox 619 3738 2208 3807; baseline -0.004 -11"><span class='ocrx_word' id='word_1_437' title='bbox 619 3742 862 3797; x_wconf 77' lang='lat' dir='ltr'><strong>liovicnsi</strong></span> <span class='ocrx_word' id='word_1_438' title='bbox 893 3740 1123 3798; x_wconf 85' lang='lat' dir='ltr'><strong>concilio</strong></span> <span class='ocrx_word' id='word_1_439' title='bbox 1171 3740 1478 3795; x_wconf 89' lang='lat' dir='ltr'><strong>testimonia</strong></span> <span class='ocrx_word' id='word_1_440' title='bbox 1522 3755 1628 3794; x_wconf 92' lang='lat' dir='ltr'><strong>non</strong></span> <span class='ocrx_word' id='word_1_441' title='bbox 1679 3739 1974 3794; x_wconf 89' lang='lat' dir='ltr'><strong>oscitanter</strong></span> <span class='ocrx_word' id='word_1_442' title='bbox 2001 3738 2208 3807; x_wconf 80' lang='lat' dir='ltr'><strong>legerit.</strong></span> 
     </span>
    </p>
   </div>
   <div class='ocr_carea' id='block_1_56' title="bbox 618 3830 2211 3901">
    <p class='ocr_par' dir='ltr' id='par_1_56' title="bbox 618 3830 2211 3901">
     <span class='ocr_line' id='line_1_57' title="bbox 618 3830 2211 3901; baseline -0.003 -12"><span class='ocrx_word' id='word_1_443' title='bbox 618 3833 886 3889; x_wconf 72' lang='lat' dir='ltr'><strong>Prteterea</strong></span> <span class='ocrx_word' id='word_1_444' title='bbox 917 3831 1203 3898; x_wconf 90' lang='lat' dir='ltr'><strong>Joannem,</strong></span> <span class='ocrx_word' id='word_1_445' title='bbox 1261 3840 1316 3886; x_wconf 93' lang='lat' dir='ltr'><strong>ut</strong></span> <span class='ocrx_word' id='word_1_446' title='bbox 1363 3831 1429 3887; x_wconf 92' lang='lat' dir='ltr'><strong>de</strong></span> <span class='ocrx_word' id='word_1_447' title='bbox 1457 3831 1514 3887; x_wconf 93' lang='lat' dir='ltr'><strong>S.</strong></span> <span class='ocrx_word' id='word_1_448' title='bbox 1547 3830 1791 3901; x_wconf 85' lang='lat' dir='ltr'><strong>Gregorii</strong></span> <span class='ocrx_word' id='word_1_449' title='bbox 1821 3832 1983 3887; x_wconf 88' lang='lat' dir='ltr'><strong>rebus</strong></span> <span class='ocrx_word' id='word_1_450' title='bbox 2027 3831 2211 3900; x_wconf 88' lang='lat' dir='ltr'><strong>gestis,</strong></span> 
     </span>
    </p>
   </div>
   <div class='ocr_carea' id='block_1_57' title="bbox 620 3922 2216 3996">
    <p class='ocr_par' dir='ltr' id='par_1_57' title="bbox 620 3922 2216 3996">
     <span class='ocr_line' id='line_1_58' title="bbox 620 3922 2216 3996; baseline -0.003 -16"><span class='ocrx_word' id='word_1_451' title='bbox 620 3941 683 3980; x_wconf 87' lang='lat' dir='ltr'><strong>ac</strong></span> <span class='ocrx_word' id='word_1_452' title='bbox 713 3926 1009 3996; x_wconf 73' lang='lat' dir='ltr'><strong>prmsertini</strong></span> <span class='ocrx_word' id='word_1_453' title='bbox 1040 3925 1105 3980; x_wconf 88' lang='lat' dir='ltr'><strong>de</strong></span> <span class='ocrx_word' id='word_1_454' title='bbox 1135 3924 1429 3993; x_wconf 87' lang='lat' dir='ltr'><strong>Anglicana</strong></span> <span class='ocrx_word' id='word_1_455' title='bbox 1452 3924 1689 3980; x_wconf 88' lang='lat' dir='ltr'><strong>Ecclesia</strong></span> <span class='ocrx_word' id='word_1_456' title='bbox 1715 3926 1781 3978; x_wconf 87' lang='lat' dir='ltr'><strong>ab</strong></span> <span class='ocrx_word' id='word_1_457' title='bbox 1809 3924 1925 3994; x_wconf 90' lang='lat' dir='ltr'><strong>ejus</strong></span> <span class='ocrx_word' id='word_1_458' title='bbox 1945 3922 2216 3993; x_wconf 86' lang='lat' dir='ltr'><strong>discipulis</strong></span> 
     </span>
    </p>
   </div>
   <div class='ocr_carea' id='block_1_58' title="bbox 619 4002 2214 4090">
    <p class='ocr_par' dir='ltr' id='par_1_58' title="bbox 619 4002 2214 4090">
     <span class='ocr_line' id='line_1_59' title="bbox 619 4002 2214 4090; baseline -0.001 -17"><span class='ocrx_word' id='word_1_459' title='bbox 619 4002 839 4076; x_wconf 84' lang='lat' dir='ltr'><strong>fundata</strong></span> <span class='ocrx_word' id='word_1_460' title='bbox 865 4061 880 4088; x_wconf 93' lang='lat'><strong>,</strong></span> <span class='ocrx_word' id='word_1_461' title='bbox 911 4021 1233 4089; x_wconf 89' lang='lat' dir='ltr'><strong>gubernata,</strong></span> <span class='ocrx_word' id='word_1_462' title='bbox 1283 4027 1578 4090; x_wconf 88' lang='lat' dir='ltr'><strong>propagata</strong></span> <span class='ocrx_word' id='word_1_463' title='bbox 1606 4017 1903 4084; x_wconf 88' lang='lat' dir='ltr'><strong>scriberet,</strong></span> <span class='ocrx_word' id='word_1_464' title='bbox 1933 4033 2039 4072; x_wconf 91' lang='lat' dir='ltr'><strong>non</strong></span> <span class='ocrx_word' id='word_1_465' title='bbox 2086 4032 2214 4088; x_wconf 90' lang='lat' dir='ltr'><strong>per-</strong></span> 
     </span>
    </p>
   </div>
   <div class='ocr_carea' id='block_1_59' title="bbox 616 4107 2213 4178">
    <p class='ocr_par' dir='ltr' id='par_1_59' title="bbox 616 4107 2213 4178">
     <span class='ocr_line' id='line_1_60' title="bbox 616 4107 2213 4178; baseline -0.001 -14"><span class='ocrx_word' id='word_1_466' title='bbox 616 4111 942 4166; x_wconf 87' lang='lat' dir='ltr'><strong>functoriam</strong></span> <span class='ocrx_word' id='word_1_467' title='bbox 991 4110 1402 4178; x_wconf 88' lang='lat' dir='ltr'><strong>Anglicanarum</strong></span> <span class='ocrx_word' id='word_1_468' title='bbox 1433 4125 1613 4163; x_wconf 90' lang='lat' dir='ltr'><strong>rerum</strong></span> <span class='ocrx_word' id='word_1_469' title='bbox 1662 4108 1904 4162; x_wconf 89' lang='lat' dir='ltr'><strong>notitiam</strong></span> <span class='ocrx_word' id='word_1_470' title='bbox 1933 4107 2033 4162; x_wconf 90' lang='lat' dir='ltr'><strong>sibi</strong></span> <span class='ocrx_word' id='word_1_471' title='bbox 2061 4123 2213 4162; x_wconf 88' lang='lat' dir='ltr'><strong>com-</strong></span> 
     </span>
    </p>
   </div>
   <div class='ocr_carea' id='block_1_60' title="bbox 622 4198 2217 4270">
    <p class='ocr_par' dir='ltr' id='par_1_60' title="bbox 622 4198 2217 4270">
     <span class='ocr_line' id='line_1_61' title="bbox 622 4198 2217 4270; baseline 0 -16"><span class='ocrx_word' id='word_1_472' title='bbox 622 4215 842 4270; x_wconf 89' lang='lat' dir='ltr'><strong>parasse</strong></span> <span class='ocrx_word' id='word_1_473' title='bbox 890 4201 1304 4253; x_wconf 79' lang='lat' dir='ltr'><strong>oonstatzunde</strong></span> <span class='ocrx_word' id='word_1_474' title='bbox 1354 4201 1604 4267; x_wconf 90' lang='lat' dir='ltr'><strong>ignorare</strong></span> <span class='ocrx_word' id='word_1_475' title='bbox 1651 4213 1756 4252; x_wconf 91' lang='lat' dir='ltr'><strong>non</strong></span> <span class='ocrx_word' id='word_1_476' title='bbox 1804 4198 1978 4267; x_wconf 91' lang='lat' dir='ltr'><strong>potuit</strong></span> <span class='ocrx_word' id='word_1_477' title='bbox 2025 4198 2217 4266; x_wconf 90' lang='lat' dir='ltr'><strong>quibus</strong></span> 
     </span>
    </p>
   </div>
   <div class='ocr_carea' id='block_1_61' title="bbox 625 4289 2217 4359">
    <p class='ocr_par' dir='ltr' id='par_1_61' title="bbox 625 4289 2217 4359">
     <span class='ocr_line' id='line_1_62' title="bbox 625 4289 2217 4359; baseline 0.003 -16"><span class='ocrx_word' id='word_1_478' title='bbox 625 4290 1088 4358; x_wconf 86' lang='lat' dir='ltr'><strong>adstringerentur</strong></span> <span class='ocrx_word' id='word_1_479' title='bbox 1112 4290 1321 4358; x_wconf 86' lang='lat' dir='ltr'><strong>legibus</strong></span> <span class='ocrx_word' id='word_1_480' title='bbox 1350 4291 1552 4359; x_wconf 66' lang='lat' dir='ltr'><strong>Angliae</strong></span> <span class='ocrx_word' id='word_1_481' title='bbox 1582 4289 2132 4346; x_wconf 88' lang='lat' dir='ltr'><strong>monasteria.Verum</strong></span> <span class='ocrx_word' id='word_1_482' title='bbox 2152 4293 2217 4348; x_wconf 91' lang='lat' dir='ltr'><strong>de</strong></span> 
     </span>
    </p>
   </div>
   <div class='ocr_carea' id='block_1_62' title="bbox 626 4375 2216 4447">
    <p class='ocr_par' dir='ltr' id='par_1_62' title="bbox 626 4375 2216 4447">
     <span class='ocr_line' id='line_1_63' title="bbox 626 4375 2216 4447; baseline 0.003 -16"><span class='ocrx_word' id='word_1_483' title='bbox 626 4375 733 4431; x_wconf 84' lang='lat' dir='ltr'><strong>hoc</strong></span> <span class='ocrx_word' id='word_1_484' title='bbox 760 4384 1078 4445; x_wconf 89' lang='lat' dir='ltr'><strong>argumento</strong></span> <span class='ocrx_word' id='word_1_485' title='bbox 1109 4376 1386 4447; x_wconf 90' lang='lat' dir='ltr'><strong>plusquam</strong></span> <span class='ocrx_word' id='word_1_486' title='bbox 1417 4378 1581 4443; x_wconf 90' lang='lat' dir='ltr'><strong>satis;</strong></span> <span class='ocrx_word' id='word_1_487' title='bbox 1630 4379 1863 4432; x_wconf 86' lang='lat' dir='ltr'><strong>maxime</strong></span> <span class='ocrx_word' id='word_1_488' title='bbox 1914 4394 2035 4433; x_wconf 89' lang='lat' dir='ltr'><strong>cum</strong></span> <span class='ocrx_word' id='word_1_489' title='bbox 2084 4380 2216 4436; x_wconf 91' lang='lat' dir='ltr'><strong>illud</strong></span> 
     </span>
    </p>
   </div>
   <div class='ocr_carea' id='block_1_63' title="bbox 629 4464 2213 4535">
    <p class='ocr_par' dir='ltr' id='par_1_63' title="bbox 629 4464 2213 4535">
     <span class='ocr_line' id='line_1_64' title="bbox 629 4464 2213 4535; baseline 0.003 -16"><span class='ocrx_word' id='word_1_490' title='bbox 629 4465 975 4535; x_wconf 88' lang='lat' dir='ltr'><strong>occupaverit</strong></span> <span class='ocrx_word' id='word_1_491' title='bbox 1019 4464 1362 4520; x_wconf 83' lang='lat' dir='ltr'><strong>doctissimus</strong></span> <span class='ocrx_word' id='word_1_492' title='bbox 1409 4465 1770 4522; x_wconf 86' lang='lat' dir='ltr'><strong>Mabillonius.</strong></span> <span class='ocrx_word' id='word_1_493' title='bbox 1819 4467 1970 4524; x_wconf 87' lang='lat' dir='ltr'><strong>Nune</strong></span> <span class='ocrx_word' id='word_1_494' title='bbox 2028 4468 2095 4523; x_wconf 90' lang='lat' dir='ltr'><strong>ad</strong></span> <span class='ocrx_word' id='word_1_495' title='bbox 2157 4468 2213 4524; x_wconf 91' lang='lat' dir='ltr'><strong>S.</strong></span> 
     </span>
    </p>
   </div>
   <div class='ocr_carea' id='block_1_64' title="bbox 628 4555 2216 4632">
    <p class='ocr_par' dir='ltr' id='par_1_64' title="bbox 628 4555 2216 4632">
     <span class='ocr_line' id='line_1_65' title="bbox 628 4555 2216 4632; baseline 0.006 -20"><span class='ocrx_word' id='word_1_496' title='bbox 628 4555 945 4628; x_wconf 88' lang='lat' dir='ltr'><strong>Gregorium</strong></span> <span class='ocrx_word' id='word_1_497' title='bbox 969 4557 1272 4625; x_wconf 89' lang='lat' dir='ltr'><strong>redeamus,</strong></span> <span class='ocrx_word' id='word_1_498' title='bbox 1297 4559 1364 4614; x_wconf 91' lang='lat' dir='ltr'><strong>de</strong></span> <span class='ocrx_word' id='word_1_499' title='bbox 1392 4561 1666 4616; x_wconf 89' lang='lat' dir='ltr'><strong>conversis</strong></span> <span class='ocrx_word' id='word_1_500' title='bbox 1695 4561 1882 4632; x_wconf 85' lang='lat' dir='ltr'><strong>Anglis</strong></span> <span class='ocrx_word' id='word_1_501' title='bbox 1907 4564 1960 4618; x_wconf 94' lang='lat' dir='ltr'><strong>in</strong></span> <span class='ocrx_word' id='word_1_502' title='bbox 1988 4563 2216 4622; x_wconf 91' lang='lat' dir='ltr'><strong>Domino</strong></span> 
     </span>
    </p>
   </div>
   <div class='ocr_carea' id='block_1_65' title="bbox 629 4649 2218 4728">
    <p class='ocr_par' dir='ltr' id='par_1_65' title="bbox 629 4649 2218 4728">
     <span class='ocr_line' id='line_1_66' title="bbox 629 4649 2218 4728; baseline 0.005 -23"><span class='ocrx_word' id='word_1_503' title='bbox 629 4649 988 4723; x_wconf 79' lang='lat' dir='ltr'><strong>exsultantem</strong></span> <span class='ocrx_word' id='word_1_504' title='bbox 1010 4690 1029 4718; x_wconf 91' lang='lat'><strong>,</strong></span> <span class='ocrx_word' id='word_1_505' title='bbox 1078 4665 1143 4706; x_wconf 90' lang='lat' dir='ltr'><strong>ac</strong></span> <span class='ocrx_word' id='word_1_506' title='bbox 1172 4649 1239 4706; x_wconf 91' lang='lat' dir='ltr'><strong>de</strong></span> <span class='ocrx_word' id='word_1_507' title='bbox 1266 4651 1597 4708; x_wconf 89' lang='lat' dir='ltr'><strong>absolvendo</strong></span> <span class='ocrx_word' id='word_1_508' title='bbox 1646 4662 1798 4711; x_wconf 90' lang='lat' dir='ltr'><strong>tanto</strong></span> <span class='ocrx_word' id='word_1_509' title='bbox 1826 4671 1990 4728; x_wconf 90' lang='lat' dir='ltr'><strong>opere</strong></span> <span class='ocrx_word' id='word_1_510' title='bbox 2019 4658 2218 4715; x_wconf 91' lang='lat' dir='ltr'><strong>sollici-</strong></span> 
     </span>
    </p>
   </div>
   <div class='ocr_carea' id='block_1_66' title="bbox 628 4747 1718 4884">
    <p class='ocr_par' dir='ltr' id='par_1_66' title="bbox 628 4747 1718 4884">
     <span class='ocr_line' id='line_1_67' title="bbox 628 4747 1718 4884; baseline -0.002 -11"><span class='ocrx_word' id='word_1_511' title='bbox 628 4747 766 4794; x_wconf 55' lang='grc' dir='ltr'><strong>ω’</strong></span> <span class='ocrx_word' id='word_1_512' title='bbox 1129 4813 1291 4884; x_wconf 72' lang='lat'><strong>239</strong></span> <span class='ocrx_word' id='word_1_513' title='bbox 1317 4811 1545 4870; x_wconf 80' lang='lat' dir='ltr'><strong>CAPUT</strong></span> <span class='ocrx_word' id='word_1_514' title='bbox 1583 4813 1718 4871; x_wconf 86' lang='lat' dir='ltr'><strong>Vlll.</strong></span> 
     </span>
    </p>
   </div>
   <div class='ocr_carea' id='block_1_67' title="bbox 629 4901 2218 4972">
    <p class='ocr_par' dir='ltr' id='par_1_67' title="bbox 629 4901 2218 4972">
     <span class='ocr_line' id='line_1_68' title="bbox 629 4901 2218 4972; baseline 0.008 -22"><span class='ocrx_word' id='word_1_515' title='bbox 629 4901 822 4954; x_wconf 69' lang='lat' dir='ltr'><strong>Ancon.</strong></span> <span class='ocrx_word' id='word_1_516' title='bbox 844 4929 911 4972; x_wconf 55' lang='grc' dir='ltr'><strong>-ί</strong></span> <span class='ocrx_word' id='word_1_517' title='bbox 926 4904 946 4954; x_wconf 83' lang='grc'>1</span> <span class='ocrx_word' id='word_1_518' title='bbox 961 4943 972 4953; x_wconf 95' lang='grc'><strong>.</strong></span> <span class='ocrx_word' id='word_1_519' title='bbox 999 4905 1205 4972; x_wconf 78' lang='lat' dir='ltr'><strong>sanctus</strong></span> <span class='ocrx_word' id='word_1_520' title='bbox 1225 4906 1493 4972; x_wconf 79' lang='lat' dir='ltr'><strong>Gregorius</strong></span> <span class='ocrx_word' id='word_1_521' title='bbox 1515 4907 1704 4957; x_wconf 88' lang='lat' dir='ltr'><strong>debitas</strong></span> <span class='ocrx_word' id='word_1_522' title='bbox 1726 4909 1820 4958; x_wconf 84' lang='lat' dir='ltr'><strong>sibi</strong></span> <span class='ocrx_word' id='word_1_523' title='bbox 1845 4921 1930 4970; x_wconf 71' lang='lat' dir='ltr'><strong>pro</strong></span> <span class='ocrx_word' id='word_1_524' title='bbox 1948 4907 2218 4972; x_wconf 81' lang='lat' dir='ltr'><strong>Anglorum</strong></span> 
     </span>
    </p>
   </div>
   <div class='ocr_carea' id='block_1_68' title="bbox 693 4967 2222 5029">
    <p class='ocr_par' dir='ltr' id='par_1_68' title="bbox 693 4967 2222 5029">
     <span class='ocr_line' id='line_1_69' title="bbox 693 4967 2222 5029; baseline 0.007 -17"><span class='ocrx_word' id='word_1_525' title='bbox 693 4969 1012 5017; x_wconf 80' lang='lat' dir='ltr'><strong>conversione</strong></span> <span class='ocrx_word' id='word_1_526' title='bbox 1047 4967 1217 5017; x_wconf 82' lang='lat' dir='ltr'><strong>laudes</strong></span> <span class='ocrx_word' id='word_1_527' title='bbox 1253 4969 1300 5016; x_wconf 90' lang='lat' dir='ltr'><strong>in</strong></span> <span class='ocrx_word' id='word_1_528' title='bbox 1325 4967 1446 5017; x_wconf 77' lang='lat' dir='ltr'><strong>alios</strong></span> <span class='ocrx_word' id='word_1_529' title='bbox 1475 4973 1685 5029; x_wconf 88' lang='lat' dir='ltr'><strong>regerit.</strong></span> <span class='ocrx_word' id='word_1_530' title='bbox 1710 4997 1770 5006; x_wconf 93' lang='lat'><em>—</em></span> <span class='ocrx_word' id='word_1_531' title='bbox 1793 4967 2107 5028; x_wconf 62' lang='lat' dir='ltr'><strong>2.&#39;Quuntinn</strong></span> <span class='ocrx_word' id='word_1_532' title='bbox 2133 4977 2222 5022; x_wconf 87' lang='lat' dir='ltr'><strong>llo-</strong></span> 
     </span>
    </p>
   </div>
   <div class='ocr_carea' id='block_1_69' title="bbox 694 5029 2221 5094">
    <p class='ocr_par' dir='ltr' id='par_1_69' title="bbox 694 5029 2221 5094">
     <span class='ocr_line' id='line_1_70' title="bbox 694 5029 2221 5094; baseline 0.009 -21"><span class='ocrx_word' id='word_1_533' title='bbox 694 5035 832 5094; x_wconf 82' lang='lat' dir='ltr'><strong>reret</strong></span> <span class='ocrx_word' id='word_1_534' title='bbox 856 5035 970 5094; x_wconf 86' lang='lat' dir='ltr'><strong>tunc</strong></span> <span class='ocrx_word' id='word_1_535' title='bbox 991 5031 1166 5094; x_wconf 78' lang='lat' dir='ltr'><strong>religio</strong></span> <span class='ocrx_word' id='word_1_536' title='bbox 1205 5031 1256 5080; x_wconf 90' lang='lat' dir='ltr'><strong>in</strong></span> <span class='ocrx_word' id='word_1_537' title='bbox 1281 5029 1477 5094; x_wconf 61' lang='lat' dir='ltr'><strong>Anglia.</strong></span> <span class='ocrx_word' id='word_1_538' title='bbox 1498 5057 1558 5094; x_wconf 67' lang='grc' dir='ltr'><strong>-ς</strong></span> <span class='ocrx_word' id='word_1_539' title='bbox 1583 5033 1629 5080; x_wconf 76' lang='grc'>5.</span> <span class='ocrx_word' id='word_1_540' title='bbox 1656 5034 1879 5090; x_wconf 63' lang='lat' dir='ltr'><strong>Quaedam</strong></span> <span class='ocrx_word' id='word_1_541' title='bbox 1907 5046 2081 5084; x_wconf 81' lang='lat' dir='ltr'><strong>recens</strong></span> <span class='ocrx_word' id='word_1_542' title='bbox 2103 5048 2221 5086; x_wconf 84' lang='lat' dir='ltr'><strong>con-</strong></span> 
     </span>
    </p>
   </div>
   <div class='ocr_carea' id='block_1_70' title="bbox 695 5091 2220 5163">
    <p class='ocr_par' dir='ltr' id='par_1_70' title="bbox 695 5091 2220 5163">
     <span class='ocr_line' id='line_1_71' title="bbox 695 5091 2220 5163; baseline 0.008 -28"><span class='ocrx_word' id='word_1_543' title='bbox 695 5091 850 5163; x_wconf 70' lang='lat' dir='ltr'><strong>versis</strong></span> <span class='ocrx_word' id='word_1_544' title='bbox 890 5091 1113 5163; x_wconf 79' lang='lat' dir='ltr'><strong>indulget</strong></span> <span class='ocrx_word' id='word_1_545' title='bbox 1136 5105 1276 5163; x_wconf 66' lang='lat' dir='ltr'><strong>papa.</strong></span> <span class='ocrx_word' id='word_1_546' title='bbox 1301 5091 1432 5163; x_wconf 58' lang='lat' dir='ltr'><strong>—-&#39;J_.</strong></span> <span class='ocrx_word' id='word_1_547' title='bbox 1460 5091 1700 5163; x_wconf 73' lang='lat' dir='ltr'><strong>[dolorum</strong></span> <span class='ocrx_word' id='word_1_548' title='bbox 1745 5094 1925 5163; x_wconf 67' lang='lat' dir='ltr'><strong>templa</strong></span> <span class='ocrx_word' id='word_1_549' title='bbox 1950 5095 2220 5163; x_wconf 77' lang='lat' dir='ltr'><strong>Christiano</strong></span> 
     </span>
    </p>
   </div>
   <div class='ocr_carea' id='block_1_71' title="bbox 692 5155 2220 5216">
    <p class='ocr_par' dir='ltr' id='par_1_71' title="bbox 692 5155 2220 5216">
     <span class='ocr_line' id='line_1_72' title="bbox 692 5155 2220 5216; baseline 0.008 -19"><span class='ocrx_word' id='word_1_550' title='bbox 692 5155 789 5199; x_wconf 85' lang='lat' dir='ltr'><strong>ritu</strong></span> <span class='ocrx_word' id='word_1_551' title='bbox 826 5157 1095 5202; x_wconf 65' lang='lat' dir='ltr'><strong>consvcrari</strong></span> <span class='ocrx_word' id='word_1_552' title='bbox 1131 5155 1292 5214; x_wconf 89' lang='lat' dir='ltr'><strong>jubet.</strong></span> <span class='ocrx_word' id='word_1_553' title='bbox 1317 5181 1375 5189; x_wconf 97' lang='lat'><strong>—</strong></span> <span class='ocrx_word' id='word_1_554' title='bbox 1398 5156 1444 5204; x_wconf 78' lang='lat'><strong>5.</strong></span> <span class='ocrx_word' id='word_1_555' title='bbox 1480 5155 1610 5212; x_wconf 70' lang='lat' dir='ltr'><strong>Quae</strong></span> <span class='ocrx_word' id='word_1_556' title='bbox 1655 5157 1911 5216; x_wconf 79' lang='lat' dir='ltr'><strong>necpbytis</strong></span> <span class='ocrx_word' id='word_1_557' title='bbox 1955 5155 2125 5216; x_wconf 78' lang='lat' dir='ltr'><strong>epulas</strong></span> <span class='ocrx_word' id='word_1_558' title='bbox 2166 5166 2220 5209; x_wconf 90' lang='lat' dir='ltr'><strong>et</strong></span> 
     </span>
    </p>
   </div>
   <div class='ocr_carea' id='block_1_72' title="bbox 691 5216 2220 5285">
    <p class='ocr_par' dir='ltr' id='par_1_72' title="bbox 691 5216 2220 5285">
     <span class='ocr_line' id='line_1_73' title="bbox 691 5216 2220 5285; baseline 0.007 -26"><span class='ocrx_word' id='word_1_559' title='bbox 691 5223 874 5285; x_wconf 69' lang='lat' dir='ltr'><strong>agapes</strong></span> <span class='ocrx_word' id='word_1_560' title='bbox 913 5218 1228 5285; x_wconf 78' lang='lat' dir='ltr'><strong>concesserit.</strong></span> <span class='ocrx_word' id='word_1_561' title='bbox 1257 5241 1317 5251; x_wconf 87' lang='lat'><strong>—-—</strong></span> <span class='ocrx_word' id='word_1_562' title='bbox 1350 5216 1400 5285; x_wconf 72' lang='grc' dir='ltr'>β.</span> <span class='ocrx_word' id='word_1_563' title='bbox 1428 5217 1733 5285; x_wconf 73' lang='lat' dir='ltr'><strong>Augustinus</strong></span> <span class='ocrx_word' id='word_1_564' title='bbox 1770 5217 1957 5285; x_wconf 81' lang='lat' dir='ltr'><strong>frustra</strong></span> <span class='ocrx_word' id='word_1_565' title='bbox 1991 5216 2220 5270; x_wconf 89' lang='lat' dir='ltr'><strong>Britones</strong></span> 
     </span>
    </p>
   </div>
   <div class='ocr_carea' id='block_1_73' title="bbox 691 5272 2219 5342">
    <p class='ocr_par' dir='ltr' id='par_1_73' title="bbox 691 5272 2219 5342">
     <span class='ocr_line' id='line_1_74' title="bbox 691 5272 2219 5342; baseline 0.006 -21"><span class='ocrx_word' id='word_1_566' title='bbox 691 5272 990 5342; x_wconf 77' lang='lat' dir='ltr'><strong>dissidentes</strong></span> <span class='ocrx_word' id='word_1_567' title='bbox 1039 5278 1106 5342; x_wconf 82' lang='lat' dir='ltr'><strong>ad</strong></span> <span class='ocrx_word' id='word_1_568' title='bbox 1143 5290 1314 5342; x_wconf 82' lang='lat' dir='ltr'><strong>pacem</strong></span> <span class='ocrx_word' id='word_1_569' title='bbox 1348 5272 1534 5328; x_wconf 59' lang='lat' dir='ltr'><strong>invitat.</strong></span> <span class='ocrx_word' id='word_1_570' title='bbox 1580 5277 1670 5342; x_wconf 88' lang='lat' dir='ltr'><strong>Qui</strong></span> <span class='ocrx_word' id='word_1_571' title='bbox 1715 5281 2004 5342; x_wconf 72' lang='lat' dir='ltr'><strong>pervicacia:</strong></span> <span class='ocrx_word' id='word_1_572' title='bbox 2053 5283 2219 5342; x_wconf 79' lang='lat' dir='ltr'><strong>pmnas</strong></span> 
     </span>
    </p>
   </div>
   <div class='ocr_carea' id='block_1_74' title="bbox 692 5335 2219 5400">
    <p class='ocr_par' dir='ltr' id='par_1_74' title="bbox 692 5335 2219 5400">
     <span class='ocr_line' id='line_1_75' title="bbox 692 5335 2219 5400; baseline 0.007 -17"><span class='ocrx_word' id='word_1_573' title='bbox 692 5335 823 5400; x_wconf 71' lang='lat' dir='ltr'><strong>dant.</strong></span> <span class='ocrx_word' id='word_1_574' title='bbox 853 5337 1112 5399; x_wconf 84' lang='lat' dir='ltr'><strong>Augustini</strong></span> <span class='ocrx_word' id='word_1_575' title='bbox 1143 5335 1326 5399; x_wconf 71' lang='lat' dir='ltr'><strong>obitus,</strong></span> <span class='ocrx_word' id='word_1_576' title='bbox 1353 5345 1405 5388; x_wconf 89' lang='lat' dir='ltr'><strong>et</strong></span> <span class='ocrx_word' id='word_1_577' title='bbox 1428 5344 1537 5400; x_wconf 81' lang='lat' dir='ltr'><strong>post.</strong></span> <span class='ocrx_word' id='word_1_578' title='bbox 1572 5335 1758 5387; x_wconf 81' lang='lat' dir='ltr'><strong>obitum</strong></span> <span class='ocrx_word' id='word_1_579' title='bbox 1802 5341 1960 5390; x_wconf 89' lang='lat' dir='ltr'><strong>cultus</strong></span> <span class='ocrx_word' id='word_1_580' title='bbox 1981 5335 2219 5393; x_wconf 79' lang='lat' dir='ltr'><strong>sacer.—</strong></span> 
     </span>
    </p>
   </div>
   <div class='ocr_carea' id='block_1_75' title="bbox 693 5398 2217 5462">
    <p class='ocr_par' dir='ltr' id='par_1_75' title="bbox 693 5398 2217 5462">
     <span class='ocr_line' id='line_1_76' title="bbox 693 5398 2217 5462; baseline 0.008 -18"><span class='ocrx_word' id='word_1_581' title='bbox 693 5398 741 5462; x_wconf 72' lang='grc'>7.</span> <span class='ocrx_word' id='word_1_582' title='bbox 769 5398 1010 5462; x_wconf 77' lang='lat' dir='ltr'><strong>Quantum</strong></span> <span class='ocrx_word' id='word_1_583' title='bbox 1037 5403 1141 5459; x_wconf 81' lang='lat' dir='ltr'><strong>eius</strong></span> <span class='ocrx_word' id='word_1_584' title='bbox 1165 5398 1478 5450; x_wconf 78' lang='lat' dir='ltr'><strong>successores</strong></span> <span class='ocrx_word' id='word_1_585' title='bbox 1503 5414 1587 5462; x_wconf 79' lang='lat' dir='ltr'><strong>pro</strong></span> <span class='ocrx_word' id='word_1_586' title='bbox 1613 5403 1983 5453; x_wconf 85' lang='lat' dir='ltr'><strong>reconciliandis</strong></span> <span class='ocrx_word' id='word_1_587' title='bbox 2005 5405 2217 5458; x_wconf 86' lang='lat' dir='ltr'><strong>Britoni-</strong></span> 
     </span>
    </p>
   </div>
   <div class='ocr_carea' id='block_1_76' title="bbox 693 5459 2220 5523">
    <p class='ocr_par' dir='ltr' id='par_1_76' title="bbox 693 5459 2220 5523">
     <span class='ocr_line' id='line_1_77' title="bbox 693 5459 2220 5523; baseline 0.005 -16"><span class='ocrx_word' id='word_1_588' title='bbox 693 5459 784 5507; x_wconf 89' lang='lat' dir='ltr'><strong>bus</strong></span> <span class='ocrx_word' id='word_1_589' title='bbox 813 5470 863 5510; x_wconf 89' lang='lat' dir='ltr'><strong>et</strong></span> <span class='ocrx_word' id='word_1_590' title='bbox 887 5461 1065 5512; x_wconf 73' lang='lat' dir='ltr'><strong>Scottis</strong></span> <span class='ocrx_word' id='word_1_591' title='bbox 1105 5462 1448 5513; x_wconf 78' lang='lat' dir='ltr'><strong>laboraverint.</strong></span> <span class='ocrx_word' id='word_1_592' title='bbox 1468 5459 1528 5497; x_wconf 54' lang='lat'><strong>-—&#39;</strong></span> <span class='ocrx_word' id='word_1_593' title='bbox 1545 5464 1589 5511; x_wconf 91' lang='lat'><strong>8.</strong></span> <span class='ocrx_word' id='word_1_594' title='bbox 1638 5462 1692 5511; x_wconf 85' lang='lat' dir='ltr'><strong>In</strong></span> <span class='ocrx_word' id='word_1_595' title='bbox 1717 5464 1898 5523; x_wconf 85' lang='lat' dir='ltr'><strong>Anglos</strong></span> <span class='ocrx_word' id='word_1_596' title='bbox 1921 5465 2220 5518; x_wconf 72' lang='lat' dir='ltr'><strong>Christianos</strong></span> 
     </span>
    </p>
   </div>
   <div class='ocr_carea' id='block_1_77' title="bbox 729 5523 2220 5582">
    <p class='ocr_par' dir='ltr' id='par_1_77' title="bbox 729 5523 2220 5582">
     <span class='ocr_line' id='line_1_78' title="bbox 729 5523 2220 5582; baseline 0.007 -12"><span class='ocrx_word' id='word_1_597' title='bbox 729 5527 972 5572; x_wconf 83' lang='lat' dir='ltr'><strong>ersecntio</strong></span> <span class='ocrx_word' id='word_1_598' title='bbox 994 5523 1214 5572; x_wconf 63' lang='lat' dir='ltr'><strong>dese-vit.</strong></span> <span class='ocrx_word' id='word_1_599' title='bbox 1243 5523 1362 5582; x_wconf 69' lang='lat' dir='ltr'><strong>Quir</strong></span> <span class='ocrx_word' id='word_1_600' title='bbox 1383 5526 1577 5574; x_wconf 85' lang='lat' dir='ltr'><strong>tandem</strong></span> <span class='ocrx_word' id='word_1_601' title='bbox 1603 5526 1819 5576; x_wconf 72' lang='lat' dir='ltr'><strong>sedatur.</strong></span> <span class='ocrx_word' id='word_1_602' title='bbox 1839 5553 1897 5563; x_wconf 89' lang='lat'><strong><em>—</em></strong></span> <span class='ocrx_word' id='word_1_603' title='bbox 1915 5529 1963 5576; x_wconf 89' lang='lat'><strong>9.</strong></span> <span class='ocrx_word' id='word_1_604' title='bbox 1991 5529 2220 5580; x_wconf 81' lang='lat' dir='ltr'><strong>Britones</strong></span> 
     </span>
    </p>
   </div>
   <div class='ocr_carea' id='block_1_78' title="bbox 719 5584 2219 5654">
    <p class='ocr_par' dir='ltr' id='par_1_78' title="bbox 719 5584 2219 5654">
     <span class='ocr_line' id='line_1_79' title="bbox 719 5584 2219 5654; baseline 0.008 -23"><span class='ocrx_word' id='word_1_605' title='bbox 719 5584 925 5654; x_wconf 69' lang='lat' dir='ltr'><strong>Ecclesia:</strong></span> <span class='ocrx_word' id='word_1_606' title='bbox 969 5584 1191 5654; x_wconf 62' lang='lat' dir='ltr'><strong>Bouiania;</strong></span> <span class='ocrx_word' id='word_1_607' title='bbox 1230 5585 1498 5635; x_wconf 86' lang='lat' dir='ltr'><strong>doctrinam</strong></span> <span class='ocrx_word' id='word_1_608' title='bbox 1537 5589 1758 5654; x_wconf 80' lang='lat' dir='ltr'><strong>ritusque</strong></span> <span class='ocrx_word' id='word_1_609' title='bbox 1794 5592 2080 5654; x_wconf 86' lang='lat' dir='ltr'><strong>suscipiunt.</strong></span> <span class='ocrx_word' id='word_1_610' title='bbox 2123 5593 2219 5644; x_wconf 83' lang='lat' dir='ltr'><strong>Pro</strong></span> 
     </span>
    </p>
   </div>
   <div class='ocr_carea' id='block_1_79' title="bbox 697 5645 1873 5708">
    <p class='ocr_par' dir='ltr' id='par_1_79' title="bbox 697 5645 1873 5708">
     <span class='ocr_line' id='line_1_80' title="bbox 697 5645 1873 5708; baseline 0.008 -17"><span class='ocrx_word' id='word_1_611' title='bbox 697 5645 1038 5696; x_wconf 81' lang='lat' dir='ltr'><strong>hodiernor’um</strong></span> <span class='ocrx_word' id='word_1_612' title='bbox 1061 5648 1331 5708; x_wconf 82' lang='lat' dir='ltr'><strong>Anglorum</strong></span> <span class='ocrx_word' id='word_1_613' title='bbox 1354 5645 1873 5700; x_wconf 62' lang='lat' dir='ltr'><strong>conversione&#39;t&#39;otum;</strong></span> 
     </span>
    </p>
   </div>
   <div class='ocr_carea' id='block_1_80' title="bbox 703 5746 2222 5826">
    <p class='ocr_par' dir='ltr' id='par_1_80' title="bbox 703 5746 2222 5826">
     <span class='ocr_line' id='line_1_81' title="bbox 703 5746 2222 5826; baseline 0.012 -27"><span class='ocrx_word' id='word_1_614' title='bbox 703 5746 758 5799; x_wconf 70' lang='grc'>1.</span> <span class='ocrx_word' id='word_1_615' title='bbox 800 5749 1048 5819; x_wconf 82' lang='lat' dir='ltr'><strong>Acceptis</strong></span> <span class='ocrx_word' id='word_1_616' title='bbox 1071 5766 1190 5820; x_wconf 67' lang='lat' dir='ltr'><strong>quae</strong></span> <span class='ocrx_word' id='word_1_617' title='bbox 1220 5753 1272 5806; x_wconf 93' lang='lat' dir='ltr'><strong>in</strong></span> <span class='ocrx_word' id='word_1_618' title='bbox 1304 5751 1594 5822; x_wconf 71' lang='lat' dir='ltr'><strong>Anglican&#39;a</strong></span> <span class='ocrx_word' id='word_1_619' title='bbox 1623 5757 1968 5826; x_wconf 83' lang='lat' dir='ltr'><strong>expeditione</strong></span> <span class='ocrx_word' id='word_1_620' title='bbox 1993 5757 2222 5816; x_wconf 79' lang='lat' dir='ltr'><strong>feliciter</strong></span> 
     </span>
    </p>
   </div>
   <div class='ocr_carea' id='block_1_81' title="bbox 635 5837 2218 5923">
    <p class='ocr_par' dir='ltr' id='par_1_81' title="bbox 635 5837 2218 5923">
     <span class='ocr_line' id='line_1_82' title="bbox 635 5837 2218 5923; baseline 0.012 -32"><span class='ocrx_word' id='word_1_621' title='bbox 635 5837 704 5892; x_wconf 80' lang='lat' dir='ltr'><strong>ab</strong></span> <span class='ocrx_word' id='word_1_622' title='bbox 734 5837 1029 5908; x_wconf 86' lang='lat' dir='ltr'><strong>Augustino</strong></span> <span class='ocrx_word' id='word_1_623' title='bbox 1073 5843 1296 5914; x_wconf 90' lang='lat' dir='ltr'><strong>ejusque</strong></span> <span class='ocrx_word' id='word_1_624' title='bbox 1325 5844 1577 5905; x_wconf 83' lang='lat' dir='ltr'><strong>fratribus</strong></span> <span class='ocrx_word' id='word_1_625' title='bbox 1617 5841 1669 5906; x_wconf 89' lang='lat' dir='ltr'><strong>in</strong></span> <span class='ocrx_word' id='word_1_626' title='bbox 1715 5849 1829 5906; x_wconf 91' lang='lat' dir='ltr'><strong>dies</strong></span> <span class='ocrx_word' id='word_1_627' title='bbox 1876 5852 2218 5923; x_wconf 81' lang='lat' dir='ltr'><strong>gerebantur,</strong></span> 
     </span>
    </p>
   </div>
   <div class='ocr_carea' id='block_1_82' title="bbox 807 5986 866 6052">
    <p class='ocr_par' dir='ltr' id='par_1_82' title="bbox 807 5986 866 6052">
     <span class='ocr_line' id='line_1_83' title="bbox 807 5986 866 6052; baseline 0 0"><span class='ocrx_word' id='word_1_628' title='bbox 807 5986 866 6052; x_wconf 31' lang='grc' dir='ltr'>ξ.</span> 
     </span>
    </p>
   </div>
   <div class='ocr_carea' id='block_1_83' title="bbox 924 6105 942 6130">
    <p class='ocr_par' dir='ltr' id='par_1_83' title="bbox 924 6105 942 6130">
     <span class='ocr_line' id='line_1_84' title="bbox 924 6105 942 6130; baseline 0 0"><span class='ocrx_word' id='word_1_629' title='bbox 924 6105 942 6130; x_wconf 67' lang='grc' dir='ltr'><strong>’ς</strong></span> 
     </span>
    </p>
   </div>
   <div class='ocr_carea' id='block_1_84' title="bbox 939 6133 954 6157">
    <p class='ocr_par' dir='ltr' id='par_1_84' title="bbox 939 6133 954 6157">
     <span class='ocr_line' id='line_1_85' title="bbox 939 6133 954 6157; baseline 0 0"><span class='ocrx_word' id='word_1_630' title='bbox 939 6133 954 6157; x_wconf 62' lang='grc' dir='ltr'><strong>κ</strong></span> 
     </span>
    </p>
   </div>
   <div class='ocr_carea' id='block_1_85' title="bbox 2313 1889 3921 1972">
    <p class='ocr_par' dir='ltr' id='par_1_85' title="bbox 2313 1889 3921 1972">
     <span class='ocr_line' id='line_1_86' title="bbox 2313 1889 3921 1972; baseline -0.006 -12"><span class='ocrx_word' id='word_1_631' title='bbox 2313 1901 2674 1961; x_wconf 69' lang='lat' dir='ltr'><strong>Alexandrino</strong></span> <span class='ocrx_word' id='word_1_632' title='bbox 2721 1902 2908 1972; x_wconf 86' lang='lat' dir='ltr'><strong>papula</strong></span> <span class='ocrx_word' id='word_1_633' title='bbox 2939 1897 3209 1971; x_wconf 89' lang='lat' dir='ltr'><strong>loquendo,</strong></span> <span class='ocrx_word' id='word_1_634' title='bbox 3257 1889 3318 1951; x_wconf 20' lang='lat' dir='ltr'><strong>et.</strong></span> <span class='ocrx_word' id='word_1_635' title='bbox 3349 1896 3470 1967; x_wconf 84' lang='lat' dir='ltr'><strong>quid</strong></span> <span class='ocrx_word' id='word_1_636' title='bbox 3495 1897 3548 1948; x_wconf 90' lang='lat' dir='ltr'><strong>in</strong></span> <span class='ocrx_word' id='word_1_637' title='bbox 3580 1895 3763 1948; x_wconf 83' lang='lat' dir='ltr'><strong>mundi</strong></span> <span class='ocrx_word' id='word_1_638' title='bbox 3793 1895 3921 1962; x_wconf 46' lang='lat' dir='ltr'><strong>ﬁnis</strong></span> 
     </span>
    </p>
   </div>
   <div class='ocr_carea' id='block_1_86' title="bbox 2313 1987 3916 2063">
    <p class='ocr_par' dir='ltr' id='par_1_86' title="bbox 2313 1987 3916 2063">
     <span class='ocr_line' id='line_1_87' title="bbox 2313 1987 3916 2063; baseline -0.002 -17"><span class='ocrx_word' id='word_1_639' title='bbox 2313 1994 2405 2047; x_wconf 83' lang='lat' dir='ltr'><strong>bus</strong></span> <span class='ocrx_word' id='word_1_640' title='bbox 2433 1994 2588 2063; x_wconf 82' lang='lat' dir='ltr'><strong>agitis</strong></span> <span class='ocrx_word' id='word_1_641' title='bbox 2629 1990 2847 2046; x_wconf 91' lang='lat' dir='ltr'><strong>orando.</strong></span> <span class='ocrx_word' id='word_1_642' title='bbox 2892 1989 3085 2044; x_wconf 62' lang='lat' dir='ltr'><strong>Vestri:</strong></span> <span class='ocrx_word' id='word_1_643' title='bbox 3111 1989 3250 2041; x_wconf 89' lang='lat' dir='ltr'><strong>enim</strong></span> <span class='ocrx_word' id='word_1_644' title='bbox 3294 1987 3554 2040; x_wconf 86' lang='lat' dir='ltr'><strong>orationes</strong></span> <span class='ocrx_word' id='word_1_645' title='bbox 3593 1995 3713 2038; x_wconf 81' lang='lat' dir='ltr'><strong>sunt</strong></span> <span class='ocrx_word' id='word_1_646' title='bbox 3753 1987 3811 2038; x_wconf 78' lang='lat' dir='ltr'><strong>in</strong></span> <span class='ocrx_word' id='word_1_647' title='bbox 3857 2003 3916 2042; x_wconf 82' lang='lat' dir='ltr'><strong>eo</strong></span> 
     </span>
    </p>
   </div>
   <div class='ocr_carea' id='block_1_87' title="bbox 2312 2077 3918 2150">
    <p class='ocr_par' dir='ltr' id='par_1_87' title="bbox 2312 2077 3918 2150">
     <span class='ocr_line' id='line_1_88' title="bbox 2312 2077 3918 2150; baseline -0.005 -14"><span class='ocrx_word' id='word_1_648' title='bbox 2312 2084 2424 2136; x_wconf 91' lang='lat' dir='ltr'><strong>loco</strong></span> <span class='ocrx_word' id='word_1_649' title='bbox 2468 2083 2552 2136; x_wconf 83' lang='lat' dir='ltr'><strong>ubi</strong></span> <span class='ocrx_word' id='word_1_650' title='bbox 2593 2099 2694 2136; x_wconf 87' lang='lat' dir='ltr'><strong>non</strong></span> <span class='ocrx_word' id='word_1_651' title='bbox 2723 2082 2866 2146; x_wconf 85' lang='lat' dir='ltr'><strong>estis,</strong></span> <span class='ocrx_word' id='word_1_652' title='bbox 2911 2095 3125 2150; x_wconf 86' lang='lat' dir='ltr'><strong>quorum</strong></span> <span class='ocrx_word' id='word_1_653' title='bbox 3170 2077 3494 2148; x_wconf 88' lang='lat' dir='ltr'><strong>operationes</strong></span> <span class='ocrx_word' id='word_1_654' title='bbox 3541 2087 3738 2129; x_wconf 68' lang='lat' dir='ltr'><strong>sancte</strong></span> <span class='ocrx_word' id='word_1_655' title='bbox 3765 2093 3918 2130; x_wconf 56' lang='lat' dir='ltr'><strong>mon.</strong></span> 
     </span>
    </p>
   </div>
   <div class='ocr_carea' id='block_1_88' title="bbox 2313 2167 3917 2243">
    <p class='ocr_par' dir='ltr' id='par_1_88' title="bbox 2313 2167 3917 2243">
     <span class='ocr_line' id='line_1_89' title="bbox 2313 2167 3917 2243; baseline -0.005 -14"><span class='ocrx_word' id='word_1_656' title='bbox 2313 2186 2544 2230; x_wconf 81' lang='lat' dir='ltr'><strong>strantur</strong></span> <span class='ocrx_word' id='word_1_657' title='bbox 2589 2176 2643 2227; x_wconf 87' lang='lat' dir='ltr'><strong>in</strong></span> <span class='ocrx_word' id='word_1_658' title='bbox 2691 2190 2750 2227; x_wconf 90' lang='lat' dir='ltr'><strong>eo</strong></span> <span class='ocrx_word' id='word_1_659' title='bbox 2790 2174 2901 2226; x_wconf 89' lang='lat' dir='ltr'><strong>loco</strong></span> <span class='ocrx_word' id='word_1_660' title='bbox 2930 2173 2982 2225; x_wconf 88' lang='lat' dir='ltr'><strong>in</strong></span> <span class='ocrx_word' id='word_1_661' title='bbox 3013 2188 3110 2243; x_wconf 84' lang='lat' dir='ltr'><strong>quo</strong></span> <span class='ocrx_word' id='word_1_662' title='bbox 3138 2171 3280 2223; x_wconf 89' lang='lat' dir='ltr'><strong>estis.</strong></span> <span class='ocrx_word' id='word_1_663' title='bbox 3313 2169 3400 2223; x_wconf 85' lang='lat' dir='ltr'><strong>Sic</strong></span> <span class='ocrx_word' id='word_1_664' title='bbox 3427 2168 3633 2222; x_wconf 88' lang='lat' dir='ltr'><strong>debitas</strong></span> <span class='ocrx_word' id='word_1_665' title='bbox 3663 2167 3767 2220; x_wconf 86' lang='lat' dir='ltr'><strong>sibi</strong></span> <span class='ocrx_word' id='word_1_666' title='bbox 3801 2167 3917 2221; x_wconf 89' lang='lat' dir='ltr'><strong>lau-</strong></span> 
     </span>
    </p>
   </div>
   <div class='ocr_carea' id='block_1_89' title="bbox 2313 2245 3914 2338">
    <p class='ocr_par' dir='ltr' id='par_1_89' title="bbox 2313 2245 3914 2338">
     <span class='ocr_line' id='line_1_90' title="bbox 2313 2245 3914 2338; baseline -0.005 -16"><span class='ocrx_word' id='word_1_667' title='bbox 2313 2270 2406 2323; x_wconf 68' lang='lat' dir='ltr'><strong>des</strong></span> <span class='ocrx_word' id='word_1_668' title='bbox 2434 2284 2528 2338; x_wconf 86' lang='lat' dir='ltr'><strong>pro</strong></span> <span class='ocrx_word' id='word_1_669' title='bbox 2551 2276 2701 2321; x_wconf 88' lang='lat' dir='ltr'><strong>tanto</strong></span> <span class='ocrx_word' id='word_1_670' title='bbox 2722 2281 2888 2335; x_wconf 87' lang='lat' dir='ltr'><strong>opere</strong></span> <span class='ocrx_word' id='word_1_671' title='bbox 2917 2263 3195 2333; x_wconf 87' lang='lat' dir='ltr'><strong>deprecari</strong></span> <span class='ocrx_word' id='word_1_672' title='bbox 3221 2261 3517 2314; x_wconf 89' lang='lat' dir='ltr'><strong>conabatur</strong></span> <span class='ocrx_word' id='word_1_673' title='bbox 3539 2258 3757 2314; x_wconf 89' lang='lat' dir='ltr'><strong>humilis</strong></span> <span class='ocrx_word' id='word_1_674' title='bbox 3781 2245 3914 2328; x_wconf 54' lang='lat' dir='ltr'><strong>pou?</strong></span> 
     </span>
    </p>
   </div>
   <div class='ocr_carea' id='block_1_90' title="bbox 2314 2355 3398 2430">
    <p class='ocr_par' dir='ltr' id='par_1_90' title="bbox 2314 2355 3398 2430">
     <span class='ocr_line' id='line_1_91' title="bbox 2314 2355 3398 2430; baseline -0.006 -18"><span class='ocrx_word' id='word_1_675' title='bbox 2314 2359 2470 2424; x_wconf 73' lang='lat' dir='ltr'><strong>tifex,</strong></span> <span class='ocrx_word' id='word_1_676' title='bbox 2505 2375 2565 2413; x_wconf 92' lang='lat' dir='ltr'><strong>ac</strong></span> <span class='ocrx_word' id='word_1_677' title='bbox 2591 2360 2640 2412; x_wconf 89' lang='lat' dir='ltr'><strong>in</strong></span> <span class='ocrx_word' id='word_1_678' title='bbox 2673 2357 2940 2430; x_wconf 88' lang='lat' dir='ltr'><strong>quoslibet</strong></span> <span class='ocrx_word' id='word_1_679' title='bbox 2967 2355 3099 2408; x_wconf 89' lang='lat' dir='ltr'><strong>alios</strong></span> <span class='ocrx_word' id='word_1_680' title='bbox 3128 2366 3398 2420; x_wconf 88' lang='lat' dir='ltr'><strong>regerere.</strong></span> 
     </span>
    </p>
   </div>
   <div class='ocr_carea' id='block_1_91' title="bbox 2385 2438 3982 2513">
    <p class='ocr_par' dir='ltr' id='par_1_91' title="bbox 2385 2438 3982 2513">
     <span class='ocr_line' id='line_1_92' title="bbox 2385 2438 3982 2513; baseline -0.005 -12"><span class='ocrx_word' id='word_1_681' title='bbox 2385 2447 2435 2501; x_wconf 73' lang='grc'><strong>2.</strong></span> <span class='ocrx_word' id='word_1_682' title='bbox 2471 2447 2640 2513; x_wconf 87' lang='lat' dir='ltr'><strong>Quam</strong></span> <span class='ocrx_word' id='word_1_683' title='bbox 2667 2455 2794 2500; x_wconf 91' lang='lat' dir='ltr'><strong>tunc</strong></span> <span class='ocrx_word' id='word_1_684' title='bbox 2815 2443 3033 2500; x_wconf 87' lang='lat' dir='ltr'><strong>floreret</strong></span> <span class='ocrx_word' id='word_1_685' title='bbox 3055 2444 3106 2496; x_wconf 91' lang='lat' dir='ltr'><strong>in</strong></span> <span class='ocrx_word' id='word_1_686' title='bbox 3134 2441 3407 2495; x_wconf 88' lang='lat' dir='ltr'><strong>Britannia</strong></span> <span class='ocrx_word' id='word_1_687' title='bbox 3432 2439 3620 2508; x_wconf 86' lang='lat' dir='ltr'><strong>religio</strong></span> <span class='ocrx_word' id='word_1_688' title='bbox 3647 2438 3916 2494; x_wconf 86' lang='lat' dir='ltr'><strong>Cbristia-</strong></span> <span class='ocrx_word' id='word_1_689' title='bbox 3973 2498 3982 2508; x_wconf 60' lang='grc'>,</span> 
     </span>
    </p>
   </div>
   <div class='ocr_carea' id='block_1_92' title="bbox 2315 2531 3914 2607">
    <p class='ocr_par' dir='ltr' id='par_1_92' title="bbox 2315 2531 3914 2607">
     <span class='ocr_line' id='line_1_93' title="bbox 2315 2531 3914 2607; baseline -0.005 -13"><span class='ocrx_word' id='word_1_690' title='bbox 2315 2557 2402 2604; x_wconf 86' lang='lat' dir='ltr'><strong>na,</strong></span> <span class='ocrx_word' id='word_1_691' title='bbox 2436 2541 2518 2594; x_wconf 87' lang='lat' dir='ltr'><strong>his</strong></span> <span class='ocrx_word' id='word_1_692' title='bbox 2545 2539 2725 2593; x_wconf 77' lang='lat' dir='ltr'><strong>verbis</strong></span> <span class='ocrx_word' id='word_1_693' title='bbox 2753 2537 3050 2607; x_wconf 86' lang='lat' dir='ltr'><strong>exprimit:</strong></span> <span class='ocrx_word' id='word_1_694' title='bbox 3082 2534 3217 2588; x_wconf 84' lang='lat' dir='ltr'><strong>Ecce</strong></span> <span class='ocrx_word' id='word_1_695' title='bbox 3246 2535 3423 2603; x_wconf 86' lang='lat' dir='ltr'><strong>lingua</strong></span> <span class='ocrx_word' id='word_1_696' title='bbox 3455 2531 3766 2594; x_wconf 64' lang='lat' dir='ltr'><strong>Britannice,</strong></span> <span class='ocrx_word' id='word_1_697' title='bbox 3803 2548 3914 2602; x_wconf 79' lang='lat' dir='ltr'><strong>qua:</strong></span> 
     </span>
    </p>
   </div>
   <div class='ocr_carea' id='block_1_93' title="bbox 2313 2621 3915 2699">
    <p class='ocr_par' dir='ltr' id='par_1_93' title="bbox 2313 2621 3915 2699">
     <span class='ocr_line' id='line_1_94' title="bbox 2313 2621 3915 2699; baseline -0.007 -15"><span class='ocrx_word' id='word_1_698' title='bbox 2313 2631 2390 2684; x_wconf 88' lang='lat' dir='ltr'><strong>nil</strong></span> <span class='ocrx_word' id='word_1_699' title='bbox 2411 2631 2555 2683; x_wconf 87' lang='lat' dir='ltr'><strong>aliud</strong></span> <span class='ocrx_word' id='word_1_700' title='bbox 2577 2637 2807 2690; x_wconf 81' lang='lat' dir='ltr'><strong>noverat,</strong></span> <span class='ocrx_word' id='word_1_701' title='bbox 2831 2643 2982 2699; x_wconf 87' lang='lat' dir='ltr'><strong>quam</strong></span> <span class='ocrx_word' id='word_1_702' title='bbox 3003 2625 3276 2678; x_wconf 89' lang='lat' dir='ltr'><strong>barbarum</strong></span> <span class='ocrx_word' id='word_1_703' title='bbox 3301 2625 3556 2693; x_wconf 78' lang='lat' dir='ltr'><strong>frendere,</strong></span> <span class='ocrx_word' id='word_1_704' title='bbox 3577 2623 3697 2693; x_wconf 85' lang='lat' dir='ltr'><strong>jam</strong></span> <span class='ocrx_word' id='word_1_705' title='bbox 3717 2621 3915 2674; x_wconf 85' lang='lat' dir='ltr'><strong>dudum</strong></span> 
     </span>
    </p>
   </div>
   <div class='ocr_carea' id='block_1_94' title="bbox 2314 2713 3907 2782">
    <p class='ocr_par' dir='ltr' id='par_1_94' title="bbox 2314 2713 3907 2782">
     <span class='ocr_line' id='line_1_95' title="bbox 2314 2713 3907 2782; baseline -0.006 -10"><span class='ocrx_word' id='word_1_706' title='bbox 2314 2721 2370 2772; x_wconf 87' lang='lat' dir='ltr'><strong>in</strong></span> <span class='ocrx_word' id='word_1_707' title='bbox 2402 2718 2591 2771; x_wconf 82' lang='lat' dir='ltr'><strong>divinis</strong></span> <span class='ocrx_word' id='word_1_708' title='bbox 2624 2715 2861 2769; x_wconf 89' lang='lat' dir='ltr'><strong>laudibus</strong></span> <span class='ocrx_word' id='word_1_709' title='bbox 2893 2715 3170 2767; x_wconf 61' lang='lat' dir='ltr'><strong>Hebraeum</strong></span> <span class='ocrx_word' id='word_1_710' title='bbox 3199 2714 3347 2782; x_wconf 66' lang='lat' dir='ltr'><strong>carpit</strong></span> <span class='ocrx_word' id='word_1_711' title='bbox 3376 2713 3613 2782; x_wconf 82' lang='lat' dir='ltr'><strong>Alleluya</strong></span> <span class='ocrx_word' id='word_1_712' title='bbox 3641 2728 3907 2764; x_wconf 79' lang='lat' dir='ltr'><strong>resonare.</strong></span> 
     </span>
    </p>
   </div>
   <div class='ocr_carea' id='block_1_95' title="bbox 2315 2801 3912 2878">
    <p class='ocr_par' dir='ltr' id='par_1_95' title="bbox 2315 2801 3912 2878">
     <span class='ocr_line' id='line_1_96' title="bbox 2315 2801 3912 2878; baseline -0.004 -19"><span class='ocrx_word' id='word_1_713' title='bbox 2315 2805 2451 2860; x_wconf 85' lang='lat' dir='ltr'><strong>Ecce</strong></span> <span class='ocrx_word' id='word_1_714' title='bbox 2473 2806 2734 2878; x_wconf 87' lang='lat' dir='ltr'><strong>quondam</strong></span> <span class='ocrx_word' id='word_1_715' title='bbox 2755 2803 2982 2858; x_wconf 87' lang='lat' dir='ltr'><strong>tumidus</strong></span> <span class='ocrx_word' id='word_1_716' title='bbox 3000 2842 3016 2869; x_wconf 93' lang='lat'><strong>,</strong></span> <span class='ocrx_word' id='word_1_717' title='bbox 3042 2803 3155 2874; x_wconf 85' lang='lat' dir='ltr'><strong>jam</strong></span> <span class='ocrx_word' id='word_1_718' title='bbox 3181 2801 3469 2855; x_wconf 80' lang='lat' dir='ltr'><strong>substratus</strong></span> <span class='ocrx_word' id='word_1_719' title='bbox 3495 2807 3800 2854; x_wconf 82' lang='lat' dir='ltr'><strong>sanctorum</strong></span> <span class='ocrx_word' id='word_1_720' title='bbox 3822 2814 3912 2867; x_wconf 84' lang='lat' dir='ltr'><strong>pe-</strong></span> 
     </span>
    </p>
   </div>
   <div class='ocr_carea' id='block_1_96' title="bbox 2316 2889 3912 2962">
    <p class='ocr_par' dir='ltr' id='par_1_96' title="bbox 2316 2889 3912 2962">
     <span class='ocr_line' id='line_1_97' title="bbox 2316 2889 3912 2962; baseline -0.005 -14"><span class='ocrx_word' id='word_1_721' title='bbox 2316 2897 2463 2949; x_wconf 84' lang='lat' dir='ltr'><strong>dibus</strong></span> <span class='ocrx_word' id='word_1_722' title='bbox 2501 2897 2654 2949; x_wconf 84' lang='lat' dir='ltr'><strong>servit</strong></span> <span class='ocrx_word' id='word_1_723' title='bbox 2701 2893 2972 2959; x_wconf 87' lang='lat' dir='ltr'><strong>Oceanus,</strong></span> <span class='ocrx_word' id='word_1_724' title='bbox 3010 2894 3220 2962; x_wconf 88' lang='lat' dir='ltr'><strong>ejusque</strong></span> <span class='ocrx_word' id='word_1_725' title='bbox 3259 2889 3504 2942; x_wconf 87' lang='lat' dir='ltr'><strong>barbaros</strong></span> <span class='ocrx_word' id='word_1_726' title='bbox 3534 2896 3738 2949; x_wconf 85' lang='lat' dir='ltr'><strong>motus,</strong></span> <span class='ocrx_word' id='word_1_727' title='bbox 3787 2903 3912 2958; x_wconf 81' lang='lat' dir='ltr'><strong>quos</strong></span> 
     </span>
    </p>
   </div>
   <div class='ocr_carea' id='block_1_97' title="bbox 2319 2977 3912 3053">
    <p class='ocr_par' dir='ltr' id='par_1_97' title="bbox 2319 2977 3912 3053">
     <span class='ocr_line' id='line_1_98' title="bbox 2319 2977 3912 3053; baseline -0.004 -16"><span class='ocrx_word' id='word_1_728' title='bbox 2319 2985 2504 3037; x_wconf 87' lang='lat' dir='ltr'><strong>terreni</strong></span> <span class='ocrx_word' id='word_1_729' title='bbox 2533 2985 2790 3053; x_wconf 85' lang='lat' dir='ltr'><strong>principes</strong></span> <span class='ocrx_word' id='word_1_730' title='bbox 2841 2982 3082 3035; x_wconf 86' lang='lat' dir='ltr'><strong>edomare</strong></span> <span class='ocrx_word' id='word_1_731' title='bbox 3114 2983 3254 3050; x_wconf 90' lang='lat' dir='ltr'><strong>ferro</strong></span> <span class='ocrx_word' id='word_1_732' title='bbox 3286 2980 3649 3047; x_wconf 87' lang='lat' dir='ltr'><strong>nequiverant,</strong></span> <span class='ocrx_word' id='word_1_733' title='bbox 3697 2977 3790 3030; x_wconf 74' lang='lat' dir='ltr'><strong>nos</strong></span> <span class='ocrx_word' id='word_1_734' title='bbox 3822 2994 3912 3044; x_wconf 85' lang='lat' dir='ltr'><strong>pro</strong></span> 
     </span>
    </p>
   </div>
   <div class='ocr_carea' id='block_1_98' title="bbox 2269 3066 3911 3143">
    <p class='ocr_par' dir='ltr' id='par_1_98' title="bbox 2269 3066 3911 3143">
     <span class='ocr_line' id='line_1_99' title="bbox 2269 3066 3911 3143; baseline -0.005 -16"><span class='ocrx_word' id='word_1_735' title='bbox 2269 3099 2274 3104; x_wconf 59' lang='grc' dir='ltr'><em>ι</em></span> <span class='ocrx_word' id='word_1_736' title='bbox 2317 3075 2489 3127; x_wconf 85' lang='lat' dir='ltr'><strong>divina</strong></span> <span class='ocrx_word' id='word_1_737' title='bbox 2521 3073 2797 3143; x_wconf 86' lang='lat' dir='ltr'><strong>formidine</strong></span> <span class='ocrx_word' id='word_1_738' title='bbox 2828 3071 3151 3125; x_wconf 88' lang='lat' dir='ltr'><strong>sacerdotum</strong></span> <span class='ocrx_word' id='word_1_739' title='bbox 3181 3086 3275 3123; x_wconf 90' lang='lat' dir='ltr'><strong>ora</strong></span> <span class='ocrx_word' id='word_1_740' title='bbox 3304 3066 3623 3137; x_wconf 80' lang='lat' dir='ltr'><strong>simplicibus</strong></span> <span class='ocrx_word' id='word_1_741' title='bbox 3651 3066 3820 3120; x_wconf 79' lang='lat' dir='ltr'><strong>verbis</strong></span> <span class='ocrx_word' id='word_1_742' title='bbox 3847 3066 3911 3119; x_wconf 83' lang='lat' dir='ltr'><strong>li-</strong></span> 
     </span>
    </p>
   </div>
   <div class='ocr_carea' id='block_1_99' title="bbox 2319 3155 3914 3233">
    <p class='ocr_par' dir='ltr' id='par_1_99' title="bbox 2319 3155 3914 3233">
     <span class='ocr_line' id='line_1_100' title="bbox 2319 3155 3914 3233; baseline -0.004 -20"><span class='ocrx_word' id='word_1_743' title='bbox 2319 3172 2480 3233; x_wconf 84' lang='lat' dir='ltr'><strong>gant:</strong></span> <span class='ocrx_word' id='word_1_744' title='bbox 2511 3171 2560 3214; x_wconf 89' lang='lat' dir='ltr'><strong>et</strong></span> <span class='ocrx_word' id='word_1_745' title='bbox 2589 3163 2674 3232; x_wconf 85' lang='lat' dir='ltr'><strong>qui</strong></span> <span class='ocrx_word' id='word_1_746' title='bbox 2704 3169 2934 3213; x_wconf 82' lang='lat' dir='ltr'><strong>catervas</strong></span> <span class='ocrx_word' id='word_1_747' title='bbox 2966 3158 3307 3229; x_wconf 87' lang='lat' dir='ltr'><strong>pugnantium</strong></span> <span class='ocrx_word' id='word_1_748' title='bbox 3336 3155 3560 3225; x_wconf 77' lang='lat' dir='ltr'><strong>inﬁdelis</strong></span> <span class='ocrx_word' id='word_1_749' title='bbox 3589 3170 3914 3224; x_wconf 76' lang='lat' dir='ltr'><strong>nequaquam</strong></span> 
     </span>
    </p>
   </div>
   <div class='ocr_carea' id='block_1_100' title="bbox 2320 3334 3918 3410">
    <p class='ocr_par' dir='ltr' id='par_1_100' title="bbox 2320 3334 3918 3410">
     <span class='ocr_line' id='line_1_101' title="bbox 2320 3334 3918 3410; baseline -0.006 -15"><span class='ocrx_word' id='word_1_750' title='bbox 2320 3341 2456 3406; x_wconf 82' lang='lat' dir='ltr'><strong>Quia</strong></span> <span class='ocrx_word' id='word_1_751' title='bbox 2494 3343 2631 3394; x_wconf 87' lang='lat' dir='ltr'><strong>enim</strong></span> <span class='ocrx_word' id='word_1_752' title='bbox 2662 3341 2918 3410; x_wconf 82' lang='lat' dir='ltr'><strong>perceptis</strong></span> <span class='ocrx_word' id='word_1_753' title='bbox 2957 3336 3243 3393; x_wconf 62' lang='lat' dir='ltr'><strong>caelestibus</strong></span> <span class='ocrx_word' id='word_1_754' title='bbox 3279 3337 3470 3399; x_wconf 86' lang='lat' dir='ltr'><strong>verbis,</strong></span> <span class='ocrx_word' id='word_1_755' title='bbox 3515 3334 3918 3390; x_wconf 75' lang='lat' dir='ltr'><strong>clarescentibus</strong></span> 
     </span>
    </p>
   </div>
   <div class='ocr_carea' id='block_1_101' title="bbox 2316 3425 3916 3502">
    <p class='ocr_par' dir='ltr' id='par_1_101' title="bbox 2316 3425 3916 3502">
     <span class='ocr_line' id='line_1_102' title="bbox 2316 3425 3916 3502; baseline -0.003 -21"><span class='ocrx_word' id='word_1_756' title='bbox 2316 3447 2512 3502; x_wconf 82' lang='lat' dir='ltr'><strong>quoque</strong></span> <span class='ocrx_word' id='word_1_757' title='bbox 2538 3429 2824 3491; x_wconf 87' lang='lat' dir='ltr'><strong>miraculis,</strong></span> <span class='ocrx_word' id='word_1_758' title='bbox 2857 3429 3016 3482; x_wconf 83' lang='lat' dir='ltr'><strong>virtus</strong></span> <span class='ocrx_word' id='word_1_759' title='bbox 3037 3430 3085 3481; x_wconf 92' lang='lat' dir='ltr'><strong>ei</strong></span> <span class='ocrx_word' id='word_1_760' title='bbox 3113 3427 3298 3481; x_wconf 67' lang='lat' dir='ltr'><strong>divinae</strong></span> <span class='ocrx_word' id='word_1_761' title='bbox 3327 3426 3636 3498; x_wconf 71' lang='lat' dir='ltr'><strong>cognitionis</strong></span> <span class='ocrx_word' id='word_1_762' title='bbox 3665 3425 3916 3493; x_wconf 80' lang='lat' dir='ltr'><strong>infundi-</strong></span> 
     </span>
    </p>
   </div>
   <div class='ocr_carea' id='block_1_102' title="bbox 2332 3518 3918 3590">
    <p class='ocr_par' dir='ltr' id='par_1_102' title="bbox 2332 3518 3918 3590">
     <span class='ocr_line' id='line_1_103' title="bbox 2332 3518 3918 3590; baseline -0.004 -17"><span class='ocrx_word' id='word_1_763' title='bbox 2332 3531 2413 3573; x_wconf 88' lang='lat' dir='ltr'><strong>tur</strong></span> <span class='ocrx_word' id='word_1_764' title='bbox 2435 3560 2449 3585; x_wconf 92' lang='lat'><strong>,</strong></span> <span class='ocrx_word' id='word_1_765' title='bbox 2498 3520 2724 3590; x_wconf 83' lang='lat' dir='ltr'><strong>ejusdem</strong></span> <span class='ocrx_word' id='word_1_766' title='bbox 2773 3519 3053 3572; x_wconf 84' lang='lat' dir='ltr'><strong>divinitatis</strong></span> <span class='ocrx_word' id='word_1_767' title='bbox 3097 3528 3288 3571; x_wconf 89' lang='lat' dir='ltr'><strong>terrore</strong></span> <span class='ocrx_word' id='word_1_768' title='bbox 3315 3518 3639 3586; x_wconf 76' lang='lat' dir='ltr'><strong>refrenatur,</strong></span> <span class='ocrx_word' id='word_1_769' title='bbox 3673 3524 3730 3568; x_wconf 77' lang='lat' dir='ltr'><strong>ut</strong></span> <span class='ocrx_word' id='word_1_770' title='bbox 3753 3531 3918 3584; x_wconf 73' lang='lat' dir='ltr'><strong>prava</strong></span> 
     </span>
    </p>
   </div>
   <div class='ocr_carea' id='block_1_103' title="bbox 2319 3605 3917 3680">
    <p class='ocr_par' dir='ltr' id='par_1_103' title="bbox 2319 3605 3917 3680">
     <span class='ocr_line' id='line_1_104' title="bbox 2319 3605 3917 3680; baseline -0.003 -17"><span class='ocrx_word' id='word_1_771' title='bbox 2319 3627 2473 3680; x_wconf 87' lang='lat' dir='ltr'><strong>agere</strong></span> <span class='ocrx_word' id='word_1_772' title='bbox 2494 3618 2710 3677; x_wconf 87' lang='lat' dir='ltr'><strong>metuat,</strong></span> <span class='ocrx_word' id='word_1_773' title='bbox 2744 3626 2803 3661; x_wconf 89' lang='lat' dir='ltr'><strong>ac</strong></span> <span class='ocrx_word' id='word_1_774' title='bbox 2826 3610 2944 3662; x_wconf 90' lang='lat' dir='ltr'><strong>totis</strong></span> <span class='ocrx_word' id='word_1_775' title='bbox 2973 3607 3241 3676; x_wconf 76' lang='lat' dir='ltr'><strong>desideriis</strong></span> <span class='ocrx_word' id='word_1_776' title='bbox 3262 3606 3332 3659; x_wconf 81' lang='lat' dir='ltr'><strong>ad</strong></span> <span class='ocrx_word' id='word_1_777' title='bbox 3352 3607 3658 3661; x_wconf 74' lang='lat' dir='ltr'><strong>reternitatis</strong></span> <span class='ocrx_word' id='word_1_778' title='bbox 3686 3605 3917 3675; x_wconf 63' lang='lat' dir='ltr'><strong>gratiam</strong></span> 
     </span>
    </p>
   </div>
   <div class='ocr_carea' id='block_1_104' title="bbox 2316 3697 3768 3772">
    <p class='ocr_par' dir='ltr' id='par_1_104' title="bbox 2316 3697 3768 3772">
     <span class='ocr_line' id='line_1_105' title="bbox 2316 3697 3768 3772; baseline -0.003 -18"><span class='ocrx_word' id='word_1_779' title='bbox 2316 3703 2578 3772; x_wconf 69' lang='lat' dir='ltr'><strong>pervenire</strong></span> <span class='ocrx_word' id='word_1_780' title='bbox 2608 3700 2935 3769; x_wconf 85' lang='lat' dir='ltr'><strong>concupiscat</strong></span> <span class='ocrx_word' id='word_1_781' title='bbox 2966 3698 3182 3769; x_wconf 77' lang='lat' dir='ltr'><strong>(Morel.</strong></span> <span class='ocrx_word' id='word_1_782' title='bbox 3212 3700 3248 3753; x_wconf 90' lang='lat' dir='ltr'><strong>l.</strong></span> <span class='ocrx_word' id='word_1_783' title='bbox 3282 3713 3446 3765; x_wconf 84' lang='lat' dir='ltr'><strong>xxvn,</strong></span> <span class='ocrx_word' id='word_1_784' title='bbox 3477 3715 3624 3753; x_wconf 85' lang='lat' dir='ltr'><strong>num.</strong></span> <span class='ocrx_word' id='word_1_785' title='bbox 3650 3697 3768 3767; x_wconf 70' lang='grc'><strong>21).</strong></span> 
     </span>
    </p>
   </div>
   <div class='ocr_carea' id='block_1_105' title="bbox 2391 3799 3914 3870">
    <p class='ocr_par' dir='ltr' id='par_1_105' title="bbox 2391 3799 3914 3870">
     <span class='ocr_line' id='line_1_106' title="bbox 2391 3799 3914 3870; baseline -0.001 -14"><span class='ocrx_word' id='word_1_786' title='bbox 2391 3802 2441 3856; x_wconf 78' lang='lat'><strong>5.</strong></span> <span class='ocrx_word' id='word_1_787' title='bbox 2474 3801 2726 3868; x_wconf 66' lang='lat' dir='ltr'><strong>Quaedam</strong></span> <span class='ocrx_word' id='word_1_788' title='bbox 2752 3809 2930 3855; x_wconf 88' lang='lat' dir='ltr'><strong>tamen</strong></span> <span class='ocrx_word' id='word_1_789' title='bbox 2961 3799 3013 3853; x_wconf 92' lang='lat' dir='ltr'><strong>in</strong></span> <span class='ocrx_word' id='word_1_790' title='bbox 3043 3799 3276 3868; x_wconf 85' lang='lat' dir='ltr'><strong>gratiam</strong></span> <span class='ocrx_word' id='word_1_791' title='bbox 3303 3799 3704 3870; x_wconf 86' lang='lat' dir='ltr'><strong>neophytorum</strong></span> <span class='ocrx_word' id='word_1_792' title='bbox 3734 3799 3914 3854; x_wconf 79' lang='lat' dir='ltr'><strong>indul-</strong></span> 
     </span>
    </p>
   </div>
   <div class='ocr_carea' id='block_1_106' title="bbox 2318 3887 3917 3961">
    <p class='ocr_par' dir='ltr' id='par_1_106' title="bbox 2318 3887 3917 3961">
     <span class='ocr_line' id='line_1_107' title="bbox 2318 3887 3917 3961; baseline -0.01 -13"><span class='ocrx_word' id='word_1_793' title='bbox 2318 3893 2388 3948; x_wconf 90' lang='lat' dir='ltr'><strong>sit</strong></span> <span class='ocrx_word' id='word_1_794' title='bbox 2405 3933 2420 3956; x_wconf 98' lang='lat'><strong>,</strong></span> <span class='ocrx_word' id='word_1_795' title='bbox 2451 3906 2572 3960; x_wconf 77' lang='lat' dir='ltr'><strong>qua:</strong></span> <span class='ocrx_word' id='word_1_796' title='bbox 2599 3890 2900 3961; x_wconf 89' lang='lat' dir='ltr'><strong>antiquitus</strong></span> <span class='ocrx_word' id='word_1_797' title='bbox 2925 3896 3160 3958; x_wconf 77' lang='lat' dir='ltr'><strong>receptae</strong></span> <span class='ocrx_word' id='word_1_798' title='bbox 3188 3888 3242 3942; x_wconf 90' lang='lat' dir='ltr'><strong>in</strong></span> <span class='ocrx_word' id='word_1_799' title='bbox 3272 3887 3514 3943; x_wconf 87' lang='lat' dir='ltr'><strong>Ecclesia</strong></span> <span class='ocrx_word' id='word_1_800' title='bbox 3554 3888 3701 3956; x_wconf 83' lang='lat' dir='ltr'><strong>leges</strong></span> <span class='ocrx_word' id='word_1_801' title='bbox 3727 3887 3917 3958; x_wconf 64' lang='lat' dir='ltr'><strong>proh}-</strong></span> 
     </span>
    </p>
   </div>
   <div class='ocr_carea' id='block_1_107' title="bbox 2322 3980 3916 4048">
    <p class='ocr_par' dir='ltr' id='par_1_107' title="bbox 2322 3980 3916 4048">
     <span class='ocr_line' id='line_1_108' title="bbox 2322 3980 3916 4048; baseline -0.001 -10"><span class='ocrx_word' id='word_1_802' title='bbox 2322 3983 2552 4048; x_wconf 85' lang='lat' dir='ltr'><strong>hebant;</strong></span> <span class='ocrx_word' id='word_1_803' title='bbox 2604 3981 2836 4036; x_wconf 88' lang='lat' dir='ltr'><strong>maxime</strong></span> <span class='ocrx_word' id='word_1_804' title='bbox 2879 3981 2947 4035; x_wconf 93' lang='lat' dir='ltr'><strong>de</strong></span> <span class='ocrx_word' id='word_1_805' title='bbox 2990 3980 3360 4036; x_wconf 88' lang='lat' dir='ltr'><strong>contrahendo</strong></span> <span class='ocrx_word' id='word_1_806' title='bbox 3401 3980 3539 4034; x_wconf 87' lang='lat' dir='ltr'><strong>intra</strong></span> <span class='ocrx_word' id='word_1_807' title='bbox 3567 3988 3750 4035; x_wconf 85' lang='lat' dir='ltr'><strong>certos</strong></span> <span class='ocrx_word' id='word_1_808' title='bbox 3779 3995 3916 4036; x_wconf 58' lang='lat' dir='ltr'><strong>conv</strong></span> 
     </span>
    </p>
   </div>
   <div class='ocr_carea' id='block_1_108' title="bbox 2319 4071 3916 4140">
    <p class='ocr_par' dir='ltr' id='par_1_108' title="bbox 2319 4071 3916 4140">
     <span class='ocr_line' id='line_1_109' title="bbox 2319 4071 3916 4140; baseline -0.003 -11"><span class='ocrx_word' id='word_1_809' title='bbox 2319 4073 2695 4140; x_wconf 76' lang='lat' dir='ltr'><strong>sanguinitatis</strong></span> <span class='ocrx_word' id='word_1_810' title='bbox 2739 4079 2795 4126; x_wconf 85' lang='lat' dir='ltr'><strong>et</strong></span> <span class='ocrx_word' id='word_1_811' title='bbox 2836 4071 3110 4125; x_wconf 75' lang='lat' dir='ltr'><strong>affinitatis</strong></span> <span class='ocrx_word' id='word_1_812' title='bbox 3157 4071 3354 4138; x_wconf 80' lang='lat' dir='ltr'><strong>gradus</strong></span> <span class='ocrx_word' id='word_1_813' title='bbox 3394 4071 3740 4127; x_wconf 88' lang='lat' dir='ltr'><strong>matrimonio</strong></span> <span class='ocrx_word' id='word_1_814' title='bbox 3791 4089 3806 4124; x_wconf 91' lang='lat'><strong>:</strong></span> <span class='ocrx_word' id='word_1_815' title='bbox 3858 4079 3916 4126; x_wconf 89' lang='lat' dir='ltr'><strong>ut</strong></span> 
     </span>
    </p>
   </div>
   <div class='ocr_carea' id='block_1_109' title="bbox 2319 4158 3917 4234">
    <p class='ocr_par' dir='ltr' id='par_1_109' title="bbox 2319 4158 3917 4234">
     <span class='ocr_line' id='line_1_110' title="bbox 2319 4158 3917 4234; baseline 0.001 -18"><span class='ocrx_word' id='word_1_816' title='bbox 2319 4163 2575 4234; x_wconf 88' lang='lat' dir='ltr'><strong>paulatim</strong></span> <span class='ocrx_word' id='word_1_817' title='bbox 2599 4158 2798 4218; x_wconf 85' lang='lat' dir='ltr'><strong>Christi</strong></span> <span class='ocrx_word' id='word_1_818' title='bbox 2822 4161 2952 4232; x_wconf 90' lang='lat' dir='ltr'><strong>jugo</strong></span> <span class='ocrx_word' id='word_1_819' title='bbox 2982 4169 3356 4217; x_wconf 87' lang='lat' dir='ltr'><strong>assuescerent</strong></span> <span class='ocrx_word' id='word_1_820' title='bbox 3383 4161 3438 4215; x_wconf 89' lang='lat' dir='ltr'><strong>in</strong></span> <span class='ocrx_word' id='word_1_821' title='bbox 3459 4161 3581 4230; x_wconf 87' lang='lat' dir='ltr'><strong>ipso</strong></span> <span class='ocrx_word' id='word_1_822' title='bbox 3605 4175 3801 4216; x_wconf 80' lang='lat' dir='ltr'><strong>recens</strong></span> <span class='ocrx_word' id='word_1_823' title='bbox 3822 4175 3917 4230; x_wconf 85' lang='lat' dir='ltr'><strong>ge-</strong></span> 
     </span>
    </p>
   </div>
   <div class='ocr_carea' id='block_1_110' title="bbox 2321 4241 3915 4324">
    <p class='ocr_par' dir='ltr' id='par_1_110' title="bbox 2321 4241 3915 4324">
     <span class='ocr_line' id='line_1_111' title="bbox 2321 4241 3915 4324; baseline -0.001 -13"><span class='ocrx_word' id='word_1_824' title='bbox 2321 4241 2449 4323; x_wconf 72' lang='lat' dir='ltr'><strong>niti;</strong></span> <span class='ocrx_word' id='word_1_825' title='bbox 2486 4265 2540 4311; x_wconf 89' lang='lat' dir='ltr'><strong>et</strong></span> <span class='ocrx_word' id='word_1_826' title='bbox 2565 4271 2595 4310; x_wconf 85' lang='lat' dir='ltr'><strong>a</strong></span> <span class='ocrx_word' id='word_1_827' title='bbox 2626 4256 2732 4310; x_wconf 78' lang='lat' dir='ltr'><strong>fide</strong></span> <span class='ocrx_word' id='word_1_828' title='bbox 2758 4270 2920 4324; x_wconf 91' lang='lat' dir='ltr'><strong>quam</strong></span> <span class='ocrx_word' id='word_1_829' title='bbox 2963 4263 3278 4324; x_wconf 85' lang='lat' dir='ltr'><strong>susceperat</strong></span> <span class='ocrx_word' id='word_1_830' title='bbox 3307 4268 3438 4324; x_wconf 86' lang='lat' dir='ltr'><strong>gens</strong></span> <span class='ocrx_word' id='word_1_831' title='bbox 3463 4253 3758 4323; x_wconf 88' lang='lat' dir='ltr'><strong>Anglorum</strong></span> <span class='ocrx_word' id='word_1_832' title='bbox 3778 4294 3795 4319; x_wconf 92' lang='lat'><strong>,</strong></span> <span class='ocrx_word' id='word_1_833' title='bbox 3826 4271 3915 4310; x_wconf 83' lang='lat' dir='ltr'><strong>re—</strong></span> 
     </span>
    </p>
   </div>
   <div class='ocr_carea' id='block_1_111' title="bbox 2321 4345 3917 4416">
    <p class='ocr_par' dir='ltr' id='par_1_111' title="bbox 2321 4345 3917 4416">
     <span class='ocr_line' id='line_1_112' title="bbox 2321 4345 3917 4416; baseline -0.003 -10"><span class='ocrx_word' id='word_1_834' title='bbox 2321 4351 2516 4405; x_wconf 87' lang='lat' dir='ltr'><strong>cedere</strong></span> <span class='ocrx_word' id='word_1_835' title='bbox 2533 4363 2642 4403; x_wconf 93' lang='lat' dir='ltr'><strong>non</strong></span> <span class='ocrx_word' id='word_1_836' title='bbox 2667 4355 2924 4416; x_wconf 87' lang='lat' dir='ltr'><strong>cogerent</strong></span> <span class='ocrx_word' id='word_1_837' title='bbox 2946 4347 3244 4402; x_wconf 87' lang='lat' dir='ltr'><strong>austeriora</strong></span> <span class='ocrx_word' id='word_1_838' title='bbox 3265 4345 3405 4416; x_wconf 85' lang='lat' dir='ltr'><strong>(Lib.</strong></span> <span class='ocrx_word' id='word_1_839' title='bbox 3420 4362 3496 4411; x_wconf 75' lang='lat' dir='ltr'><strong>x1,</strong></span> <span class='ocrx_word' id='word_1_840' title='bbox 3523 4363 3604 4416; x_wconf 79' lang='lat' dir='ltr'><strong>ep.</strong></span> <span class='ocrx_word' id='word_1_841' title='bbox 3629 4345 3743 4415; x_wconf 76' lang='grc'><strong>64).</strong></span> <span class='ocrx_word' id='word_1_842' title='bbox 3765 4346 3917 4402; x_wconf 85' lang='lat' dir='ltr'><strong>Hanc</strong></span> 
     </span>
    </p>
   </div>
   <div class='ocr_carea' id='block_1_112' title="bbox 2320 4437 3916 4509">
    <p class='ocr_par' dir='ltr' id='par_1_112' title="bbox 2320 4437 3916 4509">
     <span class='ocr_line' id='line_1_113' title="bbox 2320 4437 3916 4509; baseline -0.001 -13"><span class='ocrx_word' id='word_1_843' title='bbox 2320 4443 2589 4497; x_wconf 87' lang='lat' dir='ltr'><strong>rationem</strong></span> <span class='ocrx_word' id='word_1_844' title='bbox 2610 4453 2883 4496; x_wconf 66' lang='lat' dir='ltr'><strong>concessae</strong></span> <span class='ocrx_word' id='word_1_845' title='bbox 2905 4439 3247 4509; x_wconf 74' lang='lat' dir='ltr'><strong>indulgentiae</strong></span> <span class='ocrx_word' id='word_1_846' title='bbox 3267 4437 3424 4494; x_wconf 72' lang='lat' dir='ltr'><strong>affert</strong></span> <span class='ocrx_word' id='word_1_847' title='bbox 3445 4439 3559 4508; x_wconf 90' lang='lat' dir='ltr'><strong>ipse</strong></span> <span class='ocrx_word' id='word_1_848' title='bbox 3583 4439 3916 4509; x_wconf 83' lang='lat' dir='ltr'><strong>respondens</strong></span> 
     </span>
    </p>
   </div>
   <div class='ocr_carea' id='block_1_113' title="bbox 2322 4530 3913 4602">
    <p class='ocr_par' dir='ltr' id='par_1_113' title="bbox 2322 4530 3913 4602">
     <span class='ocr_line' id='line_1_114' title="bbox 2322 4530 3913 4602; baseline -0.001 -14"><span class='ocrx_word' id='word_1_849' title='bbox 2322 4533 2524 4602; x_wconf 88' lang='lat' dir='ltr'><strong>Felici,</strong></span> <span class='ocrx_word' id='word_1_850' title='bbox 2552 4531 2881 4587; x_wconf 79' lang='lat' dir='ltr'><strong>Messanensi</strong></span> <span class='ocrx_word' id='word_1_851' title='bbox 2909 4530 3176 4601; x_wconf 85' lang='lat' dir='ltr'><strong>Episcopo</strong></span> <span class='ocrx_word' id='word_1_852' title='bbox 3223 4530 3378 4599; x_wconf 85' lang='lat' dir='ltr'><strong>(Lib.</strong></span> <span class='ocrx_word' id='word_1_853' title='bbox 3419 4546 3528 4594; x_wconf 72' lang='grc' dir='ltr'><strong>χεν,</strong></span> <span class='ocrx_word' id='word_1_854' title='bbox 3561 4547 3644 4600; x_wconf 87' lang='lat' dir='ltr'><strong>ep.</strong></span> <span class='ocrx_word' id='word_1_855' title='bbox 3669 4531 3816 4598; x_wconf 64' lang='lat' dir='ltr'><strong>uta),</strong></span> <span class='ocrx_word' id='word_1_856' title='bbox 3846 4530 3913 4586; x_wconf 84' lang='lat' dir='ltr'><strong>de</strong></span> 
     </span>
    </p>
   </div>
   <div class='ocr_carea' id='block_1_114' title="bbox 2324 4623 3918 4696">
    <p class='ocr_par' dir='ltr' id='par_1_114' title="bbox 2324 4623 3918 4696">
     <span class='ocr_line' id='line_1_115' title="bbox 2324 4623 3918 4696; baseline -0.001 -14"><span class='ocrx_word' id='word_1_857' title='bbox 2324 4627 2430 4682; x_wconf 86' lang='lat' dir='ltr'><strong>hoc</strong></span> <span class='ocrx_word' id='word_1_858' title='bbox 2469 4640 2640 4681; x_wconf 64' lang='lat' dir='ltr'><strong>sacrae</strong></span> <span class='ocrx_word' id='word_1_859' title='bbox 2682 4626 2818 4696; x_wconf 90' lang='lat' dir='ltr'><strong>legis</strong></span> <span class='ocrx_word' id='word_1_860' title='bbox 2857 4626 3166 4680; x_wconf 83' lang='lat' dir='ltr'><strong>laxamento</strong></span> <span class='ocrx_word' id='word_1_861' title='bbox 3207 4639 3348 4694; x_wconf 86' lang='lat' dir='ltr'><strong>pene</strong></span> <span class='ocrx_word' id='word_1_862' title='bbox 3390 4625 3775 4694; x_wconf 87' lang='lat' dir='ltr'><strong>expostulanti.</strong></span> <span class='ocrx_word' id='word_1_863' title='bbox 3829 4623 3918 4680; x_wconf 90' lang='lat' dir='ltr'><strong>Sic</strong></span> 
     </span>
    </p>
   </div>
   <div class='ocr_carea' id='block_1_115' title="bbox 2325 4715 3920 4786">
    <p class='ocr_par' dir='ltr' id='par_1_115' title="bbox 2325 4715 3920 4786">
     <span class='ocr_line' id='line_1_116' title="bbox 2325 4715 3920 4786; baseline 0 -14"><span class='ocrx_word' id='word_1_864' title='bbox 2325 4731 2587 4772; x_wconf 88' lang='lat' dir='ltr'><strong>summam</strong></span> <span class='ocrx_word' id='word_1_865' title='bbox 2617 4716 2671 4771; x_wconf 92' lang='lat' dir='ltr'><strong>in</strong></span> <span class='ocrx_word' id='word_1_866' title='bbox 2698 4715 2940 4772; x_wconf 88' lang='lat' dir='ltr'><strong>Ecclesia</strong></span> <span class='ocrx_word' id='word_1_867' title='bbox 2962 4724 3154 4771; x_wconf 89' lang='lat' dir='ltr'><strong>nactus</strong></span> <span class='ocrx_word' id='word_1_868' title='bbox 3173 4717 3572 4782; x_wconf 87' lang='lat' dir='ltr'><strong>auctoritatem,</strong></span> <span class='ocrx_word' id='word_1_869' title='bbox 3597 4724 3653 4770; x_wconf 92' lang='lat' dir='ltr'><strong>et</strong></span> <span class='ocrx_word' id='word_1_870' title='bbox 3671 4730 3920 4786; x_wconf 83' lang='lat' dir='ltr'><strong>premere</strong></span> 
     </span>
    </p>
   </div>
   <div class='ocr_carea' id='block_1_116' title="bbox 2261 4796 3919 4877">
    <p class='ocr_par' dir='ltr' id='par_1_116' title="bbox 2261 4796 3919 4877">
     <span class='ocr_line' id='line_1_117' title="bbox 2261 4796 3919 4877; baseline 0.001 -13"><span class='ocrx_word' id='word_1_871' title='bbox 2261 4796 2279 4816; x_wconf 82' lang='grc'><strong><em>⁸</em></strong></span> <span class='ocrx_word' id='word_1_872' title='bbox 2325 4816 2381 4864; x_wconf 89' lang='lat' dir='ltr'><strong>et</strong></span> <span class='ocrx_word' id='word_1_873' title='bbox 2425 4809 2574 4863; x_wconf 82' lang='lat' dir='ltr'><strong>laxas</strong></span> <span class='ocrx_word' id='word_1_874' title='bbox 2603 4808 2730 4862; x_wconf 89' lang='lat' dir='ltr'><strong>dare</strong></span> <span class='ocrx_word' id='word_1_875' title='bbox 2757 4809 3033 4877; x_wconf 90' lang='lat' dir='ltr'><strong>habenas,</strong></span> <span class='ocrx_word' id='word_1_876' title='bbox 3079 4805 3139 4864; x_wconf 78' lang='lat' dir='ltr'><strong>ut</strong></span> <span class='ocrx_word' id='word_1_877' title='bbox 3181 4823 3214 4864; x_wconf 89' lang='lat' dir='ltr'><strong>e</strong></span> <span class='ocrx_word' id='word_1_878' title='bbox 3255 4823 3316 4865; x_wconf 90' lang='lat' dir='ltr'><strong>re</strong></span> <span class='ocrx_word' id='word_1_879' title='bbox 3343 4809 3654 4876; x_wconf 85' lang='lat' dir='ltr'><strong>videbatur,</strong></span> <span class='ocrx_word' id='word_1_880' title='bbox 3695 4818 3919 4867; x_wconf 83' lang='lat' dir='ltr'><strong>noverat</strong></span> 
     </span>
    </p>
   </div>
   <div class='ocr_carea' id='block_1_117' title="bbox 2323 4900 3132 4972">
    <p class='ocr_par' dir='ltr' id='par_1_117' title="bbox 2323 4900 3132 4972">
     <span class='ocr_line' id='line_1_118' title="bbox 2323 4900 3132 4972; baseline 0.002 -16"><span class='ocrx_word' id='word_1_881' title='bbox 2323 4900 2634 4971; x_wconf 80' lang='lat' dir='ltr'><strong>pontificum</strong></span> <span class='ocrx_word' id='word_1_882' title='bbox 2667 4902 3132 4972; x_wconf 88' lang='lat' dir='ltr'><strong>prudentissimus.</strong></span> 
     </span>
    </p>
   </div>
   <div class='ocr_carea' id='block_1_118' title="bbox 2397 5014 3920 5090">
    <p class='ocr_par' dir='ltr' id='par_1_118' title="bbox 2397 5014 3920 5090">
     <span class='ocr_line' id='line_1_119' title="bbox 2397 5014 3920 5090; baseline 0.005 -22"><span class='ocrx_word' id='word_1_883' title='bbox 2397 5015 2450 5069; x_wconf 71' lang='grc'>4.</span> <span class='ocrx_word' id='word_1_884' title='bbox 2484 5014 2639 5072; x_wconf 86' lang='lat' dir='ltr'><strong>Prius</strong></span> <span class='ocrx_word' id='word_1_885' title='bbox 2687 5024 2949 5074; x_wconf 89' lang='lat' dir='ltr'><strong>statuerat</strong></span> <span class='ocrx_word' id='word_1_886' title='bbox 2977 5027 3038 5074; x_wconf 87' lang='lat' dir='ltr'><strong>ut</strong></span> <span class='ocrx_word' id='word_1_887' title='bbox 3071 5019 3333 5076; x_wconf 89' lang='lat' dir='ltr'><strong>idolorum</strong></span> <span class='ocrx_word' id='word_1_888' title='bbox 3365 5020 3566 5090; x_wconf 90' lang='lat' dir='ltr'><strong>templa</strong></span> <span class='ocrx_word' id='word_1_889' title='bbox 3607 5027 3920 5076; x_wconf 80' lang='lat' dir='ltr'><strong>everteren-</strong></span> 
     </span>
    </p>
   </div>
   <div class='ocr_carea' id='block_1_119' title="bbox 2264 5108 3923 5183">
    <p class='ocr_par' dir='ltr' id='par_1_119' title="bbox 2264 5108 3923 5183">
     <span class='ocr_line' id='line_1_120' title="bbox 2264 5108 3923 5183; baseline 0.006 -24"><span class='ocrx_word' id='word_1_890' title='bbox 2264 5145 2270 5150; x_wconf 80' lang='grc'><strong><em>-</em></strong></span> <span class='ocrx_word' id='word_1_891' title='bbox 2328 5113 2445 5174; x_wconf 90' lang='lat' dir='ltr'><strong>tur;</strong></span> <span class='ocrx_word' id='word_1_892' title='bbox 2495 5121 2599 5176; x_wconf 90' lang='lat' dir='ltr'><strong>qua</strong></span> <span class='ocrx_word' id='word_1_893' title='bbox 2654 5108 2721 5162; x_wconf 89' lang='lat' dir='ltr'><strong>de</strong></span> <span class='ocrx_word' id='word_1_894' title='bbox 2767 5124 2826 5162; x_wconf 91' lang='lat' dir='ltr'><strong>re</strong></span> <span class='ocrx_word' id='word_1_895' title='bbox 2871 5109 3034 5164; x_wconf 88' lang='lat' dir='ltr'><strong>etiam</strong></span> <span class='ocrx_word' id='word_1_896' title='bbox 3093 5109 3158 5165; x_wconf 89' lang='lat' dir='ltr'><strong>ad</strong></span> <span class='ocrx_word' id='word_1_897' title='bbox 3213 5109 3583 5167; x_wconf 88' lang='lat' dir='ltr'><strong>Edilberthum</strong></span> <span class='ocrx_word' id='word_1_898' title='bbox 3633 5113 3923 5183; x_wconf 83' lang='lat' dir='ltr'><strong>scripserat</strong></span> 
     </span>
    </p>
   </div>
   <div class='ocr_carea' id='block_1_120' title="bbox 2330 5195 3923 5273">
    <p class='ocr_par' dir='ltr' id='par_1_120' title="bbox 2330 5195 3923 5273">
     <span class='ocr_line' id='line_1_121' title="bbox 2330 5195 3923 5273; baseline 0.007 -25"><span class='ocrx_word' id='word_1_899' title='bbox 2330 5195 2471 5266; x_wconf 88' lang='lat' dir='ltr'><strong>(Lib.</strong></span> <span class='ocrx_word' id='word_1_900' title='bbox 2507 5214 2577 5261; x_wconf 82' lang='lat' dir='ltr'><strong>xr,</strong></span> <span class='ocrx_word' id='word_1_901' title='bbox 2609 5215 2689 5268; x_wconf 91' lang='lat' dir='ltr'><strong>ep.</strong></span> <span class='ocrx_word' id='word_1_902' title='bbox 2723 5197 2851 5269; x_wconf 79' lang='lat'><strong>66);</strong></span> <span class='ocrx_word' id='word_1_903' title='bbox 2883 5201 2975 5254; x_wconf 91' lang='lat' dir='ltr'><strong>sed</strong></span> <span class='ocrx_word' id='word_1_904' title='bbox 3015 5210 3223 5256; x_wconf 88' lang='lat' dir='ltr'><strong>mutato</strong></span> <span class='ocrx_word' id='word_1_905' title='bbox 3254 5203 3478 5257; x_wconf 90' lang='lat' dir='ltr'><strong>consilio</strong></span> <span class='ocrx_word' id='word_1_906' title='bbox 3510 5201 3679 5257; x_wconf 88' lang='lat' dir='ltr'><strong>satius</strong></span> <span class='ocrx_word' id='word_1_907' title='bbox 3720 5204 3923 5273; x_wconf 83' lang='lat' dir='ltr'><strong>putavit</strong></span> 
     </span>
    </p>
   </div>
   <div class='ocr_carea' id='block_1_121' title="bbox 2328 5287 3923 5365">
    <p class='ocr_par' dir='ltr' id='par_1_121' title="bbox 2328 5287 3923 5365">
     <span class='ocr_line' id='line_1_122' title="bbox 2328 5287 3923 5365; baseline 0.004 -24"><span class='ocrx_word' id='word_1_908' title='bbox 2328 5301 2412 5352; x_wconf 91' lang='lat' dir='ltr'><strong>ea,</strong></span> <span class='ocrx_word' id='word_1_909' title='bbox 2442 5287 2729 5343; x_wconf 89' lang='lat' dir='ltr'><strong>destructis</strong></span> <span class='ocrx_word' id='word_1_910' title='bbox 2759 5288 3054 5359; x_wconf 87' lang='lat' dir='ltr'><strong>ejectisque</strong></span> <span class='ocrx_word' id='word_1_911' title='bbox 3085 5291 3259 5357; x_wconf 89' lang='lat' dir='ltr'><strong>idolis,</strong></span> <span class='ocrx_word' id='word_1_912' title='bbox 3294 5293 3607 5361; x_wconf 88' lang='lat' dir='ltr'><strong>aspersione</strong></span> <span class='ocrx_word' id='word_1_913' title='bbox 3637 5309 3794 5365; x_wconf 74' lang='lat' dir='ltr'><strong>aqua:</strong></span> <span class='ocrx_word' id='word_1_914' title='bbox 3835 5293 3923 5348; x_wconf 90' lang='lat' dir='ltr'><strong>be-</strong></span> 
     </span>
    </p>
   </div>
   <div class='ocr_carea' id='block_1_122' title="bbox 2327 5379 3917 5455">
    <p class='ocr_par' dir='ltr' id='par_1_122' title="bbox 2327 5379 3917 5455">
     <span class='ocr_line' id='line_1_123' title="bbox 2327 5379 3917 5455; baseline 0.006 -22"><span class='ocrx_word' id='word_1_915' title='bbox 2327 5379 2552 5436; x_wconf 71' lang='lat' dir='ltr'><strong>nedictm</strong></span> <span class='ocrx_word' id='word_1_916' title='bbox 2580 5382 2831 5452; x_wconf 89' lang='lat' dir='ltr'><strong>lustrare,</strong></span> <span class='ocrx_word' id='word_1_917' title='bbox 2878 5393 3043 5455; x_wconf 91' lang='lat' dir='ltr'><strong>atque</strong></span> <span class='ocrx_word' id='word_1_918' title='bbox 3083 5386 3189 5439; x_wconf 88' lang='lat' dir='ltr'><strong>ritu</strong></span> <span class='ocrx_word' id='word_1_919' title='bbox 3217 5384 3526 5442; x_wconf 90' lang='lat' dir='ltr'><strong>Christiano</strong></span> <span class='ocrx_word' id='word_1_920' title='bbox 3556 5403 3917 5455; x_wconf 79' lang='lat' dir='ltr'><strong>consecrare;</strong></span> 
     </span>
    </p>
   </div>
   <div class='ocr_carea' id='block_1_123' title="bbox 2330 5473 3923 5546">
    <p class='ocr_par' dir='ltr' id='par_1_123' title="bbox 2330 5473 3923 5546">
     <span class='ocr_line' id='line_1_124' title="bbox 2330 5473 3923 5546; baseline 0.007 -18"><span class='ocrx_word' id='word_1_921' title='bbox 2330 5481 2390 5528; x_wconf 89' lang='lat' dir='ltr'><strong>ut</strong></span> <span class='ocrx_word' id='word_1_922' title='bbox 2425 5473 2578 5544; x_wconf 87' lang='lat' dir='ltr'><strong>Angli</strong></span> <span class='ocrx_word' id='word_1_923' title='bbox 2611 5491 2781 5546; x_wconf 89' lang='lat' dir='ltr'><strong>nuper</strong></span> <span class='ocrx_word' id='word_1_924' title='bbox 2819 5476 2885 5530; x_wconf 92' lang='lat' dir='ltr'><strong>ad</strong></span> <span class='ocrx_word' id='word_1_925' title='bbox 2926 5476 3081 5533; x_wconf 80' lang='lat' dir='ltr'><strong>fidem</strong></span> <span class='ocrx_word' id='word_1_926' title='bbox 3111 5479 3308 5545; x_wconf 89' lang='lat' dir='ltr'><strong>vocati,</strong></span> <span class='ocrx_word' id='word_1_927' title='bbox 3341 5479 3659 5537; x_wconf 88' lang='lat' dir='ltr'><strong>familiarius</strong></span> <span class='ocrx_word' id='word_1_928' title='bbox 3701 5481 3768 5537; x_wconf 88' lang='lat' dir='ltr'><strong>ad</strong></span> <span class='ocrx_word' id='word_1_929' title='bbox 3807 5482 3923 5539; x_wconf 82' lang='lat' dir='ltr'><strong>loca</strong></span> 
     </span>
    </p>
   </div>
   <div class='ocr_carea' id='block_1_124' title="bbox 2330 5566 3469 5640">
    <p class='ocr_par' dir='ltr' id='par_1_124' title="bbox 2330 5566 3469 5640">
     <span class='ocr_line' id='line_1_125' title="bbox 2330 5566 3469 5640; baseline 0.005 -22"><span class='ocrx_word' id='word_1_930' title='bbox 2330 5573 2588 5619; x_wconf 90' lang='lat' dir='ltr'><strong>consueta</strong></span> <span class='ocrx_word' id='word_1_931' title='bbox 2610 5575 2995 5622; x_wconf 86' lang='lat' dir='ltr'><strong>concurrerent</strong></span> <span class='ocrx_word' id='word_1_932' title='bbox 3025 5566 3212 5637; x_wconf 87' lang='lat' dir='ltr'><strong>(Ibid.,</strong></span> <span class='ocrx_word' id='word_1_933' title='bbox 3248 5585 3325 5640; x_wconf 90' lang='lat' dir='ltr'><strong>ep.</strong></span> <span class='ocrx_word' id='word_1_934' title='bbox 3357 5567 3469 5639; x_wconf 84' lang='lat'><strong>76).</strong></span> 
     </span>
    </p>
   </div>
   <div class='ocr_carea' id='block_1_125' title="bbox 2405 5673 3924 5747">
    <p class='ocr_par' dir='ltr' id='par_1_125' title="bbox 2405 5673 3924 5747">
     <span class='ocr_line' id='line_1_126' title="bbox 2405 5673 3924 5747; baseline 0.009 -21"><span class='ocrx_word' id='word_1_935' title='bbox 2405 5673 2456 5726; x_wconf 83' lang='grc'>5.</span> <span class='ocrx_word' id='word_1_936' title='bbox 2490 5673 2838 5729; x_wconf 88' lang='lat' dir='ltr'><strong>Consuetudo</strong></span> <span class='ocrx_word' id='word_1_937' title='bbox 2886 5689 3000 5731; x_wconf 90' lang='lat' dir='ltr'><strong>erat</strong></span> <span class='ocrx_word' id='word_1_938' title='bbox 3049 5679 3323 5747; x_wconf 87' lang='lat' dir='ltr'><strong>gentilium</strong></span> <span class='ocrx_word' id='word_1_939' title='bbox 3365 5681 3593 5747; x_wconf 90' lang='lat' dir='ltr'><strong>multos,</strong></span> <span class='ocrx_word' id='word_1_940' title='bbox 3645 5696 3768 5736; x_wconf 91' lang='lat' dir='ltr'><strong>cum</strong></span> <span class='ocrx_word' id='word_1_941' title='bbox 3815 5681 3924 5740; x_wconf 82' lang='lat' dir='ltr'><strong>suis</strong></span> 
     </span>
    </p>
   </div>
   <div class='ocr_carea' id='block_1_126' title="bbox 2334 5764 3921 5846">
    <p class='ocr_par' dir='ltr' id='par_1_126' title="bbox 2334 5764 3921 5846">
     <span class='ocr_line' id='line_1_127' title="bbox 2334 5764 3921 5846; baseline 0.008 -29"><span class='ocrx_word' id='word_1_942' title='bbox 2334 5764 2490 5818; x_wconf 87' lang='lat' dir='ltr'><strong>idolis</strong></span> <span class='ocrx_word' id='word_1_943' title='bbox 2519 5764 2776 5820; x_wconf 77' lang='lat' dir='ltr'><strong>offerrent</strong></span> <span class='ocrx_word' id='word_1_944' title='bbox 2803 5769 3065 5824; x_wconf 86' lang='lat' dir='ltr'><strong>sacrificia</strong></span> <span class='ocrx_word' id='word_1_945' title='bbox 3083 5812 3098 5837; x_wconf 90' lang='lat'><strong>,</strong></span> <span class='ocrx_word' id='word_1_946' title='bbox 3143 5770 3310 5827; x_wconf 86' lang='lat' dir='ltr'><strong>boves</strong></span> <span class='ocrx_word' id='word_1_947' title='bbox 3339 5772 3588 5829; x_wconf 81' lang='lat' dir='ltr'><strong>occidere</strong></span> <span class='ocrx_word' id='word_1_948' title='bbox 3607 5813 3622 5839; x_wconf 95' lang='lat'><strong>,</strong></span> <span class='ocrx_word' id='word_1_949' title='bbox 3666 5781 3827 5846; x_wconf 86' lang='lat' dir='ltr'><strong>atque</strong></span> <span class='ocrx_word' id='word_1_950' title='bbox 3854 5789 3921 5829; x_wconf 84' lang='lat' dir='ltr'><strong>ex</strong></span> 
     </span>
    </p>
   </div>
   <div class='ocr_carea' id='block_1_127' title="bbox 2333 5853 3923 5932">
    <p class='ocr_par' dir='ltr' id='par_1_127' title="bbox 2333 5853 3923 5932">
     <span class='ocr_line' id='line_1_128' title="bbox 2333 5853 3923 5932; baseline 0.004 -21"><span class='ocrx_word' id='word_1_951' title='bbox 2333 5853 2412 5911; x_wconf 89' lang='lat' dir='ltr'><strong>eis</strong></span> <span class='ocrx_word' id='word_1_952' title='bbox 2431 5855 2658 5924; x_wconf 88' lang='lat' dir='ltr'><strong>epulari.</strong></span> <span class='ocrx_word' id='word_1_953' title='bbox 2685 5856 2838 5922; x_wconf 80' lang='lat' dir='ltr'><strong>Quod</strong></span> <span class='ocrx_word' id='word_1_954' title='bbox 2862 5859 2992 5915; x_wconf 92' lang='lat' dir='ltr'><strong>utin</strong></span> <span class='ocrx_word' id='word_1_955' title='bbox 3019 5861 3161 5932; x_wconf 88' lang='lat' dir='ltr'><strong>piam</strong></span> <span class='ocrx_word' id='word_1_956' title='bbox 3184 5861 3584 5923; x_wconf 83' lang='lat' dir='ltr'><strong>solemnitatem</strong></span> <span class='ocrx_word' id='word_1_957' title='bbox 3607 5861 3923 5922; x_wconf 84' lang='lat' dir='ltr'><strong>transferret</strong></span> 
     </span>
    </p>
   </div>
   <div class='ocr_carea' id='block_1_128' title="bbox 3680 6439 4083 6458">
    <p class='ocr_par' dir='ltr' id='par_1_128' title="bbox 3680 6439 4083 6458">
     <span class='ocr_line' id='line_1_129' title="bbox 3680 6439 4083 6458; baseline -0.015 0"><span class='ocrx_word' id='word_1_958' title='bbox 3680 6453 3710 6458; x_wconf 87' lang='lat'>—.</span> <span class='ocrx_word' id='word_1_959' title='bbox 3779 6439 4083 6456; x_wconf 64' lang='lat' dir='ltr'><strong>—-—&#39;———-I-—-l-</strong></span> 
     </span>
    </p>
   </div>
  </div>
