  <div class='ocr_page' id='page_1' title='image "/cluster/home/n/w/nwhite01/storage/ocr_20150623/75/hvd.32044015469380/202.png"; bbox 0 0 4130 6450; ppageno 0'>
   <div class='ocr_carea' id='block_1_1' title="bbox 237 305 344 361">
    <p class='ocr_par' dir='ltr' id='par_1_1' title="bbox 237 305 344 361">
     <span class='ocr_line' id='line_1_1' title="bbox 237 305 344 361; baseline 0.009 -1"><span class='ocrx_word' id='word_1_1' title='bbox 237 305 344 361; x_wconf 76' lang='lat'><strong><em>589</em></strong></span> 
     </span>
    </p>
   </div>
   <div class='ocr_carea' id='block_1_2' title="bbox 230 506 1825 588">
    <p class='ocr_par' dir='ltr' id='par_1_2' title="bbox 230 506 1825 588">
     <span class='ocr_line' id='line_1_2' title="bbox 230 506 1825 588; baseline 0.009 -27"><span class='ocrx_word' id='word_1_2' title='bbox 230 508 352 570; x_wconf 79' lang='lat' dir='ltr'><strong><em>site,</em></strong></span> <span class='ocrx_word' id='word_1_3' title='bbox 404 506 483 560; x_wconf 85' lang='lat' dir='ltr'><strong><em>vel</em></strong></span> <span class='ocrx_word' id='word_1_4' title='bbox 524 508 761 560; x_wconf 87' lang='lat' dir='ltr'><strong><em>natalitio</em></strong></span> <span class='ocrx_word' id='word_1_5' title='bbox 795 519 1089 564; x_wconf 86' lang='lat' dir='ltr'><strong><em>sanctorum</em></strong></span> <span class='ocrx_word' id='word_1_6' title='bbox 1125 522 1411 585; x_wconf 74' lang='lat' dir='ltr'><strong><em>martyrum</em></strong></span> <span class='ocrx_word' id='word_1_7' title='bbox 1438 534 1662 588; x_wconf 89' lang='lat' dir='ltr'><strong><em>quorum</em></strong></span> <span class='ocrx_word' id='word_1_8' title='bbox 1696 522 1825 576; x_wconf 87' lang='lat' dir='ltr'><strong><em>reli-</em></strong></span> 
     </span>
    </p>
   </div>
   <div class='ocr_carea' id='block_1_3' title="bbox 232 599 1820 683">
    <p class='ocr_par' dir='ltr' id='par_1_3' title="bbox 232 599 1820 683">
     <span class='ocr_line' id='line_1_3' title="bbox 232 599 1820 683; baseline 0.011 -32"><span class='ocrx_word' id='word_1_9' title='bbox 232 599 366 669; x_wconf 71' lang='lat' dir='ltr'><strong><em>quia)</em></strong></span> <span class='ocrx_word' id='word_1_10' title='bbox 395 600 449 652; x_wconf 91' lang='lat' dir='ltr'><strong><em>in</em></strong></span> <span class='ocrx_word' id='word_1_11' title='bbox 493 599 643 653; x_wconf 87' lang='lat' dir='ltr'><strong><em>novis</em></strong></span> <span class='ocrx_word' id='word_1_12' title='bbox 671 601 882 670; x_wconf 77' lang='lat' dir='ltr'><strong><em>templis</em></strong></span> <span class='ocrx_word' id='word_1_13' title='bbox 924 603 1151 657; x_wconf 73' lang='lat' dir='ltr'><strong><em>Condita:</em></strong></span> <span class='ocrx_word' id='word_1_14' title='bbox 1186 606 1428 674; x_wconf 79' lang='lat' dir='ltr'><strong><em>fuerant,</em></strong></span> <span class='ocrx_word' id='word_1_15' title='bbox 1458 610 1614 680; x_wconf 85' lang='lat' dir='ltr'><strong>Angli</strong></span> <span class='ocrx_word' id='word_1_16' title='bbox 1648 629 1820 683; x_wconf 81' lang='lat' dir='ltr'><strong><em>nuper</em></strong></span> 
     </span>
    </p>
   </div>
   <div class='ocr_carea' id='block_1_4' title="bbox 230 687 1823 761">
    <p class='ocr_par' dir='ltr' id='par_1_4' title="bbox 230 687 1823 761">
     <span class='ocr_line' id='line_1_4' title="bbox 230 687 1823 761; baseline 0.011 -21"><span class='ocrx_word' id='word_1_17' title='bbox 230 687 519 743; x_wconf 77' lang='lat' dir='ltr'><strong><em>Christiani</em></strong></span> <span class='ocrx_word' id='word_1_18' title='bbox 540 687 661 742; x_wconf 89' lang='lat' dir='ltr'><strong><em>facti</em></strong></span> <span class='ocrx_word' id='word_1_19' title='bbox 686 687 1018 744; x_wconf 88' lang='lat' dir='ltr'><strong><em>tabernacula</em></strong></span> <span class='ocrx_word' id='word_1_20' title='bbox 1038 693 1156 761; x_wconf 89' lang='lat' dir='ltr'><strong><em>sibi,</em></strong></span> <span class='ocrx_word' id='word_1_21' title='bbox 1188 697 1323 749; x_wconf 89' lang='lat' dir='ltr'><strong><em>circa</em></strong></span> <span class='ocrx_word' id='word_1_22' title='bbox 1346 699 1552 753; x_wconf 85' lang='lat' dir='ltr'><strong><em>easdem</em></strong></span> <span class='ocrx_word' id='word_1_23' title='bbox 1577 702 1823 757; x_wconf 81' lang='lat' dir='ltr'><strong><em>ecclesias</em></strong></span> 
     </span>
    </p>
   </div>
   <div class='ocr_carea' id='block_1_5' title="bbox 228 773 1819 865">
    <p class='ocr_par' dir='ltr' id='par_1_5' title="bbox 228 773 1819 865">
     <span class='ocr_line' id='line_1_5' title="bbox 228 773 1819 865; baseline 0.014 -40"><span class='ocrx_word' id='word_1_24' title='bbox 228 791 340 847; x_wconf 81' lang='lat' dir='ltr'><strong><em>qua:</em></strong></span> <span class='ocrx_word' id='word_1_25' title='bbox 368 792 434 828; x_wconf 77' lang='lat' dir='ltr'><strong><em>ea:</em></strong></span> <span class='ocrx_word' id='word_1_26' title='bbox 459 777 601 846; x_wconf 89' lang='lat' dir='ltr'><strong><em>fanis</em></strong></span> <span class='ocrx_word' id='word_1_27' title='bbox 629 787 779 831; x_wconf 85' lang='lat' dir='ltr'><strong><em>erant</em></strong></span> <span class='ocrx_word' id='word_1_28' title='bbox 807 790 1152 846; x_wconf 57' lang='lat' dir='ltr'><strong><em>commutatae,</em></strong></span> <span class='ocrx_word' id='word_1_29' title='bbox 1184 784 1247 839; x_wconf 89' lang='lat' dir='ltr'><strong><em>de</em></strong></span> <span class='ocrx_word' id='word_1_30' title='bbox 1274 790 1434 842; x_wconf 90' lang='lat' dir='ltr'><strong><em>ramis</em></strong></span> <span class='ocrx_word' id='word_1_31' title='bbox 1461 773 1703 845; x_wconf 80' lang='lat' dir='ltr'><strong><em>arborum</em></strong></span> <span class='ocrx_word' id='word_1_32' title='bbox 1733 796 1819 865; x_wconf 91' lang='lat' dir='ltr'><strong><em>fa-</em></strong></span> 
     </span>
    </p>
   </div>
   <div class='ocr_carea' id='block_1_6' title="bbox 227 867 1815 938">
    <p class='ocr_par' dir='ltr' id='par_1_6' title="bbox 227 867 1815 938">
     <span class='ocr_line' id='line_1_6' title="bbox 227 867 1815 938; baseline 0.014 -22"><span class='ocrx_word' id='word_1_33' title='bbox 227 874 417 931; x_wconf 83' lang='lat' dir='ltr'><strong><em>cerent,</em></strong></span> <span class='ocrx_word' id='word_1_34' title='bbox 446 874 495 917; x_wconf 89' lang='lat' dir='ltr'><strong><em>et</em></strong></span> <span class='ocrx_word' id='word_1_35' title='bbox 528 867 781 937; x_wconf 85' lang='lat' dir='ltr'><strong><em>religiosis</em></strong></span> <span class='ocrx_word' id='word_1_36' title='bbox 809 872 1049 924; x_wconf 78' lang='lat' dir='ltr'><strong><em>conviviis</em></strong></span> <span class='ocrx_word' id='word_1_37' title='bbox 1081 874 1453 931; x_wconf 76' lang='lat' dir='ltr'><strong><em>solemnitatem</em></strong></span> <span class='ocrx_word' id='word_1_38' title='bbox 1482 880 1815 938; x_wconf 78' lang='lat' dir='ltr'><strong><em>celebrarent.</em></strong></span> 
     </span>
    </p>
   </div>
   <div class='ocr_carea' id='block_1_7' title="bbox 228 950 1819 1026">
    <p class='ocr_par' dir='ltr' id='par_1_7' title="bbox 228 950 1819 1026">
     <span class='ocr_line' id='line_1_7' title="bbox 228 950 1819 1026; baseline 0.014 -23"><span class='ocrx_word' id='word_1_39' title='bbox 228 950 367 1004; x_wconf 81' lang='lat' dir='ltr'><strong><em>Nam</em></strong></span> <span class='ocrx_word' id='word_1_40' title='bbox 398 953 576 1019; x_wconf 89' lang='lat' dir='ltr'><strong><em>duris,</em></strong></span> <span class='ocrx_word' id='word_1_41' title='bbox 608 954 813 1025; x_wconf 87' lang='lat' dir='ltr'><strong><em>inquit,</em></strong></span> <span class='ocrx_word' id='word_1_42' title='bbox 855 960 1110 1013; x_wconf 74' lang='lat' dir='ltr'><strong><em>mentibus</em></strong></span> <span class='ocrx_word' id='word_1_43' title='bbox 1139 963 1295 1017; x_wconf 84' lang='lat' dir='ltr'><strong><em>simul</em></strong></span> <span class='ocrx_word' id='word_1_44' title='bbox 1315 969 1489 1022; x_wconf 83' lang='lat' dir='ltr'><strong><em>omnia</em></strong></span> <span class='ocrx_word' id='word_1_45' title='bbox 1516 969 1819 1026; x_wconf 85' lang='lat' dir='ltr'><strong><em>abscindere</em></strong></span> 
     </span>
    </p>
   </div>
   <div class='ocr_carea' id='block_1_8' title="bbox 226 1040 1817 1130">
    <p class='ocr_par' dir='ltr' id='par_1_8' title="bbox 226 1040 1817 1130">
     <span class='ocr_line' id='line_1_8' title="bbox 226 1040 1817 1130; baseline 0.015 -38"><span class='ocrx_word' id='word_1_46' title='bbox 226 1040 544 1109; x_wconf 79' lang='lat' dir='ltr'><strong><em>impossibile</em></strong></span> <span class='ocrx_word' id='word_1_47' title='bbox 588 1059 697 1098; x_wconf 87' lang='lat' dir='ltr'><strong><em>esse</em></strong></span> <span class='ocrx_word' id='word_1_48' title='bbox 740 1062 841 1099; x_wconf 89' lang='lat' dir='ltr'><strong><em>non</em></strong></span> <span class='ocrx_word' id='word_1_49' title='bbox 884 1047 1092 1102; x_wconf 83' lang='lat' dir='ltr'><strong><em>dubiant</em></strong></span> <span class='ocrx_word' id='word_1_50' title='bbox 1121 1061 1237 1105; x_wconf 86' lang='lat' dir='ltr'><strong><em>est:</em></strong></span> <span class='ocrx_word' id='word_1_51' title='bbox 1286 1056 1407 1125; x_wconf 88' lang='lat' dir='ltr'><strong><em>quia</em></strong></span> <span class='ocrx_word' id='word_1_52' title='bbox 1447 1059 1493 1111; x_wconf 90' lang='lat' dir='ltr'><strong><em>is</em></strong></span> <span class='ocrx_word' id='word_1_53' title='bbox 1536 1061 1618 1130; x_wconf 93' lang='lat' dir='ltr'><strong><em>qui</em></strong></span> <span class='ocrx_word' id='word_1_54' title='bbox 1651 1061 1817 1116; x_wconf 89' lang='lat' dir='ltr'><strong><em>locum</em></strong></span> 
     </span>
    </p>
   </div>
   <div class='ocr_carea' id='block_1_9' title="bbox 226 1136 1818 1219">
    <p class='ocr_par' dir='ltr' id='par_1_9' title="bbox 226 1136 1818 1219">
     <span class='ocr_line' id='line_1_9' title="bbox 226 1136 1818 1219; baseline 0.015 -36"><span class='ocrx_word' id='word_1_55' title='bbox 226 1149 477 1186; x_wconf 88' lang='lat' dir='ltr'><strong><em>summum</em></strong></span> <span class='ocrx_word' id='word_1_56' title='bbox 506 1136 782 1190; x_wconf 83' lang='lat' dir='ltr'><strong><em>ascendere</em></strong></span> <span class='ocrx_word' id='word_1_57' title='bbox 810 1139 1015 1204; x_wconf 80' lang='lat' dir='ltr'><strong><em>nititur,</em></strong></span> <span class='ocrx_word' id='word_1_58' title='bbox 1050 1158 1256 1197; x_wconf 89' lang='lat' dir='ltr'><strong><em>necesse</em></strong></span> <span class='ocrx_word' id='word_1_59' title='bbox 1282 1156 1357 1199; x_wconf 90' lang='lat' dir='ltr'><strong><em>est</em></strong></span> <span class='ocrx_word' id='word_1_60' title='bbox 1384 1156 1438 1200; x_wconf 89' lang='lat' dir='ltr'><strong><em>ut</em></strong></span> <span class='ocrx_word' id='word_1_61' title='bbox 1466 1151 1711 1219; x_wconf 87' lang='lat' dir='ltr'><strong><em>gradibus</em></strong></span> <span class='ocrx_word' id='word_1_62' title='bbox 1740 1154 1818 1208; x_wconf 89' lang='lat' dir='ltr'><strong><em>vel</em></strong></span> 
     </span>
    </p>
   </div>
   <div class='ocr_carea' id='block_1_10' title="bbox 224 1226 1811 1315">
    <p class='ocr_par' dir='ltr' id='par_1_10' title="bbox 224 1226 1811 1315">
     <span class='ocr_line' id='line_1_10' title="bbox 224 1226 1811 1315; baseline 0.014 -39"><span class='ocrx_word' id='word_1_63' title='bbox 224 1226 483 1295; x_wconf 85' lang='lat' dir='ltr'><strong><em>passibus,</em></strong></span> <span class='ocrx_word' id='word_1_64' title='bbox 516 1244 620 1282; x_wconf 87' lang='lat' dir='ltr'><strong><em>non</em></strong></span> <span class='ocrx_word' id='word_1_65' title='bbox 644 1238 813 1283; x_wconf 89' lang='lat' dir='ltr'><strong><em>autem</em></strong></span> <span class='ocrx_word' id='word_1_66' title='bbox 836 1232 1053 1286; x_wconf 82' lang='lat' dir='ltr'><strong><em>saltibus</em></strong></span> <span class='ocrx_word' id='word_1_67' title='bbox 1073 1236 1291 1290; x_wconf 85' lang='lat' dir='ltr'><strong><em>elevetur</em></strong></span> <span class='ocrx_word' id='word_1_68' title='bbox 1319 1238 1459 1309; x_wconf 85' lang='lat' dir='ltr'><strong><em>(Lib.</em></strong></span> <span class='ocrx_word' id='word_1_69' title='bbox 1486 1257 1559 1309; x_wconf 80' lang='lat' dir='ltr'><strong><em>xi,</em></strong></span> <span class='ocrx_word' id='word_1_70' title='bbox 1583 1260 1663 1313; x_wconf 92' lang='lat' dir='ltr'><strong><em>ep.</em></strong></span> <span class='ocrx_word' id='word_1_71' title='bbox 1702 1244 1811 1315; x_wconf 87' lang='grc'><strong><em>76).</em></strong></span> 
     </span>
    </p>
   </div>
   <div class='ocr_carea' id='block_1_11' title="bbox 224 1314 1815 1403">
    <p class='ocr_par' dir='ltr' id='par_1_11' title="bbox 224 1314 1815 1403">
     <span class='ocr_line' id='line_1_11' title="bbox 224 1314 1815 1403; baseline 0.014 -36"><span class='ocrx_word' id='word_1_72' title='bbox 224 1314 424 1369; x_wconf 87' lang='lat' dir='ltr'><strong><em>Eadem</em></strong></span> <span class='ocrx_word' id='word_1_73' title='bbox 463 1318 553 1386; x_wconf 90' lang='lat' dir='ltr'><strong><em>pia</em></strong></span> <span class='ocrx_word' id='word_1_74' title='bbox 599 1318 859 1381; x_wconf 88' lang='lat' dir='ltr'><strong><em>industria</em></strong></span> <span class='ocrx_word' id='word_1_75' title='bbox 890 1338 1045 1378; x_wconf 90' lang='lat' dir='ltr'><strong><em>usum</em></strong></span> <span class='ocrx_word' id='word_1_76' title='bbox 1089 1325 1215 1379; x_wconf 92' lang='lat' dir='ltr'><strong><em>olim</em></strong></span> <span class='ocrx_word' id='word_1_77' title='bbox 1250 1327 1473 1396; x_wconf 82' lang='lat' dir='ltr'><strong><em>legimus</em></strong></span> <span class='ocrx_word' id='word_1_78' title='bbox 1511 1329 1564 1385; x_wconf 92' lang='lat' dir='ltr'><strong><em>S.</em></strong></span> <span class='ocrx_word' id='word_1_79' title='bbox 1610 1314 1815 1403; x_wconf 88' lang='lat' dir='ltr'><strong><em>Grego-</em></strong></span> 
     </span>
    </p>
   </div>
   <div class='ocr_carea' id='block_1_12' title="bbox 222 1405 1807 1496">
    <p class='ocr_par' dir='ltr' id='par_1_12' title="bbox 222 1405 1807 1496">
     <span class='ocr_line' id='line_1_12' title="bbox 222 1405 1807 1496; baseline 0.015 -38"><span class='ocrx_word' id='word_1_80' title='bbox 222 1405 359 1459; x_wconf 88' lang='lat' dir='ltr'><strong><em>rium</em></strong></span> <span class='ocrx_word' id='word_1_81' title='bbox 407 1419 769 1475; x_wconf 86' lang='lat' dir='ltr'><strong><em>cognomento</em></strong></span> <span class='ocrx_word' id='word_1_82' title='bbox 814 1411 1268 1485; x_wconf 87' lang='lat' dir='ltr'><strong><em>Thaumaturgum</em></strong></span> <span class='ocrx_word' id='word_1_83' title='bbox 1308 1435 1435 1491; x_wconf 88' lang='lat' dir='ltr'><strong><em>erga</em></strong></span> <span class='ocrx_word' id='word_1_84' title='bbox 1486 1426 1807 1496; x_wconf 84' lang='lat' dir='ltr'><strong><em>neOphytos,</em></strong></span> 
     </span>
    </p>
   </div>
   <div class='ocr_carea' id='block_1_13' title="bbox 222 1493 1809 1584">
    <p class='ocr_par' dir='ltr' id='par_1_13' title="bbox 222 1493 1809 1584">
     <span class='ocr_line' id='line_1_13' title="bbox 222 1493 1809 1584; baseline 0.017 -38"><span class='ocrx_word' id='word_1_85' title='bbox 222 1503 278 1547; x_wconf 92' lang='lat' dir='ltr'><strong><em>ut</em></strong></span> <span class='ocrx_word' id='word_1_86' title='bbox 306 1493 471 1550; x_wconf 78' lang='lat' dir='ltr'><strong><em>refert</em></strong></span> <span class='ocrx_word' id='word_1_87' title='bbox 502 1499 640 1553; x_wconf 84' lang='lat' dir='ltr'><strong><em>alter</em></strong></span> <span class='ocrx_word' id='word_1_88' title='bbox 665 1498 955 1571; x_wconf 82' lang='lat' dir='ltr'><strong><em>Gregorius</em></strong></span> <span class='ocrx_word' id='word_1_89' title='bbox 989 1504 1259 1575; x_wconf 89' lang='lat' dir='ltr'><strong><em>Nyssenus</em></strong></span> <span class='ocrx_word' id='word_1_90' title='bbox 1285 1510 1457 1566; x_wconf 90' lang='lat' dir='ltr'><strong><em>dictus</em></strong></span> <span class='ocrx_word' id='word_1_91' title='bbox 1485 1513 1537 1566; x_wconf 94' lang='lat' dir='ltr'><strong><em>in</em></strong></span> <span class='ocrx_word' id='word_1_92' title='bbox 1567 1493 1809 1584; x_wconf 84' lang='lat' dir='ltr'><strong><em>ejusdem</em></strong></span> 
     </span>
    </p>
   </div>
   <div class='ocr_carea' id='block_1_14' title="bbox 219 1585 1810 1671">
    <p class='ocr_par' dir='ltr' id='par_1_14' title="bbox 219 1585 1810 1671">
     <span class='ocr_line' id='line_1_14' title="bbox 219 1585 1810 1671; baseline 0.016 -34"><span class='ocrx_word' id='word_1_93' title='bbox 219 1585 326 1639; x_wconf 89' lang='lat' dir='ltr'><strong><em>vita</em></strong></span> <span class='ocrx_word' id='word_1_94' title='bbox 352 1604 365 1651; x_wconf 93' lang='lat'><strong>;</strong></span> <span class='ocrx_word' id='word_1_95' title='bbox 389 1590 535 1656; x_wconf 92' lang='lat' dir='ltr'><strong><em>quod</em></strong></span> <span class='ocrx_word' id='word_1_96' title='bbox 556 1590 756 1647; x_wconf 90' lang='lat' dir='ltr'><strong><em>idcirco</em></strong></span> <span class='ocrx_word' id='word_1_97' title='bbox 771 1591 1130 1661; x_wconf 87' lang='lat' dir='ltr'><strong><em>judicavimus</em></strong></span> <span class='ocrx_word' id='word_1_98' title='bbox 1151 1600 1569 1671; x_wconf 88' lang='lat' dir='ltr'><strong><em>observandum,</em></strong></span> <span class='ocrx_word' id='word_1_99' title='bbox 1592 1622 1660 1661; x_wconf 92' lang='lat' dir='ltr'><strong><em>ne</em></strong></span> <span class='ocrx_word' id='word_1_100' title='bbox 1683 1606 1810 1663; x_wconf 91' lang='lat' dir='ltr'><strong><em>Gre-</em></strong></span> 
     </span>
    </p>
   </div>
   <div class='ocr_carea' id='block_1_15' title="bbox 219 1674 1807 1757">
    <p class='ocr_par' dir='ltr' id='par_1_15' title="bbox 219 1674 1807 1757">
     <span class='ocr_line' id='line_1_15' title="bbox 219 1674 1807 1757; baseline 0.017 -31"><span class='ocrx_word' id='word_1_101' title='bbox 219 1674 396 1740; x_wconf 91' lang='lat' dir='ltr'><strong><em>gorius</em></strong></span> <span class='ocrx_word' id='word_1_102' title='bbox 435 1686 622 1732; x_wconf 81' lang='lat' dir='ltr'><strong><em>noster</em></strong></span> <span class='ocrx_word' id='word_1_103' title='bbox 661 1680 750 1733; x_wconf 83' lang='lat' dir='ltr'><strong><em>illa</em></strong></span> <span class='ocrx_word' id='word_1_104' title='bbox 792 1684 1011 1752; x_wconf 79' lang='lat' dir='ltr'><strong><em>paganis</em></strong></span> <span class='ocrx_word' id='word_1_105' title='bbox 1043 1702 1214 1757; x_wconf 87' lang='lat' dir='ltr'><strong><em>nuper</em></strong></span> <span class='ocrx_word' id='word_1_106' title='bbox 1250 1694 1525 1750; x_wconf 86' lang='lat' dir='ltr'><strong><em>conversis</em></strong></span> <span class='ocrx_word' id='word_1_107' title='bbox 1554 1696 1619 1750; x_wconf 90' lang='lat' dir='ltr'><strong><em>ad</em></strong></span> <span class='ocrx_word' id='word_1_108' title='bbox 1649 1694 1807 1753; x_wconf 87' lang='lat' dir='ltr'><strong><em>fidem</em></strong></span> 
     </span>
    </p>
   </div>
   <div class='ocr_carea' id='block_1_16' title="bbox 218 1761 1804 1849">
    <p class='ocr_par' dir='ltr' id='par_1_16' title="bbox 218 1761 1804 1849">
     <span class='ocr_line' id='line_1_16' title="bbox 218 1761 1804 1849; baseline 0.018 -35"><span class='ocrx_word' id='word_1_109' title='bbox 218 1761 577 1821; x_wconf 85' lang='lat' dir='ltr'><strong><em>Christianam</em></strong></span> <span class='ocrx_word' id='word_1_110' title='bbox 610 1771 955 1828; x_wconf 90' lang='lat' dir='ltr'><strong><em>concedendo</em></strong></span> <span class='ocrx_word' id='word_1_111' title='bbox 980 1783 1035 1829; x_wconf 88' lang='lat' dir='ltr'><strong><em>et</em></strong></span> <span class='ocrx_word' id='word_1_112' title='bbox 1058 1778 1215 1832; x_wconf 78' lang='lat' dir='ltr'><strong><em>facile</em></strong></span> <span class='ocrx_word' id='word_1_113' title='bbox 1238 1778 1582 1849; x_wconf 85' lang='lat' dir='ltr'><strong><em>indulgendo,</em></strong></span> <span class='ocrx_word' id='word_1_114' title='bbox 1612 1786 1804 1842; x_wconf 86' lang='lat' dir='ltr'><strong><em>huma-</em></strong></span> 
     </span>
    </p>
   </div>
   <div class='ocr_carea' id='block_1_17' title="bbox 217 1837 1884 1930">
    <p class='ocr_par' dir='ltr' id='par_1_17' title="bbox 217 1837 1884 1930">
     <span class='ocr_line' id='line_1_17' title="bbox 217 1837 1884 1930; baseline 0.016 -26"><span class='ocrx_word' id='word_1_115' title='bbox 217 1866 343 1905; x_wconf 90' lang='lat' dir='ltr'><strong><em>num</em></strong></span> <span class='ocrx_word' id='word_1_116' title='bbox 385 1855 587 1926; x_wconf 89' lang='lat' dir='ltr'><strong><em>aliquid</em></strong></span> <span class='ocrx_word' id='word_1_117' title='bbox 619 1874 833 1926; x_wconf 90' lang='lat' dir='ltr'><strong><em>passum</em></strong></span> <span class='ocrx_word' id='word_1_118' title='bbox 878 1877 997 1917; x_wconf 89' lang='lat' dir='ltr'><strong><em>esse</em></strong></span> <span class='ocrx_word' id='word_1_119' title='bbox 1032 1880 1094 1919; x_wconf 91' lang='lat' dir='ltr'><strong><em>ac</em></strong></span> <span class='ocrx_word' id='word_1_120' title='bbox 1131 1867 1429 1923; x_wconf 90' lang='lat' dir='ltr'><strong><em>secundum</em></strong></span> <span class='ocrx_word' id='word_1_121' title='bbox 1469 1886 1684 1927; x_wconf 88' lang='lat' dir='ltr'><strong><em>carnem</em></strong></span> <span class='ocrx_word' id='word_1_122' title='bbox 1714 1892 1808 1930; x_wconf 84' lang='lat' dir='ltr'><strong><em>sa-</em></strong></span> <span class='ocrx_word' id='word_1_123' title='bbox 1836 1837 1884 1899; x_wconf 74' lang='grc' dir='ltr'><strong>Β</strong></span> 
     </span>
    </p>
   </div>
   <div class='ocr_carea' id='block_1_18' title="bbox 216 1941 1808 2031">
    <p class='ocr_par' dir='ltr' id='par_1_18' title="bbox 216 1941 1808 2031">
     <span class='ocr_line' id='line_1_18' title="bbox 216 1941 1808 2031; baseline 0.017 -39"><span class='ocrx_word' id='word_1_124' title='bbox 216 1941 395 2009; x_wconf 86' lang='lat' dir='ltr'><strong><em>puisse</em></strong></span> <span class='ocrx_word' id='word_1_125' title='bbox 424 1942 691 2013; x_wconf 84' lang='lat' dir='ltr'><strong><em>videatur.</em></strong></span> <span class='ocrx_word' id='word_1_126' title='bbox 724 1947 822 2002; x_wconf 82' lang='lat' dir='ltr'><strong><em>llic</em></strong></span> <span class='ocrx_word' id='word_1_127' title='bbox 843 1966 946 2004; x_wconf 89' lang='lat' dir='ltr'><strong><em>una</em></strong></span> <span class='ocrx_word' id='word_1_128' title='bbox 977 1951 1275 2023; x_wconf 87' lang='lat' dir='ltr'><strong><em>eademque</em></strong></span> <span class='ocrx_word' id='word_1_129' title='bbox 1294 1958 1434 2013; x_wconf 91' lang='lat' dir='ltr'><strong><em>serie</em></strong></span> <span class='ocrx_word' id='word_1_130' title='bbox 1456 1976 1808 2031; x_wconf 84' lang='lat' dir='ltr'><strong><em>quaecumque</em></strong></span> 
     </span>
    </p>
   </div>
   <div class='ocr_carea' id='block_1_19' title="bbox 213 2026 1806 2117">
    <p class='ocr_par' dir='ltr' id='par_1_19' title="bbox 213 2026 1806 2117">
     <span class='ocr_line' id='line_1_19' title="bbox 213 2026 1806 2117; baseline 0.018 -38"><span class='ocrx_word' id='word_1_131' title='bbox 213 2026 278 2080; x_wconf 89' lang='lat' dir='ltr'><strong><em>ad</em></strong></span> <span class='ocrx_word' id='word_1_132' title='bbox 321 2030 621 2098; x_wconf 79' lang='lat' dir='ltr'><strong><em>Anglorum</em></strong></span> <span class='ocrx_word' id='word_1_133' title='bbox 666 2038 1076 2092; x_wconf 83' lang='lat' dir='ltr'><strong><em>conversionem</em></strong></span> <span class='ocrx_word' id='word_1_134' title='bbox 1119 2042 1396 2098; x_wconf 89' lang='lat' dir='ltr'><strong><em>annitente</em></strong></span> <span class='ocrx_word' id='word_1_135' title='bbox 1435 2026 1492 2099; x_wconf 43' lang='lat' dir='ltr'><strong><em>S—.</em></strong></span> <span class='ocrx_word' id='word_1_136' title='bbox 1544 2046 1806 2117; x_wconf 82' lang='lat' dir='ltr'><strong><em>Gregorio</em></strong></span> 
     </span>
    </p>
   </div>
   <div class='ocr_carea' id='block_1_20' title="bbox 213 2114 1803 2195">
    <p class='ocr_par' dir='ltr' id='par_1_20' title="bbox 213 2114 1803 2195">
     <span class='ocr_line' id='line_1_20' title="bbox 213 2114 1803 2195; baseline 0.016 -27"><span class='ocrx_word' id='word_1_137' title='bbox 213 2114 349 2170; x_wconf 83' lang='lat' dir='ltr'><strong><em>tacta</em></strong></span> <span class='ocrx_word' id='word_1_138' title='bbox 372 2159 387 2183; x_wconf 92' lang='lat'><strong><em>,</em></strong></span> <span class='ocrx_word' id='word_1_139' title='bbox 431 2126 490 2173; x_wconf 80' lang='lat' dir='ltr'><strong><em>et</em></strong></span> <span class='ocrx_word' id='word_1_140' title='bbox 518 2120 584 2174; x_wconf 89' lang='lat' dir='ltr'><strong><em>ad</em></strong></span> <span class='ocrx_word' id='word_1_141' title='bbox 614 2122 883 2180; x_wconf 84' lang='lat' dir='ltr'><strong><em>noscentis</em></strong></span> <span class='ocrx_word' id='word_1_142' title='bbox 910 2127 1217 2195; x_wconf 57' lang='lat' dir='ltr'><strong><em>Anglicanas</em></strong></span> <span class='ocrx_word' id='word_1_143' title='bbox 1256 2130 1509 2189; x_wconf 73' lang='lat' dir='ltr'><strong><em>Ecclesia:</em></strong></span> <span class='ocrx_word' id='word_1_144' title='bbox 1538 2114 1803 2194; x_wconf 78' lang='lat' dir='ltr'><strong><em>constitu-</em></strong></span> 
     </span>
    </p>
   </div>
   <div class='ocr_carea' id='block_1_21' title="bbox 212 2206 1805 2286">
    <p class='ocr_par' dir='ltr' id='par_1_21' title="bbox 212 2206 1805 2286">
     <span class='ocr_line' id='line_1_21' title="bbox 212 2206 1805 2286; baseline 0.017 -27"><span class='ocrx_word' id='word_1_145' title='bbox 212 2206 414 2261; x_wconf 84' lang='lat' dir='ltr'><strong><em>tionem</em></strong></span> <span class='ocrx_word' id='word_1_146' title='bbox 449 2211 787 2277; x_wconf 85' lang='lat' dir='ltr'><strong><em>pertinebant</em></strong></span> <span class='ocrx_word' id='word_1_147' title='bbox 828 2220 1219 2284; x_wconf 82' lang='lat' dir='ltr'><strong><em>contraximus,</em></strong></span> <span class='ocrx_word' id='word_1_148' title='bbox 1264 2224 1363 2277; x_wconf 87' lang='lat' dir='ltr'><strong><em>etsi</em></strong></span> <span class='ocrx_word' id='word_1_149' title='bbox 1392 2224 1617 2282; x_wconf 85' lang='lat' dir='ltr'><strong><em>diversis</em></strong></span> <span class='ocrx_word' id='word_1_150' title='bbox 1646 2232 1805 2286; x_wconf 86' lang='lat' dir='ltr'><strong><em>annis</em></strong></span> 
     </span>
    </p>
   </div>
   <div class='ocr_carea' id='block_1_22' title="bbox 214 2298 1805 2385">
    <p class='ocr_par' dir='ltr' id='par_1_22' title="bbox 214 2298 1805 2385">
     <span class='ocr_line' id='line_1_22' title="bbox 214 2298 1805 2385; baseline 0.016 -36"><span class='ocrx_word' id='word_1_151' title='bbox 214 2298 559 2365; x_wconf 76' lang='lat' dir='ltr'><strong><em>contigerint.</em></strong></span> <span class='ocrx_word' id='word_1_152' title='bbox 584 2301 712 2366; x_wconf 61' lang='lat' dir='ltr'><strong><em>Quae</em></strong></span> <span class='ocrx_word' id='word_1_153' title='bbox 739 2314 842 2358; x_wconf 88' lang='lat' dir='ltr'><strong><em>tam</em></strong></span> <span class='ocrx_word' id='word_1_154' title='bbox 872 2304 1064 2363; x_wconf 82' lang='lat' dir='ltr'><strong><em>faustis</em></strong></span> <span class='ocrx_word' id='word_1_155' title='bbox 1092 2309 1256 2365; x_wconf 91' lang='lat' dir='ltr'><strong><em>initiis</em></strong></span> <span class='ocrx_word' id='word_1_156' title='bbox 1279 2318 1654 2385; x_wconf 82' lang='lat' dir='ltr'><strong><em>successerint,</em></strong></span> <span class='ocrx_word' id='word_1_157' title='bbox 1678 2320 1805 2374; x_wconf 86' lang='lat' dir='ltr'><strong><em>bre-</em></strong></span> 
     </span>
    </p>
   </div>
   <div class='ocr_carea' id='block_1_23' title="bbox 212 2386 1804 2479">
    <p class='ocr_par' dir='ltr' id='par_1_23' title="bbox 212 2386 1804 2479">
     <span class='ocr_line' id='line_1_23' title="bbox 212 2386 1804 2479; baseline 0.017 -40"><span class='ocrx_word' id='word_1_158' title='bbox 212 2386 349 2440; x_wconf 83' lang='lat' dir='ltr'><strong><em>viter</em></strong></span> <span class='ocrx_word' id='word_1_159' title='bbox 376 2390 673 2456; x_wconf 90' lang='lat' dir='ltr'><strong><em>delineare,</em></strong></span> <span class='ocrx_word' id='word_1_160' title='bbox 704 2402 761 2448; x_wconf 88' lang='lat' dir='ltr'><strong><em>et</em></strong></span> <span class='ocrx_word' id='word_1_161' title='bbox 780 2396 851 2449; x_wconf 90' lang='lat' dir='ltr'><strong><em>ob</em></strong></span> <span class='ocrx_word' id='word_1_162' title='bbox 880 2398 1065 2453; x_wconf 90' lang='lat' dir='ltr'><strong><em>oculos</em></strong></span> <span class='ocrx_word' id='word_1_163' title='bbox 1093 2409 1366 2457; x_wconf 86' lang='lat' dir='ltr'><strong><em>contracta</em></strong></span> <span class='ocrx_word' id='word_1_164' title='bbox 1394 2421 1595 2473; x_wconf 85' lang='lat' dir='ltr'><strong><em>ponere</em></strong></span> <span class='ocrx_word' id='word_1_165' title='bbox 1624 2424 1804 2479; x_wconf 74' lang='lat' dir='ltr'><strong><em>opem</em></strong></span> 
     </span>
    </p>
   </div>
   <div class='ocr_carea' id='block_1_24' title="bbox 216 2478 583 2544">
    <p class='ocr_par' dir='ltr' id='par_1_24' title="bbox 216 2478 583 2544">
     <span class='ocr_line' id='line_1_24' title="bbox 216 2478 583 2544; baseline 0.016 -16"><span class='ocrx_word' id='word_1_166' title='bbox 216 2478 444 2544; x_wconf 89' lang='lat' dir='ltr'><strong><em>pretium</em></strong></span> <span class='ocrx_word' id='word_1_167' title='bbox 478 2488 583 2534; x_wconf 89' lang='lat' dir='ltr'><strong><em>est.</em></strong></span> 
     </span>
    </p>
   </div>
   <div class='ocr_carea' id='block_1_25' title="bbox 283 2584 1800 2674">
    <p class='ocr_par' dir='ltr' id='par_1_25' title="bbox 283 2584 1800 2674">
     <span class='ocr_line' id='line_1_25' title="bbox 283 2584 1800 2674; baseline 0.016 -36"><span class='ocrx_word' id='word_1_168' title='bbox 283 2584 333 2639; x_wconf 89' lang='lat'><strong><em>6.</em></strong></span> <span class='ocrx_word' id='word_1_169' title='bbox 395 2586 655 2654; x_wconf 84' lang='lat' dir='ltr'><strong><em>Quamvis</em></strong></span> <span class='ocrx_word' id='word_1_170' title='bbox 703 2591 839 2646; x_wconf 88' lang='lat' dir='ltr'><strong><em>nihil</em></strong></span> <span class='ocrx_word' id='word_1_171' title='bbox 888 2596 1159 2665; x_wconf 85' lang='lat' dir='ltr'><strong><em>antiquius</em></strong></span> <span class='ocrx_word' id='word_1_172' title='bbox 1205 2599 1427 2657; x_wconf 88' lang='lat' dir='ltr'><strong><em>haberet</em></strong></span> <span class='ocrx_word' id='word_1_173' title='bbox 1475 2604 1800 2674; x_wconf 85' lang='lat' dir='ltr'><strong><em>Augustinus</em></strong></span> 
     </span>
    </p>
   </div>
   <div class='ocr_carea' id='block_1_26' title="bbox 217 2678 1799 2763">
    <p class='ocr_par' dir='ltr' id='par_1_26' title="bbox 217 2678 1799 2763">
     <span class='ocr_line' id='line_1_26' title="bbox 217 2678 1799 2763; baseline 0.015 -34"><span class='ocrx_word' id='word_1_174' title='bbox 217 2692 372 2746; x_wconf 89' lang='lat' dir='ltr'><strong><em>quam</em></strong></span> <span class='ocrx_word' id='word_1_175' title='bbox 400 2678 606 2749; x_wconf 83' lang='lat' dir='ltr'><strong><em>Anglos</em></strong></span> <span class='ocrx_word' id='word_1_176' title='bbox 641 2682 707 2736; x_wconf 90' lang='lat' dir='ltr'><strong><em>ad</em></strong></span> <span class='ocrx_word' id='word_1_177' title='bbox 736 2682 1092 2741; x_wconf 84' lang='lat' dir='ltr'><strong><em>Christianam</em></strong></span> <span class='ocrx_word' id='word_1_178' title='bbox 1128 2688 1283 2745; x_wconf 78' lang='lat' dir='ltr'><strong><em>fidem</em></strong></span> <span class='ocrx_word' id='word_1_179' title='bbox 1328 2696 1649 2763; x_wconf 85' lang='lat' dir='ltr'><strong><em>perducere,</em></strong></span> <span class='ocrx_word' id='word_1_180' title='bbox 1684 2698 1799 2752; x_wconf 87' lang='lat' dir='ltr'><strong><em>Bri-</em></strong></span> 
     </span>
    </p>
   </div>
   <div class='ocr_carea' id='block_1_27' title="bbox 216 2772 1799 2849">
    <p class='ocr_par' dir='ltr' id='par_1_27' title="bbox 216 2772 1799 2849">
     <span class='ocr_line' id='line_1_27' title="bbox 216 2772 1799 2849; baseline 0.015 -30"><span class='ocrx_word' id='word_1_181' title='bbox 216 2772 366 2822; x_wconf 84' lang='lat' dir='ltr'><strong><em>tones</em></strong></span> <span class='ocrx_word' id='word_1_182' title='bbox 410 2778 594 2825; x_wconf 90' lang='lat' dir='ltr'><strong><em>tamen</em></strong></span> <span class='ocrx_word' id='word_1_183' title='bbox 639 2773 888 2845; x_wconf 88' lang='lat' dir='ltr'><strong><em>antiquos</em></strong></span> <span class='ocrx_word' id='word_1_184' title='bbox 930 2776 1112 2831; x_wconf 74' lang='lat' dir='ltr'><strong><em>insula:</em></strong></span> <span class='ocrx_word' id='word_1_185' title='bbox 1153 2781 1386 2849; x_wconf 84' lang='lat' dir='ltr'><strong><em>incolas,</em></strong></span> <span class='ocrx_word' id='word_1_186' title='bbox 1434 2787 1497 2836; x_wconf 86' lang='lat' dir='ltr'><strong><em>ad</em></strong></span> <span class='ocrx_word' id='word_1_187' title='bbox 1544 2787 1799 2841; x_wconf 67' lang='lat' dir='ltr'><strong><em>Ecclesia:</em></strong></span> 
     </span>
    </p>
   </div>
   <div class='ocr_carea' id='block_1_28' title="bbox 216 2853 1800 2937">
    <p class='ocr_par' dir='ltr' id='par_1_28' title="bbox 216 2853 1800 2937">
     <span class='ocr_line' id='line_1_28' title="bbox 216 2853 1800 2937; baseline 0.015 -29"><span class='ocrx_word' id='word_1_188' title='bbox 216 2853 468 2913; x_wconf 72' lang='lat' dir='ltr'><strong><em>Romana:</em></strong></span> <span class='ocrx_word' id='word_1_189' title='bbox 494 2861 770 2927; x_wconf 88' lang='lat' dir='ltr'><strong><em>unitatem,</em></strong></span> <span class='ocrx_word' id='word_1_190' title='bbox 804 2880 832 2917; x_wconf 89' lang='lat' dir='ltr'><strong><em>a</em></strong></span> <span class='ocrx_word' id='word_1_191' title='bbox 856 2881 961 2937; x_wconf 89' lang='lat' dir='ltr'><strong><em>qua</em></strong></span> <span class='ocrx_word' id='word_1_192' title='bbox 986 2882 1147 2937; x_wconf 90' lang='lat' dir='ltr'><strong><em>penes</em></strong></span> <span class='ocrx_word' id='word_1_193' title='bbox 1174 2874 1459 2928; x_wconf 89' lang='lat' dir='ltr'><strong><em>nonnullos</em></strong></span> <span class='ocrx_word' id='word_1_194' title='bbox 1485 2876 1618 2929; x_wconf 90' lang='lat' dir='ltr'><strong><em>ritus</em></strong></span> <span class='ocrx_word' id='word_1_195' title='bbox 1644 2877 1800 2931; x_wconf 77' lang='lat' dir='ltr'><strong><em>dissi-</em></strong></span> 
     </span>
    </p>
   </div>
   <div class='ocr_carea' id='block_1_29' title="bbox 214 2947 1797 3028">
    <p class='ocr_par' dir='ltr' id='par_1_29' title="bbox 214 2947 1797 3028">
     <span class='ocr_line' id='line_1_29' title="bbox 214 2947 1797 3028; baseline 0.015 -27"><span class='ocrx_word' id='word_1_196' title='bbox 214 2947 437 3018; x_wconf 89' lang='lat' dir='ltr'><strong><em>debant,</em></strong></span> <span class='ocrx_word' id='word_1_197' title='bbox 475 2969 731 3009; x_wconf 74' lang='lat' dir='ltr'><strong><em>revorare</em></strong></span> <span class='ocrx_word' id='word_1_198' title='bbox 757 2959 1019 3015; x_wconf 81' lang='lat' dir='ltr'><strong><em>sollicitus</em></strong></span> <span class='ocrx_word' id='word_1_199' title='bbox 1041 2963 1169 3028; x_wconf 90' lang='lat' dir='ltr'><strong><em>fuit,</em></strong></span> <span class='ocrx_word' id='word_1_200' title='bbox 1204 2976 1392 3019; x_wconf 86' lang='lat' dir='ltr'><strong><em>coacta</em></strong></span> <span class='ocrx_word' id='word_1_201' title='bbox 1418 2970 1588 3028; x_wconf 85' lang='lat' dir='ltr'><strong><em>semel</em></strong></span> <span class='ocrx_word' id='word_1_202' title='bbox 1619 2980 1673 3023; x_wconf 89' lang='lat' dir='ltr'><strong><em>et</em></strong></span> <span class='ocrx_word' id='word_1_203' title='bbox 1696 2972 1797 3025; x_wconf 86' lang='lat' dir='ltr'><strong><em>ite-</em></strong></span> 
     </span>
    </p>
   </div>
   <div class='ocr_carea' id='block_1_30' title="bbox 210 3042 1795 3127">
    <p class='ocr_par' dir='ltr' id='par_1_30' title="bbox 210 3042 1795 3127">
     <span class='ocr_line' id='line_1_30' title="bbox 210 3042 1795 3127; baseline 0.014 -34"><span class='ocrx_word' id='word_1_204' title='bbox 210 3053 328 3094; x_wconf 86' lang='lat' dir='ltr'><strong><em>rum</em></strong></span> <span class='ocrx_word' id='word_1_205' title='bbox 362 3042 412 3095; x_wconf 93' lang='lat' dir='ltr'><strong><em>in</em></strong></span> <span class='ocrx_word' id='word_1_206' title='bbox 441 3044 581 3100; x_wconf 87' lang='lat' dir='ltr'><strong><em>hanc</em></strong></span> <span class='ocrx_word' id='word_1_207' title='bbox 609 3062 721 3101; x_wconf 88' lang='lat' dir='ltr'><strong><em>rem</em></strong></span> <span class='ocrx_word' id='word_1_208' title='bbox 749 3050 975 3119; x_wconf 85' lang='lat' dir='ltr'><strong><em>synodo.</em></strong></span> <span class='ocrx_word' id='word_1_209' title='bbox 1009 3052 1215 3118; x_wconf 83' lang='lat' dir='ltr'><strong><em>Quibus</em></strong></span> <span class='ocrx_word' id='word_1_210' title='bbox 1238 3057 1623 3113; x_wconf 82' lang='lat' dir='ltr'><strong><em>reluctantibus</em></strong></span> <span class='ocrx_word' id='word_1_211' title='bbox 1645 3103 1657 3127; x_wconf 93' lang='lat'><strong><em>,</em></strong></span> <span class='ocrx_word' id='word_1_212' title='bbox 1694 3061 1795 3117; x_wconf 87' lang='lat' dir='ltr'><strong><em>etsi</em></strong></span> 
     </span>
    </p>
   </div>
   <div class='ocr_carea' id='block_1_31' title="bbox 212 3136 1793 3216">
    <p class='ocr_par' dir='ltr' id='par_1_31' title="bbox 212 3136 1793 3216">
     <span class='ocr_line' id='line_1_31' title="bbox 212 3136 1793 3216; baseline 0.014 -32"><span class='ocrx_word' id='word_1_213' title='bbox 212 3147 327 3201; x_wconf 74' lang='lat' dir='ltr'><strong><em>qua:</em></strong></span> <span class='ocrx_word' id='word_1_214' title='bbox 365 3136 546 3188; x_wconf 82' lang='lat' dir='ltr'><strong><em>verbis</em></strong></span> <span class='ocrx_word' id='word_1_215' title='bbox 591 3139 933 3207; x_wconf 69' lang='lat' dir='ltr'><strong><em>prmdicarat,</em></strong></span> <span class='ocrx_word' id='word_1_216' title='bbox 983 3144 1241 3200; x_wconf 86' lang='lat' dir='ltr'><strong><em>miraculo</em></strong></span> <span class='ocrx_word' id='word_1_217' title='bbox 1272 3148 1671 3216; x_wconf 87' lang='lat' dir='ltr'><strong><em>confirmasset,</em></strong></span> <span class='ocrx_word' id='word_1_218' title='bbox 1718 3156 1793 3206; x_wconf 83' lang='lat' dir='ltr'><strong><em>vir</em></strong></span> 
     </span>
    </p>
   </div>
   <div class='ocr_carea' id='block_1_32' title="bbox 215 3220 1788 3313">
    <p class='ocr_par' dir='ltr' id='par_1_32' title="bbox 215 3220 1788 3313">
     <span class='ocr_line' id='line_1_32' title="bbox 215 3220 1788 3313; baseline 0.015 -39"><span class='ocrx_word' id='word_1_219' title='bbox 215 3220 417 3277; x_wconf 84' lang='lat' dir='ltr'><strong><em>Domini</em></strong></span> <span class='ocrx_word' id='word_1_220' title='bbox 455 3229 623 3297; x_wconf 80' lang='lat' dir='ltr'><strong><em>fertur</em></strong></span> <span class='ocrx_word' id='word_1_221' title='bbox 656 3233 903 3286; x_wconf 88' lang='lat' dir='ltr'><strong><em>minitans</em></strong></span> <span class='ocrx_word' id='word_1_222' title='bbox 953 3236 1289 3303; x_wconf 64' lang='lat' dir='ltr'><strong><em>praedixisse,</em></strong></span> <span class='ocrx_word' id='word_1_223' title='bbox 1343 3242 1476 3310; x_wconf 86' lang='lat' dir='ltr'><strong><em>quod</em></strong></span> <span class='ocrx_word' id='word_1_224' title='bbox 1518 3244 1562 3295; x_wconf 90' lang='lat' dir='ltr'><strong><em>si</em></strong></span> <span class='ocrx_word' id='word_1_225' title='bbox 1611 3260 1788 3313; x_wconf 87' lang='lat' dir='ltr'><strong><em>pacem</em></strong></span> 
     </span>
    </p>
   </div>
   <div class='ocr_carea' id='block_1_33' title="bbox 210 3317 1787 3405">
    <p class='ocr_par' dir='ltr' id='par_1_33' title="bbox 210 3317 1787 3405">
     <span class='ocr_line' id='line_1_33' title="bbox 210 3317 1787 3405; baseline 0.014 -39"><span class='ocrx_word' id='word_1_226' title='bbox 210 3328 317 3367; x_wconf 85' lang='lat' dir='ltr'><strong><em>cum</em></strong></span> <span class='ocrx_word' id='word_1_227' title='bbox 346 3317 598 3385; x_wconf 78' lang='lat' dir='ltr'><strong><em>fratribus</em></strong></span> <span class='ocrx_word' id='word_1_228' title='bbox 629 3322 858 3390; x_wconf 74' lang='lat' dir='ltr'><strong><em>accipere</em></strong></span> <span class='ocrx_word' id='word_1_229' title='bbox 885 3324 1107 3391; x_wconf 84' lang='lat' dir='ltr'><strong><em>nollent,</em></strong></span> <span class='ocrx_word' id='word_1_230' title='bbox 1139 3326 1322 3381; x_wconf 80' lang='lat' dir='ltr'><strong><em>bellum</em></strong></span> <span class='ocrx_word' id='word_1_231' title='bbox 1352 3331 1415 3381; x_wconf 91' lang='lat' dir='ltr'><strong><em>ab</em></strong></span> <span class='ocrx_word' id='word_1_232' title='bbox 1444 3332 1671 3386; x_wconf 77' lang='lat' dir='ltr'><strong><em>hostibus</em></strong></span> <span class='ocrx_word' id='word_1_233' title='bbox 1702 3336 1787 3405; x_wconf 88' lang='lat' dir='ltr'><strong><em>fo-</em></strong></span> 
     </span>
    </p>
   </div>
   <div class='ocr_carea' id='block_1_34' title="bbox 207 3408 1787 3482">
    <p class='ocr_par' dir='ltr' id='par_1_34' title="bbox 207 3408 1787 3482">
     <span class='ocr_line' id='line_1_34' title="bbox 207 3408 1787 3482; baseline 0.016 -28"><span class='ocrx_word' id='word_1_234' title='bbox 207 3414 317 3456; x_wconf 87' lang='lat' dir='ltr'><strong><em>rent</em></strong></span> <span class='ocrx_word' id='word_1_235' title='bbox 337 3409 607 3477; x_wconf 83' lang='lat' dir='ltr'><strong><em>accepturi</em></strong></span> <span class='ocrx_word' id='word_1_236' title='bbox 636 3408 786 3477; x_wconf 86' lang='lat' dir='ltr'><strong><em>(Bed.</em></strong></span> <span class='ocrx_word' id='word_1_237' title='bbox 811 3412 847 3463; x_wconf 90' lang='grc' dir='ltr'><strong><em>ι.</em></strong></span> <span class='ocrx_word' id='word_1_238' title='bbox 874 3428 930 3474; x_wconf 83' lang='grc' dir='ltr'><strong><em>ιι,</em></strong></span> <span class='ocrx_word' id='word_1_239' title='bbox 958 3430 1002 3466; x_wconf 86' lang='lat' dir='ltr'><strong><em>c.</em></strong></span> <span class='ocrx_word' id='word_1_240' title='bbox 1022 3413 1099 3482; x_wconf 77' lang='grc'><strong><em>2).</em></strong></span> <span class='ocrx_word' id='word_1_241' title='bbox 1126 3414 1235 3471; x_wconf 83' lang='lat' dir='ltr'><strong><em>Nec</em></strong></span> <span class='ocrx_word' id='word_1_242' title='bbox 1260 3419 1568 3474; x_wconf 86' lang='lat' dir='ltr'><strong><em>vaticinium</em></strong></span> <span class='ocrx_word' id='word_1_243' title='bbox 1593 3422 1787 3479; x_wconf 79' lang='lat' dir='ltr'><strong><em>eﬂeotu</em></strong></span> 
     </span>
    </p>
   </div>
   <div class='ocr_carea' id='block_1_35' title="bbox 208 3494 1788 3565">
    <p class='ocr_par' dir='ltr' id='par_1_35' title="bbox 208 3494 1788 3565">
     <span class='ocr_line' id='line_1_35' title="bbox 208 3494 1788 3565; baseline 0.013 -20"><span class='ocrx_word' id='word_1_244' title='bbox 208 3494 402 3561; x_wconf 84' lang='lat' dir='ltr'><strong><em>caruit;</em></strong></span> <span class='ocrx_word' id='word_1_245' title='bbox 432 3512 563 3549; x_wconf 90' lang='lat' dir='ltr'><strong><em>nam</em></strong></span> <span class='ocrx_word' id='word_1_246' title='bbox 596 3495 881 3553; x_wconf 84' lang='lat' dir='ltr'><strong><em>Edilfridus</em></strong></span> <span class='ocrx_word' id='word_1_247' title='bbox 909 3500 1513 3562; x_wconf 81' lang='lat' dir='ltr'><strong><em>Nordan-Humbrorum</em></strong></span> <span class='ocrx_word' id='word_1_248' title='bbox 1551 3525 1647 3564; x_wconf 82' lang='lat' dir='ltr'><strong><em>rex</em></strong></span> <span class='ocrx_word' id='word_1_249' title='bbox 1677 3514 1788 3565; x_wconf 87' lang='lat' dir='ltr'><strong><em>for-</em></strong></span> 
     </span>
    </p>
   </div>
   <div class='ocr_carea' id='block_1_36' title="bbox 207 3582 1785 3671">
    <p class='ocr_par' dir='ltr' id='par_1_36' title="bbox 207 3582 1785 3671">
     <span class='ocr_line' id='line_1_36' title="bbox 207 3582 1785 3671; baseline 0.013 -36"><span class='ocrx_word' id='word_1_250' title='bbox 207 3582 469 3651; x_wconf 88' lang='lat' dir='ltr'><strong><em>tissimus,</em></strong></span> <span class='ocrx_word' id='word_1_251' title='bbox 530 3596 651 3656; x_wconf 92' lang='lat' dir='ltr'><strong><em>post</em></strong></span> <span class='ocrx_word' id='word_1_252' title='bbox 704 3591 981 3660; x_wconf 81' lang='lat' dir='ltr'><strong><em>Augustini</em></strong></span> <span class='ocrx_word' id='word_1_253' title='bbox 1029 3595 1232 3650; x_wconf 84' lang='lat' dir='ltr'><strong><em>obitum</em></strong></span> <span class='ocrx_word' id='word_1_254' title='bbox 1286 3597 1533 3654; x_wconf 84' lang='lat' dir='ltr'><strong><em>Britones</em></strong></span> <span class='ocrx_word' id='word_1_255' title='bbox 1584 3601 1785 3671; x_wconf 84' lang='lat' dir='ltr'><strong><em>ingenti</em></strong></span> 
     </span>
    </p>
   </div>
   <div class='ocr_carea' id='block_1_37' title="bbox 205 3678 1787 3759">
    <p class='ocr_par' dir='ltr' id='par_1_37' title="bbox 205 3678 1787 3759">
     <span class='ocr_line' id='line_1_37' title="bbox 205 3678 1787 3759; baseline 0.013 -35"><span class='ocrx_word' id='word_1_256' title='bbox 205 3679 376 3743; x_wconf 83' lang='lat' dir='ltr'><strong><em>strage</em></strong></span> <span class='ocrx_word' id='word_1_257' title='bbox 419 3678 762 3747; x_wconf 76' lang='lat' dir='ltr'><strong><em>profligavit;</em></strong></span> <span class='ocrx_word' id='word_1_258' title='bbox 811 3696 911 3735; x_wconf 91' lang='lat' dir='ltr'><strong><em>nec</em></strong></span> <span class='ocrx_word' id='word_1_259' title='bbox 948 3686 1316 3741; x_wconf 83' lang='lat' dir='ltr'><strong><em>sacerdotibus</em></strong></span> <span class='ocrx_word' id='word_1_260' title='bbox 1363 3691 1635 3757; x_wconf 85' lang='lat' dir='ltr'><strong><em>pepercit,</em></strong></span> <span class='ocrx_word' id='word_1_261' title='bbox 1693 3691 1787 3759; x_wconf 87' lang='lat' dir='ltr'><strong><em>qui</em></strong></span> 
     </span>
    </p>
   </div>
   <div class='ocr_carea' id='block_1_38' title="bbox 205 3759 1788 3837">
    <p class='ocr_par' dir='ltr' id='par_1_38' title="bbox 205 3759 1788 3837">
     <span class='ocr_line' id='line_1_38' title="bbox 205 3759 1788 3837; baseline 0.012 -22"><span class='ocrx_word' id='word_1_262' title='bbox 205 3759 510 3832; x_wconf 79' lang='lat' dir='ltr'><strong><em>frequentes</em></strong></span> <span class='ocrx_word' id='word_1_263' title='bbox 556 3780 953 3837; x_wconf 85' lang='lat' dir='ltr'><strong><em>convenerant,</em></strong></span> <span class='ocrx_word' id='word_1_264' title='bbox 1039 3775 1273 3827; x_wconf 86' lang='lat' dir='ltr'><strong><em>maxime</em></strong></span> <span class='ocrx_word' id='word_1_265' title='bbox 1334 3791 1401 3829; x_wconf 80' lang='lat' dir='ltr'><strong><em>ex</em></strong></span> <span class='ocrx_word' id='word_1_266' title='bbox 1461 3781 1788 3834; x_wconf 86' lang='lat' dir='ltr'><strong><em>monasterio</em></strong></span> 
     </span>
    </p>
   </div>
   <div class='ocr_carea' id='block_1_39' title="bbox 209 3853 1784 3937">
    <p class='ocr_par' dir='ltr' id='par_1_39' title="bbox 209 3853 1784 3937">
     <span class='ocr_line' id='line_1_39' title="bbox 209 3853 1784 3937; baseline 0.013 -33"><span class='ocrx_word' id='word_1_267' title='bbox 209 3862 233 3887; x_wconf 76' lang='grc' dir='ltr'>ἰ</span> <span class='ocrx_word' id='word_1_268' title='bbox 260 3853 486 3919; x_wconf 90' lang='lat' dir='ltr'><strong><em>Bancor,</em></strong></span> <span class='ocrx_word' id='word_1_269' title='bbox 515 3857 675 3926; x_wconf 78' lang='lat'><strong><em>270</em></strong></span> <span class='ocrx_word' id='word_1_270' title='bbox 706 3859 757 3909; x_wconf 87' lang='lat' dir='ltr'><strong><em>in</em></strong></span> <span class='ocrx_word' id='word_1_271' title='bbox 791 3876 889 3928; x_wconf 89' lang='lat' dir='ltr'><strong><em>quo</em></strong></span> <span class='ocrx_word' id='word_1_272' title='bbox 932 3871 1104 3915; x_wconf 89' lang='lat' dir='ltr'><strong><em>tantus</em></strong></span> <span class='ocrx_word' id='word_1_273' title='bbox 1146 3866 1310 3933; x_wconf 77' lang='lat' dir='ltr'><strong><em>fertur</em></strong></span> <span class='ocrx_word' id='word_1_274' title='bbox 1352 3869 1510 3937; x_wconf 86' lang='lat' dir='ltr'><strong><em>fuisse</em></strong></span> <span class='ocrx_word' id='word_1_275' title='bbox 1542 3886 1784 3923; x_wconf 88' lang='lat' dir='ltr'><strong><em>numerus</em></strong></span> 
     </span>
    </p>
   </div>
   <div class='ocr_carea' id='block_1_40' title="bbox 204 3944 1781 4021">
    <p class='ocr_par' dir='ltr' id='par_1_40' title="bbox 204 3944 1781 4021">
     <span class='ocr_line' id='line_1_40' title="bbox 204 3944 1781 4021; baseline 0.012 -28"><span class='ocrx_word' id='word_1_276' title='bbox 204 3944 592 4009; x_wconf 85' lang='lat' dir='ltr'><strong><em>monachorum,</em></strong></span> <span class='ocrx_word' id='word_1_277' title='bbox 618 3953 674 3997; x_wconf 87' lang='lat' dir='ltr'><strong><em>ut</em></strong></span> <span class='ocrx_word' id='word_1_278' title='bbox 719 3961 833 3999; x_wconf 87' lang='lat' dir='ltr'><strong><em>cum</em></strong></span> <span class='ocrx_word' id='word_1_279' title='bbox 883 3949 937 4001; x_wconf 90' lang='lat' dir='ltr'><strong><em>in</em></strong></span> <span class='ocrx_word' id='word_1_280' title='bbox 963 3959 1153 4017; x_wconf 85' lang='lat' dir='ltr'><strong><em>septem</em></strong></span> <span class='ocrx_word' id='word_1_281' title='bbox 1182 3954 1441 4021; x_wconf 87' lang='lat' dir='ltr'><strong><em>portiones</em></strong></span> <span class='ocrx_word' id='word_1_282' title='bbox 1483 3966 1611 4009; x_wconf 80' lang='lat' dir='ltr'><strong><em>esset</em></strong></span> <span class='ocrx_word' id='word_1_283' title='bbox 1666 3974 1781 4012; x_wconf 89' lang='lat' dir='ltr'><strong><em>cum</em></strong></span> 
     </span>
    </p>
   </div>
   <div class='ocr_carea' id='block_1_41' title="bbox 207 4035 1782 4116">
    <p class='ocr_par' dir='ltr' id='par_1_41' title="bbox 207 4035 1782 4116">
     <span class='ocr_line' id='line_1_41' title="bbox 207 4035 1782 4116; baseline 0.011 -32"><span class='ocrx_word' id='word_1_284' title='bbox 207 4035 496 4102; x_wconf 69' lang='lat' dir='ltr'><strong><em>praepositis</em></strong></span> <span class='ocrx_word' id='word_1_285' title='bbox 527 4035 626 4087; x_wconf 88' lang='lat' dir='ltr'><strong><em>sibi</em></strong></span> <span class='ocrx_word' id='word_1_286' title='bbox 649 4037 932 4091; x_wconf 87' lang='lat' dir='ltr'><strong><em>rectoribus</em></strong></span> <span class='ocrx_word' id='word_1_287' title='bbox 972 4040 1218 4106; x_wconf 88' lang='lat' dir='ltr'><strong><em>divisum,</em></strong></span> <span class='ocrx_word' id='word_1_288' title='bbox 1246 4044 1389 4096; x_wconf 86' lang='lat' dir='ltr'><strong><em>nulla</em></strong></span> <span class='ocrx_word' id='word_1_289' title='bbox 1414 4044 1597 4098; x_wconf 88' lang='lat' dir='ltr'><strong><em>harum</em></strong></span> <span class='ocrx_word' id='word_1_290' title='bbox 1614 4049 1782 4116; x_wconf 89' lang='lat' dir='ltr'><strong><em>portio</em></strong></span> 
     </span>
    </p>
   </div>
   <div class='ocr_carea' id='block_1_42' title="bbox 203 4122 1782 4203">
    <p class='ocr_par' dir='ltr' id='par_1_42' title="bbox 203 4122 1782 4203">
     <span class='ocr_line' id='line_1_42' title="bbox 203 4122 1782 4203; baseline 0.011 -31"><span class='ocrx_word' id='word_1_291' title='bbox 203 4122 363 4176; x_wconf 88' lang='lat' dir='ltr'><strong><em>minus</em></strong></span> <span class='ocrx_word' id='word_1_292' title='bbox 390 4140 548 4194; x_wconf 88' lang='lat' dir='ltr'><strong><em>quam</em></strong></span> <span class='ocrx_word' id='word_1_293' title='bbox 593 4131 845 4179; x_wconf 87' lang='lat' dir='ltr'><strong><em>trecentos</em></strong></span> <span class='ocrx_word' id='word_1_294' title='bbox 881 4127 1108 4182; x_wconf 86' lang='lat' dir='ltr'><strong><em>homines</em></strong></span> <span class='ocrx_word' id='word_1_295' title='bbox 1142 4130 1371 4195; x_wconf 80' lang='lat' dir='ltr'><strong><em>haberet,</em></strong></span> <span class='ocrx_word' id='word_1_296' title='bbox 1411 4135 1496 4203; x_wconf 86' lang='lat' dir='ltr'><strong><em>qui</em></strong></span> <span class='ocrx_word' id='word_1_297' title='bbox 1520 4151 1695 4190; x_wconf 91' lang='lat' dir='ltr'><strong><em>omnes</em></strong></span> <span class='ocrx_word' id='word_1_298' title='bbox 1719 4138 1782 4191; x_wconf 89' lang='lat' dir='ltr'><strong><em>de</em></strong></span> 
     </span>
    </p>
   </div>
   <div class='ocr_carea' id='block_1_43' title="bbox 205 4210 1783 4296">
    <p class='ocr_par' dir='ltr' id='par_1_43' title="bbox 205 4210 1783 4296">
     <span class='ocr_line' id='line_1_43' title="bbox 205 4210 1783 4296; baseline 0.015 -35"><span class='ocrx_word' id='word_1_299' title='bbox 205 4210 372 4267; x_wconf 90' lang='lat' dir='ltr'><strong><em>labore</em></strong></span> <span class='ocrx_word' id='word_1_300' title='bbox 394 4232 646 4269; x_wconf 88' lang='lat' dir='ltr'><strong><em>manuum</em></strong></span> <span class='ocrx_word' id='word_1_301' title='bbox 673 4232 884 4270; x_wconf 87' lang='lat' dir='ltr'><strong><em>suarum</em></strong></span> <span class='ocrx_word' id='word_1_302' title='bbox 910 4219 1070 4272; x_wconf 77' lang='lat' dir='ltr'><strong><em>virere</em></strong></span> <span class='ocrx_word' id='word_1_303' title='bbox 1098 4220 1329 4275; x_wconf 84' lang='lat' dir='ltr'><strong><em>solebant</em></strong></span> <span class='ocrx_word' id='word_1_304' title='bbox 1360 4222 1579 4295; x_wconf 86' lang='lat' dir='ltr'><strong><em>(Ibid.).</em></strong></span> <span class='ocrx_word' id='word_1_305' title='bbox 1614 4225 1783 4296; x_wconf 84' lang='lat' dir='ltr'><strong><em>Hujus</em></strong></span> 
     </span>
    </p>
   </div>
   <div class='ocr_carea' id='block_1_44' title="bbox 206 4298 1784 4375">
    <p class='ocr_par' dir='ltr' id='par_1_44' title="bbox 206 4298 1784 4375">
     <span class='ocr_line' id='line_1_44' title="bbox 206 4298 1784 4375; baseline 0.012 -24"><span class='ocrx_word' id='word_1_306' title='bbox 206 4298 582 4360; x_wconf 87' lang='lat' dir='ltr'><strong><em>internecionis</em></strong></span> <span class='ocrx_word' id='word_1_307' title='bbox 604 4304 799 4360; x_wconf 86' lang='lat' dir='ltr'><strong><em>invidia</em></strong></span> <span class='ocrx_word' id='word_1_308' title='bbox 822 4306 1177 4375; x_wconf 73' lang='lat' dir='ltr'><strong><em>Augustinum</em></strong></span> <span class='ocrx_word' id='word_1_309' title='bbox 1202 4326 1430 4365; x_wconf 86' lang='lat' dir='ltr'><strong><em>onerare</em></strong></span> <span class='ocrx_word' id='word_1_310' title='bbox 1450 4315 1630 4367; x_wconf 90' lang='lat' dir='ltr'><strong><em>conati</em></strong></span> <span class='ocrx_word' id='word_1_311' title='bbox 1660 4323 1784 4370; x_wconf 90' lang='lat' dir='ltr'><strong><em>sunt</em></strong></span> 
     </span>
    </p>
   </div>
   <div class='ocr_carea' id='block_1_45' title="bbox 207 4392 1783 4467">
    <p class='ocr_par' dir='ltr' id='par_1_45' title="bbox 207 4392 1783 4467">
     <span class='ocr_line' id='line_1_45' title="bbox 207 4392 1783 4467; baseline 0.011 -25"><span class='ocrx_word' id='word_1_312' title='bbox 207 4403 269 4443; x_wconf 80' lang='lat' dir='ltr'><strong><em>ex</em></strong></span> <span class='ocrx_word' id='word_1_313' title='bbox 302 4392 650 4448; x_wconf 81' lang='lat' dir='ltr'><strong><em>heterodoxis</em></strong></span> <span class='ocrx_word' id='word_1_314' title='bbox 680 4395 951 4461; x_wconf 90' lang='lat' dir='ltr'><strong><em>nonnulli,</em></strong></span> <span class='ocrx_word' id='word_1_315' title='bbox 985 4399 1134 4467; x_wconf 91' lang='lat' dir='ltr'><strong><em>quasi</em></strong></span> <span class='ocrx_word' id='word_1_316' title='bbox 1164 4399 1279 4467; x_wconf 90' lang='lat' dir='ltr'><strong><em>ipse</em></strong></span> <span class='ocrx_word' id='word_1_317' title='bbox 1306 4400 1429 4455; x_wconf 87' lang='lat' dir='ltr'><strong><em>belli</em></strong></span> <span class='ocrx_word' id='word_1_318' title='bbox 1473 4400 1783 4459; x_wconf 85' lang='lat' dir='ltr'><strong><em>Britonibus</em></strong></span> 
     </span>
    </p>
   </div>
   <div class='ocr_carea' id='block_1_46' title="bbox 205 4477 1780 4558">
    <p class='ocr_par' dir='ltr' id='par_1_46' title="bbox 205 4477 1780 4558">
     <span class='ocr_line' id='line_1_46' title="bbox 205 4477 1780 4558; baseline 0.011 -28"><span class='ocrx_word' id='word_1_319' title='bbox 205 4477 461 4537; x_wconf 83' lang='lat' dir='ltr'><strong><em>inferendi</em></strong></span> <span class='ocrx_word' id='word_1_320' title='bbox 492 4481 749 4537; x_wconf 89' lang='lat' dir='ltr'><strong><em>Edilfrido</em></strong></span> <span class='ocrx_word' id='word_1_321' title='bbox 793 4492 981 4540; x_wconf 90' lang='lat' dir='ltr'><strong><em>auctor</em></strong></span> <span class='ocrx_word' id='word_1_322' title='bbox 1026 4486 1185 4541; x_wconf 87' lang='lat' dir='ltr'><strong><em>fuerit</em></strong></span> <span class='ocrx_word' id='word_1_323' title='bbox 1226 4488 1544 4558; x_wconf 87' lang='lat' dir='ltr'><strong><em>(Spelman.,</em></strong></span> <span class='ocrx_word' id='word_1_324' title='bbox 1588 4501 1712 4547; x_wconf 90' lang='lat' dir='ltr'><strong><em>tom.</em></strong></span> <span class='ocrx_word' id='word_1_325' title='bbox 1746 4491 1780 4547; x_wconf 91' lang='grc' dir='ltr'><strong><em>Ι</em></strong></span> 
     </span>
    </p>
   </div>
   <div class='ocr_carea' id='block_1_47' title="bbox 207 4567 1778 4649">
    <p class='ocr_par' dir='ltr' id='par_1_47' title="bbox 207 4567 1778 4649">
     <span class='ocr_line' id='line_1_47' title="bbox 207 4567 1778 4649; baseline 0.008 -26"><span class='ocrx_word' id='word_1_326' title='bbox 207 4567 390 4626; x_wconf 84' lang='lat' dir='ltr'><strong><em>Concil.</em></strong></span> <span class='ocrx_word' id='word_1_327' title='bbox 420 4573 606 4644; x_wconf 81' lang='lat' dir='ltr'><strong><em>Angl.,</em></strong></span> <span class='ocrx_word' id='word_1_328' title='bbox 632 4592 683 4643; x_wconf 76' lang='grc' dir='ltr'><strong><em>ρ.</em></strong></span> <span class='ocrx_word' id='word_1_329' title='bbox 708 4573 828 4644; x_wconf 80' lang='grc'><strong><em>95).</em></strong></span> <span class='ocrx_word' id='word_1_330' title='bbox 856 4574 1054 4629; x_wconf 87' lang='lat' dir='ltr'><strong><em>Verum</em></strong></span> <span class='ocrx_word' id='word_1_331' title='bbox 1080 4576 1133 4630; x_wconf 92' lang='lat' dir='ltr'><strong><em>id</em></strong></span> <span class='ocrx_word' id='word_1_332' title='bbox 1155 4578 1373 4632; x_wconf 90' lang='lat' dir='ltr'><strong><em>minime</em></strong></span> <span class='ocrx_word' id='word_1_333' title='bbox 1394 4580 1531 4647; x_wconf 92' lang='lat' dir='ltr'><strong><em>apud</em></strong></span> <span class='ocrx_word' id='word_1_334' title='bbox 1557 4580 1778 4649; x_wconf 90' lang='lat' dir='ltr'><strong><em>Bedam,</em></strong></span> 
     </span>
    </p>
   </div>
   <div class='ocr_carea' id='block_1_48' title="bbox 206 4662 1780 4734">
    <p class='ocr_par' dir='ltr' id='par_1_48' title="bbox 206 4662 1780 4734">
     <span class='ocr_line' id='line_1_48' title="bbox 206 4662 1780 4734; baseline 0.011 -26"><span class='ocrx_word' id='word_1_335' title='bbox 206 4667 294 4712; x_wconf 89' lang='lat' dir='ltr'><strong><em>aut</em></strong></span> <span class='ocrx_word' id='word_1_336' title='bbox 326 4662 463 4717; x_wconf 88' lang='lat' dir='ltr'><strong><em>alios</em></strong></span> <span class='ocrx_word' id='word_1_337' title='bbox 492 4678 523 4716; x_wconf 91' lang='lat' dir='ltr'><strong><em>e</em></strong></span> <span class='ocrx_word' id='word_1_338' title='bbox 546 4663 817 4717; x_wconf 87' lang='lat' dir='ltr'><strong><em>veteribus</em></strong></span> <span class='ocrx_word' id='word_1_339' title='bbox 847 4664 1040 4732; x_wconf 84' lang='lat' dir='ltr'><strong><em>legitur</em></strong></span> <span class='ocrx_word' id='word_1_340' title='bbox 1071 4666 1441 4734; x_wconf 84' lang='lat' dir='ltr'><strong><em>scriptoribus.</em></strong></span> <span class='ocrx_word' id='word_1_341' title='bbox 1472 4667 1584 4721; x_wconf 87' lang='lat' dir='ltr'><strong><em>lmo</em></strong></span> <span class='ocrx_word' id='word_1_342' title='bbox 1611 4684 1780 4725; x_wconf 61' lang='lat' dir='ltr'><strong><em>caesos</em></strong></span> 
     </span>
    </p>
   </div>
   <div class='ocr_carea' id='block_1_49' title="bbox 205 4745 1778 4830">
    <p class='ocr_par' dir='ltr' id='par_1_49' title="bbox 205 4745 1778 4830">
     <span class='ocr_line' id='line_1_49' title="bbox 205 4745 1778 4830; baseline 0.008 -30"><span class='ocrx_word' id='word_1_343' title='bbox 205 4761 317 4813; x_wconf 83' lang='lat' dir='ltr'><strong><em>eos,</em></strong></span> <span class='ocrx_word' id='word_1_344' title='bbox 355 4753 471 4821; x_wconf 88' lang='lat' dir='ltr'><strong><em>ipso</em></strong></span> <span class='ocrx_word' id='word_1_345' title='bbox 500 4745 616 4822; x_wconf 74' lang='lat' dir='ltr'><strong><em>jam</em></strong></span> <span class='ocrx_word' id='word_1_346' title='bbox 649 4754 812 4806; x_wconf 84' lang='lat' dir='ltr'><strong><em>multo</em></strong></span> <span class='ocrx_word' id='word_1_347' title='bbox 840 4763 961 4805; x_wconf 91' lang='lat' dir='ltr'><strong><em>ante</em></strong></span> <span class='ocrx_word' id='word_1_348' title='bbox 996 4762 1219 4823; x_wconf 84' lang='lat' dir='ltr'><strong><em>tempore</em></strong></span> <span class='ocrx_word' id='word_1_349' title='bbox 1255 4755 1322 4807; x_wconf 91' lang='lat' dir='ltr'><strong><em>ad</em></strong></span> <span class='ocrx_word' id='word_1_350' title='bbox 1354 4755 1577 4810; x_wconf 70' lang='lat' dir='ltr'><strong><em>caelestia</em></strong></span> <span class='ocrx_word' id='word_1_351' title='bbox 1618 4775 1778 4830; x_wconf 85' lang='lat' dir='ltr'><strong><em>regna</em></strong></span> 
     </span>
    </p>
   </div>
   <div class='ocr_carea' id='block_1_50' title="bbox 205 4839 1776 4911">
    <p class='ocr_par' dir='ltr' id='par_1_50' title="bbox 205 4839 1776 4911">
     <span class='ocr_line' id='line_1_50' title="bbox 205 4839 1776 4911; baseline 0.009 -22"><span class='ocrx_word' id='word_1_352' title='bbox 205 4839 414 4908; x_wconf 88' lang='lat' dir='ltr'><strong><em>sublato,</em></strong></span> <span class='ocrx_word' id='word_1_353' title='bbox 453 4855 706 4911; x_wconf 79' lang='lat' dir='ltr'><strong><em>expresse</em></strong></span> <span class='ocrx_word' id='word_1_354' title='bbox 733 4840 890 4895; x_wconf 87' lang='lat' dir='ltr'><strong><em>docet</em></strong></span> <span class='ocrx_word' id='word_1_355' title='bbox 918 4842 1238 4897; x_wconf 88' lang='lat' dir='ltr'><strong><em>venerabilis</em></strong></span> <span class='ocrx_word' id='word_1_356' title='bbox 1264 4841 1424 4898; x_wconf 89' lang='lat' dir='ltr'><strong><em>Beda.</em></strong></span> <span class='ocrx_word' id='word_1_357' title='bbox 1457 4842 1585 4910; x_wconf 84' lang='lat' dir='ltr'><strong><em>Quae</em></strong></span> <span class='ocrx_word' id='word_1_358' title='bbox 1611 4848 1776 4903; x_wconf 90' lang='lat' dir='ltr'><strong><em>verba</em></strong></span> 
     </span>
    </p>
   </div>
   <div class='ocr_carea' id='block_1_51' title="bbox 204 4928 1770 5003">
    <p class='ocr_par' dir='ltr' id='par_1_51' title="bbox 204 4928 1770 5003">
     <span class='ocr_line' id='line_1_51' title="bbox 204 4928 1770 5003; baseline 0.006 -22"><span class='ocrx_word' id='word_1_359' title='bbox 204 4931 538 4993; x_wconf 73' lang='lat' dir='ltr'><strong><em>pnetermisit</em></strong></span> <span class='ocrx_word' id='word_1_360' title='bbox 568 4928 784 4998; x_wconf 91' lang='lat' dir='ltr'><strong><em>quidem</em></strong></span> <span class='ocrx_word' id='word_1_361' title='bbox 814 4928 1077 4984; x_wconf 89' lang='lat' dir='ltr'><strong><em>Alvredus</em></strong></span> <span class='ocrx_word' id='word_1_362' title='bbox 1102 4930 1157 4984; x_wconf 92' lang='lat' dir='ltr'><strong><em>in</em></strong></span> <span class='ocrx_word' id='word_1_363' title='bbox 1189 4932 1437 4986; x_wconf 88' lang='lat' dir='ltr'><strong><em>versione</em></strong></span> <span class='ocrx_word' id='word_1_364' title='bbox 1471 4932 1770 5003; x_wconf 76' lang='lat' dir='ltr'><strong><em>Saxonica;</em></strong></span> 
     </span>
    </p>
   </div>
   <div class='ocr_carea' id='block_1_52' title="bbox 162 5016 1774 5089">
    <p class='ocr_par' dir='ltr' id='par_1_52' title="bbox 162 5016 1774 5089">
     <span class='ocr_line' id='line_1_52' title="bbox 162 5016 1774 5089; baseline 0.007 -20"><span class='ocrx_word' id='word_1_365' title='bbox 162 5052 165 5053; x_wconf 49' lang='grc' dir='ltr'><em>ν</em></span> <span class='ocrx_word' id='word_1_366' title='bbox 204 5016 293 5070; x_wconf 81' lang='lat' dir='ltr'><strong><em>sed</em></strong></span> <span class='ocrx_word' id='word_1_367' title='bbox 333 5035 396 5074; x_wconf 88' lang='lat' dir='ltr'><strong><em>ea</em></strong></span> <span class='ocrx_word' id='word_1_368' title='bbox 440 5027 830 5089; x_wconf 66' lang='lat' dir='ltr'><strong><em>repraesentant</em></strong></span> <span class='ocrx_word' id='word_1_369' title='bbox 859 5018 1183 5087; x_wconf 79' lang='lat' dir='ltr'><strong><em>exemplaria</em></strong></span> <span class='ocrx_word' id='word_1_370' title='bbox 1213 5021 1392 5074; x_wconf 88' lang='lat' dir='ltr'><strong><em>omnia</em></strong></span> <span class='ocrx_word' id='word_1_371' title='bbox 1435 5017 1642 5078; x_wconf 88' lang='lat' dir='ltr'><strong><em>Latina.</em></strong></span> <span class='ocrx_word' id='word_1_372' title='bbox 1692 5025 1774 5081; x_wconf 92' lang='lat' dir='ltr'><strong><em>Ad</em></strong></span> 
     </span>
    </p>
   </div>
   <div class='ocr_carea' id='block_1_53' title="bbox 203 5108 1774 5175">
    <p class='ocr_par' dir='ltr' id='par_1_53' title="bbox 203 5108 1774 5175">
     <span class='ocr_line' id='line_1_53' title="bbox 203 5108 1774 5175; baseline 0.008 -19"><span class='ocrx_word' id='word_1_373' title='bbox 203 5116 417 5174; x_wconf 84' lang='lat' dir='ltr'><strong><em>superos</em></strong></span> <span class='ocrx_word' id='word_1_374' title='bbox 446 5116 627 5163; x_wconf 88' lang='lat' dir='ltr'><strong><em>autem</em></strong></span> <span class='ocrx_word' id='word_1_375' title='bbox 665 5108 874 5161; x_wconf 82' lang='lat' dir='ltr'><strong><em>transiit</em></strong></span> <span class='ocrx_word' id='word_1_376' title='bbox 912 5108 1237 5175; x_wconf 85' lang='lat' dir='ltr'><strong><em>Augustinus</em></strong></span> <span class='ocrx_word' id='word_1_377' title='bbox 1275 5124 1362 5163; x_wconf 87' lang='lat' dir='ltr'><strong><em>an.</em></strong></span> <span class='ocrx_word' id='word_1_378' title='bbox 1397 5108 1527 5175; x_wconf 88' lang='grc'><strong><em>607,</em></strong></span> <span class='ocrx_word' id='word_1_379' title='bbox 1574 5113 1662 5169; x_wconf 87' lang='lat' dir='ltr'><strong><em>die</em></strong></span> <span class='ocrx_word' id='word_1_380' title='bbox 1704 5114 1774 5169; x_wconf 71' lang='lat'><strong><em>26</em></strong></span> 
     </span>
    </p>
   </div>
   <div class='ocr_carea' id='block_1_54' title="bbox 204 5190 1771 5269">
    <p class='ocr_par' dir='ltr' id='par_1_54' title="bbox 204 5190 1771 5269">
     <span class='ocr_line' id='line_1_54' title="bbox 204 5190 1771 5269; baseline 0.009 -25"><span class='ocrx_word' id='word_1_381' title='bbox 204 5190 345 5261; x_wconf 83' lang='lat' dir='ltr'><strong><em>Maii,</em></strong></span> <span class='ocrx_word' id='word_1_382' title='bbox 388 5200 479 5268; x_wconf 90' lang='lat' dir='ltr'><strong><em>qui</em></strong></span> <span class='ocrx_word' id='word_1_383' title='bbox 509 5198 731 5253; x_wconf 89' lang='lat' dir='ltr'><strong><em>feriatus</em></strong></span> <span class='ocrx_word' id='word_1_384' title='bbox 758 5199 857 5252; x_wconf 89' lang='lat' dir='ltr'><strong><em>fuit</em></strong></span> <span class='ocrx_word' id='word_1_385' title='bbox 893 5198 1034 5267; x_wconf 89' lang='lat' dir='ltr'><strong><em>apud</em></strong></span> <span class='ocrx_word' id='word_1_386' title='bbox 1063 5198 1264 5268; x_wconf 87' lang='lat' dir='ltr'><strong><em>Anglos</em></strong></span> <span class='ocrx_word' id='word_1_387' title='bbox 1292 5199 1395 5254; x_wconf 92' lang='lat' dir='ltr'><strong><em>hoc</em></strong></span> <span class='ocrx_word' id='word_1_388' title='bbox 1432 5202 1621 5269; x_wconf 85' lang='lat' dir='ltr'><strong><em>synodi</em></strong></span> <span class='ocrx_word' id='word_1_389' title='bbox 1649 5201 1771 5259; x_wconf 92' lang='lat' dir='ltr'><strong><em>Clo-</em></strong></span> 
     </span>
    </p>
   </div>
   <div class='ocr_carea' id='block_1_55' title="bbox 204 5285 1772 5358">
    <p class='ocr_par' dir='ltr' id='par_1_55' title="bbox 204 5285 1772 5358">
     <span class='ocr_line' id='line_1_55' title="bbox 204 5285 1772 5358; baseline 0.006 -23"><span class='ocrx_word' id='word_1_390' title='bbox 204 5285 561 5344; x_wconf 85' lang='lat' dir='ltr'><strong><em>veshoviensis</em></strong></span> <span class='ocrx_word' id='word_1_391' title='bbox 587 5304 712 5342; x_wconf 88' lang='lat' dir='ltr'><strong><em>ann.</em></strong></span> <span class='ocrx_word' id='word_1_392' title='bbox 746 5287 849 5341; x_wconf 70' lang='lat'><strong><em>747</em></strong></span> <span class='ocrx_word' id='word_1_393' title='bbox 876 5287 1094 5343; x_wconf 84' lang='lat' dir='ltr'><strong><em>decreto</em></strong></span> <span class='ocrx_word' id='word_1_394' title='bbox 1129 5304 1142 5340; x_wconf 92' lang='lat'>:</span> <span class='ocrx_word' id='word_1_395' title='bbox 1174 5286 1380 5358; x_wconf 87' lang='lat' dir='ltr'><strong><em>Septem</em></strong></span> <span class='ocrx_word' id='word_1_396' title='bbox 1412 5288 1607 5344; x_wconf 87' lang='lat' dir='ltr'><strong><em>decimo</em></strong></span> <span class='ocrx_word' id='word_1_397' title='bbox 1647 5308 1772 5345; x_wconf 86' lang='lat' dir='ltr'><strong><em>con-</em></strong></span> 
     </span>
    </p>
   </div>
   <div class='ocr_carea' id='block_1_56' title="bbox 201 5379 1771 5454">
    <p class='ocr_par' dir='ltr' id='par_1_56' title="bbox 201 5379 1771 5454">
     <span class='ocr_line' id='line_1_56' title="bbox 201 5379 1771 5454; baseline 0.007 -26"><span class='ocrx_word' id='word_1_398' title='bbox 201 5379 421 5435; x_wconf 88' lang='lat' dir='ltr'><strong><em>stitutum</em></strong></span> <span class='ocrx_word' id='word_1_399' title='bbox 454 5391 531 5437; x_wconf 87' lang='lat' dir='ltr'><strong><em>est</em></strong></span> <span class='ocrx_word' id='word_1_400' title='bbox 566 5391 850 5452; x_wconf 72' lang='lat' dir='ltr'><strong><em>pracepto,</em></strong></span> <span class='ocrx_word' id='word_1_401' title='bbox 895 5391 951 5434; x_wconf 90' lang='lat' dir='ltr'><strong><em>ut</em></strong></span> <span class='ocrx_word' id='word_1_402' title='bbox 988 5380 1100 5435; x_wconf 88' lang='lat' dir='ltr'><strong><em>dies</em></strong></span> <span class='ocrx_word' id='word_1_403' title='bbox 1146 5381 1412 5434; x_wconf 88' lang='lat' dir='ltr'><strong><em>natalitius</em></strong></span> <span class='ocrx_word' id='word_1_404' title='bbox 1443 5384 1577 5437; x_wconf 89' lang='lat' dir='ltr'><strong><em>beati</em></strong></span> <span class='ocrx_word' id='word_1_405' title='bbox 1621 5401 1771 5454; x_wconf 69' lang='lat' dir='ltr'><strong><em>papae</em></strong></span> 
     </span>
    </p>
   </div>
   <div class='ocr_carea' id='block_1_57' title="bbox 206 5465 1767 5547">
    <p class='ocr_par' dir='ltr' id='par_1_57' title="bbox 206 5465 1767 5547">
     <span class='ocr_line' id='line_1_57' title="bbox 206 5465 1767 5547; baseline 0.005 -24"><span class='ocrx_word' id='word_1_406' title='bbox 206 5465 455 5540; x_wconf 82' lang='lat' dir='ltr'><strong><em>Gregorii,</em></strong></span> <span class='ocrx_word' id='word_1_407' title='bbox 504 5482 553 5527; x_wconf 88' lang='lat' dir='ltr'><strong><em>et</em></strong></span> <span class='ocrx_word' id='word_1_408' title='bbox 582 5474 690 5527; x_wconf 87' lang='lat' dir='ltr'><strong><em>dies</em></strong></span> <span class='ocrx_word' id='word_1_409' title='bbox 718 5489 913 5543; x_wconf 84' lang='lat' dir='ltr'><strong><em>quoque</em></strong></span> <span class='ocrx_word' id='word_1_410' title='bbox 941 5473 1276 5544; x_wconf 85' lang='lat' dir='ltr'><strong><em>depositionis</em></strong></span> <span class='ocrx_word' id='word_1_411' title='bbox 1307 5474 1422 5545; x_wconf 84' lang='lat' dir='ltr'><strong><em>(qui</em></strong></span> <span class='ocrx_word' id='word_1_412' title='bbox 1450 5484 1525 5529; x_wconf 86' lang='lat' dir='ltr'><strong><em>est</em></strong></span> <span class='ocrx_word' id='word_1_413' title='bbox 1553 5478 1767 5547; x_wconf 89' lang='lat' dir='ltr'><strong><em>septimo</em></strong></span> 
     </span>
    </p>
   </div>
   <div class='ocr_carea' id='block_1_58' title="bbox 270 5629 1763 5711">
    <p class='ocr_par' dir='ltr' id='par_1_58' title="bbox 270 5629 1763 5711">
     <span class='ocr_line' id='line_1_58' title="bbox 270 5629 1763 5711; baseline 0.001 -28"><span class='ocrx_word' id='word_1_414' title='bbox 270 5636 292 5707; x_wconf 62' lang='grc' dir='ltr'><strong>ξ</strong></span> <span class='ocrx_word' id='word_1_415' title='bbox 322 5629 377 5711; x_wconf 81' lang='lat' dir='ltr'><strong><em>In</em></strong></span> <span class='ocrx_word' id='word_1_416' title='bbox 398 5632 589 5690; x_wconf 86' lang='lat' dir='ltr'><strong><em>Waliia</em></strong></span> <span class='ocrx_word' id='word_1_417' title='bbox 615 5630 1110 5711; x_wconf 65' lang='lat' dir='ltr'><strong><em>Angliaiprqvincia</em></strong></span> <span class='ocrx_word' id='word_1_418' title='bbox 1135 5632 1295 5711; x_wconf 76' lang='lat' dir='ltr'><strong><em>situm</em></strong></span> <span class='ocrx_word' id='word_1_419' title='bbox 1318 5636 1461 5693; x_wconf 88' lang='lat' dir='ltr'><strong><em>erat,</em></strong></span> <span class='ocrx_word' id='word_1_420' title='bbox 1494 5639 1548 5711; x_wconf 81' lang='lat' dir='ltr'><strong><em>et</em></strong></span> <span class='ocrx_word' id='word_1_421' title='bbox 1576 5629 1763 5711; x_wconf 81' lang='lat' dir='ltr'><strong><em>distin-</em></strong></span> 
     </span>
    </p>
   </div>
   <div class='ocr_carea' id='block_1_59' title="bbox 205 5697 1764 5771">
    <p class='ocr_par' dir='ltr' id='par_1_59' title="bbox 205 5697 1764 5771">
     <span class='ocr_line' id='line_1_59' title="bbox 205 5697 1764 5771; baseline 0.003 -19"><span class='ocrx_word' id='word_1_422' title='bbox 205 5697 285 5771; x_wconf 69' lang='lat' dir='ltr'><strong><em>gui</em></strong></span> <span class='ocrx_word' id='word_1_423' title='bbox 331 5701 486 5757; x_wconf 88' lang='lat' dir='ltr'><strong><em>debet</em></strong></span> <span class='ocrx_word' id='word_1_424' title='bbox 533 5705 598 5758; x_wconf 89' lang='lat' dir='ltr'><strong><em>ab</em></strong></span> <span class='ocrx_word' id='word_1_425' title='bbox 644 5697 747 5757; x_wconf 80' lang='lat' dir='ltr'><strong><em>alio</em></strong></span> <span class='ocrx_word' id='word_1_426' title='bbox 792 5697 1030 5771; x_wconf 82' lang='lat' dir='ltr'><strong><em>ejusdem</em></strong></span> <span class='ocrx_word' id='word_1_427' title='bbox 1071 5702 1302 5755; x_wconf 86' lang='lat' dir='ltr'><strong><em>nominis</em></strong></span> <span class='ocrx_word' id='word_1_428' title='bbox 1340 5702 1665 5755; x_wconf 86' lang='lat' dir='ltr'><strong><em>monasterio</em></strong></span> <span class='ocrx_word' id='word_1_429' title='bbox 1712 5702 1764 5756; x_wconf 90' lang='lat' dir='ltr'><strong><em>in</em></strong></span> 
     </span>
    </p>
   </div>
   <div class='ocr_carea' id='block_1_60' title="bbox 221 5763 1773 5842">
    <p class='ocr_par' dir='ltr' id='par_1_60' title="bbox 221 5763 1773 5842">
     <span class='ocr_line' id='line_1_60' title="bbox 221 5763 1773 5842; baseline 0.006 -24"><span class='ocrx_word' id='word_1_430' title='bbox 221 5763 421 5827; x_wconf 84' lang='lat' dir='ltr'><strong><em>Ultonia</em></strong></span> <span class='ocrx_word' id='word_1_431' title='bbox 446 5774 711 5831; x_wconf 81' lang='lat' dir='ltr'><strong><em>Hiberniae</em></strong></span> <span class='ocrx_word' id='word_1_432' title='bbox 744 5763 1015 5842; x_wconf 76' lang='lat' dir='ltr'><strong><em>provincia</em></strong></span> <span class='ocrx_word' id='word_1_433' title='bbox 1046 5772 1249 5841; x_wconf 84' lang='lat' dir='ltr'><strong><em>posito,</em></strong></span> <span class='ocrx_word' id='word_1_434' title='bbox 1278 5772 1430 5839; x_wconf 86' lang='lat' dir='ltr'><strong><em>cujus</em></strong></span> <span class='ocrx_word' id='word_1_435' title='bbox 1456 5772 1510 5827; x_wconf 90' lang='lat' dir='ltr'><strong><em>S.</em></strong></span> <span class='ocrx_word' id='word_1_436' title='bbox 1548 5772 1773 5827; x_wconf 87' lang='lat' dir='ltr'><strong><em>Bernar-</em></strong></span> 
     </span>
    </p>
   </div>
   <div class='ocr_carea' id='block_1_61' title="bbox 727 290 3035 405">
    <p class='ocr_par' dir='ltr' id='par_1_61' title="bbox 727 290 3035 405">
     <span class='ocr_line' id='line_1_61' title="bbox 727 290 3035 405; baseline 0.014 -43"><span class='ocrx_word' id='word_1_437' title='bbox 727 307 785 362; x_wconf 89' lang='lat' dir='ltr'><strong><em>S.</em></strong></span> <span class='ocrx_word' id='word_1_438' title='bbox 828 305 1157 364; x_wconf 79' lang='lat' dir='ltr'><strong><em>GREGORII</em></strong></span> <span class='ocrx_word' id='word_1_439' title='bbox 1196 310 1406 367; x_wconf 85' lang='lat' dir='ltr'><strong><em>MAGNI</em></strong></span> <span class='ocrx_word' id='word_1_440' title='bbox 1448 315 1626 388; x_wconf 87' lang='lat' dir='ltr'><strong><em>VlTA,</em></strong></span> <span class='ocrx_word' id='word_1_441' title='bbox 1670 318 1761 374; x_wconf 84' lang='lat' dir='ltr'><strong><em>EX</em></strong></span> <span class='ocrx_word' id='word_1_442' title='bbox 1802 321 1964 381; x_wconf 84' lang='lat' dir='ltr'><strong><em>EJUS</em></strong></span> <span class='ocrx_word' id='word_1_443' title='bbox 2004 324 2309 384; x_wconf 83' lang='lat' dir='ltr'><strong><em>SCRIPTIS</em></strong></span> <span class='ocrx_word' id='word_1_444' title='bbox 2345 290 2736 405; x_wconf 30' lang='lat' dir='ltr'><strong><em>(DORNATA.</em></strong></span> <span class='ocrx_word' id='word_1_445' title='bbox 2779 334 2907 399; x_wconf 81' lang='lat' dir='ltr'><strong><em>LIB.</em></strong></span> <span class='ocrx_word' id='word_1_446' title='bbox 2948 337 3035 403; x_wconf 84' lang='lat' dir='ltr'><strong><em>Ill.</em></strong></span> 
     </span>
    </p>
   </div>
   <div class='ocr_carea' id='block_1_62' title="bbox 232 419 3499 535">
    <p class='ocr_par' dir='ltr' id='par_1_62' title="bbox 232 419 3499 535">
     <span class='ocr_line' id='line_1_62' title="bbox 232 419 3499 535; baseline 0.012 -60"><span class='ocrx_word' id='word_1_447' title='bbox 232 419 599 476; x_wconf 88' lang='lat' dir='ltr'><strong><em>sanctissimus</em></strong></span> <span class='ocrx_word' id='word_1_448' title='bbox 624 433 784 489; x_wconf 86' lang='lat' dir='ltr'><strong><em>papa,</em></strong></span> <span class='ocrx_word' id='word_1_449' title='bbox 810 422 997 474; x_wconf 90' lang='lat' dir='ltr'><strong><em>annuit</em></strong></span> <span class='ocrx_word' id='word_1_450' title='bbox 1019 423 1147 475; x_wconf 87' lang='lat' dir='ltr'><strong><em>utin</em></strong></span> <span class='ocrx_word' id='word_1_451' title='bbox 1172 426 1254 478; x_wconf 90' lang='lat' dir='ltr'><strong><em>die</em></strong></span> <span class='ocrx_word' id='word_1_452' title='bbox 1275 426 1613 483; x_wconf 85' lang='lat' dir='ltr'><strong><em>dedicationis</em></strong></span> <span class='ocrx_word' id='word_1_453' title='bbox 1638 430 1819 487; x_wconf 87' lang='lat' dir='ltr'><strong><em>Eccte-</em></strong></span> <span class='ocrx_word' id='word_1_454' title='bbox 1846 446 1893 505; x_wconf 74' lang='grc' dir='ltr'><strong>Α</strong></span> <span class='ocrx_word' id='word_1_455' title='bbox 1926 435 2148 491; x_wconf 83' lang='lat' dir='ltr'><strong><em>Kalend.</em></strong></span> <span class='ocrx_word' id='word_1_456' title='bbox 2182 440 2373 511; x_wconf 80' lang='lat' dir='ltr'><strong><em>Junii),</em></strong></span> <span class='ocrx_word' id='word_1_457' title='bbox 2823 451 3193 528; x_wconf 79' lang='lat' dir='ltr'><strong><em>archiepiscOpi</em></strong></span> <span class='ocrx_word' id='word_1_458' title='bbox 3220 467 3268 512; x_wconf 91' lang='lat' dir='ltr'><strong><em>et</em></strong></span> <span class='ocrx_word' id='word_1_459' title='bbox 3292 465 3499 535; x_wconf 77' lang='lat' dir='ltr'><strong><em>confes-</em></strong></span> 
     </span>
     <span class='ocr_line' id='line_1_63' title="bbox 235 506 2353 535; baseline 0 0"><span class='ocrx_word' id='word_1_460' title='bbox 235 508 324 535; x_wconf 74' lang='grc'><strong><em>.;,..</em></strong></span> <span class='ocrx_word' id='word_1_461' title='bbox 404 506 483 535; x_wconf 57' lang='grc' dir='ltr'><strong><em>..ΑΙ</em></strong></span> <span class='ocrx_word' id='word_1_462' title='bbox 524 508 761 535; x_wconf 60' lang='grc' dir='ltr'><strong><em>,ηηιηκιξη</em></strong></span> <span class='ocrx_word' id='word_1_463' title='bbox 799 519 1087 535; x_wconf 60' lang='grc' dir='ltr'><strong><em>,κηηυηηημ</em></strong></span> <span class='ocrx_word' id='word_1_464' title='bbox 1127 522 1353 535; x_wconf 31' lang='lat' dir='ltr'><strong><em>mnu-nm,</em></strong></span> <span class='ocrx_word' id='word_1_465' title='bbox 1449 534 1455 535; x_wconf 61' lang='lat'><strong><em>,</em></strong></span> <span class='ocrx_word' id='word_1_466' title='bbox 1760 522 1793 535; x_wconf 77' lang='grc' dir='ltr'>η</span> <span class='ocrx_word' id='word_1_467' title='bbox 2020 532 2029 535; x_wconf 92' lang='grc'><strong><em>-</em></strong></span> <span class='ocrx_word' id='word_1_468' title='bbox 2181 532 2189 535; x_wconf 84' lang='lat'><em>_</em></span> <span class='ocrx_word' id='word_1_469' title='bbox 2350 534 2353 535; x_wconf 65' lang='lat'>,</span> 
     </span>
    </p>
   </div>
   <div class='ocr_carea' id='block_1_63' title="bbox 2370 156 2447 255">
    <p class='ocr_par' dir='ltr' id='par_1_63' title="bbox 2370 156 2447 255">
     <span class='ocr_line' id='line_1_64' title="bbox 2370 156 2447 255; baseline 0.026 -2"><span class='ocrx_word' id='word_1_470' title='bbox 2370 156 2423 253; x_wconf 61' lang='grc' dir='ltr'><strong>Ἴ</strong></span> <span class='ocrx_word' id='word_1_471' title='bbox 2444 252 2447 255; x_wconf 69' lang='lat'><strong><em>,</em></strong></span> 
     </span>
    </p>
   </div>
   <div class='ocr_carea' id='block_1_64' title="bbox 3400 350 3507 414">
    <p class='ocr_par' dir='ltr' id='par_1_64' title="bbox 3400 350 3507 414">
     <span class='ocr_line' id='line_1_65' title="bbox 3400 350 3507 414; baseline 0.112 -12"><span class='ocrx_word' id='word_1_472' title='bbox 3400 350 3507 414; x_wconf 77' lang='lat'><strong><em>390</em></strong></span> 
     </span>
    </p>
   </div>
   <div class='ocr_carea' id='block_1_65' title="bbox 1924 532 3502 624">
    <p class='ocr_par' dir='ltr' id='par_1_65' title="bbox 1924 532 3502 624">
     <span class='ocr_line' id='line_1_66' title="bbox 1924 532 3502 624; baseline 0.019 -44"><span class='ocrx_word' id='word_1_473' title='bbox 1924 532 2075 594; x_wconf 86' lang='lat' dir='ltr'><strong><em>saris,</em></strong></span> <span class='ocrx_word' id='word_1_474' title='bbox 2106 532 2190 602; x_wconf 85' lang='lat' dir='ltr'><strong><em>qui</em></strong></span> <span class='ocrx_word' id='word_1_475' title='bbox 2218 534 2358 602; x_wconf 78' lang='lat' dir='ltr'><strong><em>genti</em></strong></span> <span class='ocrx_word' id='word_1_476' title='bbox 2380 535 2663 606; x_wconf 84' lang='lat' dir='ltr'><strong><em>Anglorum</em></strong></span> <span class='ocrx_word' id='word_1_477' title='bbox 2688 541 2873 597; x_wconf 86' lang='lat' dir='ltr'><strong><em>missus</em></strong></span> <span class='ocrx_word' id='word_1_478' title='bbox 2898 552 2973 598; x_wconf 87' lang='lat' dir='ltr'><strong><em>cst</em></strong></span> <span class='ocrx_word' id='word_1_479' title='bbox 2993 561 3025 598; x_wconf 90' lang='lat' dir='ltr'><strong><em>a</em></strong></span> <span class='ocrx_word' id='word_1_480' title='bbox 3049 550 3269 620; x_wconf 66' lang='lat' dir='ltr'><strong><em>praefato</em></strong></span> <span class='ocrx_word' id='word_1_481' title='bbox 3296 532 3502 624; x_wconf 81' lang='lat' dir='ltr'><strong><em>papa...</em></strong></span> 
     </span>
    </p>
   </div>
   <div class='ocr_carea' id='block_1_66' title="bbox 1923 624 3508 715">
    <p class='ocr_par' dir='ltr' id='par_1_66' title="bbox 1923 624 3508 715">
     <span class='ocr_line' id='line_1_67' title="bbox 1923 624 3508 715; baseline 0.018 -41"><span class='ocrx_word' id='word_1_482' title='bbox 1923 624 2189 677; x_wconf 86' lang='lat' dir='ltr'><strong><em>scientiam</em></strong></span> <span class='ocrx_word' id='word_1_483' title='bbox 2202 626 2347 695; x_wconf 76' lang='lat' dir='ltr'><strong><em>ﬁdei,</em></strong></span> <span class='ocrx_word' id='word_1_484' title='bbox 2375 626 2615 698; x_wconf 89' lang='lat' dir='ltr'><strong><em>baptismi</em></strong></span> <span class='ocrx_word' id='word_1_485' title='bbox 2627 645 3005 693; x_wconf 85' lang='lat' dir='ltr'><strong><em>sacramentum</em></strong></span> <span class='ocrx_word' id='word_1_486' title='bbox 3024 646 3073 692; x_wconf 91' lang='lat' dir='ltr'><strong><em>et</em></strong></span> <span class='ocrx_word' id='word_1_487' title='bbox 3094 643 3309 698; x_wconf 76' lang='lat' dir='ltr'><strong><em>caelestis</em></strong></span> <span class='ocrx_word' id='word_1_488' title='bbox 3324 650 3508 715; x_wconf 71' lang='lat' dir='ltr'><strong><em>patriar</em></strong></span> 
     </span>
    </p>
   </div>
   <div class='ocr_carea' id='block_1_67' title="bbox 1922 717 3504 793">
    <p class='ocr_par' dir='ltr' id='par_1_67' title="bbox 1922 717 3504 793">
     <span class='ocr_line' id='line_1_68' title="bbox 1922 717 3504 793; baseline 0.016 -26"><span class='ocrx_word' id='word_1_489' title='bbox 1922 717 2157 773; x_wconf 86' lang='lat' dir='ltr'><strong><em>notitiam</em></strong></span> <span class='ocrx_word' id='word_1_490' title='bbox 2185 721 2381 789; x_wconf 87' lang='lat' dir='ltr'><strong><em>primus</em></strong></span> <span class='ocrx_word' id='word_1_491' title='bbox 2412 723 2613 789; x_wconf 89' lang='lat' dir='ltr'><strong><em>attulit,</em></strong></span> <span class='ocrx_word' id='word_1_492' title='bbox 2648 724 2711 776; x_wconf 91' lang='lat' dir='ltr'><strong><em>ab</em></strong></span> <span class='ocrx_word' id='word_1_493' title='bbox 2743 729 2978 782; x_wconf 88' lang='lat' dir='ltr'><strong><em>omnibus</em></strong></span> <span class='ocrx_word' id='word_1_494' title='bbox 3010 730 3143 785; x_wconf 88' lang='lat' dir='ltr'><strong><em>sicut</em></strong></span> <span class='ocrx_word' id='word_1_495' title='bbox 3169 734 3309 788; x_wconf 87' lang='lat' dir='ltr'><strong><em>decet</em></strong></span> <span class='ocrx_word' id='word_1_496' title='bbox 3338 737 3504 793; x_wconf 89' lang='lat' dir='ltr'><strong><em>hono-</em></strong></span> 
     </span>
    </p>
   </div>
   <div class='ocr_carea' id='block_1_68' title="bbox 1918 811 3500 890">
    <p class='ocr_par' dir='ltr' id='par_1_68' title="bbox 1918 811 3500 890">
     <span class='ocr_line' id='line_1_69' title="bbox 1918 811 3500 890; baseline 0.013 -27"><span class='ocrx_word' id='word_1_497' title='bbox 1918 811 2063 879; x_wconf 81' lang='lat' dir='ltr'><strong><em>rifice</em></strong></span> <span class='ocrx_word' id='word_1_498' title='bbox 2092 825 2388 867; x_wconf 87' lang='lat' dir='ltr'><strong><em>venerentur</em></strong></span> <span class='ocrx_word' id='word_1_499' title='bbox 2419 834 2436 869; x_wconf 89' lang='lat'><strong><em>:</em></strong></span> <span class='ocrx_word' id='word_1_500' title='bbox 2466 817 2542 869; x_wconf 90' lang='lat' dir='ltr'><strong><em>ita</em></strong></span> <span class='ocrx_word' id='word_1_501' title='bbox 2575 825 2629 869; x_wconf 89' lang='lat' dir='ltr'><strong><em>ut</em></strong></span> <span class='ocrx_word' id='word_1_502' title='bbox 2662 829 2870 890; x_wconf 88' lang='lat' dir='ltr'><strong><em>uterque</em></strong></span> <span class='ocrx_word' id='word_1_503' title='bbox 2897 822 3003 876; x_wconf 89' lang='lat' dir='ltr'><strong><em>dies</em></strong></span> <span class='ocrx_word' id='word_1_504' title='bbox 3044 823 3107 877; x_wconf 92' lang='lat' dir='ltr'><strong><em>ab</em></strong></span> <span class='ocrx_word' id='word_1_505' title='bbox 3139 827 3500 884; x_wconf 85' lang='lat' dir='ltr'><strong><em>ecclesiasticis</em></strong></span> 
     </span>
    </p>
   </div>
   <div class='ocr_carea' id='block_1_69' title="bbox 1919 906 3504 988">
    <p class='ocr_par' dir='ltr' id='par_1_69' title="bbox 1919 906 3504 988">
     <span class='ocr_line' id='line_1_70' title="bbox 1919 906 3504 988; baseline 0.012 -32"><span class='ocrx_word' id='word_1_506' title='bbox 1919 911 1967 956; x_wconf 89' lang='lat' dir='ltr'><strong><em>et</em></strong></span> <span class='ocrx_word' id='word_1_507' title='bbox 1983 906 2432 959; x_wconf 88' lang='lat' dir='ltr'><strong><em>monasterialibus</em></strong></span> <span class='ocrx_word' id='word_1_508' title='bbox 2449 908 2665 977; x_wconf 83' lang='lat' dir='ltr'><strong><em>feriatus</em></strong></span> <span class='ocrx_word' id='word_1_509' title='bbox 2685 908 2954 976; x_wconf 83' lang='lat' dir='ltr'><strong><em>habeatur,</em></strong></span> <span class='ocrx_word' id='word_1_510' title='bbox 2976 929 3257 987; x_wconf 87' lang='lat' dir='ltr'><strong><em>nomenque</em></strong></span> <span class='ocrx_word' id='word_1_511' title='bbox 3273 920 3504 988; x_wconf 86' lang='lat' dir='ltr'><strong><em>ejusdem</em></strong></span> 
     </span>
    </p>
   </div>
   <div class='ocr_carea' id='block_1_70' title="bbox 1919 993 3476 1076">
    <p class='ocr_par' dir='ltr' id='par_1_70' title="bbox 1919 993 3476 1076">
     <span class='ocr_line' id='line_1_71' title="bbox 1919 993 3476 1076; baseline 0.014 -29"><span class='ocrx_word' id='word_1_512' title='bbox 1919 993 1982 1048; x_wconf 87' lang='lat' dir='ltr'><strong><em>B.</em></strong></span> <span class='ocrx_word' id='word_1_513' title='bbox 2012 994 2191 1050; x_wconf 88' lang='lat' dir='ltr'><strong><em>Patris</em></strong></span> <span class='ocrx_word' id='word_1_514' title='bbox 2218 1008 2266 1052; x_wconf 91' lang='lat' dir='ltr'><strong><em>et</em></strong></span> <span class='ocrx_word' id='word_1_515' title='bbox 2306 997 2545 1055; x_wconf 87' lang='lat' dir='ltr'><strong><em>Doctoris</em></strong></span> <span class='ocrx_word' id='word_1_516' title='bbox 2572 1003 2739 1056; x_wconf 84' lang='lat' dir='ltr'><strong><em>nostri</em></strong></span> <span class='ocrx_word' id='word_1_517' title='bbox 2778 1002 3052 1076; x_wconf 82' lang='lat' dir='ltr'><strong><em>Augustini</em></strong></span> <span class='ocrx_word' id='word_1_518' title='bbox 3081 1008 3136 1063; x_wconf 83' lang='lat' dir='ltr'><strong><em>in</em></strong></span> <span class='ocrx_word' id='word_1_519' title='bbox 3167 1008 3391 1071; x_wconf 73' lang='lat' dir='ltr'><strong><em>Litaniw</em></strong></span> <span class='ocrx_word' id='word_1_520' title='bbox 3412 1015 3476 1069; x_wconf 87' lang='lat' dir='ltr'><strong><em>de</em></strong></span> 
     </span>
    </p>
   </div>
   <div class='ocr_carea' id='block_1_71' title="bbox 1917 1088 3502 1175">
    <p class='ocr_par' dir='ltr' id='par_1_71' title="bbox 1917 1088 3502 1175">
     <span class='ocr_line' id='line_1_72' title="bbox 1917 1088 3502 1175; baseline 0.014 -36"><span class='ocrx_word' id='word_1_521' title='bbox 1917 1088 2213 1141; x_wconf 86' lang='lat' dir='ltr'><strong><em>cantatione</em></strong></span> <span class='ocrx_word' id='word_1_522' title='bbox 2262 1096 2380 1157; x_wconf 89' lang='lat' dir='ltr'><strong><em>post</em></strong></span> <span class='ocrx_word' id='word_1_523' title='bbox 2429 1092 2596 1145; x_wconf 83' lang='lat' dir='ltr'><strong><em>sancti</em></strong></span> <span class='ocrx_word' id='word_1_524' title='bbox 2646 1089 2881 1165; x_wconf 81' lang='lat' dir='ltr'><strong><em>Gregorii</em></strong></span> <span class='ocrx_word' id='word_1_525' title='bbox 2932 1098 3251 1155; x_wconf 83' lang='lat' dir='ltr'><strong><em>vocationem</em></strong></span> <span class='ocrx_word' id='word_1_526' title='bbox 3300 1119 3502 1175; x_wconf 83' lang='lat' dir='ltr'><strong><em>semper</em></strong></span> 
     </span>
    </p>
   </div>
   <div class='ocr_carea' id='block_1_72' title="bbox 1916 1177 2139 1235">
    <p class='ocr_par' dir='ltr' id='par_1_72' title="bbox 1916 1177 2139 1235">
     <span class='ocr_line' id='line_1_73' title="bbox 1916 1177 2139 1235; baseline 0.022 -5"><span class='ocrx_word' id='word_1_527' title='bbox 1916 1177 2139 1235; x_wconf 86' lang='lat' dir='ltr'><strong><em>dicatur.</em></strong></span> 
     </span>
    </p>
   </div>
   <div class='ocr_carea' id='block_1_73' title="bbox 1987 1265 3498 1351">
    <p class='ocr_par' dir='ltr' id='par_1_73' title="bbox 1987 1265 3498 1351">
     <span class='ocr_line' id='line_1_74' title="bbox 1987 1265 3498 1351; baseline 0.017 -34"><span class='ocrx_word' id='word_1_528' title='bbox 1987 1266 2039 1320; x_wconf 93' lang='lat'><strong><em>7.</em></strong></span> <span class='ocrx_word' id='word_1_529' title='bbox 2081 1265 2315 1324; x_wconf 87' lang='lat' dir='ltr'><strong><em>Evocato</em></strong></span> <span class='ocrx_word' id='word_1_530' title='bbox 2344 1270 2409 1323; x_wconf 88' lang='lat' dir='ltr'><strong><em>ad</em></strong></span> <span class='ocrx_word' id='word_1_531' title='bbox 2437 1286 2661 1341; x_wconf 86' lang='lat' dir='ltr'><strong><em>superos</em></strong></span> <span class='ocrx_word' id='word_1_532' title='bbox 2689 1273 3007 1343; x_wconf 85' lang='lat' dir='ltr'><strong><em>Augustino,</em></strong></span> <span class='ocrx_word' id='word_1_533' title='bbox 3035 1278 3125 1344; x_wconf 85' lang='lat' dir='ltr'><strong><em>qui</em></strong></span> <span class='ocrx_word' id='word_1_534' title='bbox 3165 1279 3232 1333; x_wconf 89' lang='lat' dir='ltr'><strong><em>ab</em></strong></span> <span class='ocrx_word' id='word_1_535' title='bbox 3262 1281 3378 1351; x_wconf 84' lang='lat' dir='ltr'><strong><em>ipso</em></strong></span> <span class='ocrx_word' id='word_1_536' title='bbox 3406 1300 3498 1341; x_wconf 86' lang='lat' dir='ltr'><strong><em>or-</em></strong></span> 
     </span>
    </p>
   </div>
   <div class='ocr_carea' id='block_1_74' title="bbox 1915 1354 3500 1436">
    <p class='ocr_par' dir='ltr' id='par_1_74' title="bbox 1915 1354 3500 1436">
     <span class='ocr_line' id='line_1_75' title="bbox 1915 1354 3500 1436; baseline 0.016 -29"><span class='ocrx_word' id='word_1_537' title='bbox 1915 1354 2080 1409; x_wconf 86' lang='lat' dir='ltr'><strong><em>dinati</em></strong></span> <span class='ocrx_word' id='word_1_538' title='bbox 2109 1355 2319 1412; x_wconf 84' lang='lat' dir='ltr'><strong><em>fuerant</em></strong></span> <span class='ocrx_word' id='word_1_539' title='bbox 2356 1360 2623 1431; x_wconf 88' lang='lat' dir='ltr'><strong><em>episcopi,</em></strong></span> <span class='ocrx_word' id='word_1_540' title='bbox 2673 1361 2902 1420; x_wconf 83' lang='lat' dir='ltr'><strong><em>Mellitus</em></strong></span> <span class='ocrx_word' id='word_1_541' title='bbox 2947 1364 3238 1423; x_wconf 77' lang='lat' dir='ltr'><strong><em>Londonite</em></strong></span> <span class='ocrx_word' id='word_1_542' title='bbox 3264 1412 3278 1436; x_wconf 94' lang='lat'><strong><em>,</em></strong></span> <span class='ocrx_word' id='word_1_543' title='bbox 3318 1369 3500 1432; x_wconf 80' lang='lat' dir='ltr'><strong><em>Justus</em></strong></span> 
     </span>
    </p>
   </div>
   <div class='ocr_carea' id='block_1_75' title="bbox 1917 1444 3497 1523">
    <p class='ocr_par' dir='ltr' id='par_1_75' title="bbox 1917 1444 3497 1523">
     <span class='ocr_line' id='line_1_76' title="bbox 1917 1444 3497 1523; baseline 0.015 -24"><span class='ocrx_word' id='word_1_544' title='bbox 1917 1444 1944 1486; x_wconf 77' lang='grc' dir='ltr'><strong><em>ι)</em></strong></span> <span class='ocrx_word' id='word_1_545' title='bbox 1969 1445 2155 1509; x_wconf 63' lang='lat' dir='ltr'><strong><em>Bothe,</em></strong></span> <span class='ocrx_word' id='word_1_546' title='bbox 2182 1457 2237 1502; x_wconf 92' lang='lat' dir='ltr'><strong><em>et</em></strong></span> <span class='ocrx_word' id='word_1_547' title='bbox 2266 1449 2585 1507; x_wconf 87' lang='lat' dir='ltr'><strong><em>Laurentius</em></strong></span> <span class='ocrx_word' id='word_1_548' title='bbox 2614 1454 2781 1523; x_wconf 90' lang='lat' dir='ltr'><strong><em>ipsius</em></strong></span> <span class='ocrx_word' id='word_1_549' title='bbox 2812 1456 2863 1509; x_wconf 92' lang='lat' dir='ltr'><strong><em>in</em></strong></span> <span class='ocrx_word' id='word_1_550' title='bbox 2894 1455 3288 1516; x_wconf 88' lang='lat' dir='ltr'><strong><em>Dorovernensi</em></strong></span> <span class='ocrx_word' id='word_1_551' title='bbox 3307 1465 3497 1522; x_wconf 82' lang='lat' dir='ltr'><strong><em>cathe-</em></strong></span> 
     </span>
    </p>
   </div>
   <div class='ocr_carea' id='block_1_76' title="bbox 1912 1538 3497 1612">
    <p class='ocr_par' dir='ltr' id='par_1_76' title="bbox 1912 1538 3497 1612">
     <span class='ocr_line' id='line_1_77' title="bbox 1912 1538 3497 1612; baseline 0.014 -21"><span class='ocrx_word' id='word_1_552' title='bbox 1912 1538 2005 1592; x_wconf 89' lang='lat' dir='ltr'><strong><em>dra</em></strong></span> <span class='ocrx_word' id='word_1_553' title='bbox 2032 1554 2339 1607; x_wconf 88' lang='lat' dir='ltr'><strong><em>successor;</em></strong></span> <span class='ocrx_word' id='word_1_554' title='bbox 2372 1542 2437 1597; x_wconf 92' lang='lat' dir='ltr'><strong><em>de</em></strong></span> <span class='ocrx_word' id='word_1_555' title='bbox 2463 1546 2778 1601; x_wconf 89' lang='lat' dir='ltr'><strong><em>revocandis</em></strong></span> <span class='ocrx_word' id='word_1_556' title='bbox 2805 1562 2834 1599; x_wconf 89' lang='lat' dir='ltr'><strong><em>a</em></strong></span> <span class='ocrx_word' id='word_1_557' title='bbox 2864 1548 3151 1605; x_wconf 88' lang='lat' dir='ltr'><strong><em>schismate</em></strong></span> <span class='ocrx_word' id='word_1_558' title='bbox 3184 1558 3292 1607; x_wconf 87' lang='lat' dir='ltr'><strong><em>tum</em></strong></span> <span class='ocrx_word' id='word_1_559' title='bbox 3319 1553 3497 1612; x_wconf 88' lang='lat' dir='ltr'><strong><em>Brito-</em></strong></span> 
     </span>
    </p>
   </div>
   <div class='ocr_carea' id='block_1_77' title="bbox 1910 1630 3495 1715">
    <p class='ocr_par' dir='ltr' id='par_1_77' title="bbox 1910 1630 3495 1715">
     <span class='ocr_line' id='line_1_78' title="bbox 1910 1630 3495 1715; baseline 0.012 -33"><span class='ocrx_word' id='word_1_560' title='bbox 1910 1630 2085 1695; x_wconf 91' lang='lat' dir='ltr'><strong><em>nibus,</em></strong></span> <span class='ocrx_word' id='word_1_561' title='bbox 2106 1640 2217 1686; x_wconf 89' lang='lat' dir='ltr'><strong><em>tum</em></strong></span> <span class='ocrx_word' id='word_1_562' title='bbox 2242 1632 2443 1691; x_wconf 89' lang='lat' dir='ltr'><strong><em>Scottis</em></strong></span> <span class='ocrx_word' id='word_1_563' title='bbox 2458 1634 2725 1691; x_wconf 71' lang='lat' dir='ltr'><strong><em>Hiberniae</em></strong></span> <span class='ocrx_word' id='word_1_564' title='bbox 2746 1637 2931 1692; x_wconf 66' lang='lat' dir='ltr'><strong><em>insulae</em></strong></span> <span class='ocrx_word' id='word_1_565' title='bbox 2952 1639 3131 1694; x_wconf 86' lang='lat' dir='ltr'><strong><em>habita</em></strong></span> <span class='ocrx_word' id='word_1_566' title='bbox 3141 1644 3346 1700; x_wconf 88' lang='lat' dir='ltr'><strong><em>toribus</em></strong></span> <span class='ocrx_word' id='word_1_567' title='bbox 3374 1647 3495 1715; x_wconf 83' lang='lat' dir='ltr'><strong><em>plu-</em></strong></span> 
     </span>
    </p>
   </div>
   <div class='ocr_carea' id='block_1_78' title="bbox 1911 1720 3490 1799">
    <p class='ocr_par' dir='ltr' id='par_1_78' title="bbox 1911 1720 3490 1799">
     <span class='ocr_line' id='line_1_79' title="bbox 1911 1720 3490 1799; baseline 0.012 -26"><span class='ocrx_word' id='word_1_568' title='bbox 1911 1720 2104 1776; x_wconf 89' lang='lat' dir='ltr'><strong><em>rimum</em></strong></span> <span class='ocrx_word' id='word_1_569' title='bbox 2126 1731 2452 1792; x_wconf 84' lang='lat' dir='ltr'><strong><em>sategerunt,</em></strong></span> <span class='ocrx_word' id='word_1_570' title='bbox 2477 1728 2688 1795; x_wconf 89' lang='lat' dir='ltr'><strong><em>scriptis</em></strong></span> <span class='ocrx_word' id='word_1_571' title='bbox 2709 1728 2775 1782; x_wconf 91' lang='lat' dir='ltr'><strong><em>ad</em></strong></span> <span class='ocrx_word' id='word_1_572' title='bbox 2797 1743 2891 1783; x_wconf 90' lang='lat' dir='ltr'><strong><em>eos</em></strong></span> <span class='ocrx_word' id='word_1_573' title='bbox 2913 1730 3153 1799; x_wconf 86' lang='lat' dir='ltr'><strong><em>epistolis</em></strong></span> <span class='ocrx_word' id='word_1_574' title='bbox 3173 1734 3490 1792; x_wconf 88' lang='lat' dir='ltr'><strong><em>charitatcm</em></strong></span> 
     </span>
    </p>
   </div>
   <div class='ocr_carea' id='block_1_79' title="bbox 1911 1814 3494 1889">
    <p class='ocr_par' dir='ltr' id='par_1_79' title="bbox 1911 1814 3494 1889">
     <span class='ocr_line' id='line_1_80' title="bbox 1911 1814 3494 1889; baseline 0.01 -24"><span class='ocrx_word' id='word_1_575' title='bbox 1911 1820 1967 1866; x_wconf 89' lang='lat' dir='ltr'><strong><em>et</em></strong></span> <span class='ocrx_word' id='word_1_576' title='bbox 2010 1814 2365 1869; x_wconf 89' lang='lat' dir='ltr'><strong><em>humilitatem</em></strong></span> <span class='ocrx_word' id='word_1_577' title='bbox 2394 1815 2755 1871; x_wconf 87' lang='lat' dir='ltr'><strong><em>Christianam</em></strong></span> <span class='ocrx_word' id='word_1_578' title='bbox 2804 1820 3151 1889; x_wconf 85' lang='lat' dir='ltr'><strong><em>spirantibus.</em></strong></span> <span class='ocrx_word' id='word_1_579' title='bbox 3202 1823 3374 1881; x_wconf 83' lang='lat' dir='ltr'><strong><em>Missae</em></strong></span> <span class='ocrx_word' id='word_1_580' title='bbox 3424 1826 3494 1881; x_wconf 86' lang='lat' dir='ltr'><strong><em>ad</em></strong></span> 
     </span>
    </p>
   </div>
   <div class='ocr_carea' id='block_1_80' title="bbox 1912 1903 3497 1983">
    <p class='ocr_par' dir='ltr' id='par_1_80' title="bbox 1912 1903 3497 1983">
     <span class='ocr_line' id='line_1_81' title="bbox 1912 1903 3497 1983; baseline 0.009 -26"><span class='ocrx_word' id='word_1_581' title='bbox 1912 1903 2128 1961; x_wconf 90' lang='lat' dir='ltr'><strong><em>Scottos</em></strong></span> <span class='ocrx_word' id='word_1_582' title='bbox 2156 1922 2250 1959; x_wconf 89' lang='lat' dir='ltr'><strong><em>seu</em></strong></span> <span class='ocrx_word' id='word_1_583' title='bbox 2274 1906 2535 1963; x_wconf 89' lang='lat' dir='ltr'><strong><em>Hibernos</em></strong></span> <span class='ocrx_word' id='word_1_584' title='bbox 2566 1909 2677 1963; x_wconf 66' lang='lat' dir='ltr'><strong><em>haec</em></strong></span> <span class='ocrx_word' id='word_1_585' title='bbox 2703 1921 2819 1964; x_wconf 88' lang='lat' dir='ltr'><strong><em>erat</em></strong></span> <span class='ocrx_word' id='word_1_586' title='bbox 2840 1911 3116 1983; x_wconf 89' lang='lat' dir='ltr'><strong><em>inscriptio</em></strong></span> <span class='ocrx_word' id='word_1_587' title='bbox 3140 1928 3301 1983; x_wconf 85' lang='lat' dir='ltr'><strong><em>quam</em></strong></span> <span class='ocrx_word' id='word_1_588' title='bbox 3330 1918 3497 1973; x_wconf 81' lang='lat' dir='ltr'><strong><em>refert</em></strong></span> 
     </span>
    </p>
   </div>
   <div class='ocr_carea' id='block_1_81' title="bbox 1911 1993 3495 2073">
    <p class='ocr_par' dir='ltr' id='par_1_81' title="bbox 1911 1993 3495 2073">
     <span class='ocr_line' id='line_1_82' title="bbox 1911 1993 3495 2073; baseline 0.01 -28"><span class='ocrx_word' id='word_1_589' title='bbox 1911 1993 2053 2046; x_wconf 90' lang='lat' dir='ltr'><strong><em>Beda</em></strong></span> <span class='ocrx_word' id='word_1_590' title='bbox 2084 2012 2094 2045; x_wconf 92' lang='lat'>:</span> <span class='ocrx_word' id='word_1_591' title='bbox 2132 1994 2366 2049; x_wconf 88' lang='lat' dir='ltr'><strong><em>Dominis</em></strong></span> <span class='ocrx_word' id='word_1_592' title='bbox 2398 1998 2717 2051; x_wconf 86' lang='lat' dir='ltr'><strong><em>charissimis</em></strong></span> <span class='ocrx_word' id='word_1_593' title='bbox 2748 2000 2995 2070; x_wconf 84' lang='lat' dir='ltr'><strong><em>fratribus</em></strong></span> <span class='ocrx_word' id='word_1_594' title='bbox 3022 2004 3272 2073; x_wconf 88' lang='lat' dir='ltr'><strong><em>episcopis</em></strong></span> <span class='ocrx_word' id='word_1_595' title='bbox 3299 2006 3377 2060; x_wconf 89' lang='lat' dir='ltr'><strong><em>vel</em></strong></span> <span class='ocrx_word' id='word_1_596' title='bbox 3404 2009 3495 2060; x_wconf 82' lang='lat' dir='ltr'><strong><em>ab-</em></strong></span> 
     </span>
    </p>
   </div>
   <div class='ocr_carea' id='block_1_82' title="bbox 1909 2082 3495 2160">
    <p class='ocr_par' dir='ltr' id='par_1_82' title="bbox 1909 2082 3495 2160">
     <span class='ocr_line' id='line_1_83' title="bbox 1909 2082 3495 2160; baseline 0.011 -26"><span class='ocrx_word' id='word_1_597' title='bbox 1909 2082 2111 2136; x_wconf 88' lang='lat' dir='ltr'><strong><em>batibus</em></strong></span> <span class='ocrx_word' id='word_1_598' title='bbox 2128 2100 2218 2153; x_wconf 88' lang='lat' dir='ltr'><strong><em>per</em></strong></span> <span class='ocrx_word' id='word_1_599' title='bbox 2231 2086 2519 2139; x_wconf 88' lang='lat' dir='ltr'><strong><em>universam</em></strong></span> <span class='ocrx_word' id='word_1_600' title='bbox 2544 2086 2793 2141; x_wconf 84' lang='lat' dir='ltr'><strong><em>Scotiam.</em></strong></span> <span class='ocrx_word' id='word_1_601' title='bbox 2822 2086 2920 2143; x_wconf 86' lang='lat' dir='ltr'><strong><em>Ubi</em></strong></span> <span class='ocrx_word' id='word_1_602' title='bbox 2943 2090 3179 2160; x_wconf 89' lang='lat' dir='ltr'><strong><em>episcopi</em></strong></span> <span class='ocrx_word' id='word_1_603' title='bbox 3200 2101 3254 2147; x_wconf 89' lang='lat' dir='ltr'><strong><em>et</em></strong></span> <span class='ocrx_word' id='word_1_604' title='bbox 3274 2094 3495 2152; x_wconf 86' lang='lat' dir='ltr'><strong><em>abbates</em></strong></span> 
     </span>
    </p>
   </div>
   <div class='ocr_carea' id='block_1_83' title="bbox 1910 2170 2566 2229">
    <p class='ocr_par' dir='ltr' id='par_1_83' title="bbox 1910 2170 2566 2229">
     <span class='ocr_line' id='line_1_84' title="bbox 1910 2170 2566 2229; baseline 0.009 -6"><span class='ocrx_word' id='word_1_605' title='bbox 1910 2171 2068 2225; x_wconf 91' lang='lat' dir='ltr'><strong><em>iidem</em></strong></span> <span class='ocrx_word' id='word_1_606' title='bbox 2108 2170 2269 2226; x_wconf 86' lang='lat' dir='ltr'><strong><em>fuisse</em></strong></span> <span class='ocrx_word' id='word_1_607' title='bbox 2299 2174 2566 2229; x_wconf 87' lang='lat' dir='ltr'><strong><em>videntur.</em></strong></span> 
     </span>
    </p>
   </div>
   <div class='ocr_carea' id='block_1_84' title="bbox 1978 2260 3491 2337">
    <p class='ocr_par' dir='ltr' id='par_1_84' title="bbox 1978 2260 3491 2337">
     <span class='ocr_line' id='line_1_85' title="bbox 1978 2260 3491 2337; baseline 0.011 -23"><span class='ocrx_word' id='word_1_608' title='bbox 1978 2260 2029 2315; x_wconf 92' lang='lat'><strong><em>8.</em></strong></span> <span class='ocrx_word' id='word_1_609' title='bbox 2072 2262 2179 2317; x_wconf 85' lang='lat' dir='ltr'><strong><em>Nec</em></strong></span> <span class='ocrx_word' id='word_1_610' title='bbox 2211 2264 2383 2319; x_wconf 91' lang='lat' dir='ltr'><strong><em>minus</em></strong></span> <span class='ocrx_word' id='word_1_611' title='bbox 2414 2280 2509 2334; x_wconf 91' lang='lat' dir='ltr'><strong><em>pro</em></strong></span> <span class='ocrx_word' id='word_1_612' title='bbox 2557 2280 2705 2319; x_wconf 81' lang='lat' dir='ltr'><strong><em>novae</em></strong></span> <span class='ocrx_word' id='word_1_613' title='bbox 2752 2265 3004 2322; x_wconf 66' lang='lat' dir='ltr'><strong><em>Ecclesia:</em></strong></span> <span class='ocrx_word' id='word_1_614' title='bbox 3031 2268 3275 2337; x_wconf 90' lang='lat' dir='ltr'><strong><em>profectu</em></strong></span> <span class='ocrx_word' id='word_1_615' title='bbox 3322 2281 3377 2329; x_wconf 90' lang='lat' dir='ltr'><strong><em>et</em></strong></span> <span class='ocrx_word' id='word_1_616' title='bbox 3406 2274 3491 2330; x_wconf 91' lang='lat' dir='ltr'><strong><em>in-</em></strong></span> 
     </span>
    </p>
   </div>
   <div class='ocr_carea' id='block_1_85' title="bbox 1908 2353 3492 2432">
    <p class='ocr_par' dir='ltr' id='par_1_85' title="bbox 1908 2353 3492 2432">
     <span class='ocr_line' id='line_1_86' title="bbox 1908 2353 3492 2432; baseline 0.011 -28"><span class='ocrx_word' id='word_1_617' title='bbox 1908 2361 2184 2407; x_wconf 86' lang='lat' dir='ltr'><strong><em>cremento</em></strong></span> <span class='ocrx_word' id='word_1_618' title='bbox 2214 2353 2582 2409; x_wconf 87' lang='lat' dir='ltr'><strong><em>allaborarunt</em></strong></span> <span class='ocrx_word' id='word_1_619' title='bbox 2598 2356 2986 2425; x_wconf 86' lang='lat' dir='ltr'><strong><em>vigilantissimi</em></strong></span> <span class='ocrx_word' id='word_1_620' title='bbox 3016 2361 3280 2432; x_wconf 88' lang='lat' dir='ltr'><strong><em>episcopi;</em></strong></span> <span class='ocrx_word' id='word_1_621' title='bbox 3306 2372 3362 2418; x_wconf 92' lang='lat' dir='ltr'><strong><em>at</em></strong></span> <span class='ocrx_word' id='word_1_622' title='bbox 3383 2367 3492 2423; x_wconf 87' lang='lat' dir='ltr'><strong><em>vita</em></strong></span> 
     </span>
    </p>
   </div>
   <div class='ocr_carea' id='block_1_86' title="bbox 1905 2442 3493 2523">
    <p class='ocr_par' dir='ltr' id='par_1_86' title="bbox 1905 2442 3493 2523">
     <span class='ocr_line' id='line_1_87' title="bbox 1905 2442 3493 2523; baseline 0.013 -27"><span class='ocrx_word' id='word_1_623' title='bbox 1905 2442 2098 2499; x_wconf 87' lang='lat' dir='ltr'><strong><em>functis</em></strong></span> <span class='ocrx_word' id='word_1_624' title='bbox 2130 2446 2343 2515; x_wconf 81' lang='lat' dir='ltr'><strong><em>regibus</em></strong></span> <span class='ocrx_word' id='word_1_625' title='bbox 2384 2445 2693 2504; x_wconf 90' lang='lat' dir='ltr'><strong><em>Edilbertho</em></strong></span> <span class='ocrx_word' id='word_1_626' title='bbox 2723 2458 2777 2505; x_wconf 91' lang='lat' dir='ltr'><strong><em>et</em></strong></span> <span class='ocrx_word' id='word_1_627' title='bbox 2804 2450 3103 2507; x_wconf 89' lang='lat' dir='ltr'><strong><em>Saberetho</em></strong></span> <span class='ocrx_word' id='word_1_628' title='bbox 3130 2454 3244 2523; x_wconf 89' lang='lat' dir='ltr'><strong><em>ejus</em></strong></span> <span class='ocrx_word' id='word_1_629' title='bbox 3290 2459 3493 2516; x_wconf 89' lang='lat' dir='ltr'><strong><em>sororis</em></strong></span> 
     </span>
    </p>
   </div>
   <div class='ocr_carea' id='block_1_87' title="bbox 1906 2532 3492 2612">
    <p class='ocr_par' dir='ltr' id='par_1_87' title="bbox 1906 2532 3492 2612">
     <span class='ocr_line' id='line_1_88' title="bbox 1906 2532 3492 2612; baseline 0.013 -27"><span class='ocrx_word' id='word_1_630' title='bbox 1906 2532 2034 2601; x_wconf 85' lang='lat' dir='ltr'><strong><em>ﬁlio,</em></strong></span> <span class='ocrx_word' id='word_1_631' title='bbox 2083 2536 2171 2603; x_wconf 89' lang='lat' dir='ltr'><strong><em>qui</em></strong></span> <span class='ocrx_word' id='word_1_632' title='bbox 2216 2534 2575 2592; x_wconf 86' lang='lat' dir='ltr'><strong><em>Christianam</em></strong></span> <span class='ocrx_word' id='word_1_633' title='bbox 2630 2538 2784 2594; x_wconf 86' lang='lat' dir='ltr'><strong><em>fidem</em></strong></span> <span class='ocrx_word' id='word_1_634' title='bbox 2824 2542 3065 2612; x_wconf 91' lang='lat' dir='ltr'><strong><em>impense</em></strong></span> <span class='ocrx_word' id='word_1_635' title='bbox 3110 2547 3388 2604; x_wconf 74' lang='lat' dir='ltr'><strong><em>coluerunt</em></strong></span> <span class='ocrx_word' id='word_1_636' title='bbox 3435 2557 3492 2606; x_wconf 87' lang='lat' dir='ltr'><strong><em>et</em></strong></span> 
     </span>
    </p>
   </div>
   <div class='ocr_carea' id='block_1_88' title="bbox 1905 2627 3493 2704">
    <p class='ocr_par' dir='ltr' id='par_1_88' title="bbox 1905 2627 3493 2704">
     <span class='ocr_line' id='line_1_89' title="bbox 1905 2627 3493 2704; baseline 0.013 -29"><span class='ocrx_word' id='word_1_637' title='bbox 1905 2634 2269 2691; x_wconf 82' lang='lat' dir='ltr'><strong><em>asseruerant,</em></strong></span> <span class='ocrx_word' id='word_1_638' title='bbox 2303 2627 2437 2682; x_wconf 89' lang='lat' dir='ltr'><strong><em>adeo</em></strong></span> <span class='ocrx_word' id='word_1_639' title='bbox 2475 2642 2639 2696; x_wconf 88' lang='lat' dir='ltr'><strong><em>grave</em></strong></span> <span class='ocrx_word' id='word_1_640' title='bbox 2686 2629 2883 2684; x_wconf 91' lang='lat' dir='ltr'><strong><em>bellum</em></strong></span> <span class='ocrx_word' id='word_1_641' title='bbox 2934 2633 2987 2685; x_wconf 92' lang='lat' dir='ltr'><strong><em>in</em></strong></span> <span class='ocrx_word' id='word_1_642' title='bbox 3015 2634 3357 2704; x_wconf 85' lang='lat' dir='ltr'><strong><em>Anglicanam</em></strong></span> <span class='ocrx_word' id='word_1_643' title='bbox 3388 2638 3493 2697; x_wconf 88' lang='lat' dir='ltr'><strong><em>Ec-</em></strong></span> 
     </span>
    </p>
   </div>
   <div class='ocr_carea' id='block_1_89' title="bbox 1904 2712 3493 2787">
    <p class='ocr_par' dir='ltr' id='par_1_89' title="bbox 1904 2712 3493 2787">
     <span class='ocr_line' id='line_1_90' title="bbox 1904 2712 3493 2787; baseline 0.013 -22"><span class='ocrx_word' id='word_1_644' title='bbox 1904 2712 2120 2765; x_wconf 76' lang='lat' dir='ltr'><strong><em>clesium</em></strong></span> <span class='ocrx_word' id='word_1_645' title='bbox 2151 2715 2367 2778; x_wconf 86' lang='lat' dir='ltr'><strong><em>exarsit,</em></strong></span> <span class='ocrx_word' id='word_1_646' title='bbox 2402 2718 2741 2773; x_wconf 88' lang='lat' dir='ltr'><strong><em>moventibus</em></strong></span> <span class='ocrx_word' id='word_1_647' title='bbox 2770 2722 3195 2787; x_wconf 88' lang='lat' dir='ltr'><strong><em>persecutionem</em></strong></span> <span class='ocrx_word' id='word_1_648' title='bbox 3220 2725 3273 2779; x_wconf 92' lang='lat' dir='ltr'><strong><em>in</em></strong></span> <span class='ocrx_word' id='word_1_649' title='bbox 3306 2726 3493 2787; x_wconf 82' lang='lat' dir='ltr'><strong><em>fideles</em></strong></span> 
     </span>
    </p>
   </div>
   <div class='ocr_carea' id='block_1_90' title="bbox 1904 2805 3487 2874">
    <p class='ocr_par' dir='ltr' id='par_1_90' title="bbox 1904 2805 3487 2874">
     <span class='ocr_line' id='line_1_91' title="bbox 1904 2805 3487 2874; baseline 0.012 -19"><span class='ocrx_word' id='word_1_650' title='bbox 1904 2816 2088 2855; x_wconf 91' lang='lat' dir='ltr'><strong><em>eorum</em></strong></span> <span class='ocrx_word' id='word_1_651' title='bbox 2119 2805 2535 2870; x_wconf 81' lang='lat' dir='ltr'><strong><em>successoribus,</em></strong></span> <span class='ocrx_word' id='word_1_652' title='bbox 2562 2814 2619 2858; x_wconf 93' lang='lat' dir='ltr'><strong><em>ut</em></strong></span> <span class='ocrx_word' id='word_1_653' title='bbox 2640 2807 2870 2861; x_wconf 85' lang='lat' dir='ltr'><strong><em>Mellitus</em></strong></span> <span class='ocrx_word' id='word_1_654' title='bbox 2897 2816 2951 2863; x_wconf 88' lang='lat' dir='ltr'><strong><em>et</em></strong></span> <span class='ocrx_word' id='word_1_655' title='bbox 2974 2810 3157 2867; x_wconf 87' lang='lat' dir='ltr'><strong><em>Justus</em></strong></span> <span class='ocrx_word' id='word_1_656' title='bbox 3181 2814 3232 2868; x_wconf 93' lang='lat' dir='ltr'><strong><em>in</em></strong></span> <span class='ocrx_word' id='word_1_657' title='bbox 3261 2813 3487 2874; x_wconf 89' lang='lat' dir='ltr'><strong><em>Galliam</em></strong></span> 
     </span>
    </p>
   </div>
   <div class='ocr_carea' id='block_1_91' title="bbox 1905 2892 3488 2975">
    <p class='ocr_par' dir='ltr' id='par_1_91' title="bbox 1905 2892 3488 2975">
     <span class='ocr_line' id='line_1_92' title="bbox 1905 2892 3488 2975; baseline 0.007 -31"><span class='ocrx_word' id='word_1_658' title='bbox 1905 2892 2153 2961; x_wconf 85' lang='lat' dir='ltr'><strong><em>trajicere</em></strong></span> <span class='ocrx_word' id='word_1_659' title='bbox 2184 2896 2355 2949; x_wconf 87' lang='lat' dir='ltr'><strong><em>coacti</em></strong></span> <span class='ocrx_word' id='word_1_660' title='bbox 2386 2897 2520 2961; x_wconf 89' lang='lat' dir='ltr'><strong><em>sint;</em></strong></span> <span class='ocrx_word' id='word_1_661' title='bbox 2554 2912 2689 2965; x_wconf 90' lang='lat' dir='ltr'><strong><em>quos</em></strong></span> <span class='ocrx_word' id='word_1_662' title='bbox 2718 2899 2867 2953; x_wconf 87' lang='lat' dir='ltr'><strong><em>brevi</em></strong></span> <span class='ocrx_word' id='word_1_663' title='bbox 2896 2904 3047 2971; x_wconf 86' lang='lat' dir='ltr'><strong><em>sequi</em></strong></span> <span class='ocrx_word' id='word_1_664' title='bbox 3094 2907 3319 2975; x_wconf 85' lang='lat' dir='ltr'><strong><em>parabat</em></strong></span> <span class='ocrx_word' id='word_1_665' title='bbox 3345 2908 3488 2967; x_wconf 88' lang='lat' dir='ltr'><strong><em>Lau-</em></strong></span> 
     </span>
    </p>
   </div>
   <div class='ocr_carea' id='block_1_92' title="bbox 1900 2982 3491 3069">
    <p class='ocr_par' dir='ltr' id='par_1_92' title="bbox 1900 2982 3491 3069">
     <span class='ocr_line' id='line_1_93' title="bbox 1900 2982 3491 3069; baseline 0.015 -36"><span class='ocrx_word' id='word_1_666' title='bbox 1900 2982 2127 3049; x_wconf 88' lang='lat' dir='ltr'><strong><em>rentius,</em></strong></span> <span class='ocrx_word' id='word_1_667' title='bbox 2159 2984 2260 3037; x_wconf 90' lang='lat' dir='ltr'><strong><em>nisi</em></strong></span> <span class='ocrx_word' id='word_1_668' title='bbox 2303 2986 2616 3053; x_wconf 87' lang='lat' dir='ltr'><strong><em>gravissima</em></strong></span> <span class='ocrx_word' id='word_1_669' title='bbox 2668 2988 3041 3057; x_wconf 86' lang='lat' dir='ltr'><strong><em>objurgatione</em></strong></span> <span class='ocrx_word' id='word_1_670' title='bbox 3087 2996 3491 3069; x_wconf 87' lang='lat' dir='ltr'><strong><em>acrioribusque</em></strong></span> 
     </span>
    </p>
   </div>
   <div class='ocr_carea' id='block_1_93' title="bbox 1900 3070 3486 3146">
    <p class='ocr_par' dir='ltr' id='par_1_93' title="bbox 1900 3070 3486 3146">
     <span class='ocr_line' id='line_1_94' title="bbox 1900 3070 3486 3146; baseline 0.015 -24"><span class='ocrx_word' id='word_1_671' title='bbox 1900 3070 2122 3140; x_wconf 84' lang='lat' dir='ltr'><strong><em>ﬂagellis</em></strong></span> <span class='ocrx_word' id='word_1_672' title='bbox 2145 3073 2211 3127; x_wconf 87' lang='lat' dir='ltr'><strong><em>ab</em></strong></span> <span class='ocrx_word' id='word_1_673' title='bbox 2241 3076 2488 3143; x_wconf 87' lang='lat' dir='ltr'><strong><em>apostolo</em></strong></span> <span class='ocrx_word' id='word_1_674' title='bbox 2529 3075 2689 3131; x_wconf 89' lang='lat' dir='ltr'><strong><em>Petro</em></strong></span> <span class='ocrx_word' id='word_1_675' title='bbox 2732 3077 2921 3134; x_wconf 82' lang='lat' dir='ltr'><strong><em>fuisset</em></strong></span> <span class='ocrx_word' id='word_1_676' title='bbox 2947 3082 3253 3141; x_wconf 87' lang='lat' dir='ltr'><strong><em>deterritus.</em></strong></span> <span class='ocrx_word' id='word_1_677' title='bbox 3287 3086 3486 3146; x_wconf 88' lang='lat' dir='ltr'><strong><em>Adiens</em></strong></span> 
     </span>
    </p>
   </div>
   <div class='ocr_carea' id='block_1_94' title="bbox 1818 3163 3487 3260">
    <p class='ocr_par' dir='ltr' id='par_1_94' title="bbox 1818 3163 3487 3260">
     <span class='ocr_line' id='line_1_95' title="bbox 1818 3163 3487 3260; baseline 0.011 -43"><span class='ocrx_word' id='word_1_678' title='bbox 1818 3197 1864 3260; x_wconf 67' lang='grc' dir='ltr'>ο</span> <span class='ocrx_word' id='word_1_679' title='bbox 1898 3177 2027 3232; x_wconf 90' lang='lat' dir='ltr'><strong><em>ergo</em></strong></span> <span class='ocrx_word' id='word_1_680' title='bbox 2049 3163 2377 3220; x_wconf 86' lang='lat' dir='ltr'><strong><em>Eadbaldum</em></strong></span> <span class='ocrx_word' id='word_1_681' title='bbox 2400 3180 2603 3235; x_wconf 83' lang='lat' dir='ltr'><strong><em>regem,</em></strong></span> <span class='ocrx_word' id='word_1_682' title='bbox 2629 3176 2683 3223; x_wconf 87' lang='lat' dir='ltr'><strong><em>et</em></strong></span> <span class='ocrx_word' id='word_1_683' title='bbox 2704 3169 2902 3225; x_wconf 86' lang='lat' dir='ltr'><strong><em>inﬂicta</em></strong></span> <span class='ocrx_word' id='word_1_684' title='bbox 2924 3173 3024 3227; x_wconf 89' lang='lat' dir='ltr'><strong><em>sibi</em></strong></span> <span class='ocrx_word' id='word_1_685' title='bbox 3058 3176 3280 3232; x_wconf 89' lang='lat' dir='ltr'><strong><em>verbera</em></strong></span> <span class='ocrx_word' id='word_1_686' title='bbox 3304 3186 3487 3235; x_wconf 89' lang='lat' dir='ltr'><strong><em>osten-</em></strong></span> 
     </span>
    </p>
   </div>
   <div class='ocr_carea' id='block_1_95' title="bbox 1896 3255 3486 3338">
    <p class='ocr_par' dir='ltr' id='par_1_95' title="bbox 1896 3255 3486 3338">
     <span class='ocr_line' id='line_1_96' title="bbox 1896 3255 3486 3338; baseline 0.012 -29"><span class='ocrx_word' id='word_1_687' title='bbox 1896 3255 2046 3320; x_wconf 91' lang='lat' dir='ltr'><strong><em>dens,</em></strong></span> <span class='ocrx_word' id='word_1_688' title='bbox 2067 3272 2187 3312; x_wconf 93' lang='lat' dir='ltr'><strong><em>eum</em></strong></span> <span class='ocrx_word' id='word_1_689' title='bbox 2215 3258 2280 3312; x_wconf 89' lang='lat' dir='ltr'><strong><em>ad</em></strong></span> <span class='ocrx_word' id='word_1_690' title='bbox 2304 3259 2657 3315; x_wconf 88' lang='lat' dir='ltr'><strong><em>idololatriam</em></strong></span> <span class='ocrx_word' id='word_1_691' title='bbox 2681 3262 3009 3332; x_wconf 88' lang='lat' dir='ltr'><strong><em>ejurandam,</em></strong></span> <span class='ocrx_word' id='word_1_692' title='bbox 3030 3270 3486 3338; x_wconf 87' lang='lat' dir='ltr'><strong><em>amplectendam-</em></strong></span> 
     </span>
    </p>
   </div>
   <div class='ocr_carea' id='block_1_96' title="bbox 1894 3346 3488 3426">
    <p class='ocr_par' dir='ltr' id='par_1_96' title="bbox 1894 3346 3488 3426">
     <span class='ocr_line' id='line_1_97' title="bbox 1894 3346 3488 3426; baseline 0.014 -27"><span class='ocrx_word' id='word_1_693' title='bbox 1894 3360 1999 3415; x_wconf 90' lang='lat' dir='ltr'><strong><em>que</em></strong></span> <span class='ocrx_word' id='word_1_694' title='bbox 2046 3346 2406 3404; x_wconf 88' lang='lat' dir='ltr'><strong><em>Christianam</em></strong></span> <span class='ocrx_word' id='word_1_695' title='bbox 2457 3352 2637 3418; x_wconf 84' lang='lat' dir='ltr'><strong><em>fidem,</em></strong></span> <span class='ocrx_word' id='word_1_696' title='bbox 2670 3354 2756 3409; x_wconf 91' lang='lat' dir='ltr'><strong><em>cui</em></strong></span> <span class='ocrx_word' id='word_1_697' title='bbox 2804 3365 2990 3426; x_wconf 88' lang='lat' dir='ltr'><strong><em>postea</em></strong></span> <span class='ocrx_word' id='word_1_698' title='bbox 3029 3373 3096 3413; x_wconf 84' lang='lat' dir='ltr'><strong><em>ex</em></strong></span> <span class='ocrx_word' id='word_1_699' title='bbox 3125 3361 3305 3419; x_wconf 90' lang='lat' dir='ltr'><strong><em>animo</em></strong></span> <span class='ocrx_word' id='word_1_700' title='bbox 3355 3363 3488 3423; x_wconf 90' lang='lat' dir='ltr'><strong><em>favit</em></strong></span> 
     </span>
    </p>
   </div>
   <div class='ocr_carea' id='block_1_97' title="bbox 1893 3438 3480 3522">
    <p class='ocr_par' dir='ltr' id='par_1_97' title="bbox 1893 3438 3480 3522">
     <span class='ocr_line' id='line_1_98' title="bbox 1893 3438 3480 3522; baseline 0.013 -31"><span class='ocrx_word' id='word_1_701' title='bbox 1893 3438 1947 3491; x_wconf 90' lang='lat' dir='ltr'><strong><em>in</em></strong></span> <span class='ocrx_word' id='word_1_702' title='bbox 1978 3440 2250 3505; x_wconf 91' lang='lat' dir='ltr'><strong><em>omnibus,</em></strong></span> <span class='ocrx_word' id='word_1_703' title='bbox 2296 3440 2544 3496; x_wconf 80' lang='lat' dir='ltr'><strong><em>adduxit.</em></strong></span> <span class='ocrx_word' id='word_1_704' title='bbox 2580 3441 2863 3500; x_wconf 88' lang='lat' dir='ltr'><strong><em>Saberethi</em></strong></span> <span class='ocrx_word' id='word_1_705' title='bbox 2896 3455 3074 3502; x_wconf 89' lang='lat' dir='ltr'><strong><em>autem</em></strong></span> <span class='ocrx_word' id='word_1_706' title='bbox 3104 3448 3198 3505; x_wconf 87' lang='lat' dir='ltr'><strong><em>filii</em></strong></span> <span class='ocrx_word' id='word_1_707' title='bbox 3225 3454 3317 3522; x_wconf 90' lang='lat' dir='ltr'><strong><em>qui</em></strong></span> <span class='ocrx_word' id='word_1_708' title='bbox 3346 3454 3480 3512; x_wconf 84' lang='lat' dir='ltr'><strong><em>Mel-</em></strong></span> 
     </span>
    </p>
   </div>
   <div class='ocr_carea' id='block_1_98' title="bbox 1892 3527 3482 3615">
    <p class='ocr_par' dir='ltr' id='par_1_98' title="bbox 1892 3527 3482 3615">
     <span class='ocr_line' id='line_1_99' title="bbox 1892 3527 3482 3615; baseline 0.014 -36"><span class='ocrx_word' id='word_1_709' title='bbox 1892 3527 2046 3580; x_wconf 89' lang='lat' dir='ltr'><strong><em>litum</em></strong></span> <span class='ocrx_word' id='word_1_710' title='bbox 2077 3537 2132 3581; x_wconf 89' lang='lat' dir='ltr'><strong><em>et</em></strong></span> <span class='ocrx_word' id='word_1_711' title='bbox 2172 3528 2316 3597; x_wconf 92' lang='lat' dir='ltr'><strong><em>quod</em></strong></span> <span class='ocrx_word' id='word_1_712' title='bbox 2366 3530 2693 3598; x_wconf 64' lang='lat' dir='ltr'><strong><em>praedicabat</em></strong></span> <span class='ocrx_word' id='word_1_713' title='bbox 2741 3530 3087 3604; x_wconf 86' lang='lat' dir='ltr'><strong><em>Evangelium</em></strong></span> <span class='ocrx_word' id='word_1_714' title='bbox 3140 3540 3482 3615; x_wconf 87' lang='lat' dir='ltr'><strong><em>rejecerant,</em></strong></span> 
     </span>
    </p>
   </div>
   <div class='ocr_carea' id='block_1_99' title="bbox 1893 3620 3484 3697">
    <p class='ocr_par' dir='ltr' id='par_1_99' title="bbox 1893 3620 3484 3697">
     <span class='ocr_line' id='line_1_100' title="bbox 1893 3620 3484 3697; baseline 0.012 -25"><span class='ocrx_word' id='word_1_715' title='bbox 1893 3620 2274 3687; x_wconf 89' lang='lat' dir='ltr'><strong><em>perduellionis</em></strong></span> <span class='ocrx_word' id='word_1_716' title='bbox 2294 3636 2401 3675; x_wconf 66' lang='lat' dir='ltr'><strong><em>sua:</em></strong></span> <span class='ocrx_word' id='word_1_717' title='bbox 2432 3637 2618 3691; x_wconf 73' lang='lat' dir='ltr'><strong><em>pmnas</em></strong></span> <span class='ocrx_word' id='word_1_718' title='bbox 2640 3623 2921 3690; x_wconf 89' lang='lat' dir='ltr'><strong><em>dederunt,</em></strong></span> <span class='ocrx_word' id='word_1_719' title='bbox 2948 3630 2999 3681; x_wconf 82' lang='lat' dir='ltr'><strong><em>in</em></strong></span> <span class='ocrx_word' id='word_1_720' title='bbox 3023 3630 3206 3697; x_wconf 75' lang='lat' dir='ltr'><strong><em>prtelio</em></strong></span> <span class='ocrx_word' id='word_1_721' title='bbox 3225 3633 3484 3692; x_wconf 90' lang='lat' dir='ltr'><strong><em>adversus</em></strong></span> 
     </span>
    </p>
   </div>
   <div class='ocr_carea' id='block_1_100' title="bbox 1891 3707 3482 3781">
    <p class='ocr_par' dir='ltr' id='par_1_100' title="bbox 1891 3707 3482 3781">
     <span class='ocr_line' id='line_1_101' title="bbox 1891 3707 3482 3781; baseline 0.011 -18"><span class='ocrx_word' id='word_1_722' title='bbox 1891 3707 2238 3763; x_wconf 83' lang='lat' dir='ltr'><strong><em>Geuissorum</em></strong></span> <span class='ocrx_word' id='word_1_723' title='bbox 2261 3720 2474 3777; x_wconf 89' lang='lat' dir='ltr'><strong><em>gentem</em></strong></span> <span class='ocrx_word' id='word_1_724' title='bbox 2494 3728 2614 3765; x_wconf 90' lang='lat' dir='ltr'><strong><em>cum</em></strong></span> <span class='ocrx_word' id='word_1_725' title='bbox 2632 3715 2775 3767; x_wconf 89' lang='lat' dir='ltr'><strong><em>omni</em></strong></span> <span class='ocrx_word' id='word_1_726' title='bbox 2799 3717 3039 3771; x_wconf 80' lang='lat' dir='ltr'><strong><em>exercitu</em></strong></span> <span class='ocrx_word' id='word_1_727' title='bbox 3060 3720 3203 3774; x_wconf 80' lang='lat' dir='ltr'><strong><em>caesi.</em></strong></span> <span class='ocrx_word' id='word_1_728' title='bbox 3223 3720 3482 3781; x_wconf 83' lang='lat' dir='ltr'><strong><em>Revocati</em></strong></span> 
     </span>
    </p>
   </div>
   <div class='ocr_carea' id='block_1_101' title="bbox 1889 3799 3480 3876">
    <p class='ocr_par' dir='ltr' id='par_1_101' title="bbox 1889 3799 3480 3876">
     <span class='ocr_line' id='line_1_102' title="bbox 1889 3799 3480 3876; baseline 0.01 -23"><span class='ocrx_word' id='word_1_729' title='bbox 1889 3800 2073 3869; x_wconf 88' lang='lat' dir='ltr'><strong><em>itaque</em></strong></span> <span class='ocrx_word' id='word_1_730' title='bbox 2100 3816 2166 3853; x_wconf 83' lang='lat' dir='ltr'><strong><em>ex</em></strong></span> <span class='ocrx_word' id='word_1_731' title='bbox 2196 3799 2381 3853; x_wconf 88' lang='lat' dir='ltr'><strong><em>Galliis</em></strong></span> <span class='ocrx_word' id='word_1_732' title='bbox 2409 3801 2475 3854; x_wconf 88' lang='lat' dir='ltr'><strong><em>ab</em></strong></span> <span class='ocrx_word' id='word_1_733' title='bbox 2502 3800 2794 3859; x_wconf 89' lang='lat' dir='ltr'><strong><em>Laurentio</em></strong></span> <span class='ocrx_word' id='word_1_734' title='bbox 2824 3804 3056 3863; x_wconf 85' lang='lat' dir='ltr'><strong><em>Mellitus</em></strong></span> <span class='ocrx_word' id='word_1_735' title='bbox 3085 3817 3141 3863; x_wconf 90' lang='lat' dir='ltr'><strong><em>et</em></strong></span> <span class='ocrx_word' id='word_1_736' title='bbox 3177 3809 3381 3876; x_wconf 83' lang='lat' dir='ltr'><strong><em>Justus,</em></strong></span> <span class='ocrx_word' id='word_1_737' title='bbox 3411 3814 3480 3869; x_wconf 89' lang='lat' dir='ltr'><strong><em>ad</em></strong></span> 
     </span>
    </p>
   </div>
   <div class='ocr_carea' id='block_1_102' title="bbox 1890 3890 3479 3962">
    <p class='ocr_par' dir='ltr' id='par_1_102' title="bbox 1890 3890 3479 3962">
     <span class='ocr_line' id='line_1_103' title="bbox 1890 3890 3479 3962; baseline 0.009 -19"><span class='ocrx_word' id='word_1_738' title='bbox 1890 3890 2248 3944; x_wconf 89' lang='lat' dir='ltr'><strong><em>intermissum</em></strong></span> <span class='ocrx_word' id='word_1_739' title='bbox 2272 3890 2667 3959; x_wconf 73' lang='lat' dir='ltr'><strong><em>praedicationis</em></strong></span> <span class='ocrx_word' id='word_1_740' title='bbox 2689 3909 2824 3962; x_wconf 93' lang='lat' dir='ltr'><strong><em>opus</em></strong></span> <span class='ocrx_word' id='word_1_741' title='bbox 2844 3895 3138 3951; x_wconf 89' lang='lat' dir='ltr'><strong><em>redierunt.</em></strong></span> <span class='ocrx_word' id='word_1_742' title='bbox 3162 3897 3288 3955; x_wconf 58' lang='lat' dir='ltr'><strong><em>Haec</em></strong></span> <span class='ocrx_word' id='word_1_743' title='bbox 3310 3901 3479 3960; x_wconf 80' lang='lat' dir='ltr'><strong><em>fusius</em></strong></span> 
     </span>
    </p>
   </div>
   <div class='ocr_carea' id='block_1_103' title="bbox 1889 3984 2973 4057">
    <p class='ocr_par' dir='ltr' id='par_1_103' title="bbox 1889 3984 2973 4057">
     <span class='ocr_line' id='line_1_104' title="bbox 1889 3984 2973 4057; baseline 0.003 -20"><span class='ocrx_word' id='word_1_744' title='bbox 1889 3985 2031 4054; x_wconf 91' lang='lat' dir='ltr'><strong><em>apud</em></strong></span> <span class='ocrx_word' id='word_1_745' title='bbox 2060 3984 2278 4037; x_wconf 89' lang='lat' dir='ltr'><strong><em>Bedam.</em></strong></span> <span class='ocrx_word' id='word_1_746' title='bbox 2314 3984 2331 4052; x_wconf 96' lang='lat'>(</span> <span class='ocrx_word' id='word_1_747' title='bbox 2364 3984 2447 4056; x_wconf 85' lang='lat' dir='ltr'><strong><em>Cf.</em></strong></span> <span class='ocrx_word' id='word_1_748' title='bbox 2479 3984 2642 4051; x_wconf 89' lang='lat' dir='ltr'><strong><em>Beda,</em></strong></span> <span class='ocrx_word' id='word_1_749' title='bbox 2670 3987 2707 4039; x_wconf 94' lang='lat' dir='ltr'><strong><em>l.</em></strong></span> <span class='ocrx_word' id='word_1_750' title='bbox 2736 4002 2794 4055; x_wconf 84' lang='grc' dir='ltr'><strong><em>ιι,</em></strong></span> <span class='ocrx_word' id='word_1_751' title='bbox 2822 4003 2868 4040; x_wconf 91' lang='lat' dir='ltr'><strong><em>c.</em></strong></span> <span class='ocrx_word' id='word_1_752' title='bbox 2894 3987 2973 4057; x_wconf 85' lang='lat'><strong><em>6.)</em></strong></span> 
     </span>
    </p>
   </div>
   <div class='ocr_carea' id='block_1_104' title="bbox 1958 4097 3476 4172">
    <p class='ocr_par' dir='ltr' id='par_1_104' title="bbox 1958 4097 3476 4172">
     <span class='ocr_line' id='line_1_105' title="bbox 1958 4097 3476 4172; baseline 0.009 -20"><span class='ocrx_word' id='word_1_753' title='bbox 1958 4097 2010 4152; x_wconf 88' lang='lat'><strong><em>9.</em></strong></span> <span class='ocrx_word' id='word_1_754' title='bbox 2053 4098 2110 4153; x_wconf 92' lang='grc'>8.</span> <span class='ocrx_word' id='word_1_755' title='bbox 2157 4098 2446 4154; x_wconf 89' lang='lat' dir='ltr'><strong><em>Laurentio</em></strong></span> <span class='ocrx_word' id='word_1_756' title='bbox 2494 4097 2765 4155; x_wconf 89' lang='lat' dir='ltr'><strong><em>laboribus</em></strong></span> <span class='ocrx_word' id='word_1_757' title='bbox 2819 4102 3131 4172; x_wconf 72' lang='lat' dir='ltr'><strong><em>apostolicis</em></strong></span> <span class='ocrx_word' id='word_1_758' title='bbox 3160 4113 3214 4161; x_wconf 92' lang='lat' dir='ltr'><strong><em>et</em></strong></span> <span class='ocrx_word' id='word_1_759' title='bbox 3242 4106 3351 4162; x_wconf 86' lang='lat' dir='ltr'><strong><em>vita</em></strong></span> <span class='ocrx_word' id='word_1_760' title='bbox 3377 4109 3476 4166; x_wconf 85' lang='lat' dir='ltr'><strong><em>de-</em></strong></span> 
     </span>
    </p>
   </div>
   <div class='ocr_carea' id='block_1_105' title="bbox 1886 4189 3476 4271">
    <p class='ocr_par' dir='ltr' id='par_1_105' title="bbox 1886 4189 3476 4271">
     <span class='ocr_line' id='line_1_106' title="bbox 1886 4189 3476 4271; baseline 0.009 -28"><span class='ocrx_word' id='word_1_761' title='bbox 1886 4189 2071 4245; x_wconf 86' lang='lat' dir='ltr'><strong><em>functo</em></strong></span> <span class='ocrx_word' id='word_1_762' title='bbox 2101 4204 2378 4247; x_wconf 86' lang='lat' dir='ltr'><strong><em>successor</em></strong></span> <span class='ocrx_word' id='word_1_763' title='bbox 2407 4191 2561 4245; x_wconf 90' lang='lat' dir='ltr'><strong><em>datus</em></strong></span> <span class='ocrx_word' id='word_1_764' title='bbox 2591 4199 2673 4247; x_wconf 91' lang='lat' dir='ltr'><strong><em>est</em></strong></span> <span class='ocrx_word' id='word_1_765' title='bbox 2709 4191 2939 4250; x_wconf 88' lang='lat' dir='ltr'><strong><em>Mellitus</em></strong></span> <span class='ocrx_word' id='word_1_766' title='bbox 2964 4212 2977 4260; x_wconf 89' lang='lat'><strong>;</strong></span> <span class='ocrx_word' id='word_1_767' title='bbox 3026 4194 3255 4266; x_wconf 87' lang='lat' dir='ltr'><strong><em>Mellito,</em></strong></span> <span class='ocrx_word' id='word_1_768' title='bbox 3288 4210 3476 4271; x_wconf 83' lang='lat' dir='ltr'><strong><em>postea</em></strong></span> 
     </span>
    </p>
   </div>
   <div class='ocr_carea' id='block_1_106' title="bbox 1886 4280 3476 4361">
    <p class='ocr_par' dir='ltr' id='par_1_106' title="bbox 1886 4280 3476 4361">
     <span class='ocr_line' id='line_1_107' title="bbox 1886 4280 3476 4361; baseline 0.008 -24"><span class='ocrx_word' id='word_1_769' title='bbox 1886 4282 2142 4337; x_wconf 86' lang='lat' dir='ltr'><strong><em>successit</em></strong></span> <span class='ocrx_word' id='word_1_770' title='bbox 2163 4280 2373 4347; x_wconf 82' lang='lat' dir='ltr'><strong><em>Justus;</em></strong></span> <span class='ocrx_word' id='word_1_771' title='bbox 2403 4281 2554 4339; x_wconf 86' lang='lat' dir='ltr'><strong><em>Justo</em></strong></span> <span class='ocrx_word' id='word_1_772' title='bbox 2576 4280 2863 4338; x_wconf 82' lang='lat' dir='ltr'><strong><em>Honorius.</em></strong></span> <span class='ocrx_word' id='word_1_773' title='bbox 2889 4283 3041 4342; x_wconf 86' lang='lat' dir='ltr'><strong><em>Hunc</em></strong></span> <span class='ocrx_word' id='word_1_774' title='bbox 3062 4290 3279 4361; x_wconf 82' lang='lat' dir='ltr'><strong><em>excepit</em></strong></span> <span class='ocrx_word' id='word_1_775' title='bbox 3306 4290 3476 4350; x_wconf 84' lang='lat' dir='ltr'><strong><em>Deus-</em></strong></span> 
     </span>
    </p>
   </div>
   <div class='ocr_carea' id='block_1_107' title="bbox 1888 4373 3474 4454">
    <p class='ocr_par' dir='ltr' id='par_1_107' title="bbox 1888 4373 3474 4454">
     <span class='ocr_line' id='line_1_108' title="bbox 1888 4373 3474 4454; baseline 0.007 -27"><span class='ocrx_word' id='word_1_776' title='bbox 1888 4374 2055 4439; x_wconf 88' lang='lat' dir='ltr'><strong><em>dedit,</em></strong></span> <span class='ocrx_word' id='word_1_777' title='bbox 2080 4382 2200 4444; x_wconf 82' lang='lat' dir='ltr'><strong><em>post</em></strong></span> <span class='ocrx_word' id='word_1_778' title='bbox 2228 4388 2388 4444; x_wconf 87' lang='lat' dir='ltr'><strong><em>quem</em></strong></span> <span class='ocrx_word' id='word_1_779' title='bbox 2435 4374 2574 4432; x_wconf 88' lang='lat' dir='ltr'><strong><em>sedit</em></strong></span> <span class='ocrx_word' id='word_1_780' title='bbox 2620 4373 2933 4433; x_wconf 88' lang='lat' dir='ltr'><strong><em>Theodorus</em></strong></span> <span class='ocrx_word' id='word_1_781' title='bbox 2974 4391 3005 4431; x_wconf 89' lang='lat' dir='ltr'><strong><em>a</em></strong></span> <span class='ocrx_word' id='word_1_782' title='bbox 3032 4377 3301 4435; x_wconf 84' lang='lat' dir='ltr'><strong><em>Vitaliano</em></strong></span> <span class='ocrx_word' id='word_1_783' title='bbox 3331 4398 3474 4454; x_wconf 82' lang='lat' dir='ltr'><strong><em>papa</em></strong></span> 
     </span>
    </p>
   </div>
   <div class='ocr_carea' id='block_1_108' title="bbox 1886 4465 3471 4536">
    <p class='ocr_par' dir='ltr' id='par_1_108' title="bbox 1886 4465 3471 4536">
     <span class='ocr_line' id='line_1_109' title="bbox 1886 4465 3471 4536; baseline 0.006 -16"><span class='ocrx_word' id='word_1_784' title='bbox 1886 4466 2099 4531; x_wconf 82' lang='lat' dir='ltr'><strong><em>missus,</em></strong></span> <span class='ocrx_word' id='word_1_785' title='bbox 2129 4465 2220 4536; x_wconf 90' lang='lat' dir='ltr'><strong><em>qui</em></strong></span> <span class='ocrx_word' id='word_1_786' title='bbox 2272 4465 2519 4521; x_wconf 86' lang='lat' dir='ltr'><strong><em>Britones</em></strong></span> <span class='ocrx_word' id='word_1_787' title='bbox 2561 4466 2779 4522; x_wconf 88' lang='lat' dir='ltr'><strong><em>tandem</em></strong></span> <span class='ocrx_word' id='word_1_788' title='bbox 2824 4466 2891 4523; x_wconf 87' lang='lat' dir='ltr'><strong><em>ad</em></strong></span> <span class='ocrx_word' id='word_1_789' title='bbox 2932 4466 3187 4531; x_wconf 74' lang='lat' dir='ltr'><strong><em>Ecclesia:</em></strong></span> <span class='ocrx_word' id='word_1_790' title='bbox 3215 4470 3471 4530; x_wconf 70' lang='lat' dir='ltr'><strong><em>Romamn</em></strong></span> 
     </span>
    </p>
   </div>
   <div class='ocr_carea' id='block_1_109' title="bbox 1812 4554 3472 4637">
    <p class='ocr_par' dir='ltr' id='par_1_109' title="bbox 1812 4554 3472 4637">
     <span class='ocr_line' id='line_1_110' title="bbox 1812 4554 3472 4637; baseline 0.004 -27"><span class='ocrx_word' id='word_1_791' title='bbox 1812 4577 1860 4637; x_wconf 72' lang='grc' dir='ltr'><strong><em>ι)</em></strong></span> <span class='ocrx_word' id='word_1_792' title='bbox 1886 4557 2020 4612; x_wconf 89' lang='lat' dir='ltr'><strong><em>ritus</em></strong></span> <span class='ocrx_word' id='word_1_793' title='bbox 2048 4570 2236 4611; x_wconf 89' lang='lat' dir='ltr'><strong><em>omnes</em></strong></span> <span class='ocrx_word' id='word_1_794' title='bbox 2264 4554 2490 4611; x_wconf 86' lang='lat' dir='ltr'><strong><em>feliciter</em></strong></span> <span class='ocrx_word' id='word_1_795' title='bbox 2518 4558 2787 4627; x_wconf 83' lang='lat' dir='ltr'><strong><em>perduxit.</em></strong></span> <span class='ocrx_word' id='word_1_796' title='bbox 2829 4557 2927 4613; x_wconf 84' lang='lat' dir='ltr'><strong><em>Hic</em></strong></span> <span class='ocrx_word' id='word_1_797' title='bbox 2951 4559 3345 4617; x_wconf 81' lang='lat' dir='ltr'><strong><em>subsistendum</em></strong></span> <span class='ocrx_word' id='word_1_798' title='bbox 3373 4579 3472 4632; x_wconf 89' lang='lat' dir='ltr'><strong><em>pu-</em></strong></span> 
     </span>
    </p>
   </div>
   <div class='ocr_carea' id='block_1_110' title="bbox 1883 4647 3472 4722">
    <p class='ocr_par' dir='ltr' id='par_1_110' title="bbox 1883 4647 3472 4722">
     <span class='ocr_line' id='line_1_111' title="bbox 1883 4647 3472 4722; baseline 0.006 -19"><span class='ocrx_word' id='word_1_799' title='bbox 1883 4658 2079 4715; x_wconf 89' lang='lat' dir='ltr'><strong><em>tamus,</em></strong></span> <span class='ocrx_word' id='word_1_800' title='bbox 2113 4657 2169 4703; x_wconf 93' lang='lat' dir='ltr'><strong><em>ut</em></strong></span> <span class='ocrx_word' id='word_1_801' title='bbox 2215 4648 2280 4703; x_wconf 89' lang='lat' dir='ltr'><strong><em>ad</em></strong></span> <span class='ocrx_word' id='word_1_802' title='bbox 2312 4647 2365 4704; x_wconf 93' lang='lat' dir='ltr'><strong><em>S.</em></strong></span> <span class='ocrx_word' id='word_1_803' title='bbox 2400 4648 2644 4718; x_wconf 88' lang='lat' dir='ltr'><strong><em>Gregorii</em></strong></span> <span class='ocrx_word' id='word_1_804' title='bbox 2673 4659 2821 4720; x_wconf 84' lang='lat' dir='ltr'><strong><em>gesta</em></strong></span> <span class='ocrx_word' id='word_1_805' title='bbox 2860 4651 3047 4706; x_wconf 87' lang='lat' dir='ltr'><strong><em>redeat</em></strong></span> <span class='ocrx_word' id='word_1_806' title='bbox 3093 4652 3289 4707; x_wconf 85' lang='lat' dir='ltr'><strong><em>oratio.</em></strong></span> <span class='ocrx_word' id='word_1_807' title='bbox 3339 4653 3472 4722; x_wconf 62' lang='lat' dir='ltr'><strong><em>Quae</em></strong></span> 
     </span>
    </p>
   </div>
   <div class='ocr_carea' id='block_1_111' title="bbox 1883 4740 3467 4812">
    <p class='ocr_par' dir='ltr' id='par_1_111' title="bbox 1883 4740 3467 4812">
     <span class='ocr_line' id='line_1_112' title="bbox 1883 4740 3467 4812; baseline 0.004 -18"><span class='ocrx_word' id='word_1_808' title='bbox 1883 4740 1950 4795; x_wconf 86' lang='lat' dir='ltr'><strong><em>de</em></strong></span> <span class='ocrx_word' id='word_1_809' title='bbox 1975 4740 2269 4810; x_wconf 87' lang='lat' dir='ltr'><strong><em>Anglorum</em></strong></span> <span class='ocrx_word' id='word_1_810' title='bbox 2299 4744 2652 4798; x_wconf 60' lang='lat' dir='ltr'><strong><em>conversione</em></strong></span> <span class='ocrx_word' id='word_1_811' title='bbox 2673 4743 3065 4812; x_wconf 88' lang='lat' dir='ltr'><strong><em>congessimus,</em></strong></span> <span class='ocrx_word' id='word_1_812' title='bbox 3098 4742 3339 4799; x_wconf 88' lang='lat' dir='ltr'><strong><em>recolant</em></strong></span> <span class='ocrx_word' id='word_1_813' title='bbox 3370 4760 3467 4800; x_wconf 87' lang='lat' dir='ltr'><strong><em>eo-</em></strong></span> 
     </span>
    </p>
   </div>
   <div class='ocr_carea' id='block_1_112' title="bbox 1881 4829 3468 4904">
    <p class='ocr_par' dir='ltr' id='par_1_112' title="bbox 1881 4829 3468 4904">
     <span class='ocr_line' id='line_1_113' title="bbox 1881 4829 3468 4904; baseline 0.003 -19"><span class='ocrx_word' id='word_1_814' title='bbox 1881 4848 1999 4886; x_wconf 86' lang='lat' dir='ltr'><strong><em>rum</em></strong></span> <span class='ocrx_word' id='word_1_815' title='bbox 2023 4832 2260 4902; x_wconf 87' lang='lat' dir='ltr'><strong><em>posteri:</em></strong></span> <span class='ocrx_word' id='word_1_816' title='bbox 2290 4833 2623 4899; x_wconf 87' lang='lat' dir='ltr'><strong><em>interrogent</em></strong></span> <span class='ocrx_word' id='word_1_817' title='bbox 2652 4831 2863 4886; x_wconf 84' lang='lat' dir='ltr'><strong><em>Patrem</em></strong></span> <span class='ocrx_word' id='word_1_818' title='bbox 2894 4846 3003 4886; x_wconf 70' lang='lat' dir='ltr'><strong><em>suaa</em></strong></span> <span class='ocrx_word' id='word_1_819' title='bbox 3034 4829 3155 4891; x_wconf 80' lang='lat' dir='ltr'><strong><em>ﬁdei</em></strong></span> <span class='ocrx_word' id='word_1_820' title='bbox 3182 4829 3240 4886; x_wconf 92' lang='lat' dir='ltr'><strong><em>S.</em></strong></span> <span class='ocrx_word' id='word_1_821' title='bbox 3271 4831 3468 4904; x_wconf 79' lang='lat' dir='ltr'><strong><em>Grego-</em></strong></span> 
     </span>
    </p>
   </div>
   <div class='ocr_carea' id='block_1_113' title="bbox 1881 4920 3462 4995">
    <p class='ocr_par' dir='ltr' id='par_1_113' title="bbox 1881 4920 3462 4995">
     <span class='ocr_line' id='line_1_114' title="bbox 1881 4920 3462 4995; baseline 0.002 -18"><span class='ocrx_word' id='word_1_822' title='bbox 1881 4923 2037 4987; x_wconf 90' lang='lat' dir='ltr'><strong><em>rium,</em></strong></span> <span class='ocrx_word' id='word_1_823' title='bbox 2072 4930 2127 4976; x_wconf 85' lang='lat' dir='ltr'><strong><em>et</em></strong></span> <span class='ocrx_word' id='word_1_824' title='bbox 2154 4922 2491 4976; x_wconf 85' lang='lat' dir='ltr'><strong><em>annuntiabit</em></strong></span> <span class='ocrx_word' id='word_1_825' title='bbox 2520 4922 2627 4987; x_wconf 90' lang='lat' dir='ltr'><strong><em>eis;</em></strong></span> <span class='ocrx_word' id='word_1_826' title='bbox 2670 4920 2901 4989; x_wconf 89' lang='lat' dir='ltr'><strong><em>majores</em></strong></span> <span class='ocrx_word' id='word_1_827' title='bbox 2931 4921 3282 4989; x_wconf 90' lang='lat' dir='ltr'><strong><em>Augustinum</em></strong></span> <span class='ocrx_word' id='word_1_828' title='bbox 3315 4924 3462 4995; x_wconf 85' lang='lat' dir='ltr'><strong><em>ejus-</em></strong></span> 
     </span>
    </p>
   </div>
   <div class='ocr_carea' id='block_1_114' title="bbox 1880 5009 3463 5082">
    <p class='ocr_par' dir='ltr' id='par_1_114' title="bbox 1880 5009 3463 5082">
     <span class='ocr_line' id='line_1_115' title="bbox 1880 5009 3463 5082; baseline 0.003 -16"><span class='ocrx_word' id='word_1_829' title='bbox 1880 5027 1985 5081; x_wconf 90' lang='lat' dir='ltr'><strong><em>que</em></strong></span> <span class='ocrx_word' id='word_1_830' title='bbox 2014 5010 2286 5078; x_wconf 84' lang='lat' dir='ltr'><strong><em>adjutores</em></strong></span> <span class='ocrx_word' id='word_1_831' title='bbox 2316 5010 2626 5075; x_wconf 87' lang='lat' dir='ltr'><strong><em>monachos,</em></strong></span> <span class='ocrx_word' id='word_1_832' title='bbox 2656 5019 2713 5065; x_wconf 89' lang='lat' dir='ltr'><strong><em>et</em></strong></span> <span class='ocrx_word' id='word_1_833' title='bbox 2759 5009 2937 5065; x_wconf 88' lang='lat' dir='ltr'><strong><em>dicent</em></strong></span> <span class='ocrx_word' id='word_1_834' title='bbox 2987 5010 3137 5082; x_wconf 87' lang='lat' dir='ltr'><strong><em>ipsis,</em></strong></span> <span class='ocrx_word' id='word_1_835' title='bbox 3185 5027 3345 5082; x_wconf 87' lang='lat' dir='ltr'><strong><em>quam</em></strong></span> <span class='ocrx_word' id='word_1_836' title='bbox 3393 5015 3463 5073; x_wconf 87' lang='lat' dir='ltr'><strong><em>ab</em></strong></span> 
     </span>
    </p>
   </div>
   <div class='ocr_carea' id='block_1_115' title="bbox 1879 5102 3459 5175">
    <p class='ocr_par' dir='ltr' id='par_1_115' title="bbox 1879 5102 3459 5175">
     <span class='ocr_line' id='line_1_116' title="bbox 1879 5102 3459 5175; baseline 0.002 -16"><span class='ocrx_word' id='word_1_837' title='bbox 1879 5102 2099 5159; x_wconf 78' lang='lat' dir='ltr'><strong><em>exordio</em></strong></span> <span class='ocrx_word' id='word_1_838' title='bbox 2125 5102 2282 5156; x_wconf 86' lang='lat' dir='ltr'><strong><em>ﬁdem</em></strong></span> <span class='ocrx_word' id='word_1_839' title='bbox 2314 5102 2419 5155; x_wconf 90' lang='lat' dir='ltr'><strong><em>sint</em></strong></span> <span class='ocrx_word' id='word_1_840' title='bbox 2447 5102 2701 5171; x_wconf 79' lang='lat' dir='ltr'><strong><em>amplexi,</em></strong></span> <span class='ocrx_word' id='word_1_841' title='bbox 2723 5110 2979 5170; x_wconf 84' lang='lat' dir='ltr'><strong><em>quantam</em></strong></span> <span class='ocrx_word' id='word_1_842' title='bbox 3006 5104 3316 5175; x_wconf 77' lang='lat' dir='ltr'><strong><em>apostolicae</em></strong></span> <span class='ocrx_word' id='word_1_843' title='bbox 3343 5106 3459 5163; x_wconf 88' lang='lat' dir='ltr'><strong><em>sedi</em></strong></span> 
     </span>
    </p>
   </div>
   <div class='ocr_carea' id='block_1_116' title="bbox 1873 5192 3457 5271">
    <p class='ocr_par' dir='ltr' id='par_1_116' title="bbox 1873 5192 3457 5271">
     <span class='ocr_line' id='line_1_117' title="bbox 1873 5192 3457 5271; baseline 0 -21"><span class='ocrx_word' id='word_1_844' title='bbox 1873 5195 2231 5251; x_wconf 83' lang='lat' dir='ltr'><strong><em>reverentiam</em></strong></span> <span class='ocrx_word' id='word_1_845' title='bbox 2254 5192 2593 5247; x_wconf 78' lang='lat' dir='ltr'><strong><em>exhibuerint</em></strong></span> <span class='ocrx_word' id='word_1_846' title='bbox 2622 5200 2675 5249; x_wconf 86' lang='lat' dir='ltr'><strong><em>et</em></strong></span> <span class='ocrx_word' id='word_1_847' title='bbox 2704 5193 3082 5263; x_wconf 87' lang='lat' dir='ltr'><strong><em>obedientiam,</em></strong></span> <span class='ocrx_word' id='word_1_848' title='bbox 3106 5196 3299 5271; x_wconf 83' lang='lat' dir='ltr'><strong><em>quibus</em></strong></span> <span class='ocrx_word' id='word_1_849' title='bbox 3329 5196 3457 5250; x_wconf 86' lang='lat' dir='ltr'><strong><em>olim</em></strong></span> 
     </span>
    </p>
   </div>
   <div class='ocr_carea' id='block_1_117' title="bbox 1875 5284 3458 5356">
    <p class='ocr_par' dir='ltr' id='par_1_117' title="bbox 1875 5284 3458 5356">
     <span class='ocr_line' id='line_1_118' title="bbox 1875 5284 3458 5356; baseline 0 -15"><span class='ocrx_word' id='word_1_850' title='bbox 1875 5288 1953 5343; x_wconf 92' lang='lat' dir='ltr'><strong><em>usi</em></strong></span> <span class='ocrx_word' id='word_1_851' title='bbox 2004 5286 2371 5351; x_wconf 87' lang='lat' dir='ltr'><strong><em>sacramentis,</em></strong></span> <span class='ocrx_word' id='word_1_852' title='bbox 2402 5301 2536 5356; x_wconf 88' lang='lat' dir='ltr'><strong><em>quos</em></strong></span> <span class='ocrx_word' id='word_1_853' title='bbox 2568 5284 2631 5340; x_wconf 91' lang='lat' dir='ltr'><strong><em>ad</em></strong></span> <span class='ocrx_word' id='word_1_854' title='bbox 2670 5286 2763 5341; x_wconf 89' lang='lat' dir='ltr'><strong><em>Dei</em></strong></span> <span class='ocrx_word' id='word_1_855' title='bbox 2804 5286 3005 5355; x_wconf 82' lang='lat' dir='ltr'><strong><em>cultum</em></strong></span> <span class='ocrx_word' id='word_1_856' title='bbox 3034 5288 3167 5349; x_wconf 88' lang='lat' dir='ltr'><strong><em>ritus</em></strong></span> <span class='ocrx_word' id='word_1_857' title='bbox 3196 5288 3458 5343; x_wconf 87' lang='lat' dir='ltr'><strong><em>adhibue-</em></strong></span> 
     </span>
    </p>
   </div>
   <div class='ocr_carea' id='block_1_118' title="bbox 1873 5378 3459 5448">
    <p class='ocr_par' dir='ltr' id='par_1_118' title="bbox 1873 5378 3459 5448">
     <span class='ocr_line' id='line_1_119' title="bbox 1873 5378 3459 5448; baseline 0 -13"><span class='ocrx_word' id='word_1_858' title='bbox 1873 5380 1999 5435; x_wconf 88' lang='lat' dir='ltr'><strong><em>rint.</em></strong></span> <span class='ocrx_word' id='word_1_859' title='bbox 2057 5378 2209 5432; x_wconf 89' lang='lat' dir='ltr'><strong><em>Heu!</em></strong></span> <span class='ocrx_word' id='word_1_860' title='bbox 2244 5378 2434 5434; x_wconf 82' lang='lat' dir='ltr'><strong><em>altaria</em></strong></span> <span class='ocrx_word' id='word_1_861' title='bbox 2482 5394 2601 5448; x_wconf 67' lang='lat' dir='ltr'><strong><em>quae</em></strong></span> <span class='ocrx_word' id='word_1_862' title='bbox 2640 5378 2716 5434; x_wconf 89' lang='lat' dir='ltr'><strong><em>illi</em></strong></span> <span class='ocrx_word' id='word_1_863' title='bbox 2743 5390 3027 5436; x_wconf 81' lang='lat' dir='ltr'><strong><em>erexerant</em></strong></span> <span class='ocrx_word' id='word_1_864' title='bbox 3074 5381 3459 5447; x_wconf 73' lang='lat' dir='ltr'><strong><em>destruxerunt</em></strong></span> 
     </span>
    </p>
   </div>
   <div class='ocr_carea' id='block_1_119' title="bbox 1870 5470 3453 5542">
    <p class='ocr_par' dir='ltr' id='par_1_119' title="bbox 1870 5470 3453 5542">
     <span class='ocr_line' id='line_1_120' title="bbox 1870 5470 3453 5542; baseline -0.001 -14"><span class='ocrx_word' id='word_1_865' title='bbox 1870 5470 2219 5536; x_wconf 78' lang='lat' dir='ltr'><strong><em>heterodoxi,</em></strong></span> <span class='ocrx_word' id='word_1_866' title='bbox 2264 5479 2319 5527; x_wconf 87' lang='lat' dir='ltr'><strong><em>et</em></strong></span> <span class='ocrx_word' id='word_1_867' title='bbox 2366 5472 2563 5526; x_wconf 88' lang='lat' dir='ltr'><strong><em>avitam</em></strong></span> <span class='ocrx_word' id='word_1_868' title='bbox 2622 5470 3050 5542; x_wconf 87' lang='lat' dir='ltr'><strong><em>catholicamque</em></strong></span> <span class='ocrx_word' id='word_1_869' title='bbox 3095 5472 3408 5541; x_wconf 87' lang='lat' dir='ltr'><strong><em>religionem</em></strong></span> <span class='ocrx_word' id='word_1_870' title='bbox 3436 5509 3453 5535; x_wconf 87' lang='lat'><strong><em>,</em></strong></span> 
     </span>
    </p>
   </div>
   <div class='ocr_carea' id='block_1_120' title="bbox 1869 5618 3308 5686">
    <p class='ocr_par' dir='ltr' id='par_1_120' title="bbox 1869 5618 3308 5686">
     <span class='ocr_line' id='line_1_121' title="bbox 1869 5618 3308 5686; baseline -0.005 -1"><span class='ocrx_word' id='word_1_871' title='bbox 1869 5632 1967 5686; x_wconf 87' lang='lat' dir='ltr'><strong><em>dus</em></strong></span> <span class='ocrx_word' id='word_1_872' title='bbox 1997 5629 2305 5684; x_wconf 84' lang='lat' dir='ltr'><strong><em>meminisse</em></strong></span> <span class='ocrx_word' id='word_1_873' title='bbox 2330 5626 2540 5683; x_wconf 86' lang='lat' dir='ltr'><strong><em>videtur</em></strong></span> <span class='ocrx_word' id='word_1_874' title='bbox 2565 5628 2617 5681; x_wconf 91' lang='lat' dir='ltr'><strong><em>in</em></strong></span> <span class='ocrx_word' id='word_1_875' title='bbox 2642 5618 2767 5683; x_wconf 58' lang='lat' dir='ltr'><strong><em>Vita</em></strong></span> <span class='ocrx_word' id='word_1_876' title='bbox 2790 5626 2846 5681; x_wconf 92' lang='grc'>8.</span> <span class='ocrx_word' id='word_1_877' title='bbox 2877 5624 3151 5681; x_wconf 75' lang='lat' dir='ltr'><strong><em>Malacbite</em></strong></span> <span class='ocrx_word' id='word_1_878' title='bbox 3179 5640 3227 5681; x_wconf 90' lang='lat' dir='ltr'><strong><em>c.</em></strong></span> <span class='ocrx_word' id='word_1_879' title='bbox 3256 5626 3308 5680; x_wconf 84' lang='lat'><strong><em>6.</em></strong></span> 
     </span>
    </p>
   </div>
   <div class='ocr_carea' id='block_1_121' title="bbox 1947 5696 3455 5771">
    <p class='ocr_par' dir='ltr' id='par_1_121' title="bbox 1947 5696 3455 5771">
     <span class='ocr_line' id='line_1_122' title="bbox 1947 5696 3455 5771; baseline 0 -17"><span class='ocrx_word' id='word_1_880' title='bbox 1947 5702 1969 5738; x_wconf 83' lang='lat' dir='ltr'><strong><em>b</em></strong></span> <span class='ocrx_word' id='word_1_881' title='bbox 2010 5701 2307 5756; x_wconf 79' lang='lat' dir='ltr'><strong><em>Rochester</em></strong></span> <span class='ocrx_word' id='word_1_882' title='bbox 2338 5699 2481 5771; x_wconf 89' lang='lat' dir='ltr'><strong><em>apud</em></strong></span> <span class='ocrx_word' id='word_1_883' title='bbox 2532 5698 2730 5756; x_wconf 85' lang='lat' dir='ltr'><strong><em>Bcdam</em></strong></span> <span class='ocrx_word' id='word_1_884' title='bbox 2774 5704 3018 5763; x_wconf 86' lang='lat' dir='ltr'><strong><em>vocatur,</em></strong></span> <span class='ocrx_word' id='word_1_885' title='bbox 3063 5696 3207 5764; x_wconf 91' lang='lat' dir='ltr'><strong><em>quod</em></strong></span> <span class='ocrx_word' id='word_1_886' title='bbox 3255 5710 3455 5765; x_wconf 83' lang='lat' dir='ltr'><strong><em>nomen</em></strong></span> 
     </span>
    </p>
   </div>
   <div class='ocr_carea' id='block_1_122' title="bbox 1878 5772 2291 5827">
    <p class='ocr_par' dir='ltr' id='par_1_122' title="bbox 1878 5772 2291 5827">
     <span class='ocr_line' id='line_1_123' title="bbox 1878 5772 2291 5827; baseline 0 -2"><span class='ocrx_word' id='word_1_887' title='bbox 1878 5772 2051 5827; x_wconf 85' lang='lat' dir='ltr'><strong><em>adhuc</em></strong></span> <span class='ocrx_word' id='word_1_888' title='bbox 2080 5772 2291 5826; x_wconf 89' lang='lat' dir='ltr'><strong><em>retinet.</em></strong></span> 
     </span>
    </p>
   </div>
  </div>
