4130 6470
604 412 705 469 591

1066 400 1127 458 S.
1166 394 1490 455 GREGORII
1528 390 1741 450 MAGNI
1778 388 1964 451 VITA,
2007 384 2099 441 EX
2137 378 2302 436 EJUS
2336 375 2642 435 SCRIPTIS
2684 375 3075 432 ADORNATA.
3115 374 3248 430 ΠΒ.
3288 374 3377 428 ιιι.

3772 373 3887 428 392

609 522 855 583 admissis
897 516 1141 573 omnibus
1181 511 1450 568 erroribus
1479 517 1531 563 et
1560 498 1941 576 impietatibus,
1964 499 2177 569 repule-
2206 499 2257 555 A
2283 496 2549 567 gnitudine
2590 504 2731 563 petes
2759 493 2868 555 ipse
2895 490 3154 559 colligere.
3202 486 3285 541 Ea
3333 488 3397 540 de
3422 486 3497 540 re'
3518 502 3611 556 pro
3644 488 3881 543 remedio

598 624 742 671 runt.
792 609 891 662 Det
939 607 1077 660 Deus
1121 603 1225 656 illis
1263 599 1618 672 pmnitentiam
1666 594 1735 648 ad
1778 589 2183 663 cognoscendam

599 704 878 761 veritatem,
903 704 952 750 et
977 694 1282 763 resipiscant
1307 707 1338 742 a
1360 688 1553 742 diaboli
1580 686 1798 753 laqueis,
1819 700 1850 734 a
1870 698 1969 752 quo
1999 680 2184 751 captivi

599 799 833 849 timentur
860 788 930 842 ad
956 787 1119 857 ipsius
1147 784 1463 839 voluntatem
1495 779 1595 851 (II
1623 778 1756 833 Tim.
1786 793 1843 843 ιι,
1874 774 1989 846 25).

1193 890 1442 958 CAPUT
1481 888 1575 945 1X.

601 994 796 1045 Ancum.
818 1016 879 1028 ——
902 990 947 1047 1,
972 986 1200 1049 Gregorii
1223 984 1477 1049 decretum
1515 982 1579 1030 de
1619 981 1955 1049 episcoporum
1976 974 2189 1049 haeredi-

659 1035 868 1106 Eii—-
886 1035 1431 1110 2—.‘Ejusumiserlcordia
1458 1035 1801 1110 prtesert'imiti
1829 1039 2030 1099 captivis
2052 1035 2189 1110 redi-

665 1097 1200 1170 mendisl—sfﬂujus
1219 1097 1594 1170 redemptionis
1623 1102 1774 1170 gratia
1802 1097 1910 1170 vasa
1951 1111 2096 1170 sacra
2115 1097 2188 1170 di-

662 1159 1036 1226 strahi—laudm.
1053 1159 1183 1219 -’4.
1208 1159 1447 1226 Quosdam
1472 1159 1702 1213 Ecclesiae
1725 1162 1927 1226 famulos
1958 1159 2188 1226 libertate

664 1219 903 1286 6365i;
913 1219 1203 1285 Etiéchisma
1216 1219 1563 1286 deserentium
1587 1225 1924 1273 sustentationi
1953 1219 2189 1286 providet.

665 1283 938 1355 -Ϊῖὂξρυεὲ
962 1302 1077 1344 tunc
1096 1298 1265 1355 essent
1287 1288 1519 1355 Ecclesim
1540 1285 1767 1355 Romanae
1806 1296 1928 1355 opes
1967 1287 2018 1355 et
2036 1283 2191 1351 patri-

667 1342 852 1408 mohia‘.
867 1342 1131 1404 wPlurimae
1156 1352 1304 1400 urbes
1330 1350 1438 1408 ejus
1463 1349 1675 1397 dominio
1698 1342 2192 1408 subditaAPriorum

668 1363 848 1408 monia.
900 1363 1131 1404 Plurimae
1156 1363 1304 1400 urbes
1330 1364 1359 1398 e
1381 1363 1438 1397 us
1463 1363 1675 1397 commto
1698 1363 1922 1393 δυυαιωξ.
1968 1363 2182 1390 rrturuw

668 1421 806 1470 Rom.
836 1417 1110 1471 pontiﬁcum
1144 1414 1294 1471 large
1331 1363 1675 1470 eleemosynze.
1702 1407 1886 1471 Quibus
1925 1404 1977 1452 S.
2002 1404 2182 1461 Grego-

668 1483 773 1530 rius
798 1470 995 1527 addidit.
1017 1501 1079 1513 -
1100 1475 1147 1524 7.
1172 1470 1288 1535 Ejus
1309 1472 1373 1521 de
1395 1470 1662 1535 reSidentia
1702 1470 2039 1535 episcoporum
2079 1477 2196 1512 sen-

671 1528 842 1592 tentia.
863 1564 927 1574 —
945 1542 991 1588 8.
1018 1536 1191 1586 Clerici
1209 1528 1461 1583 'extranei
1483 1534 1592 1582 sine
1616 1530 1903 1592 dimissogiis
1947 1528 2196 1592 episcmio-

675 1587 1004 1651 rum—suorum
1028 1598 1207 1646 litteris
1230 1608 1325 1644 non
1348 1593 1634 1655 recipiendi.
1658 1618 1719 1627 —
1738 1593 1795 1655 9._
1813 1587 2198 1655 De_missis__pri-

668 1650 791 1713 vatis
818 1650 889 1711 et
926 1661 1148 1709 altarium
1194 1650 1469 1718 pluralitate
1506 1660 1738 1718 tempere,
1765 1652 1817 1699 S.
1854 1650 2112 1718 _Gregorii.
2137 1674 2199 1718 -_—

676 1708 943 1774 Hiienses
980 1708 1126 1771 etiam
1166 1708 1934 1778 episcoporumubi'jndicandae.
1958 1708 2121 1778 —'-‘_1__1_.
2154 1708 2198 1757 Α

671 1771 849 1846 quibus
872 1796 1027 1846 causa:
1043 1771 1359 1846 clericorum.
1380 1771 1652 1846 Erivilegia'
1667 1774 2000 1846 Ecclesiarum-
2018 1771 2200 1819 illibata

671 1837 835 1896 servat
873 1846 922 1893 S.
952 1844 1242 1902 Gregorius.
1279 1840 1357 1889 De
1378 1837 1710 1902 Ecclesiarum
1732 1837 2200 1902 consecratione..—

676 1892 936 1965 ᾖξ’..ρἷώη
968 1892 1030 1952 in
1054 1892 1303 1952 laudandis
1357 1900 1527 1948 amicis
1564 1899 1758 1947 modum
1800 1897 2038 1944 tenuerit.
2083 1892 2196 1955 (Au.

672 1972 764 2020 596
789 1977 840 2017 et
863 1966 998 2027 597.)

681 2068 732 2123 1.
776 2066 1065 2136 Gregorius
1086 2071 1238 2119 tanto
1259 2062 1444 2116 labore
1466 2075 1531 2114 ac
1559 2058 1739 2113 studio
1770 2058 1826 2111 in
1853 2053 2203 2126 aggregandis

609 2159 1029 2228 colligendisque
1059 2157 1200 2211 intra
1228 2153 1519 2209 Ecclesiam
1543 2152 1607 2206 iis
1636 2150 1727 2221 qui
1748 2150 1879 2219 foris
1906 2156 2081 2213 erant,
2117 2147 2201 2200 in-

613 2252 892 2316 cumbens,
924 2249 1055 2303 nihil
1080 2255 1259 2300 tamen
1295 2245 1361 2299 de
1388 2243 1643 2313 pastorali
1665 2240 2023 2297 sollicitudine
2052 2238 2206 2293 remi-

611 2340 684 2396 slt
703 2353 830 2408 erga
848 2352 1065 2407 gregem
1083 2333 1395 2404 jamdudum
1417 2347 1526 2387 suae
1542 2346 1681 2386 cum
1701 2346 1733 2385 a
1754 2346 1964 2385 summo
1986 2336 2205 2399 pastore

614 2428 1070 2485 commendatum.
1127 2423 1431 2479 Periculum
1470 2430 1586 2475 erat
1622 2436 1693 2475 ne
1724 2419 1965 2489 episcopi
2016 2418 2203 2487 proxi-

614 2534 827 2574 morum
842 2516 1119 2587 cupiditati
1146 2514 1462 2578 servientes,
1478 2526 1773 2579 eorumque
1786 2510 1964 2580 pravis
1994 2507 2207 2563 abducti

615 2610 883 2675 consiliis,
916 2623 985 2664 ex
1031 2606 1287 2662 Ecclesiae
1340 2604 1598 2659 reditibus
1645 2602 1875 2674 praedia,
1906 2616 2026 2671 qum
2078 2599 2207 2670 ipsis

613 2700 956 2755 hzcreditario
1002 2698 1367 2766 relinquerent
1410 2695 1556 2764 jure,
1605 2703 2023 2764 compararent:
2058 2690 2205 2746 unde

613 2790 968 2859 eleemosynae
1012 2796 1103 2843 aut
1151 2787 1327 2853 nullae,
1359 2794 1449 2840 aut
1492 2784 1769 2855 parciores
1817 2784 1871 2837 in
1901 2796 2119 2851 egenos.
2150 2780 2209 2835 Id

613 2878 830 2947 quidem
856 2887 881 2915 α
911 2878 1079 2932 sacris
1109 2877 1314 2946 legibus
1357 2875 1467 2944 jam
1510 2873 1836 2943 prohibitum
1868 2870 2082 2935 fuerat;
2113 2870 2209 2924 sed

612 2966 849 3023 Joannes
874 2966 1159 3021 Ravennas
1180 2965 1465 3034 episcopus
1485 2978 1576 3016 eas
1598 2968 1897 3030 spreverat,
1921 2968 1976 3014 et
2000 2958 2209 3012 condito

617 3057 943 3114 Testamento
962 3097 976 3123 ,
1008 3058 1206 3111 diversa
1233 3058 1287 3110 in
1318 3054 1567 3108 Ecclesia:
1604 3069 1711 3107 sum
1740 3051 2043 3122 gravamina
2092 3064 2211 3103 con-

614 3150 890 3220 scripserat
920 3148 1061 3217 (Lib.
1093 3164 1167 3214 v1,
1197 3164 1280 3217 ep.
1310 3146 1398 3215 2);
1440 3160 1543 3215 qua
1583 3143 1650 3197 de
1694 3157 1755 3197 re
1783 3140 2212 3211 expostulantes,

618 3253 811 3307 papam
840 3238 1087 3291 adierunt
1116 3235 1437 3306 presbyteri,
1470 3235 1628 3304 271
1658 3232 1893 3296 diaconi,
1924 3230 2206 3298 omnisque
2237 3256 2280 3317 Ο

620 3329 891 3383 Ravennae
933 3330 1146 3383 clerus:
1179 3344 1209 3381 a
1249 3343 1356 3396 quo
1398 3326 1717 3393 judicatum,
1752 3323 1778 3362 ι)
1803 3333 1865 3378 ut
1902 3339 1966 3378 ea
1995 3339 2115 3393 qua:
2141 3323 2209 3378 de

622 3418 880 3474 Ecclesia:
920 3433 1049 3484 suae,
1080 3418 1167 3472 vel
1206 3418 1271 3472 de
1299 3415 1576 3485 acquisitis
1623 3416 1678 3469 in
1707 3414 2023 3483 episcopatu
2050 3414 2212 3469 rebus

620 3519 812 3565 contra
859 3510 1037 3578 legum
1085 3516 1284 3563 statuta
1333 3515 1653 3562 testamento
1698 3505 2050 3573 sancivisset,
2097 3505 2213 3560 hmc

621 3603 773 3657 irrita
804 3609 1175 3658 censerentur.
1205 3599 1267 3655 Si
1315 3599 1436 3669 quid
1465 3607 1635 3651 autem
1681 3597 1744 3651 de
1786 3597 2012 3666 propriis
2061 3596 2210 3651 rebus

621 3714 749 3767 quas
776 3705 897 3749 ante
924 3698 1271 3764 episcopatum
1304 3690 1501 3758 habuit,
1531 3690 1665 3761 quod
1691 3690 1892 3761 quidem
1933 3690 2078 3761 prius
2110 3687 2213 3742 Ec-

619 3789 791 3844 clesia:
821 3805 928 3843 sua:
956 3803 1062 3841 non
1088 3786 1340 3851 contulit,
1381 3785 1496 3855 fieri
1521 3783 1678 3838 voluit
1708 3783 1783 3837 vel
1812 3783 2063 3848 decrevit,
2113 3782 2213 3851 ﬁr-

620 3899 761 3937 mum
806 3899 896 3953 per
944 3880 1122 3935 omnia
1171 3879 1327 3933 robur
1376 3877 1606 3932 obtinere
1656 3893 1859 3931 necesse
1913 3884 2008 3943 est,
2042 3875 2214 3945 inquit

622 3975 961 4045 aequissimus
1004 3970 1266 4042 pontifex.
1320 3970 1463 4025 Idem
1510 3970 1707 4024 iterato
1738 3980 1925 4039 postea
1954 3967 2212 4031 decrevit,

619 4068 886 4138 jussitque
912 4066 1131 4132 insuper
1153 4061 1489 4117 Scholastico
1509 4060 1777 4115 defensori
1801 4058 1887 4128 (L.
1916 4074 2083 4127 x1,ep.
2098 4057 2212 4127 20),

625 4166 687 4212 ut
715 4171 747 4210 a
774 4155 1013 4209 vestibus
1044 4162 1099 4207 et
1121 4169 1152 4207 a
1172 4151 1497 4220 quibuslibet
1518 4150 1748 4204 inventis
1776 4150 1831 4203 in
1856 4148 2018 4203 domo
2048 4147 2216 4216 patris

625 4247 743 4315 ejus
767 4242 1004 4313 episcopi
1030 4257 1201 4312 nuper
1224 4239 1490 4295 demortui
1519 4253 1738 4308 prorsus
1758 4237 2052 4291 abstineret
2078 4252 2090 4287 :
2120 4251 2217 4291 vo-

625 4333 773 4388 lebat
801 4332 944 4386 euim
974 4330 1154 4384 omnia
1182 4344 1303 4398 quae
1334 4329 1713 4398 episcoporum
1742 4325 2076 4393 aliorumque
2103 4324 2213 4379 cle-

625 4423 861 4480 ricorum
892 4419 1223 4491 parcimonia
1245 4417 1569 4489 pauperibus
1592 4417 1818 4472 fortasse
1854 4416 2213 4480 subtraxerat,

623 4510 826 4568 eisdem
855 4506 1197 4579 postmodum
1227 4507 1443 4572 cedere,
1476 4520 1770 4574 egenorum
1794 4518 1922 4559 vere
1948 4512 2122 4573 pater.

695 4602 750 4657 2.
794 4600 933 4673 Cum
973 4600 1177 4657 sciebat
1213 4599 1592 4669 episcoporum
1621 4598 1825 4654 reditus
1854 4598 1920 4652 ad
1949 4611 2215 4667 pauperes
2242 4630 2292 4689 Β

626 4694 849 4750 alendos
893 4693 1114 4749 minime
1164 4706 1326 4763 posse
1373 4690 1657 4758 sufﬁcere,
1701 4690 2048 4746 libentissime
2093 4704 2212 4759 qua:

626 4788 759 4841 satis
787 4797 965 4843 essent
1003 4788 1082 4843 eis
1128 4785 1525 4856 suppeditabat.
1573 4784 1823 4853 Legenda
1873 4782 2100 4853 epistola
2147 4782 2214 4837 ad

630 4878 977 4949 Cyprianum,
1005 4894 1111 4948 qua
1140 4876 1387 4949 praecipit
1412 4884 1474 4932 ut
1502 4892 1570 4931 ex
1608 4873 1863 4930 Ecclesiae
1890 4873 2214 4945 patrimonio

630 4967 775 5036 quod
803 4969 1042 5039 regebat,
1073 4984 1247 5038 usque
1274 4968 1341 5024 ad
1363 4967 1469 5024 duo
1497 4966 1799 5023 modiorum
1841 4964 2026 5029 millia,
2059 4963 2105 5019 si
2136 4971 2217 5019 tot

629 5057 928 5126 collegerit,
954 5059 1159 5114 Zenoni
1203 5060 1294 5114 det
1319 5061 1575 5129 episcopo
1619 5058 1801 5128 egenis
1847 5056 2212 5112 distribuenda

631 5146 770 5221 (Lib.
801 5164 877 5216 vr,
905 5166 984 5218 ep.
1010 5148 1090 5211 4).
1123 5148 1353 5219 Largum
1382 5166 1441 5205 se
1468 5150 1768 5220 prmsertim
1812 5147 2133 5204 ostendebat
2160 5147 2216 5200 in

628 5237 955 5293 redimendis
980 5239 1223 5307 captivis,
1248 5240 1334 5294 cui
1372 5240 1460 5309 pio
1484 5241 1632 5309 operi
1662 5246 1879 5293 strenue
1909 5235 2219 5291 incumbere

624 5328 868 5398 iubebat,
893 5344 1028 5399 quos
1048 5326 1300 5385 Ecclesiae
1321 5330 1548 5397 negotiis
1566 5329 1907 5400 praefecisset.
1938 5338 1961 5368 ο
1986 5328 2062 5382 Ita
2086 5326 2219 5382 scri-

631 5422 713 5478 bit
741 5422 808 5477 ad
834 5422 1177 5478 Anthemium
1205 5421 1590 5475 subdiaconum
1620 5420 1929 5490 Campaniae
1960 5420 2220 5489 patrimo-

630 5515 780 5570 nium
808 5522 1082 5569 curantem
1113 5531 1125 5565 :
1160 5509 1395 5576 Quantus
1436 5512 1583 5566 dolor
1610 5496 1899 5583 quantaque
1927 5512 1992 5563 sit
2034 5517 2209 5565 nostra

630 5606 774 5660 cordi
803 5605 1008 5676 afflictio
1038 5604 1101 5657 de
1124 5603 1202 5657 his
1229 5618 1342 5674 qua:
1369 5602 1422 5655 in
1451 5600 1683 5671 partibus
1713 5599 2013 5670 Campania
2039 5599 2205 5652 conti-

629 5706 829 5768 gerunt,
860 5696 1030 5751 dicere
1059 5711 1161 5750 non
1188 5710 1479 5765 possumus,
1512 5692 1600 5746 sed
1641 5708 1704 5745 ea:
1744 5691 2060 5745 calamitatis
2099 5705 2212 5743 ma—

706 5819 733 5845 ι
771 5808 905 5862 Vide
930 5817 1085 5866 notas
1111 5807 1176 5861 ad
1205 5806 1344 5859 hanc
1383 5805 1538 5871 epist.

707 5876 737 5918 δ
765 5876 911 5934 Idem
936 5880 1100 5935 etiam
1126 5876 1377 5935 statuitur
1403 5870 1495 5931 lib.
1522 5891 1594 5940 IX,
1626 5874 1783 5943 epist.
1813 5870 1902 5924 77.

2290 588 2603 656 captivorum
2633 584 2717 656 qui
2748 584 2869 635 tenti
2899 590 3037 644 sunt,
3068 580 3263 634 solidos
3292 580 3625 649 experientia:
3657 588 3764 633 tua:
3792 597 3889 649 per

2290 679 2471 731 horum
2525 675 2824 744 portitorem
2879 672 3233 741 Stephanum,
3284 671 3447 723 virum
3496 671 3887 740 magniﬁcum,

2293 772 2693 834 transmisimus,
2724 767 3055 821 admonentes
3080 774 3135 816 ut
3160 764 3369 817 omnino
3401 761 3585 815 debeas
3628 779 3745 816 esse
3774 764 3891 816 sol—

2292 861 2482 924 licitus,
2515 875 2575 911 ac
2600 869 2807 911 strenue
2833 870 3071 925 peragas,
3102 860 3151 906 et
3182 853 3365 905 liberos
3390 852 3622 905 homines
3653 868 3785 923 quos
3818 852 3893 905 ad

2291 950 2693 1017 redemptionem
2723 962 2870 1000 suam
2897 944 3127 1014 sufficere
3168 958 3267 995 non
3314 957 3463 1011 posse
3499 943 3799 1012 cognoscis,
3833 951 3890 996 tu

2292 1054 2379 1093 eos
2401 1038 2611 1108 festines
2634 1037 2906 1089 redimere.
2932 1034 3031 1097 Qui
3051 1049 3168 1086 vero
3189 1033 3320 1086 servi
3340 1033 3553 1101 fuerint,
3576 1041 3627 1085 et
3648 1032 3893 1087 dominos

2293 1144 2467 1182 eorum
2498 1128 2572 1179 ita
2601 1141 2850 1195 pauperes
2881 1141 2990 1177 esse
3017 1123 3322 1192 compereris
3345 1163 3359 1188 ,
3402 1131 3457 1173 ut
3502 1138 3589 1175 eos
3629 1123 3894 1176 redimere

2295 1235 2399 1273 non
2424 1225 2720 1287 assurgunt,
2748 1224 2801 1268 et
2846 1214 2936 1268 hos
2971 1229 3166 1285 quoque
3208 1229 3510 1280 comparare
3540 1229 3645 1265 non
3674 1212 3894 1266 desinas

2298 1309 2495 1381 (Ibid.,
2539 1324 2619 1377 ep.
2654 1304 2766 1374 '55).
2817 1304 2931 1359 Hoc
2968 1305 3130 1357 etiam
3160 1317 3303 1357 anno
3343 1301 3599 1367 Crotona,
3634 1302 3707 1355 ad
3735 1318 3894 1357 mare

2296 1399 2627 1454 Adriaticum
2654 1396 2860 1465 jacens,
2886 1410 2917 1448 a
2939 1392 3305 1461 Langobardis
3332 1400 3489 1461 capta
3518 1402 3629 1457 est;
3660 1400 3707 1443 ct
3739 1393 3897 1445 multi

2296 1493 2393 1547 viri
2423 1508 2483 1543 ac
2515 1490 2687 1543 multa:
2711 1488 2949 1541 mulieres
2973 1484 3170 1539 nobiles
3195 1484 3251 1537 in
3274 1483 3503 1554 prwdam
3534 1482 3699 1535 ductcc
3729 1490 3893 1545 sunt;

2299 1591 2347 1635 et
2386 1582 2481 1651 ﬁlii
2524 1597 2555 1632 a
2585 1577 2882 1649 parentibus
2905 1616 2920 1641 ,
2952 1584 3189 1645 parentes
3230 1590 3262 1625 α
3292 1574 3416 1641 filiis
3440 1612 3456 1637 ,
3496 1582 3543 1624 et
3583 1571 3836 1641 conjuges
3864 1586 3897 1629 α

2299 1670 2601 1742 conjugibus
2631 1669 2780 1723 divisi
2810 1666 2949 1739 (Lib.
2980 1681 3077 1732 vn,
3102 1682 3184 1734 ep.
3209 1662 3334 1733 26);
3366 1662 3631 1732 quibusin
3664 1662 3894 1715 liberta-

2301 1773 2411 1820 tem
2464 1762 2811 1818 restituendis
2854 1767 2907 1813 et
2943 1757 3215 1828 propriam
3262 1762 3318 1809 et
3370 1755 3436 1808 ab
3483 1753 3601 1807 aliis
3650 1752 3898 1807 oblatam

2230 1884 2279 1943 Β
2306 1854 2586 1925 pecuniam
2618 1850 2877 1921 impendit
2904 1849 3176 1919 piissimus
3212 1853 3386 1913 pater.

2376 1947 2428 2000 ’5.
2462 1944 2566 2000 Pro
2596 1942 2921 1998 redimendis
2949 1940 3173 2009 captivis
3195 1952 3321 1992 vasa
3342 1951 3497 2007 sacra
3525 1934 3756 1989 distrahi
3787 1950 3899 1990 non

2303 2036 2480 2092 solum
2510 2032 2875 2104 permittebat,
2906 2029 3003 2084 sed
3023 2028 3302 2093 laudabat;
3327 2035 3385 2081 ut
3413 2043 3481 2080 ex
3501 2026 3750 2095 plurimis
3783 2026 3900 2094 ejus

2304 2125 2547 2196 epistolis
2595 2124 2785 2193 liquet.
2829 2120 3158 2175 Fortunatus
3199 2117 3457 2172 Fanensis
3484 2116 3775 2185 episcopus
3800 2131 3897 2170 eo-

2305 2220 2449 2291 piam
2499 2217 2728 2287 patierat
2774 2230 2839 2269 ea
2888 2211 3184 2277 vendendi,
3212 2217 3273 2264 ut
3322 2218 3563 2263 mutuam
3608 2209 3901 2278 pecuniam

2305 2329 2468 2385 quam
2494 2312 2834 2381 captivorum
2863 2304 3220 2376 redemptioni
3252 2303 3607 2374 impenderat,
3629 2301 3899 2366 solveret,

2307 2422 2428 2463 cum
2460 2406 2592 2458 alias
2621 2401 2880 2458 solvendo
2924 2416 3031 2455 non
3080 2398 3258 2463 foret;
3286 2398 3375 2452 cui
3404 2396 3680 2464 rescripsit
3708 2413 3723 2448 :
3758 2394 3898 2458 Quia

2310 2500 2635 2572 fraternitate
2672 2505 2838 2549 vestra
2882 2494 3147 2547 indicante
3190 2490 3529 2560 comperimus
3555 2488 3624 2540 ad
3654 2488 3897 2556 redemp-

2309 2593 2498 2646 tionem
2519 2590 2831 2659 captivorum
2860 2593 3089 2643 mutuam
3116 2601 3170 2638 se
3191 2584 3374 2654 fecisse
3395 2582 3687 2651 pecuniam,
3714 2590 3764 2633 et
3788 2595 3902 2634 eam

2308 2683 2444 2737 unde
2471 2681 2687 2735 solveret
2716 2696 2820 2733 non
2843 2676 3046 2740 habere,
3080 2684 3231 2743 atque
3260 2672 3322 2728 ob
3349 2674 3443 2726 hoc
3468 2688 3581 2725 cum
3607 2680 3794 2726 nostra
3817 2686 3903 2725 eos

2310 2774 2616 2825 auctoritate
2665 2778 2869 2821 sacrata
2914 2767 3038 2820 uelle
3074 2781 3197 2818 vasa
3223 2762 3542 2826 distrahere;
3589 2762 3643 2815 in
3690 2762 3791 2814 hac
3821 2778 3899 2827 re,

2311 2865 2431 2933 quia
2450 2870 2498 2914 et
2526 2861 2693 2930 legum
2714 2868 2763 2911 et
2785 2873 3041 2911 canonum
3063 2855 3264 2908 decreta
3285 2854 3629 2919 consentiunt,
3665 2861 3902 2905 nostrum

2312 2968 2615 3007 consensum
2645 2949 2871 3021 praebere
2917 2948 3225 3012 curatimus,
3256 2955 3305 2999 et
3334 2947 3389 2999 in
3427 2944 3779 2998 distrahendis
3811 2959 3900 2995 sa-

2313 3044 2472 3096 cratis
2525 3043 2658 3095 vasis
2705 3040 2843 3094 vobis
2898 3038 3157 3091 licentiam
3203 3036 3526 3105 indulgemus
3588 3032 3751 3103 (Lib.
3795 3049 3901 3099 vn,

2313 3150 2392 3203 ep.
2421 3132 2532 3201 15).
2567 3131 2665 3186 Hic
2694 3130 2908 3195 annuit;
2958 3138 3014 3181 at
3043 3128 3097 3181 in
3128 3127 3231 3180 alia
3252 3125 3515 3195 praecipit,
3560 3122 3625 3177 ad
3654 3121 3902 3191 Donum,

2313 3221 2708 3276 Messanensem
2731 3220 3064 3288 episcopum,
3086 3217 3356 3272 scribens:
3382 3213 3715 3267 Fraternitas
3738 3222 3905 3266 vestra

2314 3312 2458 3366 debet
2490 3328 2600 3365 esse
2628 3312 2851 3365 sollicita
2890 3317 2945 3361 ut
2982 3309 3029 3362 si
3071 3306 3272 3379 quidem
3300 3306 3362 3358 de
3388 3305 3636 3375 prwdicta
3664 3302 3904 3356 Ecclesia

2312 3405 2492 3458 usuale
2514 3412 2785 3474 argentum
2814 3408 2918 3466 est,
2949 3399 3356 3468 suprascriptum
3385 3396 3727 3467 quantitatem
3761 3395 3905 3446 acci-

2314 3496 2455 3563 piat:
2478 3495 2705 3565 alioquin
2726 3493 2788 3546 de
2809 3490 3030 3546 sacratis
3051 3506 3135 3544 vos
3157 3489 3290 3543 vasis
3319 3491 3411 3540 hac
3441 3488 3493 3539 in
3524 3503 3577 3539 re
3605 3502 3721 3539 eam
3749 3503 3907 3555 quam

2314 3587 2649 3656 praediximus
2698 3586 3035 3656 quantitatem
3087 3578 3310 3651 prabere
3355 3593 3557 3632 necesse
3602 3583 3699 3631 est.
3758 3574 3905 3629 Nam

2315 3681 2446 3734 sicut
2477 3680 2681 3734 omnino
2712 3694 2865 3748 grate
2896 3685 2973 3729 est
3016 3675 3210 3745 frustra
3247 3671 3590 3726 ecclesiastica
3619 3669 3910 3722 ministeria

2315 3771 2631 3835 venundare,
2662 3770 2736 3822 sic
2765 3769 2949 3821 iterum
2977 3766 3128 3835 culpa
3156 3774 3250 3828 est,
3273 3763 3571 3816 imminente
3611 3759 3911 3828 hujusmodi

2317 3862 2637 3924 necessitate,
2663 3874 2745 3912 res
2768 3857 2990 3910 maxime
3011 3852 3256 3908 desolata:
3283 3849 3534 3904 Ecclesia:
3554 3847 3771 3916 captivis
3801 3846 3911 3899 suis

2317 3964 2637 4019 prccponere,
2668 3957 2716 4001 et
2756 3949 2811 4001 in
2850 3961 3025 3999 eorum
3069 3941 3413 4010 redemptione
3456 3954 3656 3992 cessare
3697 3934 3907 4007 (Ibid,

2320 4056 2402 4108 ep.
2436 4036 2552 4105 58).

2391 4130 2445 4184 4.
2485 4128 2684 4183 Eadem
2713 4127 2914 4198 pietate
2957 4138 3021 4178 ac
3058 4119 3421 4179 munificentia
3451 4117 3777 4187 quandoque
3806 4113 3909 4169 Ee-

2319 4223 2496 4279 clesiae
2520 4220 2775 4275 Romante
2796 4217 3022 4272 famulos
3038 4214 3105 4269 de
3126 4215 3238 4284 ipsa
3262 4213 3399 4267 bene
3414 4210 3635 4265 meritos
3656 4208 3912 4263 libertate

2320 4313 2577 4375 donabat,
2611 4318 2665 4364 et
2690 4309 2834 4364 cives
2863 4308 3136 4362 Romanos
3173 4302 3460 4369 efﬁciebat,
3490 4314 3753 4355 concesso
3782 4297 3912 4367 ipsis

2320 4404 2467 4459 omni
2498 4398 2729 4471 peculio,
2762 4397 2956 4451 additis
3001 4395 3163 4450 etiam
3207 4392 3383 4447 donis.
3429 4389 3753 4459 Hujusmodi
3790 4402 3908 4441 ma—

2320 4489 2663 4547 numissionis
2682 4486 2990 4558 exemplum
3014 4492 3070 4539 et
3093 4481 3381 4537 formulam
3402 4480 3570 4535 hebes
3596 4479 3651 4533 in
3681 4477 3913 4547 epistola

2320 4583 2388 4637 ad
2444 4581 2748 4637 Montaaam
2778 4585 2832 4632 et
2860 4576 3119 4630 Thomam
3148 4572 3347 4642 scripta
3378 4569 3517 4641 (Lib.
3544 4585 3625 4635 vt,
3664 4586 3748 4637 ep.
3785 4567 3908 4637 η).

2320 4674 2643 4731 Solemniter
2667 4672 2734 4726 ab
2762 4669 3024 4741 episcopis
3057 4668 3110 4721 in
3138 4662 3375 4721 Ecclesia
3420 4661 3684 4717 celebrari
3715 4674 3909 4713 manu-

2321 4766 2603 4821 missiones
2631 4762 2756 4816 alibi
2778 4777 2877 4816 nos
2900 4759 3080 4825 docet,
3102 4756 3168 4811 ad
3189 4753 3413 4810 Paulum
3434 4754 3750 4823 episcopum
3778 4750 3912 4805 seri—

2321 4858 2454 4914 bens
2477 4854 2616 4926 (Lib.
2641 4870 2699 4919 11,
2720 4870 2801 4923 ep.
2839 4850 2948 4922 10).

2393 4949 2444 5003 5.
2486 4943 2906 5002 Misericordiam
2956 4938 3202 5009 Gregorii
3260 4952 3373 5008 prae
3410 4934 3621 4991 ueteris
3665 4933 3914 5003 experie-

2322 5042 2536 5105 bantur,
2566 5038 2656 5107 qui
2687 5052 2717 5089 a
2747 5034 3034 5091 schismate
3062 5030 3155 5086 aut
3181 5031 3249 5084 ab
3277 5027 3468 5083 haeresi
3508 5028 3575 5081 ad
3612 5024 3913 5081 Ecclesiam

2321 5133 2545 5197 reversi,
2575 5144 2702 5184 suos
2732 5127 2959 5196 gentiles
2983 5123 3159 5179 adhuc
3183 5122 3238 5177 in
3263 5119 3633 5191 perduellione
3663 5120 3910 5187 pertina-

2323 5225 2437 5279 cius
2460 5224 2729 5277 haerentes
2753 5219 3097 5290 patiebantur
3116 5212 3456 5269 adversarios
3484 5208 3535 5280 (Ι
3542 5209 3627 5263 bid
3635 5206 3671 5273 .,
3697 5227 3819 5279 φρ.
3845 5208 3911 5262 59

2322 5324 2369 5370 et
2398 5314 2523 5383 47).
2580 5311 2732 5366 Hanc
2779 5306 3104 5364 sanctissimi
3132 5312 3188 5359 et
3216 5299 3597 5371 sapientissimi
3636 5297 3911 5366 pontificis

2322 5403 2700 5460 liberalitatem
2728 5399 2969 5453 imitatus
2998 5394 3302 5449 Ludovicus
3316 5390 3548 5458 Magnus
3574 5386 3909 5441 Francorum

2322 5512 2419 5554 rex
2446 5490 2950 5553 Christianissimus,
2983 5485 3174 5540 annuis
3209 5480 3558 5554 pensionibus
3596 5478 3785 5533 fovere
3814 5491 3911 5531 cu-

2316 5590 2457 5647 ravit
2487 5585 2685 5642 erroris
2708 5580 3008 5637 Calviniani
3034 5586 3331 5633 sectatores
3356 5574 3422 5628 ad
3450 5570 3705 5627 Ecclesia:
3733 5569 3911 5625 sinum

2317 5692 2587 5743 reversos,
2618 5681 2676 5727 ut
2698 5673 2750 5725 in
2780 5672 2880 5741 pia:
2908 5670 3094 5724 matris
3117 5666 3321 5737 gremio
3350 5652 3542 5721 eadem
3566 5660 3761 5717 saltem
3788 5666 3913 5716 vna

2400 5789 2421 5816 °
2453 5787 2588 5843 Vide
2615 5786 2777 5842 etiam
2799 5782 2894 5837 lib.
2920 5798 3014 5852 vn,
3044 5796 3133 5851 ep.
3171 5779 3263 5848 24,
3294 5776 3384 5834 28.
