4130 6448
244 353 360 415 593

734 350 799 411 S.
838 350 1161 412 GREGORll
1200 351 1419 412 MAGNI
1456 352 1639 423 VITA;
1679 351 1775 413 EX
1811 351 1977 415 EJUS
2016 302 2325 418 SCRll’TIS
2362 363 2759 427 ADORNATA.
2803 370 2932 428 LIB.
2973 360 3061 429 Ill.

3437 380 3565 455 seu~

242 470 556 526 mcessaria
572 460 1042 537 nanciscerentur,
1057 482 1177 539 quae
1197 481 1430 526 noverca
1451 468 1672 526 haeresis
1683 469 1839 534 prius
1864 472 1919 530 A
1943 471 2121 529 cundo
2169 472 2462 531 inclinante
2493 477 2693 547 ﬂoruit,
2723 481 2796 536 ita
2821 484 3007 541 scribit
3055 486 3124 541 ad
3151 485 3446 557 Romanos,
3489 503 3546 549 et

239 563 463 621 abunde
492 562 886 632 suppeditabat.

312 658 376 713 6.
416 656 554 711 Cum
583 655 859 712 multoties
882 655 995 725 jam
1020 654 1088 711 de
1116 655 1286 713 ell‘usa
1314 657 1368 711 in
1400 672 1588 713 omnes
1614 656 1670 711 S.
1700 655 1839 712 Gre-

238 750 383 820 gorii
414 749 737 805 liberalitate
756 750 919 806 verba
946 749 1248 816 fecerimus,
1279 766 1459 821 operae
1496 749 1729 821 pretium
1758 758 1844 805 est

240 841 437 913 paucis
466 841 755 897 ostendere
782 857 901 910 qua:
932 850 1058 898 tunc
1087 849 1270 899 essent
1296 841 1552 911 Ecclesia:
1584 841 1841 896 Romana:

237 946 416 1003 opes,
464 930 607 986 unde
656 930 723 985 ad
766 938 1012 1000 sumptus
1058 937 1239 985 tantos
1274 938 1330 984 et
1366 944 1504 1000 pene
1552 929 1843 985 immensos

242 1022 510 1077 hauriret.
543 1022 707 1078 Multa
738 1030 794 1077 et
818 1022 1054 1076 maxima
1078 1019 1189 1088 jam
1216 1035 1249 1075 a
1276 1020 1467 1090 priscis
1508 1020 1842 1090 temporibus

243 1112 529 1169 latifundia
557 1113 869 1183 possidebat
894 1113 948 1167 in
973 1120 1089 1167 toto
1108 1111 1240 1167 orbe
1269 1111 1577 1167 Christiano
1602 1110 1842 1167 Ecclesia

241 1206 365 1262 haec
411 1213 725 1261 ceterarum
770 1205 1048 1276 princeps,
1076 1214 1195 1274 quae
1244 1202 1302 1259 S.
1334 1203 1479 1273 Petri
1518 1202 1842 1274 patrimonia

241 1298 602 1353 vocabantur.
652 1297 791 1353 Nota
818 1306 944 1353 sunt
982 1311 1051 1352 ex
1077 1296 1252 1352 sancti
1278 1296 1552 1367 pontiﬁcis
1599 1295 1841 1364 epistolis

242 1387 589 1456 Africanum;
621 1387 859 1445 Siculum
888 1388 1189 1459 multiplex,
1220 1395 1276 1442 ut
1304 1403 1374 1443 ex
1400 1387 1557 1459 epist.
1586 1385 1655 1439 44
1684 1386 1776 1441 lib.
1800 1402 1837 1453 l,

239 1488 298 1536 et
327 1495 399 1536 ex
427 1481 673 1552 plurimis
710 1480 779 1536 ad
806 1480 1001 1537 Sicilia:
1021 1478 1335 1535 defensores
1363 1489 1420 1535 et
1446 1486 1686 1534 rectores
1713 1481 1842 1532 mis-
1892 1496 1895 1499 δ

236 1575 354 1644 sis,
383 1590 519 1645 quas
565 1576 622 1630 in
666 1574 849 1631 indice
890 1575 1254 1645 geographico
1300 1573 1400 1629 sub
1447 1556 1644 1627 Sicilire
1684 1568 1841 1625 titulo

235 1669 582 1739 collegimus,
606 1668 951 1725 manifestum
980 1676 1098 1735 est;
1130 1667 1430 1731 Corsicum,
1462 1664 1837 1729 Dalmaticum,

234 1759 601 1820 Gallicanum.
648 1763 727 1819 De
769 1764 835 1819 iis
861 1778 982 1834 quae
1028 1762 1167 1817 intra
1205 1760 1430 1824 Italiam,
1462 1760 1518 1814 in
1547 1756 1839 1829 Campania

1944 562 2014 617 ad
2026 563 2268 621 Soterem
2281 582 2495 638 papam,
2509 571 2651 640 apud
2667 571 2954 631 Eusebium
2970 576 3107 647 (Lib.
3123 597 3254 649 vt,c.
3272 582 3362 651 25)
3381 602 3392 637 :
3410 585 3542 640 Haec

1942 654 2133 723 inquit,
2156 656 2296 711 vobis
2317 661 2630 715 consuetudo
2650 674 2745 729 est,
2769 665 2883 735 jam
2906 669 3027 723 inde
3054 671 3118 723 ab
3139 673 3251 742 ipso
3273 674 3543 745 religionis

1943 747 2175 811 exordio,
2198 757 2254 801 ut
2277 751 2468 820 fratres
2488 767 2665 807 omnes
2680 759 2823 811 vario
2848 758 3207 824 beneﬁciorum
3229 761 3415 835 genere
3435 770 3546 838 aﬁi-

1944 843 2089 897 ciatis
2115 851 2165 899 et
2190 845 2415 901 ecclesiis
2437 850 2829 919 quamplurimis
2859 870 2972 924 qua:
2998 857 3055 909 in
3084 860 3301 928 singulis
3328 862 3542 917 urbibus

1943 940 2232 993 constituta:
2247 948 2366 993 sunt
2386 943 2676 995 necessaria
2698 945 2813 998 vita:
2834 948 3065 1001 subsidia
3086 954 3468 1020 transmittatis,
3492 966 3544 1010 et

1944 1030 2041 1083 hac
2063 1031 2261 1085 ratione
2273 1038 2380 1084 tum
2394 1033 2653 1103 egentium
2673 1036 2963 1093 molestiam
2985 1039 3279 1109 sublevatis,
3301 1054 3405 1099 tum
3428 1048 3541 1117 fra-

1944 1122 2105 1175 tribus
2130 1123 2215 1190 qui
2254 1124 2310 1176 in
2335 1124 2555 1179 metallis
2586 1142 2711 1190 opus
2742 1129 2941 1198 faciunt
2967 1135 3254 1186 necessaria
3288 1138 3536 1206 suppedi-

1945 1214 2136 1267 tatis...
2159 1215 2322 1286 Atque
2348 1215 2706 1281 [iuueniorem
2731 1216 2908 1272 beatus
2942 1222 3210 1291 episwpus
3238 1236 3400 1279 vester
3440 1228 3539 1282 So-

1945 1312 2022 1357 ter
2060 1320 2163 1357 non
2193 1305 2359 1359 solum
2408 1307 2647 1371 servavit,
2698 1323 2871 1362 verum
2911 1310 3068 1362 etiam
3121 1311 3357 1367 adauxit.
3390 1316 3540 1370 Alter

1944 1393 2250 1464 Dionysius,
2283 1395 2492 1451 scilicet
2519 1395 2933 1464 Alexandrinus,
2964 1386 3019 1453 in
3049 1400 3276 1470 epistola
3308 1401 3538 1472 Stepha-

1944 1498 2017 1539 no
2053 1498 2204 1553 papa:
2252 1485 2431 1541 medio
2477 1487 2693 1541 circiter
2739 1489 2941 1543 saeculo
2988 1492 3149 1546 tertio
3193 1503 3535 1563 nuncupata,

1943 1575 1973 1614 ιι
2000 1583 2230 1632 testatur
2268 1578 2445 1649 ipsum
2472 1580 2722 1636 omnibus
2743 1582 2911 1652 Syriae
2936 1585 3225 1651 provinciis
3253 1601 3375 1640 cum
3403 1590 3537 1642 Ara-

1942 1665 2032 1722 bia
2046 1669 2348 1723 necessaria
2366 1671 2711 1740 suppeditare
2726 1672 2943 1727 solitum
2967 1672 3131 1744 (Ibid.
3157 1675 3246 1729 lib.
3271 1693 3364 1743 vn,
3384 1696 3429 1731 ε.
3457 1676 3535 1748 5);

1945 1772 2062 1826 quae
2090 1760 2271 1814 omnia
2297 1768 2410 1827 tum
2453 1776 2675 1817 summae
2712 1766 3016 1833 potestatis,
3051 1774 3162 1822 tum
3211 1770 3414 1836 optime
3454 1770 3536 1825 di-

234 1858 546 1927 przesertim
589 1856 832 1913 Ecclesia
873 1857 1114 1912 Romana
1159 1854 1470 1925 possidebat
1510 1851 1658 1921 loqui
1701 1849 1841 1906 foret
1870 1851 1921 1913 B
1946 1860 2212 1920 spensataa
2238 1858 2364 1906 sunt
2394 1862 2731 1921 argumenta.
2764 1852 2915 1909 Piam
2944 1856 3085 1911 hanc
3111 1858 3166 1911 in
3196 1859 3536 1916 sublevandis

232 1961 725 2019 supervacaneum.
744 1948 1115 2018 Amplissimas
1136 1946 1505 2015 possessiones
1526 1959 1563 2005 ap
1576 1942 1837 1998 Constan-

230 2038 350 2095 tino
381 2039 578 2107 Magno
607 2052 892 2093 concessas
935 2052 1282 2107 auguramur,
1309 2034 1461 2104 cujus
1502 2035 1557 2088 in
1601 2033 1835 2088 ditandis

230 2128 486 2184 ecclesiis
505 2127 927 2183 muniﬁcentiam
955 2126 1258 2198 praesertim
1280 2124 1462 2179 laudat
1487 2122 1748 2179 Eusebius
1777 2123 1831 2177 in

232 2217 357 2287 ejus
383 2218 526 2272 Vita.
560 2218 725 2290 (Vide
747 2217 835 2271 lib.
869 2235 909 2284 ι,
933 2234 1016 2290 ep.
1044 2217 1144 2285 75;
1176 2217 1265 2272 lib.
1294 2232 1369 2283 nt,
1401 2232 1481 2286 ep.
1504 2216 1602 2281 27;
1635 2215 1726 2269 lib.
1755 2231 1834 2285 ix,

231 2327 315 2383 ep.
354 2309 454 2378 18;
487 2309 578 2365 lib.
610 2327 683 2375 v1,
707 2328 789 2381 ep.
818 2309 915 2378 22;
943 2311 1033 2365 lib.
1076 2326 1160 2379 ιιι,
1189 2327 1303 2382 epp.
1347 2308 1419 2363 22
1443 2317 1493 2363 et
1515 2307 1615 2375 35;
1661 2307 1751 2362 lib.
1784 2323 1829 2374 ι,

230 2420 353 2476 epp.
387 2402 455 2457 55
482 2411 533 2458 et
555 2402 658 2471 65;
683 2404 772 2458 lib.
797 2420 870 2469 tv,
897 2420 945 2457 c.
968 2402 1084 2474 28.)

301 2495 630 2566 Nepesinam
658 2496 932 2552 civitatem
958 2496 1013 2551 in
1037 2495 1245 2552 Etruria
1266 2497 1376 2565 juri
1398 2495 1626 2573 Romani
1652 2494 1835 2564 ponti-

232 2585 355 2644 ﬁcis
398 2587 665 2645 subditam
693 2588 857 2645 fuisse
886 2588 1205 2658 conjicimus
1241 2604 1309 2644 ex
1354 2603 1444 2659 ep.
1476 2586 1537 2641 ll
1573 2587 1696 2641 libri
1741 2600 1831 2641 se-

234 2678 425 2745 eundi,
449 2692 555 2747 qua
582 2676 798 2735 Leontio
844 2681 954 2734 viro
991 2680 1283 2733 clarissimo
1313 2694 1489 2731 curam
1520 2675 1832 2730 sollicitudi-

237 2786 460 2843 nemque
487 2770 708 2825 civitatis
736 2782 1024 2841 injunctam
1049 2788 1081 2823 a
1110 2787 1164 2824 se
1193 2774 1351 2841 fuisse
1380 2767 1664 2837 signiﬁcat,
1696 2775 1751 2819 ut
1780 2768 1835 2820 in

235 2866 438 2919 cunctis
452 2864 727 2936 invigilaus
748 2880 864 2933 qua:
877 2864 947 2917 ad
964 2864 1237 2917 utilitatem
1254 2862 1436 2917 civium
1451 2860 1527 2915 vel
1543 2858 1836 2929 Republij

238 2957 505 3027 pertinere
550 2957 843 3027 dignoscet,
875 2957 992 3027 ipse
1030 2955 1301 3026 disponat.
1350 2953 1551 3009 Eadem
1608 2952 1835 3021 epistola

235 3048 478 3115 clerum,
514 3048 757 3105 ordinem
787 3051 1118 3105 senatorium
1138 3088 1152 3114 ,
1178 3056 1233 3103 et
1261 3048 1472 3120 plebem
1502 3046 1650 3101 urbis
1678 3047 1837 3115 hujus

239 3139 538 3207 admonet,
569 3148 627 3196 ut
670 3156 702 3196 a
744 3156 805 3196 se
852 3140 1147 3197 constituto
1186 3138 1443 3209 praefecto
1488 3138 1543 3192 in
1586 3136 1835 3193 omnibus

1939 1944 2124 2011 egenis
2157 1944 2504 1999 decessorum
2534 1961 2754 2001 suorum
2783 1951 3226 2006 consuetudinem
3258 1953 3395 2009 adeo
3426 1970 3534 2009 non

1939 2032 2240 2101 abrogavit,
2287 2034 2375 2089 vel
2413 2035 2683 2091 imminuit
2706 2036 3015 2106 Gregorius,
3045 2049 3107 2095 ut
3133 2043 3295 2096 etiam
3324 2047 3535 2101 auxerit

1934 2122 2243 2193 plurimum.

2008 2211 2154 2269 Inter
2187 2216 2376 2287 in0pes
2403 2217 2597 2287 quibus
2638 2218 2995 2277 libentissime
3036 2226 3341 2281 necessaria
3371 2228 3532 2282 mini-

1937 2308 2161 2391 strabat,
2194 2318 2441 2363 numerat
2471 2311 2571 2364 tria
2600 2313 2914 2366 monialinm
2941 2314 3107 2369 millia
3135 2317 3189 2370 in
3240 2319 3373 2373 urbe
3422 2319 3532 2375 Ro-

1936 2415 2054 2467 ma;
2081 2414 2255 2470 neque
2275 2415 2407 2457 vero
2427 2402 2528 2457 sibi
2549 2402 2616 2455 ab
2637 2403 2767 2473 ipsis
2790 2405 3080 2474 quidquam
3101 2408 3171 2463 ob
3192 2416 3304 2463 tam
3324 2412 3531 2482 amplas

1937 2490 2309 2561 eleemosynas
2339 2492 2523 2547 deberi
2563 2494 2787 2563 putabat
2814 2512 2828 2560 ;
2860 2497 2990 2564 quin
3030 2498 3209 2566 potius
3238 2514 3297 2554 se
3327 2500 3531 2557 Roma-

1939 2599 2148 2653 nosque
2187 2599 2375 2640 omnes
2426 2585 2617 2639 iisdem
2667 2585 2941 2642 debitores
2970 2602 3091 2643 esse
3135 2589 3527 2659 proﬁtebatur:

1939 2674 2389 2744 Harum,inquit,
2418 2676 2537 2731 talis
2577 2678 2683 2731 vita
2730 2687 2825 2745 est,
2865 2687 3017 2750 atque
3041 2681 3099 2733 in
3128 2689 3324 2735 tantum
3354 2685 3528 2755 lacrg-

1937 2766 2056 2833 mis,
2079 2775 2126 2819 et
2157 2766 2467 2821 abstinentia
2500 2768 2754 2832 districta,
2786 2777 2842 2822 ut
2870 2772 3139 2824 credamus
3174 2774 3297 2841 quia
3336 2777 3381 2828 si
3403 2776 3529 2843 ipsa:

1940 2876 2045 2913 non
2075 2868 2262 2924 essent,
2298 2860 2466 2913 nullus
2492 2868 2723 2914 nostrum
2745 2861 2861 2931 jam
2891 2870 3007 2930 post
3035 2872 3107 2917 tot
3135 2881 3299 2919 annos
3322 2867 3377 2919 in
3417 2867 3530 2921 loco

1940 2950 2036 3005 hoc
2065 2950 2341 3005 subsistere
2370 2953 2504 3005 inter
2533 2952 2998 3024 Langobardorum
3027 2956 3229 3027 gladios
3258 2960 3527 3027 potuisset.

2014 3040 2067 3093 7.
2100 3039 2218 3107 Quo
2238 3042 2350 3096 suis
2370 3042 2557 3097 ovibus
2582 3051 2781 3113 praesto
2810 3060 3024 3116 semper
3061 3048 3314 3103 adessent
3343 3061 3530 3118 pasto-

1940 3146 2046 3199 res,
2082 3140 2140 3188 ut
2168 3147 2393 3203 quaeque
2435 3134 2504 3188 ad
2552 3138 2735 3202 vitam,
2762 3136 2875 3192 sive
2910 3140 3121 3206 animai,
3154 3141 3267 3196 sive
3288 3142 3532 3211 corporis

237 3228 607 3286 obedientiam
629 3231 920 3287 exhibeant
944 3248 957 3283 :
991 3227 1128 3294 Quia
1152 3229 1403 3302 quisquis,
1428 3226 1620 3299 inquit,
1649 3228 1833 3281 incon-
1858 3230 1909 3297 ο
1940 3222 2117 3280 forent
2139 3226 2441 3279 necessaria
2470 3226 2895 3295 suppeditarent,
2930 3244 3025 3309 eos
3062 3231 3129 3284 ab
3151 3231 3393 3287 ecclesiis
3421 3234 3532 3287 suis

235 3332 366 3391 grue
390 3319 710 3374 ordinationi
738 3321 850 3391 ejus
874 3318 1143 3385 restiterit,
1169 3328 1362 3374 nostra:
1383 3319 1634 3373 resultare
1657 3318 1833 3387 dispo-

234 3408 415 3463 sitioni
454 3418 810 3480 cognoscetur.
846 3408 1162 3481 Quicumque
1184 3426 1305 3465 vero
1331 3425 1447 3462 eum
1484 3410 1539 3461 in
1608 3409 1695 3475 iis,
1722 3422 1836 3478 qua:

234 3516 399 3571 supra
420 3504 709 3569 retulimus,
743 3501 996 3568 audierit,
1044 3518 1138 3556 nos
1169 3501 1361 3555 audiet.
1410 3499 1473 3554 Si
1501 3501 1613 3571 quis
1634 3508 1831 3565 autem,

233 3590 374 3660 quod
395 3607 499 3645 non
529 3592 808 3659 credimus,
843 3607 959 3645 eum
998 3598 1115 3661 post
1144 3602 1277 3643 nanc
1307 3589 1712 3643 admonitionem
1741 3605 1838 3644 no-

234 3691 400 3736 stram
438 3684 869 3738 contemnendum
896 3684 1175 3753 putaverit,
1209 3683 1277 3736 ad
1307 3698 1457 3736 suum
1501 3680 1837 3751 proculdubio

233 3778 371 3831 sciat
390 3778 650 3846 pertinere
672 3777 979 3847 periculum.
1004 3775 1120 3842 Qua
1144 3776 1470 3832 auctoritate
1494 3781 1549 3828 et
1572 3781 1839 3842 potestate

234 3867 571 3936 Gregorius,
599 3874 716 3921 tum
764 3867 991 3923 Leontio
1029 3867 1148 3922 viro
1194 3866 1493 3921 clarissimo
1538 3865 1838 3919 custodiam

232 3958 522 4029 Nepesina:
566 3958 715 4015 urbis
747 3958 1159 4023 demandasset,
1212 3964 1325 4010 tum
1372 3954 1579 4011 civibus
1627 3962 1687 4009 ut
1733 3955 1836 4024 ipsi

236 4053 688 4121 obsequerentur,
719 4049 916 4106 additis
944 4050 1107 4105 etiam
1154 4048 1319 4103 minis
1345 4047 1713 4118 praecepisset,
1739 4047 1840 4103 nisi

235 4143 373 4214 juris
401 4144 591 4201 fuisset
630 4143 928 4200 Ecclesizn?
958 4143 1039 4198 Ad
1072 4143 1317 4198 eamdem
1366 4142 1687 4212 pertinuisse
1731 4140 1842 4213 Hy-

238 4236 500 4293 druntum
523 4245 579 4294 et
603 4237 1046 4308 Callipolitanum
1068 4246 1309 4294 castrum
1334 4237 1550 4293 aliunde
1571 4238 1841 4307 colligitur

240 4328 362 4401 (Lib
390 4346 466 4398 1x,
489 4346 608 4401 epp.
640 4328 709 4383 99
728 4338 778 4385 et
796 4329 945 4401 100).
975 4330 1034 4385 Id
1063 4345 1282 4401 quoque
1301 4331 1585 4386 dicendum
1613 4330 1681 4386 de
1703 4331 1842 4386 Nea-

240 4422 392 4493 poli,
424 4439 547 4479 cum
593 4424 833 4493 legamus
862 4438 1057 4495 papam
1104 4423 1172 4479 ad
1213 4422 1373 4493 huius
1402 4422 1633 4477 civitatis
1656 4428 1841 4478 custo-

244 4510 389 4567 diam
440 4512 712 4567 tribunum
767 4513 1057 4583 deputasse
1108 4511 1269 4585 (Lib.
1328 4528 1396 4579 ιι,
1442 4529 1523 4583 ερ.
1580 4510 1720 4582 51),
1776 4527 1843 4569 ac

1940 3318 2132 3373 abesse
2175 3327 2269 3372 aut
2307 3319 2489 3387 vagari
2518 3334 2626 3373 non
2656 3319 2887 3375 sinebat.
2917 3322 3258 3393 Quapropter
3285 3341 3406 3379 cum
3436 3341 3535 3379 au-c

1939 3408 2106 3464 disset
2134 3408 2431 3477 Pimenium
2460 3409 2898 3481 Amalphitanum
2928 3415 3263 3483 episcopum,
3290 3417 3342 3469 in
3372 3417 3536 3471 eccle-

1941 3503 2021 3555 sia
2048 3518 2142 3555 sua
2169 3518 2273 3556 non
2299 3503 2543 3570 residere,
2564 3502 2632 3558 de
2654 3504 2770 3573 ipso
2799 3506 3099 3561 minacibus
3122 3507 3316 3562 litteris
3342 3508 3406 3562 ad
3430 3510 3536 3562 An-

1940 3594 2200 3649 themium
2229 3595 2441 3664 scripsit
2463 3595 2600 3666 (Lib.
2630 3594 2703 3663 vi,
2732 3597 2935 3667 ep.2'5),
2967 3606 3025 3652 ut
3051 3614 3175 3653 eum
3197 3598 3264 3653 ad
3292 3600 3538 3655 residen-

1941 3686 2067 3741 dum
2094 3686 2415 3741 sacerdotali
2444 3702 2597 3742 more
2619 3698 2839 3756 cogeret
2872 3707 2884 3741 :
2909 3691 2954 3744 si
2980 3706 3110 3745 vero
3135 3708 3245 3745 non
3275 3692 3537 3747 emenda-

1940 3786 2110 3844 retur,
2162 3793 2286 3832 eum
2334 3780 2386 3831 in
2421 3780 2805 3834 monasterium
2848 3780 3175 3838 detruderet.
3205 3782 3508 3851 Episcopali

1941 3867 2249 3921 residentis:
2277 3868 2469 3935 gratia,
2518 3867 2715 3923 Siciliae
2745 3870 3013 3940 episcopis
3054 3871 3275 3925 indulsit
3304 3880 3362 3925 ut
3390 3886 3530 3925 uno-

1943 3970 2161 4028 quoque
2189 3958 2559 4026 quinquennio
2588 3966 2802 4013 tantum
2830 3962 2997 4015 semel
3027 3962 3253 4016 Romam
3275 3962 3539 4020 conveni-

1941 4056 2083 4115 rent,
2115 4063 2238 4103 cum
2266 4049 2415 4119 prius
2441 4049 2664 4118 singulis
2708 4051 2953 4106 trienniis
2978 4053 3168 4107 sistere
3192 4066 3251 4106 se
3276 4065 3540 4120 cogeren-

1942 4147 2060 4206 tur;
2091 4138 2273 4209 quain
2295 4154 2355 4194 re
2383 4139 2623 4209 ipsorum
2653 4140 2815 4195 etiam
2846 4140 3017 4194 labori
3062 4141 3353 4195 minuendo
3402 4157 3541 4197 con-

1942 4230 2154 4286 sulebat
2184 4228 2322 4302 (Lib.
2352 4245 2444 4293 vn,
2467 4246 2550 4301 ep.
2577 4229 2690 4299 22).
2706 4230 2855 4286 Felix
2877 4230 3232 4286 Messanensis
3252 4232 3539 4302 episcOpus

1943 4335 2141 4392 magno
2161 4320 2377 4376 videndi
2396 4321 2640 4390 Gregorii
2668 4322 2934 4377 desiderio
2960 4320 3249 4391 ﬂagrabat;
3292 4323 3387 4377 sed
3410 4325 3539 4391 quia

1944 4431 2015 4472 ex
2050 4416 2302 4471 diuturna
2348 4415 2572 4471 lorsitan
2614 4417 2853 4471 absentia
2895 4417 3159 4485 pastoris,
3211 4430 3341 4484 grex
3370 4416 3538 4484 ipsius

1944 4494 2143 4578 aliquid
2164 4508 2348 4563 damni
2369 4509 2482 4578 pati
2508 4509 2791 4579 potuisset,
2822 4510 3031 4576 rogavit
3049 4509 3281 4561 amicum
3311 4522 3379 4560 ne
3403 4506 3538 4566 tanti

246 4606 506 4663 militibus
552 4608 644 4677 qui
693 4608 748 4663 in
787 4608 946 4678 hujus
992 4607 1142 4664 urbis
1180 4607 1431 4678 praesidio
1472 4615 1627 4663 erant
1678 4609 1838 4679 272
1864 4612 1921 4675 ι)
1944 4602 2152 4657 itineris
2180 4602 2419 4658 laborem
2450 4611 2751 4659 assumeret
2782 4621 2793 4655 :
2827 4603 2933 4657 Sed
2964 4618 3076 4666 ora,
3105 4599 3294 4667 inquit,
3328 4615 3421 4667 pro
3444 4615 3536 4651 no-

248 4696 562 4769 imperasse,
594 4714 703 4755 non
738 4699 843 4754 alia
874 4699 1227 4769 proculdubio
1257 4704 1467 4755 ratione
1496 4715 1679 4768 quam,
1710 4715 1836 4769 quia

249 4792 366 4863 ejus
390 4797 631 4851 dominio
658 4796 798 4852 foret
825 4806 852 4834 ⁸
873 4796 1107 4865 subdita,
1138 4813 1247 4853 non
1266 4813 1495 4854 excusso
1524 4806 1704 4853 tamen
1742 4811 1839 4867 pe-

249 4885 395 4941 nitus
445 4887 833 4959 imperatorum
879 4888 1026 4958 jugo.
1078 4887 1196 4943 Jam
1251 4889 1342 4945 diu
1392 4899 1551 4945 antea
1599 4904 1839 4945 summos

252 4982 540 5053 pontiﬁces
567 4984 636 5040 ad
657 4984 1041 5054 amplissimam
1069 4984 1382 5052 dignitatem
1404 4993 1622 5041 evectos
1650 4985 1836 5051 fuisse,

252 5073 407 5129 testis
435 5082 518 5131 est
543 5074 858 5131 Ammianus
885 5072 1223 5129 Marcellinus
1265 5074 1283 5145 (
1309 5072 1422 5127 Lib.
1463 5089 1631 5141 xxvn,
1654 5090 1702 5126 c.
1732 5072 1835 5143 '5);

255 5177 419 5233 quam
447 5166 609 5222 etiam
635 5179 747 5221 sua:
773 5163 1161 5235 praeferendam
1185 5177 1295 5217 non
1314 5161 1585 5217 dubitaret
1610 5170 1845 5232 praetex-

253 5262 397 5313 tatus
421 5255 576 5314 Urbis
593 5256 898 5329 praefectus,
917 5256 1021 5313 etsi
1042 5253 1314 5312 saecularis
1334 5260 1540 5309 tantum
1563 5254 1845 5323 potestatis

252 5350 527 5405 rationem
556 5350 802 5406 haberet.

324 5439 614 5513 Dionysius
643 5440 1047 5497 Corinthiorum
1074 5440 1380 5512 episcopus,
1411 5438 1504 5495 aui
1532 5452 1727 5493 saeculo
1753 5451 1842 5493 se-

327 5590 352 5619 ι
382 5581 519 5637 Vide
547 5582 639 5639 lib.
682 5599 757 5647 1x,
781 5596 865 5653 ep.
903 5581 994 5653 69,
1023 5582 1114 5637 ubi
1142 5581 1317 5650 arguit
1333 5578 1697 5653 Maurentium
1726 5593 1841 5634 ma-

250 5653 479 5722 gistrum
523 5653 777 5720 militum,
809 5650 956 5719 quod
988 5653 1305 5723 episcopum
1331 5650 1741 5721 Neapolitanum
1763 5664 1846 5723 Aea

252 5720 369 5794 qua:
398 5724 616 5794 patroni
645 5731 801 5778 erant
828 5723 987 5791 hujus
1016 5720 1163 5778 urbis
1178 5720 1540 5791 'usurpant’em
1561 5735 1667 5774 non
1692 5720 1844 5794 cohi-

253 5791 432 5860 beret;
478 5811 587 5850 non
644 5794 771 5859 alia,
825 5802 887 5847 ut
918 5793 1236 5863 opinamur,
1268 5794 1498 5856 ratione,
1529 5806 1689 5863 quam
1719 5791 1845 5859 quia

252 5866 551 5922 dominium
584 5864 886 5933 temporale
913 5861 1171 5932 Neapolis
1199 5863 1267 5919 ad
1295 5863 1453 5920 Rom.
1497 5861 1680 5919 sedem
1720 5876 1845 5931 per-

621 5961 893 6021 ΡΑτιωι..
945 5956 1201 6018 LXXV.

1948 4696 2045 4763 bis,
2076 4703 2132 4747 ut
2156 4704 2347 4765 quanto
2376 4710 2467 4749 nos
2497 4696 2698 4748 itineris
2740 4693 3013 4748 intervalla
3047 4690 3347 4754 dissociant,
3393 4697 3538 4744 tanta

1948 4805 2135 4845 animis
2164 4802 2355 4843 nostris
2384 4788 2452 4840 ad
2480 4788 2697 4841 invicem
2728 4786 2930 4839 Christo
2954 4784 3249 4852 adjuvante,
3292 4784 3451 4837 simus
3481 4785 3539 4837 in

1946 4883 2198 4935 charitate
2224 4880 2483 4949 conjuncti
2514 4877 2652 4947 (Lib.
2700 4893 2735 4941 ι,
2767 4892 2846 4945 ep.
2879 4874 2992 4945 66).

2020 4972 2077 5028 8.
2117 4972 2235 5026 Non
2262 4972 2437 5026 solum
2463 4970 2768 5039 episcopos,
2800 4968 2894 5022 sed
2920 4969 3081 5022 etiam
3113 4968 3460 5039 presbyteros
3484 4977 3539 5023 et

1949 5063 2086 5118 alios
2114 5061 2340 5117 clericos
2367 5060 2505 5114 tixos
2534 5060 2589 5113 in
2629 5058 2739 5114 suis
2776 5058 3017 5114 ecclesiis
3058 5074 3397 5131 permanere,
3430 5075 3539 5115 non

1948 5153 2017 5209 de
2045 5151 2299 5224 parochia
2326 5152 2381 5205 in
2402 5149 2715 5220 parochiam
2741 5149 2991 5219 migrare,
3014 5164 3077 5205 ac
3095 5140 3277 5220 vagari
3300 5150 3538 5216 volebat,

1949 5244 2093 5315 quod
2123 5243 2286 5299 etiam
2320 5241 2559 5297 ecclesiae
2587 5242 2882 5298 canonibus
2911 5250 3131 5297 cautum
3171 5250 3293 5298 erat.
3346 5241 3402 5300 Si
3448 5245 3538 5312 qui

1950 5351 2079 5393 vero
2119 5335 2356 5405 episcopi
2388 5343 2769 5391 extraneorum
2798 5335 3117 5391 clericorum
3146 5337 3459 5402 nannullos,
3487 5336 3538 5391 in

1950 5446 2049 5489 suo
2078 5430 2223 5486 clero
2252 5428 2671 5500 promovendos,
2724 5436 2779 5484 et
2827 5429 2989 5503 certis
3034 5427 3345 5484 ministeriis
3390 5425 3547 5480 addi:

1955 5568 2176 5626 tincbat.
2208 5564 2266 5619 lu
2297 5567 2452 5636 epist.
2499 5565 2602 5620 104
2646 5565 2886 5634 ejusdem
2933 5563 3057 5636 libri
3097 5573 3321 5636 vocatur
3364 5562 3535 5634 Major

1959 5639 2136 5703 Urbis,
2164 5638 2254 5706 qui
2276 5634 2469 5692 dicitur
2497 5638 2584 5691 hic
2612 5645 2898 5705 patronus,
2932 5635 3139 5690 Gallice
3170 5634 3360 5688 Maire.

2026 5709 2053 5749 ι)
2085 5704 2223 5764 Vide
2250 5723 2467 5777 quoque
2491 5704 2649 5777 epist.
2678 5706 2781 5760 220
2809 5706 2867 5763 S.
2896 5706 3079 5762 Basilii
3106 5706 3283 5773 magni
3315 5704 3381 5759 ad
3411 5704 3531 5767 Dio-

1954 5782 2160 5858 nysium
2211 5795 2422 5851 papam.

2825 5939 2897 6000 13
