  <div class='ocr_page' id='page_1' title='image "/cluster/home/n/w/nwhite01/storage/ocr_20150623/75/hvd.32044015469380/205.png"; bbox 0 0 4130 6456; ppageno 0'>
   <div class='ocr_carea' id='block_1_1' title="bbox 1436 192 1461 211">
    <p class='ocr_par' dir='ltr' id='par_1_1' title="bbox 1436 192 1461 211">
     <span class='ocr_line' id='line_1_1' title="bbox 1436 192 1461 211; baseline 0 -2"><span class='ocrx_word' id='word_1_1' title='bbox 1436 192 1461 211; x_wconf 88' lang='lat'><strong>/</strong></span> 
     </span>
    </p>
   </div>
   <div class='ocr_carea' id='block_1_2' title="bbox 565 372 676 432">
    <p class='ocr_par' dir='ltr' id='par_1_2' title="bbox 565 372 676 432">
     <span class='ocr_line' id='line_1_2' title="bbox 565 372 676 432; baseline -0.036 0"><span class='ocrx_word' id='word_1_2' title='bbox 565 372 676 432; x_wconf 73' lang='lat'><strong>595</strong></span> 
     </span>
    </p>
   </div>
   <div class='ocr_carea' id='block_1_3' title="bbox 1060 352 3395 435">
    <p class='ocr_par' dir='ltr' id='par_1_3' title="bbox 1060 352 3395 435">
     <span class='ocr_line' id='line_1_3' title="bbox 1060 352 3395 435; baseline -0.002 -18"><span class='ocrx_word' id='word_1_3' title='bbox 1060 361 1119 420; x_wconf 77' lang='grc' dir='ltr'><strong>ε.</strong></span> <span class='ocrx_word' id='word_1_4' title='bbox 1160 358 1493 417; x_wconf 74' lang='lat' dir='ltr'><strong>GREGORII</strong></span> <span class='ocrx_word' id='word_1_5' title='bbox 1534 355 1751 435; x_wconf 74' lang='lat' dir='ltr'><strong>HAGNI</strong></span> <span class='ocrx_word' id='word_1_6' title='bbox 1785 355 1973 424; x_wconf 73' lang='lat' dir='ltr'><strong>Vl‘l‘A,</strong></span> <span class='ocrx_word' id='word_1_7' title='bbox 2014 355 2104 412; x_wconf 75' lang='lat' dir='ltr'><strong>EX</strong></span> <span class='ocrx_word' id='word_1_8' title='bbox 2150 352 2315 412; x_wconf 74' lang='lat' dir='ltr'><strong>BJUS</strong></span> <span class='ocrx_word' id='word_1_9' title='bbox 2351 352 2658 410; x_wconf 78' lang='lat' dir='ltr'><strong>SCRIPTIS</strong></span> <span class='ocrx_word' id='word_1_10' title='bbox 2696 353 3094 411; x_wconf 75' lang='lat' dir='ltr'><strong>ADORNATA.</strong></span> <span class='ocrx_word' id='word_1_11' title='bbox 3136 354 3265 411; x_wconf 82' lang='lat' dir='ltr'><strong>LIB.</strong></span> <span class='ocrx_word' id='word_1_12' title='bbox 3306 354 3395 412; x_wconf 84' lang='grc'><strong>111.</strong></span> 
     </span>
    </p>
   </div>
   <div class='ocr_carea' id='block_1_4' title="bbox 3761 359 3875 416">
    <p class='ocr_par' dir='ltr' id='par_1_4' title="bbox 3761 359 3875 416">
     <span class='ocr_line' id='line_1_4' title="bbox 3761 359 3875 416; baseline -0.009 0"><span class='ocrx_word' id='word_1_13' title='bbox 3761 359 3875 416; x_wconf 73' lang='lat'><strong>390</strong></span> 
     </span>
    </p>
   </div>
   <div class='ocr_carea' id='block_1_5' title="bbox 565 465 3875 552">
    <p class='ocr_par' dir='ltr' id='par_1_5' title="bbox 565 465 3875 552">
     <span class='ocr_line' id='line_1_5' title="bbox 565 465 3875 552; baseline -0.003 -18"><span class='ocrx_word' id='word_1_14' title='bbox 565 485 771 546; x_wconf 59' lang='lat' dir='ltr'><strong>madas</strong></span> <span class='ocrx_word' id='word_1_15' title='bbox 820 476 1183 552; x_wconf 71' lang='lat' dir='ltr'><strong>postularent,</strong></span> <span class='ocrx_word' id='word_1_16' title='bbox 1242 487 1340 528; x_wconf 87' lang='lat' dir='ltr'><strong>eos</strong></span> <span class='ocrx_word' id='word_1_17' title='bbox 1379 471 1528 542; x_wconf 88' lang='lat' dir='ltr'><strong>prius</strong></span> <span class='ocrx_word' id='word_1_18' title='bbox 1559 480 1585 507; x_wconf 72' lang='grc' dir='ltr'><strong>τι</strong></span> <span class='ocrx_word' id='word_1_19' title='bbox 1612 469 1883 526; x_wconf 76' lang='lat' dir='ltr'><strong>dimittere</strong></span> <span class='ocrx_word' id='word_1_20' title='bbox 1926 469 2159 525; x_wconf 84' lang='lat' dir='ltr'><strong>debebat</strong></span> <span class='ocrx_word' id='word_1_21' title='bbox 2182 472 2238 529; x_wconf 74' lang='grc' dir='ltr'><strong>Α</strong></span> <span class='ocrx_word' id='word_1_22' title='bbox 2262 467 2493 533; x_wconf 89' lang='lat' dir='ltr'><strong>animus,</strong></span> <span class='ocrx_word' id='word_1_23' title='bbox 2538 465 2696 521; x_wconf 77' lang='lat' dir='ltr'><strong>facile</strong></span> <span class='ocrx_word' id='word_1_24' title='bbox 2749 466 2932 536; x_wconf 87' lang='lat' dir='ltr'><strong>urgeri</strong></span> <span class='ocrx_word' id='word_1_25' title='bbox 2960 476 3215 535; x_wconf 83' lang='lat' dir='ltr'><strong>possent;</strong></span> <span class='ocrx_word' id='word_1_26' title='bbox 3271 467 3473 538; x_wconf 85' lang='lat' dir='ltr'><strong>quippe</strong></span> <span class='ocrx_word' id='word_1_27' title='bbox 3499 469 3661 539; x_wconf 67' lang='lat'><strong>273</strong></span> <span class='ocrx_word' id='word_1_28' title='bbox 3692 472 3875 527; x_wconf 85' lang='lat' dir='ltr'><strong>altare</strong></span> 
     </span>
    </p>
   </div>
   <div class='ocr_carea' id='block_1_6' title="bbox 565 561 2157 651">
    <p class='ocr_par' dir='ltr' id='par_1_6' title="bbox 565 561 2157 651">
     <span class='ocr_line' id='line_1_6' title="bbox 565 561 2157 651; baseline -0.011 -20"><span class='ocrx_word' id='word_1_29' title='bbox 565 576 815 651; x_wconf 84' lang='lat' dir='ltr'><strong>proprius</strong></span> <span class='ocrx_word' id='word_1_30' title='bbox 846 571 1151 643; x_wconf 77' lang='lat' dir='ltr'><strong>episcopus,</strong></span> <span class='ocrx_word' id='word_1_31' title='bbox 1204 564 1346 621; x_wconf 81' lang='lat' dir='ltr'><strong>facta</strong></span> <span class='ocrx_word' id='word_1_32' title='bbox 1392 564 1673 631; x_wconf 84' lang='lat' dir='ltr'><strong>cessione;</strong></span> <span class='ocrx_word' id='word_1_33' title='bbox 1702 578 1803 618; x_wconf 88' lang='lat' dir='ltr'><strong>nec</strong></span> <span class='ocrx_word' id='word_1_34' title='bbox 1828 562 1963 616; x_wconf 87' lang='lat' dir='ltr'><strong>citra</strong></span> <span class='ocrx_word' id='word_1_35' title='bbox 1992 561 2157 630; x_wconf 85' lang='lat' dir='ltr'><strong>ipsius</strong></span> 
     </span>
    </p>
   </div>
   <div class='ocr_carea' id='block_1_7' title="bbox 566 653 2158 735">
    <p class='ocr_par' dir='ltr' id='par_1_7' title="bbox 566 653 2158 735">
     <span class='ocr_line' id='line_1_7' title="bbox 566 653 2158 735; baseline -0.014 -6"><span class='ocrx_word' id='word_1_36' title='bbox 566 682 888 728; x_wconf 74' lang='lat' dir='ltr'><strong>consensum</strong></span> <span class='ocrx_word' id='word_1_37' title='bbox 917 667 1133 735; x_wconf 83' lang='lat' dir='ltr'><strong>poterat</strong></span> <span class='ocrx_word' id='word_1_38' title='bbox 1149 657 1470 716; x_wconf 81' lang='lat' dir='ltr'><strong>iueardinari</strong></span> <span class='ocrx_word' id='word_1_39' title='bbox 1502 656 1641 727; x_wconf 92' lang='lat' dir='ltr'><strong>(Lib.</strong></span> <span class='ocrx_word' id='word_1_40' title='bbox 1691 673 1760 721; x_wconf 80' lang='lat' dir='ltr'><strong>v1,</strong></span> <span class='ocrx_word' id='word_1_41' title='bbox 1793 673 1874 722; x_wconf 86' lang='lat' dir='ltr'><strong>ep.</strong></span> <span class='ocrx_word' id='word_1_42' title='bbox 1906 654 2019 722; x_wconf 64' lang='grc' dir='ltr'><strong>ΞΟ).</strong></span> <span class='ocrx_word' id='word_1_43' title='bbox 2051 653 2158 722; x_wconf 87' lang='lat' dir='ltr'><strong>Ipsi</strong></span> 
     </span>
    </p>
   </div>
   <div class='ocr_carea' id='block_1_8' title="bbox 566 744 2158 830">
    <p class='ocr_par' dir='ltr' id='par_1_8' title="bbox 566 744 2158 830">
     <span class='ocr_line' id='line_1_8' title="bbox 566 744 2158 830; baseline -0.015 -10"><span class='ocrx_word' id='word_1_44' title='bbox 566 764 730 821; x_wconf 85' lang='lat' dir='ltr'><strong>etiam</strong></span> <span class='ocrx_word' id='word_1_45' title='bbox 760 758 853 830; x_wconf 88' lang='lat' dir='ltr'><strong>qui</strong></span> <span class='ocrx_word' id='word_1_46' title='bbox 874 757 927 811; x_wconf 83' lang='lat' dir='ltr'><strong>in</strong></span> <span class='ocrx_word' id='word_1_47' title='bbox 948 754 1236 825; x_wconf 80' lang='lat' dir='ltr'><strong>episcopos</strong></span> <span class='ocrx_word' id='word_1_48' title='bbox 1274 750 1433 805; x_wconf 88' lang='lat' dir='ltr'><strong>electi</strong></span> <span class='ocrx_word' id='word_1_49' title='bbox 1462 747 1695 810; x_wconf 84' lang='lat' dir='ltr'><strong>inerant,</strong></span> <span class='ocrx_word' id='word_1_50' title='bbox 1726 745 2032 816; x_wconf 88' lang='lat' dir='ltr'><strong>hujusmodi</strong></span> <span class='ocrx_word' id='word_1_51' title='bbox 2070 744 2158 797; x_wconf 86' lang='lat' dir='ltr'><strong>lit-</strong></span> 
     </span>
    </p>
   </div>
   <div class='ocr_carea' id='block_1_9' title="bbox 565 839 2160 919">
    <p class='ocr_par' dir='ltr' id='par_1_9' title="bbox 565 839 2160 919">
     <span class='ocr_line' id='line_1_9' title="bbox 565 839 2160 919; baseline -0.014 -6"><span class='ocrx_word' id='word_1_52' title='bbox 565 856 717 919; x_wconf 81' lang='lat' dir='ltr'><strong>teris,</strong></span> <span class='ocrx_word' id='word_1_53' title='bbox 748 860 807 908; x_wconf 88' lang='lat' dir='ltr'><strong>ut</strong></span> <span class='ocrx_word' id='word_1_54' title='bbox 830 850 1004 914; x_wconf 82' lang='lat' dir='ltr'><strong>aiunt,</strong></span> <span class='ocrx_word' id='word_1_55' title='bbox 1032 843 1355 902; x_wconf 83' lang='lat' dir='ltr'><strong>dimissoriis</strong></span> <span class='ocrx_word' id='word_1_56' title='bbox 1386 843 1624 913; x_wconf 80' lang='lat' dir='ltr'><strong>episcopi</strong></span> <span class='ocrx_word' id='word_1_57' title='bbox 1652 842 1735 895; x_wconf 83' lang='lat' dir='ltr'><strong>sui</strong></span> <span class='ocrx_word' id='word_1_58' title='bbox 1764 839 2072 908; x_wconf 87' lang='lat' dir='ltr'><strong>indigebant</strong></span> <span class='ocrx_word' id='word_1_59' title='bbox 2098 844 2160 892; x_wconf 88' lang='lat' dir='ltr'><strong>ut</strong></span> 
     </span>
    </p>
   </div>
   <div class='ocr_carea' id='block_1_10' title="bbox 564 930 2158 1007">
    <p class='ocr_par' dir='ltr' id='par_1_10' title="bbox 564 930 2158 1007">
     <span class='ocr_line' id='line_1_10' title="bbox 564 930 2158 1007; baseline -0.011 -5"><span class='ocrx_word' id='word_1_60' title='bbox 564 947 949 1003; x_wconf 80' lang='lat' dir='ltr'><strong>ordinarentur</strong></span> <span class='ocrx_word' id='word_1_61' title='bbox 978 938 1119 1007; x_wconf 86' lang='lat' dir='ltr'><strong>(Lib.</strong></span> <span class='ocrx_word' id='word_1_62' title='bbox 1147 952 1199 999; x_wconf 87' lang='lat' dir='ltr'><strong>v,</strong></span> <span class='ocrx_word' id='word_1_63' title='bbox 1222 953 1303 1006; x_wconf 90' lang='lat' dir='ltr'><strong>ep.</strong></span> <span class='ocrx_word' id='word_1_64' title='bbox 1329 934 1444 1005; x_wconf 87' lang='grc'><strong>17).</strong></span> <span class='ocrx_word' id='word_1_65' title='bbox 1476 933 1674 988; x_wconf 86' lang='lat' dir='ltr'><strong>Eadem</strong></span> <span class='ocrx_word' id='word_1_66' title='bbox 1702 946 1919 1002; x_wconf 91' lang='lat' dir='ltr'><strong>quoque</strong></span> <span class='ocrx_word' id='word_1_67' title='bbox 1947 930 2158 985; x_wconf 85' lang='lat' dir='ltr'><strong>ratione</strong></span> 
     </span>
    </p>
   </div>
   <div class='ocr_carea' id='block_1_11' title="bbox 565 1021 2161 1100">
    <p class='ocr_par' dir='ltr' id='par_1_11' title="bbox 565 1021 2161 1100">
     <span class='ocr_line' id='line_1_11' title="bbox 565 1021 2161 1100; baseline -0.013 -7"><span class='ocrx_word' id='word_1_68' title='bbox 565 1036 862 1093; x_wconf 85' lang='lat' dir='ltr'><strong>monachos</strong></span> <span class='ocrx_word' id='word_1_69' title='bbox 890 1034 1093 1100; x_wconf 85' lang='lat' dir='ltr'><strong>absque</strong></span> <span class='ocrx_word' id='word_1_70' title='bbox 1139 1027 1348 1083; x_wconf 82' lang='lat' dir='ltr'><strong>abbatis</strong></span> <span class='ocrx_word' id='word_1_71' title='bbox 1374 1026 1457 1081; x_wconf 89' lang='lat' dir='ltr'><strong>sui</strong></span> <span class='ocrx_word' id='word_1_72' title='bbox 1486 1038 1757 1080; x_wconf 87' lang='lat' dir='ltr'><strong>consensu</strong></span> <span class='ocrx_word' id='word_1_73' title='bbox 1786 1023 1852 1076; x_wconf 89' lang='lat' dir='ltr'><strong>ab</strong></span> <span class='ocrx_word' id='word_1_74' title='bbox 1892 1021 2161 1091; x_wconf 87' lang='lat' dir='ltr'><strong>episcopis</strong></span> 
     </span>
    </p>
   </div>
   <div class='ocr_carea' id='block_1_12' title="bbox 565 1111 2158 1193">
    <p class='ocr_par' dir='ltr' id='par_1_12' title="bbox 565 1111 2158 1193">
     <span class='ocr_line' id='line_1_12' title="bbox 565 1111 2158 1193; baseline -0.013 -11"><span class='ocrx_word' id='word_1_75' title='bbox 565 1127 765 1184; x_wconf 85' lang='lat' dir='ltr'><strong>assumi</strong></span> <span class='ocrx_word' id='word_1_76' title='bbox 795 1125 863 1179; x_wconf 91' lang='lat' dir='ltr'><strong>ad</strong></span> <span class='ocrx_word' id='word_1_77' title='bbox 894 1122 1346 1193; x_wconf 85' lang='lat' dir='ltr'><strong>presbyteratum,</strong></span> <span class='ocrx_word' id='word_1_78' title='bbox 1376 1124 1469 1172; x_wconf 90' lang='lat' dir='ltr'><strong>aut</strong></span> <span class='ocrx_word' id='word_1_79' title='bbox 1495 1114 1600 1167; x_wconf 89' lang='lat' dir='ltr'><strong>alia</strong></span> <span class='ocrx_word' id='word_1_80' title='bbox 1636 1111 1995 1168; x_wconf 88' lang='lat' dir='ltr'><strong>ecclesiastica</strong></span> <span class='ocrx_word' id='word_1_81' title='bbox 2036 1126 2158 1163; x_wconf 82' lang='lat' dir='ltr'><strong>mu—</strong></span> 
     </span>
    </p>
   </div>
   <div class='ocr_carea' id='block_1_13' title="bbox 566 1199 2161 1282">
    <p class='ocr_par' dir='ltr' id='par_1_13' title="bbox 566 1199 2161 1282">
     <span class='ocr_line' id='line_1_13' title="bbox 566 1199 2161 1282; baseline -0.012 -9"><span class='ocrx_word' id='word_1_82' title='bbox 566 1219 653 1273; x_wconf 94' lang='lat' dir='ltr'><strong>nia</strong></span> <span class='ocrx_word' id='word_1_83' title='bbox 685 1214 932 1271; x_wconf 88' lang='lat' dir='ltr'><strong>obeunda</strong></span> <span class='ocrx_word' id='word_1_84' title='bbox 972 1210 1297 1282; x_wconf 77' lang='lat' dir='ltr'><strong>prohibitura</strong></span> <span class='ocrx_word' id='word_1_85' title='bbox 1328 1214 1445 1261; x_wconf 87' lang='lat' dir='ltr'><strong>erat</strong></span> <span class='ocrx_word' id='word_1_86' title='bbox 1486 1203 1625 1275; x_wconf 92' lang='lat' dir='ltr'><strong>(Lib.</strong></span> <span class='ocrx_word' id='word_1_87' title='bbox 1678 1220 1751 1267; x_wconf 67' lang='grc' dir='ltr'><strong>γι,</strong></span> <span class='ocrx_word' id='word_1_88' title='bbox 1801 1220 1879 1272; x_wconf 89' lang='lat' dir='ltr'><strong>ep.</strong></span> <span class='ocrx_word' id='word_1_89' title='bbox 1913 1200 2020 1269; x_wconf 66' lang='lat'><strong>28).</strong></span> <span class='ocrx_word' id='word_1_90' title='bbox 2059 1199 2161 1255; x_wconf 90' lang='lat' dir='ltr'><strong>Ubi</strong></span> 
     </span>
    </p>
   </div>
   <div class='ocr_carea' id='block_1_14' title="bbox 565 1294 2161 1376">
    <p class='ocr_par' dir='ltr' id='par_1_14' title="bbox 565 1294 2161 1376">
     <span class='ocr_line' id='line_1_14' title="bbox 565 1294 2161 1376; baseline -0.011 -11"><span class='ocrx_word' id='word_1_91' title='bbox 565 1310 787 1365; x_wconf 85' lang='lat' dir='ltr'><strong>adverte</strong></span> <span class='ocrx_word' id='word_1_92' title='bbox 816 1313 1049 1376; x_wconf 89' lang='lat' dir='ltr'><strong>quantus</strong></span> <span class='ocrx_word' id='word_1_93' title='bbox 1072 1304 1171 1358; x_wconf 89' lang='lat' dir='ltr'><strong>hac</strong></span> <span class='ocrx_word' id='word_1_94' title='bbox 1197 1303 1247 1355; x_wconf 89' lang='lat' dir='ltr'><strong>in</strong></span> <span class='ocrx_word' id='word_1_95' title='bbox 1276 1308 1429 1370; x_wconf 86' lang='lat' dir='ltr'><strong>parte</strong></span> <span class='ocrx_word' id='word_1_96' title='bbox 1460 1298 1530 1353; x_wconf 86' lang='lat' dir='ltr'><strong>sit</strong></span> <span class='ocrx_word' id='word_1_97' title='bbox 1560 1296 1837 1352; x_wconf 68' lang='lat' dir='ltr'><strong>hodierna:</strong></span> <span class='ocrx_word' id='word_1_98' title='bbox 1867 1294 2161 1363; x_wconf 68' lang='lat' dir='ltr'><strong>disciplina:</strong></span> 
     </span>
    </p>
   </div>
   <div class='ocr_carea' id='block_1_15' title="bbox 566 1398 1226 1459">
    <p class='ocr_par' dir='ltr' id='par_1_15' title="bbox 566 1398 1226 1459">
     <span class='ocr_line' id='line_1_15' title="bbox 566 1398 1226 1459; baseline -0.018 -1"><span class='ocrx_word' id='word_1_99' title='bbox 566 1416 689 1459; x_wconf 88' lang='lat' dir='ltr'><strong>cum</strong></span> <span class='ocrx_word' id='word_1_100' title='bbox 711 1398 883 1454; x_wconf 88' lang='lat' dir='ltr'><strong>veteri</strong></span> <span class='ocrx_word' id='word_1_101' title='bbox 908 1408 1226 1451; x_wconf 88' lang='lat' dir='ltr'><strong>consensus.</strong></span> 
     </span>
    </p>
   </div>
   <div class='ocr_carea' id='block_1_16' title="bbox 644 1479 2159 1557">
    <p class='ocr_par' dir='ltr' id='par_1_16' title="bbox 644 1479 2159 1557">
     <span class='ocr_line' id='line_1_16' title="bbox 644 1479 2159 1557; baseline -0.012 -10"><span class='ocrx_word' id='word_1_102' title='bbox 644 1492 697 1547; x_wconf 91' lang='lat'><strong>9.</strong></span> <span class='ocrx_word' id='word_1_103' title='bbox 737 1491 889 1545; x_wconf 84' lang='lat' dir='ltr'><strong>lianc</strong></span> <span class='ocrx_word' id='word_1_104' title='bbox 928 1489 1101 1557; x_wconf 85' lang='lat' dir='ltr'><strong>ipsam</strong></span> <span class='ocrx_word' id='word_1_105' title='bbox 1145 1485 1557 1540; x_wconf 82' lang='lat' dir='ltr'><strong>consensionem</strong></span> <span class='ocrx_word' id='word_1_106' title='bbox 1596 1483 1749 1551; x_wconf 81' lang='lat' dir='ltr'><strong>juvat</strong></span> <span class='ocrx_word' id='word_1_107' title='bbox 1776 1479 2061 1535; x_wconf 85' lang='lat' dir='ltr'><strong>ostendere</strong></span> <span class='ocrx_word' id='word_1_108' title='bbox 2104 1481 2159 1530; x_wconf 89' lang='lat' dir='ltr'><strong>in</strong></span> 
     </span>
    </p>
   </div>
   <div class='ocr_carea' id='block_1_17' title="bbox 568 1572 2158 1652">
    <p class='ocr_par' dir='ltr' id='par_1_17' title="bbox 568 1572 2158 1652">
     <span class='ocr_line' id='line_1_17' title="bbox 568 1572 2158 1652; baseline -0.013 -11"><span class='ocrx_word' id='word_1_109' title='bbox 568 1585 749 1643; x_wconf 85' lang='lat' dir='ltr'><strong>missis</strong></span> <span class='ocrx_word' id='word_1_110' title='bbox 777 1580 1023 1652; x_wconf 84' lang='lat' dir='ltr'><strong>privatis,</strong></span> <span class='ocrx_word' id='word_1_111' title='bbox 1047 1587 1103 1633; x_wconf 87' lang='lat' dir='ltr'><strong>et</strong></span> <span class='ocrx_word' id='word_1_112' title='bbox 1125 1578 1180 1631; x_wconf 92' lang='lat' dir='ltr'><strong>in</strong></span> <span class='ocrx_word' id='word_1_113' title='bbox 1205 1575 1454 1629; x_wconf 85' lang='lat' dir='ltr'><strong>altarium</strong></span> <span class='ocrx_word' id='word_1_114' title='bbox 1474 1572 1817 1627; x_wconf 85' lang='lat' dir='ltr'><strong>multitudine</strong></span> <span class='ocrx_word' id='word_1_115' title='bbox 1846 1572 1984 1625; x_wconf 88' lang='lat' dir='ltr'><strong>intra</strong></span> <span class='ocrx_word' id='word_1_116' title='bbox 2008 1584 2158 1624; x_wconf 91' lang='lat' dir='ltr'><strong>eam-</strong></span> 
     </span>
    </p>
   </div>
   <div class='ocr_carea' id='block_1_18' title="bbox 568 1662 2159 1736">
    <p class='ocr_par' dir='ltr' id='par_1_18' title="bbox 568 1662 2159 1736">
     <span class='ocr_line' id='line_1_18' title="bbox 568 1662 2159 1736; baseline -0.013 -2"><span class='ocrx_word' id='word_1_117' title='bbox 568 1678 691 1734; x_wconf 86' lang='lat' dir='ltr'><strong>dem</strong></span> <span class='ocrx_word' id='word_1_118' title='bbox 723 1672 1027 1736; x_wconf 87' lang='lat' dir='ltr'><strong>ecclesiam,</strong></span> <span class='ocrx_word' id='word_1_119' title='bbox 1066 1676 1127 1722; x_wconf 89' lang='lat' dir='ltr'><strong>ut</strong></span> <span class='ocrx_word' id='word_1_120' title='bbox 1154 1666 1467 1722; x_wconf 80' lang='lat' dir='ltr'><strong>refellantur</strong></span> <span class='ocrx_word' id='word_1_121' title='bbox 1496 1664 1813 1719; x_wconf 78' lang='lat' dir='ltr'><strong>heterodoxi</strong></span> <span class='ocrx_word' id='word_1_122' title='bbox 1840 1662 1906 1717; x_wconf 89' lang='lat' dir='ltr'><strong>de</strong></span> <span class='ocrx_word' id='word_1_123' title='bbox 1946 1662 2159 1717; x_wconf 90' lang='lat' dir='ltr'><strong>novita-</strong></span> 
     </span>
    </p>
   </div>
   <div class='ocr_carea' id='block_1_19' title="bbox 567 1753 2162 1832">
    <p class='ocr_par' dir='ltr' id='par_1_19' title="bbox 567 1753 2162 1832">
     <span class='ocr_line' id='line_1_19' title="bbox 567 1753 2162 1832; baseline -0.011 -9"><span class='ocrx_word' id='word_1_124' title='bbox 567 1779 624 1824; x_wconf 89' lang='lat' dir='ltr'><strong>te</strong></span> <span class='ocrx_word' id='word_1_125' title='bbox 651 1768 801 1821; x_wconf 86' lang='lat' dir='ltr'><strong>litem</strong></span> <span class='ocrx_word' id='word_1_126' title='bbox 833 1764 1138 1832; x_wconf 85' lang='lat' dir='ltr'><strong>importune</strong></span> <span class='ocrx_word' id='word_1_127' title='bbox 1161 1758 1315 1813; x_wconf 90' lang='lat' dir='ltr'><strong>nobis</strong></span> <span class='ocrx_word' id='word_1_128' title='bbox 1342 1764 1640 1811; x_wconf 82' lang='lat' dir='ltr'><strong>moventes.</strong></span> <span class='ocrx_word' id='word_1_129' title='bbox 1671 1754 1928 1821; x_wconf 83' lang='lat' dir='ltr'><strong>Joannes,</strong></span> <span class='ocrx_word' id='word_1_130' title='bbox 1950 1753 2162 1822; x_wconf 82' lang='lat' dir='ltr'><strong>episco-</strong></span> 
     </span>
    </p>
   </div>
   <div class='ocr_carea' id='block_1_20' title="bbox 2265 558 3874 634">
    <p class='ocr_par' dir='ltr' id='par_1_20' title="bbox 2265 558 3874 634">
     <span class='ocr_line' id='line_1_20' title="bbox 2265 558 3874 634; baseline 0.004 -21"><span class='ocrx_word' id='word_1_131' title='bbox 2265 558 2450 614; x_wconf 66' lang='lat' dir='ltr'><strong>Grazce</strong></span> <span class='ocrx_word' id='word_1_132' title='bbox 2479 562 2828 634; x_wconf 78' lang='grc' dir='ltr'><strong>θυσιασὴριον,</strong></span> <span class='ocrx_word' id='word_1_133' title='bbox 2884 559 3206 614; x_wconf 82' lang='lat' dir='ltr'><strong>sacriﬁcium</strong></span> <span class='ocrx_word' id='word_1_134' title='bbox 3263 568 3317 613; x_wconf 92' lang='lat' dir='ltr'><strong>et</strong></span> <span class='ocrx_word' id='word_1_135' title='bbox 3360 560 3591 615; x_wconf 81' lang='lat' dir='ltr'><strong>hostiam</strong></span> <span class='ocrx_word' id='word_1_136' title='bbox 3647 563 3701 616; x_wconf 89' lang='lat' dir='ltr'><strong>in</strong></span> <span class='ocrx_word' id='word_1_137' title='bbox 3749 563 3874 631; x_wconf 79' lang='lat' dir='ltr'><strong>lege</strong></span> 
     </span>
    </p>
   </div>
   <div class='ocr_carea' id='block_1_21' title="bbox 2266 650 3867 723">
    <p class='ocr_par' dir='ltr' id='par_1_21' title="bbox 2266 650 3867 723">
     <span class='ocr_line' id='line_1_21' title="bbox 2266 650 3867 723; baseline 0.002 -16"><span class='ocrx_word' id='word_1_138' title='bbox 2266 666 2405 707; x_wconf 87' lang='lat' dir='ltr'><strong>nova</strong></span> <span class='ocrx_word' id='word_1_139' title='bbox 2434 651 2578 719; x_wconf 83' lang='lat' dir='ltr'><strong>cogit</strong></span> <span class='ocrx_word' id='word_1_140' title='bbox 2626 650 2935 717; x_wconf 87' lang='lat' dir='ltr'><strong>admittere,</strong></span> <span class='ocrx_word' id='word_1_141' title='bbox 2965 651 3109 720; x_wconf 91' lang='lat' dir='ltr'><strong>quod</strong></span> <span class='ocrx_word' id='word_1_142' title='bbox 3141 660 3321 706; x_wconf 89' lang='lat' dir='ltr'><strong>tamen</strong></span> <span class='ocrx_word' id='word_1_143' title='bbox 3365 654 3553 721; x_wconf 86' lang='lat' dir='ltr'><strong>procul</strong></span> <span class='ocrx_word' id='word_1_144' title='bbox 3591 654 3867 723; x_wconf 88' lang='lat' dir='ltr'><strong>rejiciunt.</strong></span> 
     </span>
    </p>
   </div>
   <div class='ocr_carea' id='block_1_22' title="bbox 2265 742 3872 818">
    <p class='ocr_par' dir='ltr' id='par_1_22' title="bbox 2265 742 3872 818">
     <span class='ocr_line' id='line_1_22' title="bbox 2265 742 3872 818; baseline 0.002 -20"><span class='ocrx_word' id='word_1_145' title='bbox 2265 742 2463 798; x_wconf 82' lang='lat' dir='ltr'><strong>Altaris</strong></span> <span class='ocrx_word' id='word_1_146' title='bbox 2492 750 2673 796; x_wconf 87' lang='lat' dir='ltr'><strong>autem</strong></span> <span class='ocrx_word' id='word_1_147' title='bbox 2704 759 2808 797; x_wconf 85' lang='lat' dir='ltr'><strong>vox</strong></span> <span class='ocrx_word' id='word_1_148' title='bbox 2852 743 2907 796; x_wconf 90' lang='lat' dir='ltr'><strong>in</strong></span> <span class='ocrx_word' id='word_1_149' title='bbox 2954 744 3307 813; x_wconf 87' lang='lat' dir='ltr'><strong>scriptoribus</strong></span> <span class='ocrx_word' id='word_1_150' title='bbox 3335 746 3708 814; x_wconf 88' lang='lat' dir='ltr'><strong>apostolorum</strong></span> <span class='ocrx_word' id='word_1_151' title='bbox 3738 763 3872 818; x_wconf 87' lang='lat' dir='ltr'><strong>sup-</strong></span> 
     </span>
    </p>
   </div>
   <div class='ocr_carea' id='block_1_23' title="bbox 2264 836 3874 913">
    <p class='ocr_par' dir='ltr' id='par_1_23' title="bbox 2264 836 3874 913">
     <span class='ocr_line' id='line_1_23' title="bbox 2264 836 3874 913; baseline 0.004 -23"><span class='ocrx_word' id='word_1_152' title='bbox 2264 837 2484 908; x_wconf 85' lang='lat' dir='ltr'><strong>paribus</strong></span> <span class='ocrx_word' id='word_1_153' title='bbox 2512 836 2905 905; x_wconf 81' lang='lat' dir='ltr'><strong>frequentatur.</strong></span> <span class='ocrx_word' id='word_1_154' title='bbox 2937 836 3089 892; x_wconf 87' lang='lat' dir='ltr'><strong>Unus</strong></span> <span class='ocrx_word' id='word_1_155' title='bbox 3128 853 3227 906; x_wconf 89' lang='lat' dir='ltr'><strong>pro</strong></span> <span class='ocrx_word' id='word_1_156' title='bbox 3280 839 3530 895; x_wconf 89' lang='lat' dir='ltr'><strong>omnibus</strong></span> <span class='ocrx_word' id='word_1_157' title='bbox 3558 840 3629 894; x_wconf 89' lang='lat' dir='ltr'><strong>sit</strong></span> <span class='ocrx_word' id='word_1_158' title='bbox 3657 848 3874 913; x_wconf 83' lang='lat' dir='ltr'><strong>martyr</strong></span> 
     </span>
    </p>
   </div>
   <div class='ocr_carea' id='block_1_24' title="bbox 2264 928 3874 1000">
    <p class='ocr_par' dir='ltr' id='par_1_24' title="bbox 2264 928 3874 1000">
     <span class='ocr_line' id='line_1_24' title="bbox 2264 928 3874 1000; baseline 0.001 -16"><span class='ocrx_word' id='word_1_159' title='bbox 2264 928 2504 998; x_wconf 85' lang='lat' dir='ltr'><strong>lguatius</strong></span> <span class='ocrx_word' id='word_1_160' title='bbox 2533 947 2544 981; x_wconf 91' lang='lat'>:</span> <span class='ocrx_word' id='word_1_161' title='bbox 2581 930 2791 994; x_wconf 80' lang='lat' dir='ltr'><strong>Omnes,</strong></span> <span class='ocrx_word' id='word_1_162' title='bbox 2826 930 2999 998; x_wconf 86' lang='lat' dir='ltr'><strong>inquit</strong></span> <span class='ocrx_word' id='word_1_163' title='bbox 3029 930 3080 983; x_wconf 90' lang='lat' dir='ltr'><strong>in</strong></span> <span class='ocrx_word' id='word_1_164' title='bbox 3112 945 3199 998; x_wconf 90' lang='lat' dir='ltr'><strong>ep.</strong></span> <span class='ocrx_word' id='word_1_165' title='bbox 3231 930 3299 983; x_wconf 85' lang='lat' dir='ltr'><strong>ad</strong></span> <span class='ocrx_word' id='word_1_166' title='bbox 3328 929 3572 999; x_wconf 79' lang='lat' dir='ltr'><strong>Magnes.</strong></span> <span class='ocrx_word' id='word_1_167' title='bbox 3603 948 3756 986; x_wconf 89' lang='lat' dir='ltr'><strong>num.</strong></span> <span class='ocrx_word' id='word_1_168' title='bbox 3793 932 3827 985; x_wconf 84' lang='lat'><strong>7</strong></span> <span class='ocrx_word' id='word_1_169' title='bbox 3854 972 3874 1000; x_wconf 89' lang='lat'><strong>,</strong></span> 
     </span>
    </p>
   </div>
   <div class='ocr_carea' id='block_1_25' title="bbox 2264 1022 3873 1091">
    <p class='ocr_par' dir='ltr' id='par_1_25' title="bbox 2264 1022 3873 1091">
     <span class='ocr_line' id='line_1_25' title="bbox 2264 1022 3873 1091; baseline 0 -13"><span class='ocrx_word' id='word_1_170' title='bbox 2264 1024 2400 1078; x_wconf 86' lang='lat' dir='ltr'><strong>velut</strong></span> <span class='ocrx_word' id='word_1_171' title='bbox 2424 1025 2481 1076; x_wconf 87' lang='lat' dir='ltr'><strong>in</strong></span> <span class='ocrx_word' id='word_1_172' title='bbox 2507 1039 2666 1076; x_wconf 84' lang='lat' dir='ltr'><strong>unum</strong></span> <span class='ocrx_word' id='word_1_173' title='bbox 2713 1022 2955 1091; x_wconf 84' lang='lat' dir='ltr'><strong>templum</strong></span> <span class='ocrx_word' id='word_1_174' title='bbox 2982 1022 3080 1075; x_wconf 73' lang='grc' dir='ltr'><strong>1)ιεὶ</strong></span> <span class='ocrx_word' id='word_1_175' title='bbox 3109 1024 3418 1086; x_wconf 79' lang='lat' dir='ltr'><strong>concurrite,</strong></span> <span class='ocrx_word' id='word_1_176' title='bbox 3452 1024 3587 1077; x_wconf 85' lang='lat' dir='ltr'><strong>velut</strong></span> <span class='ocrx_word' id='word_1_177' title='bbox 3616 1024 3685 1077; x_wconf 91' lang='lat' dir='ltr'><strong>ad</strong></span> <span class='ocrx_word' id='word_1_178' title='bbox 3706 1041 3873 1078; x_wconf 74' lang='lat' dir='ltr'><strong>unum</strong></span> 
     </span>
    </p>
   </div>
   <div class='ocr_carea' id='block_1_26' title="bbox 2266 1113 3874 1183">
    <p class='ocr_par' dir='ltr' id='par_1_26' title="bbox 2266 1113 3874 1183">
     <span class='ocr_line' id='line_1_26' title="bbox 2266 1113 3874 1183; baseline 0.002 -16"><span class='ocrx_word' id='word_1_179' title='bbox 2266 1116 2447 1171; x_wconf 88' lang='lat' dir='ltr'><strong>altore.</strong></span> <span class='ocrx_word' id='word_1_180' title='bbox 2482 1113 2546 1167; x_wconf 82' lang='lat' dir='ltr'><strong>Et</strong></span> <span class='ocrx_word' id='word_1_181' title='bbox 2594 1115 2646 1167; x_wconf 92' lang='lat' dir='ltr'><strong>in</strong></span> <span class='ocrx_word' id='word_1_182' title='bbox 2678 1127 2765 1183; x_wconf 89' lang='lat' dir='ltr'><strong>ep.</strong></span> <span class='ocrx_word' id='word_1_183' title='bbox 2797 1114 2866 1168; x_wconf 88' lang='lat' dir='ltr'><strong>ad</strong></span> <span class='ocrx_word' id='word_1_184' title='bbox 2895 1113 3058 1167; x_wconf 87' lang='lat' dir='ltr'><strong>Trall.</strong></span> <span class='ocrx_word' id='word_1_185' title='bbox 3091 1130 3237 1168; x_wconf 89' lang='lat' dir='ltr'><strong>num.</strong></span> <span class='ocrx_word' id='word_1_186' title='bbox 3269 1115 3299 1167; x_wconf 89' lang='lat'><strong>7</strong></span> <span class='ocrx_word' id='word_1_187' title='bbox 3333 1133 3343 1167; x_wconf 87' lang='lat'><strong>:</strong></span> <span class='ocrx_word' id='word_1_188' title='bbox 3380 1113 3481 1178; x_wconf 82' lang='lat' dir='ltr'><strong>Qui</strong></span> <span class='ocrx_word' id='word_1_189' title='bbox 3525 1117 3668 1169; x_wconf 86' lang='lat' dir='ltr'><strong>intra</strong></span> <span class='ocrx_word' id='word_1_190' title='bbox 3700 1119 3874 1170; x_wconf 84' lang='lat' dir='ltr'><strong>altare</strong></span> 
     </span>
    </p>
   </div>
   <div class='ocr_carea' id='block_1_27' title="bbox 2266 1206 3874 1274">
    <p class='ocr_par' dir='ltr' id='par_1_27' title="bbox 2266 1206 3874 1274">
     <span class='ocr_line' id='line_1_27' title="bbox 2266 1206 3874 1274; baseline -0.001 -13"><span class='ocrx_word' id='word_1_191' title='bbox 2266 1215 2361 1272; x_wconf 88' lang='lat' dir='ltr'><strong>est,</strong></span> <span class='ocrx_word' id='word_1_192' title='bbox 2389 1206 2608 1259; x_wconf 87' lang='lat' dir='ltr'><strong>mundus</strong></span> <span class='ocrx_word' id='word_1_193' title='bbox 2656 1214 2765 1270; x_wconf 89' lang='lat' dir='ltr'><strong>est;</strong></span> <span class='ocrx_word' id='word_1_194' title='bbox 2805 1207 2889 1274; x_wconf 90' lang='lat' dir='ltr'><strong>qui</strong></span> <span class='ocrx_word' id='word_1_195' title='bbox 2938 1221 3052 1260; x_wconf 84' lang='lat' dir='ltr'><strong>vero</strong></span> <span class='ocrx_word' id='word_1_196' title='bbox 3080 1215 3224 1259; x_wconf 71' lang='lat' dir='ltr'><strong>extra</strong></span> <span class='ocrx_word' id='word_1_197' title='bbox 3273 1206 3439 1259; x_wconf 88' lang='lat' dir='ltr'><strong>altare</strong></span> <span class='ocrx_word' id='word_1_198' title='bbox 3484 1216 3583 1270; x_wconf 86' lang='lat' dir='ltr'><strong>est,</strong></span> <span class='ocrx_word' id='word_1_199' title='bbox 3627 1224 3732 1261; x_wconf 90' lang='lat' dir='ltr'><strong>non</strong></span> <span class='ocrx_word' id='word_1_200' title='bbox 3798 1217 3874 1260; x_wconf 85' lang='lat' dir='ltr'><strong>est</strong></span> 
     </span>
    </p>
   </div>
   <div class='ocr_carea' id='block_1_28' title="bbox 2266 1296 3876 1367">
    <p class='ocr_par' dir='ltr' id='par_1_28' title="bbox 2266 1296 3876 1367">
     <span class='ocr_line' id='line_1_28' title="bbox 2266 1296 3876 1367; baseline -0.001 -14"><span class='ocrx_word' id='word_1_201' title='bbox 2266 1300 2509 1353; x_wconf 86' lang='lat' dir='ltr'><strong>mundus.</strong></span> <span class='ocrx_word' id='word_1_202' title='bbox 2563 1298 2771 1353; x_wconf 85' lang='lat' dir='ltr'><strong>Accinit</strong></span> <span class='ocrx_word' id='word_1_203' title='bbox 2804 1307 2827 1336; x_wconf 74' lang='grc' dir='ltr'><strong>ε</strong></span> <span class='ocrx_word' id='word_1_204' title='bbox 2854 1296 3022 1351; x_wconf 88' lang='lat' dir='ltr'><strong>Paulo</strong></span> <span class='ocrx_word' id='word_1_205' title='bbox 3062 1306 3116 1351; x_wconf 88' lang='lat' dir='ltr'><strong>et</strong></span> <span class='ocrx_word' id='word_1_206' title='bbox 3166 1296 3360 1351; x_wconf 86' lang='lat' dir='ltr'><strong>Joanni</strong></span> <span class='ocrx_word' id='word_1_207' title='bbox 3410 1298 3693 1366; x_wconf 88' lang='lat' dir='ltr'><strong>apostolis,</strong></span> <span class='ocrx_word' id='word_1_208' title='bbox 3726 1297 3876 1367; x_wconf 86' lang='lat' dir='ltr'><strong>apud</strong></span> 
     </span>
    </p>
   </div>
   <div class='ocr_carea' id='block_1_29' title="bbox 2240 1390 3878 1461">
    <p class='ocr_par' dir='ltr' id='par_1_29' title="bbox 2240 1390 3878 1461">
     <span class='ocr_line' id='line_1_29' title="bbox 2240 1390 3878 1461; baseline 0 -16"><span class='ocrx_word' id='word_1_209' title='bbox 2240 1405 2425 1459; x_wconf 74' lang='lat' dir='ltr'><strong>‘quos,</strong></span> <span class='ocrx_word' id='word_1_210' title='bbox 2451 1390 2613 1444; x_wconf 89' lang='lat' dir='ltr'><strong>etiam</strong></span> <span class='ocrx_word' id='word_1_211' title='bbox 2644 1401 2767 1459; x_wconf 88' lang='lat' dir='ltr'><strong>post</strong></span> <span class='ocrx_word' id='word_1_212' title='bbox 2795 1391 3143 1460; x_wconf 83' lang='lat' dir='ltr'><strong>reprobatqu</strong></span> <span class='ocrx_word' id='word_1_213' title='bbox 3174 1399 3328 1444; x_wconf 88' lang='lat' dir='ltr'><strong>vetus</strong></span> <span class='ocrx_word' id='word_1_214' title='bbox 3354 1390 3524 1444; x_wconf 88' lang='lat' dir='ltr'><strong>altare</strong></span> <span class='ocrx_word' id='word_1_215' title='bbox 3543 1432 3559 1457; x_wconf 93' lang='lat'><strong>,</strong></span> <span class='ocrx_word' id='word_1_216' title='bbox 3604 1406 3754 1461; x_wconf 66' lang='lat' dir='ltr'><strong>smpe</strong></span> <span class='ocrx_word' id='word_1_217' title='bbox 3805 1391 3878 1444; x_wconf 34' lang='lat' dir='ltr'><strong>ala</strong></span> 
     </span>
    </p>
   </div>
   <div class='ocr_carea' id='block_1_30' title="bbox 2267 1480 3877 1547">
    <p class='ocr_par' dir='ltr' id='par_1_30' title="bbox 2267 1480 3877 1547">
     <span class='ocr_line' id='line_1_30' title="bbox 2267 1480 3877 1547; baseline 0.001 -12"><span class='ocrx_word' id='word_1_218' title='bbox 2267 1481 2399 1538; x_wconf 88' lang='lat' dir='ltr'><strong>taris</strong></span> <span class='ocrx_word' id='word_1_219' title='bbox 2440 1481 2661 1535; x_wconf 86' lang='lat' dir='ltr'><strong>alterius</strong></span> <span class='ocrx_word' id='word_1_220' title='bbox 2713 1482 2947 1535; x_wconf 88' lang='lat' dir='ltr'><strong>occurrit</strong></span> <span class='ocrx_word' id='word_1_221' title='bbox 2997 1482 3222 1536; x_wconf 88' lang='lat' dir='ltr'><strong>mentio.</strong></span> <span class='ocrx_word' id='word_1_222' title='bbox 3271 1480 3376 1535; x_wconf 90' lang='lat' dir='ltr'><strong>Sed</strong></span> <span class='ocrx_word' id='word_1_223' title='bbox 3421 1482 3504 1536; x_wconf 90' lang='lat' dir='ltr'><strong>his</strong></span> <span class='ocrx_word' id='word_1_224' title='bbox 3532 1483 3773 1547; x_wconf 86' lang='lat' dir='ltr'><strong>omissis,</strong></span> <span class='ocrx_word' id='word_1_225' title='bbox 3809 1482 3877 1536; x_wconf 89' lang='lat' dir='ltr'><strong>ad</strong></span> 
     </span>
    </p>
   </div>
   <div class='ocr_carea' id='block_1_31' title="bbox 2266 1572 3877 1644">
    <p class='ocr_par' dir='ltr' id='par_1_31' title="bbox 2266 1572 3877 1644">
     <span class='ocr_line' id='line_1_31' title="bbox 2266 1572 3877 1644; baseline 0.001 -16"><span class='ocrx_word' id='word_1_226' title='bbox 2266 1573 2474 1641; x_wconf 88' lang='lat' dir='ltr'><strong>reliqua</strong></span> <span class='ocrx_word' id='word_1_227' title='bbox 2509 1572 2567 1627; x_wconf 89' lang='lat' dir='ltr'><strong>S.</strong></span> <span class='ocrx_word' id='word_1_228' title='bbox 2610 1572 2855 1642; x_wconf 82' lang='lat' dir='ltr'><strong>Gregorii</strong></span> <span class='ocrx_word' id='word_1_229' title='bbox 2894 1581 3043 1644; x_wconf 84' lang='lat' dir='ltr'><strong>gesta</strong></span> <span class='ocrx_word' id='word_1_230' title='bbox 3076 1573 3204 1629; x_wconf 88' lang='lat' dir='ltr'><strong>huic</strong></span> <span class='ocrx_word' id='word_1_231' title='bbox 3253 1586 3395 1629; x_wconf 90' lang='lat' dir='ltr'><strong>anno</strong></span> <span class='ocrx_word' id='word_1_232' title='bbox 3432 1573 3613 1630; x_wconf 89' lang='lat' dir='ltr'><strong>debita</strong></span> <span class='ocrx_word' id='word_1_233' title='bbox 3642 1573 3877 1629; x_wconf 74' lang='lat' dir='ltr'><strong>festine-</strong></span> 
     </span>
    </p>
   </div>
   <div class='ocr_carea' id='block_1_32' title="bbox 2267 1682 2409 1721">
    <p class='ocr_par' dir='ltr' id='par_1_32' title="bbox 2267 1682 2409 1721">
     <span class='ocr_line' id='line_1_32' title="bbox 2267 1682 2409 1721; baseline -0.007 0"><span class='ocrx_word' id='word_1_234' title='bbox 2267 1682 2409 1721; x_wconf 89' lang='lat' dir='ltr'><strong>mus.</strong></span> 
     </span>
    </p>
   </div>
   <div class='ocr_carea' id='block_1_33' title="bbox 2345 1758 3874 1832">
    <p class='ocr_par' dir='ltr' id='par_1_33' title="bbox 2345 1758 3874 1832">
     <span class='ocr_line' id='line_1_33' title="bbox 2345 1758 3874 1832; baseline 0.005 -21"><span class='ocrx_word' id='word_1_235' title='bbox 2345 1759 2427 1812; x_wconf 86' lang='grc'><strong>10.</strong></span> <span class='ocrx_word' id='word_1_236' title='bbox 2473 1758 2691 1815; x_wconf 89' lang='lat' dir='ltr'><strong>Summa</strong></span> <span class='ocrx_word' id='word_1_237' title='bbox 2720 1760 2835 1828; x_wconf 87' lang='lat' dir='ltr'><strong>ejus</strong></span> <span class='ocrx_word' id='word_1_238' title='bbox 2884 1761 2938 1815; x_wconf 93' lang='lat' dir='ltr'><strong>in</strong></span> <span class='ocrx_word' id='word_1_239' title='bbox 2984 1762 3222 1831; x_wconf 89' lang='lat' dir='ltr'><strong>supremi</strong></span> <span class='ocrx_word' id='word_1_240' title='bbox 3268 1762 3613 1832; x_wconf 76' lang='lat' dir='ltr'><strong>pontiﬁcatus</strong></span> <span class='ocrx_word' id='word_1_241' title='bbox 3640 1763 3874 1819; x_wconf 63' lang='lat' dir='ltr'><strong>admini«</strong></span> 
     </span>
    </p>
   </div>
   <div class='ocr_carea' id='block_1_34' title="bbox 568 1846 3874 1932">
    <p class='ocr_par' dir='ltr' id='par_1_34' title="bbox 568 1846 3874 1932">
     <span class='ocr_line' id='line_1_34' title="bbox 568 1846 3874 1932; baseline -0.001 -18"><span class='ocrx_word' id='word_1_242' title='bbox 568 1871 671 1932; x_wconf 85' lang='lat' dir='ltr'><strong>pus</strong></span> <span class='ocrx_word' id='word_1_243' title='bbox 700 1856 1088 1927; x_wconf 87' lang='lat' dir='ltr'><strong>Syracusanus,</strong></span> <span class='ocrx_word' id='word_1_244' title='bbox 1108 1848 1356 1905; x_wconf 84' lang='lat' dir='ltr'><strong>Venantii</strong></span> <span class='ocrx_word' id='word_1_245' title='bbox 1378 1848 1589 1918; x_wconf 89' lang='lat' dir='ltr'><strong>patricii</strong></span> <span class='ocrx_word' id='word_1_246' title='bbox 1621 1848 1923 1902; x_wconf 89' lang='lat' dir='ltr'><strong>oblationes</strong></span> <span class='ocrx_word' id='word_1_247' title='bbox 1953 1846 2164 1916; x_wconf 86' lang='lat' dir='ltr'><strong>repule-</strong></span> <span class='ocrx_word' id='word_1_248' title='bbox 2195 1856 2246 1919; x_wconf 72' lang='grc' dir='ltr'><strong>ιι</strong></span> <span class='ocrx_word' id='word_1_249' title='bbox 2271 1851 2537 1906; x_wconf 89' lang='lat' dir='ltr'><strong>stratione</strong></span> <span class='ocrx_word' id='word_1_250' title='bbox 2582 1850 2848 1905; x_wconf 89' lang='lat' dir='ltr'><strong>modestia</strong></span> <span class='ocrx_word' id='word_1_251' title='bbox 2880 1852 3059 1907; x_wconf 89' lang='lat' dir='ltr'><strong>elucet</strong></span> <span class='ocrx_word' id='word_1_252' title='bbox 3088 1853 3144 1907; x_wconf 91' lang='lat' dir='ltr'><strong>in</strong></span> <span class='ocrx_word' id='word_1_253' title='bbox 3171 1854 3399 1925; x_wconf 86' lang='lat' dir='ltr'><strong>epistola</strong></span> <span class='ocrx_word' id='word_1_254' title='bbox 3429 1855 3496 1909; x_wconf 89' lang='lat' dir='ltr'><strong>ad</strong></span> <span class='ocrx_word' id='word_1_255' title='bbox 3521 1854 3874 1923; x_wconf 89' lang='lat' dir='ltr'><strong>Columhum,</strong></span> 
     </span>
    </p>
   </div>
   <div class='ocr_carea' id='block_1_35' title="bbox 568 1939 2163 2019">
    <p class='ocr_par' dir='ltr' id='par_1_35' title="bbox 568 1939 2163 2019">
     <span class='ocr_line' id='line_1_35' title="bbox 568 1939 2163 2019; baseline -0.011 -11"><span class='ocrx_word' id='word_1_256' title='bbox 568 1960 674 2017; x_wconf 86' lang='lat' dir='ltr'><strong>rat,</strong></span> <span class='ocrx_word' id='word_1_257' title='bbox 707 1948 853 2019; x_wconf 89' lang='lat' dir='ltr'><strong>quod</strong></span> <span class='ocrx_word' id='word_1_258' title='bbox 883 1947 971 2001; x_wconf 90' lang='lat' dir='ltr'><strong>ille</strong></span> <span class='ocrx_word' id='word_1_259' title='bbox 1000 1944 1218 2011; x_wconf 75' lang='lat' dir='ltr'><strong>indigne</strong></span> <span class='ocrx_word' id='word_1_260' title='bbox 1240 1941 1417 1997; x_wconf 79' lang='lat' dir='ltr'><strong>ferens</strong></span> <span class='ocrx_word' id='word_1_261' title='bbox 1448 1941 1716 1995; x_wconf 90' lang='lat' dir='ltr'><strong>hostiliter</strong></span> <span class='ocrx_word' id='word_1_262' title='bbox 1746 1940 1807 1993; x_wconf 87' lang='lat' dir='ltr'><strong>in</strong></span> <span class='ocrx_word' id='word_1_263' title='bbox 1829 1939 2163 2009; x_wconf 88' lang='lat' dir='ltr'><strong>episcopium</strong></span> 
     </span>
    </p>
   </div>
   <div class='ocr_carea' id='block_1_36' title="bbox 568 2032 2163 2101">
    <p class='ocr_par' dir='ltr' id='par_1_36' title="bbox 568 2032 2163 2101">
     <span class='ocr_line' id='line_1_36' title="bbox 568 2032 2163 2101; baseline -0.008 -3"><span class='ocrx_word' id='word_1_264' title='bbox 568 2052 808 2099; x_wconf 88' lang='lat' dir='ltr'><strong>armatos</strong></span> <span class='ocrx_word' id='word_1_265' title='bbox 850 2038 1073 2093; x_wconf 91' lang='lat' dir='ltr'><strong>immisit</strong></span> <span class='ocrx_word' id='word_1_266' title='bbox 1109 2035 1389 2091; x_wconf 87' lang='lat' dir='ltr'><strong>satellites.</strong></span> <span class='ocrx_word' id='word_1_267' title='bbox 1442 2032 1568 2088; x_wconf 81' lang='lat' dir='ltr'><strong>Haec</strong></span> <span class='ocrx_word' id='word_1_268' title='bbox 1612 2033 1703 2087; x_wconf 86' lang='lat' dir='ltr'><strong>ubi</strong></span> <span class='ocrx_word' id='word_1_269' title='bbox 1748 2033 1957 2101; x_wconf 88' lang='lat' dir='ltr'><strong>accepit</strong></span> <span class='ocrx_word' id='word_1_270' title='bbox 2002 2047 2163 2101; x_wconf 86' lang='lat' dir='ltr'><strong>papa,</strong></span> 
     </span>
    </p>
   </div>
   <div class='ocr_carea' id='block_1_37' title="bbox 567 2126 2167 2203">
    <p class='ocr_par' dir='ltr' id='par_1_37' title="bbox 567 2126 2167 2203">
     <span class='ocr_line' id='line_1_37' title="bbox 567 2126 2167 2203; baseline -0.006 -13"><span class='ocrx_word' id='word_1_271' title='bbox 567 2133 785 2203; x_wconf 83' lang='lat' dir='ltr'><strong>scripsit</strong></span> <span class='ocrx_word' id='word_1_272' title='bbox 815 2130 887 2185; x_wconf 88' lang='lat' dir='ltr'><strong>ad</strong></span> <span class='ocrx_word' id='word_1_273' title='bbox 923 2129 1242 2184; x_wconf 86' lang='lat' dir='ltr'><strong>Venantium</strong></span> <span class='ocrx_word' id='word_1_274' title='bbox 1287 2128 1353 2182; x_wconf 92' lang='lat' dir='ltr'><strong>de</strong></span> <span class='ocrx_word' id='word_1_275' title='bbox 1384 2126 1575 2195; x_wconf 87' lang='lat' dir='ltr'><strong>injuria</strong></span> <span class='ocrx_word' id='word_1_276' title='bbox 1607 2128 1862 2203; x_wconf 84' lang='lat' dir='ltr'><strong>episcOpo</strong></span> <span class='ocrx_word' id='word_1_277' title='bbox 1892 2127 2037 2179; x_wconf 89' lang='lat' dir='ltr'><strong>illata</strong></span> <span class='ocrx_word' id='word_1_278' title='bbox 2068 2142 2167 2181; x_wconf 89' lang='lat' dir='ltr'><strong>ex-</strong></span> 
     </span>
    </p>
   </div>
   <div class='ocr_carea' id='block_1_38' title="bbox 570 2218 2169 2295">
    <p class='ocr_par' dir='ltr' id='par_1_38' title="bbox 570 2218 2169 2295">
     <span class='ocr_line' id='line_1_38' title="bbox 570 2218 2169 2295; baseline -0.007 -14"><span class='ocrx_word' id='word_1_279' title='bbox 570 2224 872 2295; x_wconf 85' lang='lat' dir='ltr'><strong>postulans,</strong></span> <span class='ocrx_word' id='word_1_280' title='bbox 905 2236 1025 2275; x_wconf 89' lang='lat' dir='ltr'><strong>cum</strong></span> <span class='ocrx_word' id='word_1_281' title='bbox 1055 2220 1124 2273; x_wconf 90' lang='lat' dir='ltr'><strong>ob</strong></span> <span class='ocrx_word' id='word_1_282' title='bbox 1154 2225 1338 2273; x_wconf 86' lang='lat' dir='ltr'><strong>notam</strong></span> <span class='ocrx_word' id='word_1_283' title='bbox 1368 2218 1706 2286; x_wconf 79' lang='lat' dir='ltr'><strong>gravitatem,</strong></span> <span class='ocrx_word' id='word_1_284' title='bbox 1741 2218 2083 2272; x_wconf 87' lang='lat' dir='ltr'><strong>sanctitatem</strong></span> <span class='ocrx_word' id='word_1_285' title='bbox 2112 2225 2169 2271; x_wconf 88' lang='lat' dir='ltr'><strong>ct</strong></span> 
     </span>
    </p>
   </div>
   <div class='ocr_carea' id='block_1_39' title="bbox 571 2311 2169 2377">
    <p class='ocr_par' dir='ltr' id='par_1_39' title="bbox 571 2311 2169 2377">
     <span class='ocr_line' id='line_1_39' title="bbox 571 2311 2169 2377; baseline -0.003 -7"><span class='ocrx_word' id='word_1_286' title='bbox 571 2313 1065 2377; x_wconf 85' lang='lat' dir='ltr'><strong>mansuetudinem,</strong></span> <span class='ocrx_word' id='word_1_287' title='bbox 1097 2324 1128 2364; x_wconf 92' lang='lat' dir='ltr'><strong>a</strong></span> <span class='ocrx_word' id='word_1_288' title='bbox 1155 2312 1206 2364; x_wconf 93' lang='lat' dir='ltr'><strong>vi</strong></span> <span class='ocrx_word' id='word_1_289' title='bbox 1237 2320 1291 2365; x_wconf 90' lang='lat' dir='ltr'><strong>et</strong></span> <span class='ocrx_word' id='word_1_290' title='bbox 1320 2311 1665 2365; x_wconf 87' lang='lat' dir='ltr'><strong>insultatione</strong></span> <span class='ocrx_word' id='word_1_291' title='bbox 1696 2320 1843 2364; x_wconf 86' lang='lat' dir='ltr'><strong>tanta</strong></span> <span class='ocrx_word' id='word_1_292' title='bbox 1874 2320 2021 2365; x_wconf 90' lang='lat' dir='ltr'><strong>tutus</strong></span> <span class='ocrx_word' id='word_1_293' title='bbox 2048 2325 2169 2365; x_wconf 90' lang='lat' dir='ltr'><strong>esse</strong></span> 
     </span>
    </p>
   </div>
   <div class='ocr_carea' id='block_1_40' title="bbox 578 2403 2166 2477">
    <p class='ocr_par' dir='ltr' id='par_1_40' title="bbox 578 2403 2166 2477">
     <span class='ocr_line' id='line_1_40' title="bbox 578 2403 2166 2477; baseline -0.004 -14"><span class='ocrx_word' id='word_1_294' title='bbox 578 2408 855 2463; x_wconf 84' lang='lat' dir='ltr'><strong>debuisset</strong></span> <span class='ocrx_word' id='word_1_295' title='bbox 887 2404 1024 2477; x_wconf 85' lang='lat' dir='ltr'><strong>(Lib.</strong></span> <span class='ocrx_word' id='word_1_296' title='bbox 1057 2422 1126 2471; x_wconf 84' lang='lat' dir='ltr'><strong>v1,</strong></span> <span class='ocrx_word' id='word_1_297' title='bbox 1156 2423 1239 2476; x_wconf 86' lang='lat' dir='ltr'><strong>ep.</strong></span> <span class='ocrx_word' id='word_1_298' title='bbox 1273 2403 1385 2473; x_wconf 72' lang='grc'><strong>45).</strong></span> <span class='ocrx_word' id='word_1_299' title='bbox 1415 2404 1562 2458; x_wconf 84' lang='lat' dir='ltr'><strong>Unde</strong></span> <span class='ocrx_word' id='word_1_300' title='bbox 1583 2422 1787 2458; x_wconf 85' lang='lat' dir='ltr'><strong>necesse</strong></span> <span class='ocrx_word' id='word_1_301' title='bbox 1814 2415 1922 2469; x_wconf 90' lang='lat' dir='ltr'><strong>est,</strong></span> <span class='ocrx_word' id='word_1_302' title='bbox 1962 2406 2166 2473; x_wconf 89' lang='lat' dir='ltr'><strong>inquit,</strong></span> 
     </span>
    </p>
   </div>
   <div class='ocr_carea' id='block_1_41' title="bbox 576 2498 2169 2560">
    <p class='ocr_par' dir='ltr' id='par_1_41' title="bbox 576 2498 2169 2560">
     <span class='ocr_line' id='line_1_41' title="bbox 576 2498 2169 2560; baseline -0.005 -3"><span class='ocrx_word' id='word_1_303' title='bbox 576 2512 631 2557; x_wconf 86' lang='lat' dir='ltr'><strong>ut</strong></span> <span class='ocrx_word' id='word_1_304' title='bbox 659 2511 707 2555; x_wconf 89' lang='lat' dir='ltr'><strong>et</strong></span> <span class='ocrx_word' id='word_1_305' title='bbox 733 2518 822 2556; x_wconf 87' lang='lat' dir='ltr'><strong>vos</strong></span> <span class='ocrx_word' id='word_1_306' title='bbox 848 2500 1219 2554; x_wconf 80' lang='lat' dir='ltr'><strong>sacerdotalem</strong></span> <span class='ocrx_word' id='word_1_307' title='bbox 1249 2500 1327 2552; x_wconf 86' lang='lat' dir='ltr'><strong>illi</strong></span> <span class='ocrx_word' id='word_1_308' title='bbox 1353 2500 1691 2553; x_wconf 79' lang='lat' dir='ltr'><strong>reverentiam</strong></span> <span class='ocrx_word' id='word_1_309' title='bbox 1740 2498 1997 2560; x_wconf 75' lang='lat' dir='ltr'><strong>exhibere,</strong></span> <span class='ocrx_word' id='word_1_310' title='bbox 2037 2499 2169 2551; x_wconf 79' lang='lat' dir='ltr'><strong>sicut</strong></span> 
     </span>
    </p>
   </div>
   <div class='ocr_carea' id='block_1_42' title="bbox 577 2589 2169 2665">
    <p class='ocr_par' dir='ltr' id='par_1_42' title="bbox 577 2589 2169 2665">
     <span class='ocr_line' id='line_1_42' title="bbox 577 2589 2169 2665; baseline -0.005 -14"><span class='ocrx_word' id='word_1_311' title='bbox 577 2597 719 2651; x_wconf 82' lang='lat' dir='ltr'><strong>decet</strong></span> <span class='ocrx_word' id='word_1_312' title='bbox 749 2596 909 2665; x_wconf 78' lang='lat' dir='ltr'><strong>ﬁlios,</strong></span> <span class='ocrx_word' id='word_1_313' title='bbox 950 2593 1172 2647; x_wconf 81' lang='lat' dir='ltr'><strong>debeatis</strong></span> <span class='ocrx_word' id='word_1_314' title='bbox 1191 2634 1205 2659; x_wconf 93' lang='lat'><strong>,</strong></span> <span class='ocrx_word' id='word_1_315' title='bbox 1261 2608 1352 2645; x_wconf 88' lang='lat' dir='ltr'><strong>nec</strong></span> <span class='ocrx_word' id='word_1_316' title='bbox 1380 2592 1492 2662; x_wconf 84' lang='lat' dir='ltr'><strong>ejus</strong></span> <span class='ocrx_word' id='word_1_317' title='bbox 1520 2592 1588 2643; x_wconf 88' lang='lat' dir='ltr'><strong>ad</strong></span> <span class='ocrx_word' id='word_1_318' title='bbox 1613 2590 1939 2643; x_wconf 84' lang='lat' dir='ltr'><strong>iracundiam</strong></span> <span class='ocrx_word' id='word_1_319' title='bbox 1967 2589 2169 2643; x_wconf 86' lang='lat' dir='ltr'><strong>animos</strong></span> 
     </span>
    </p>
   </div>
   <div class='ocr_carea' id='block_1_43' title="bbox 574 2681 2167 2759">
    <p class='ocr_par' dir='ltr' id='par_1_43' title="bbox 574 2681 2167 2759">
     <span class='ocr_line' id='line_1_43' title="bbox 574 2681 2167 2759; baseline -0.006 -17"><span class='ocrx_word' id='word_1_320' title='bbox 574 2687 877 2759; x_wconf 81' lang='lat' dir='ltr'><strong>provocetis.</strong></span> <span class='ocrx_word' id='word_1_321' title='bbox 904 2684 1049 2738; x_wconf 87' lang='lat' dir='ltr'><strong>Nam</strong></span> <span class='ocrx_word' id='word_1_322' title='bbox 1074 2700 1189 2737; x_wconf 88' lang='lat' dir='ltr'><strong>cum</strong></span> <span class='ocrx_word' id='word_1_323' title='bbox 1208 2700 1305 2754; x_wconf 84' lang='lat' dir='ltr'><strong>quo</strong></span> <span class='ocrx_word' id='word_1_324' title='bbox 1335 2684 1495 2752; x_wconf 74' lang='lat' dir='ltr'><strong>ﬁdam</strong></span> <span class='ocrx_word' id='word_1_325' title='bbox 1516 2684 1636 2736; x_wconf 85' lang='lat' dir='ltr'><strong>estis</strong></span> <span class='ocrx_word' id='word_1_326' title='bbox 1669 2684 1893 2752; x_wconf 89' lang='lat' dir='ltr'><strong>gratiam</strong></span> <span class='ocrx_word' id='word_1_327' title='bbox 1920 2681 2167 2749; x_wconf 87' lang='lat' dir='ltr'><strong>habituri,</strong></span> 
     </span>
    </p>
   </div>
   <div class='ocr_carea' id='block_1_44' title="bbox 576 2773 2169 2845">
    <p class='ocr_par' dir='ltr' id='par_1_44' title="bbox 576 2773 2169 2845">
     <span class='ocr_line' id='line_1_44' title="bbox 576 2773 2169 2845; baseline -0.004 -14"><span class='ocrx_word' id='word_1_328' title='bbox 576 2779 622 2832; x_wconf 92' lang='lat' dir='ltr'><strong>si</strong></span> <span class='ocrx_word' id='word_1_329' title='bbox 648 2778 807 2839; x_wconf 83' lang='lat' dir='ltr'><strong>vobis,</strong></span> <span class='ocrx_word' id='word_1_330' title='bbox 852 2776 988 2845; x_wconf 81' lang='lat' dir='ltr'><strong>quod</strong></span> <span class='ocrx_word' id='word_1_331' title='bbox 1017 2775 1175 2840; x_wconf 81' lang='lat' dir='ltr'><strong>absit,</strong></span> <span class='ocrx_word' id='word_1_332' title='bbox 1226 2790 1342 2827; x_wconf 87' lang='lat' dir='ltr'><strong>cum</strong></span> <span class='ocrx_word' id='word_1_333' title='bbox 1380 2773 1647 2827; x_wconf 79' lang='lat' dir='ltr'><strong>sacerdote</strong></span> <span class='ocrx_word' id='word_1_334' title='bbox 1675 2774 1829 2843; x_wconf 76' lang='lat' dir='ltr'><strong>fuerit</strong></span> <span class='ocrx_word' id='word_1_335' title='bbox 1872 2773 2169 2825; x_wconf 82' lang='lat' dir='ltr'><strong>discordia?</strong></span> 
     </span>
    </p>
   </div>
   <div class='ocr_carea' id='block_1_45' title="bbox 576 2865 2169 2939">
    <p class='ocr_par' dir='ltr' id='par_1_45' title="bbox 576 2865 2169 2939">
     <span class='ocr_line' id='line_1_45' title="bbox 576 2865 2169 2939; baseline -0.005 -14"><span class='ocrx_word' id='word_1_336' title='bbox 576 2869 696 2925; x_wconf 79' lang='lat' dir='ltr'><strong>Alia</strong></span> <span class='ocrx_word' id='word_1_337' title='bbox 727 2869 957 2939; x_wconf 90' lang='lat' dir='ltr'><strong>epistola</strong></span> <span class='ocrx_word' id='word_1_338' title='bbox 984 2867 1148 2939; x_wconf 86' lang='lat' dir='ltr'><strong>(Ibid.</strong></span> <span class='ocrx_word' id='word_1_339' title='bbox 1177 2884 1258 2937; x_wconf 89' lang='lat' dir='ltr'><strong>ep.</strong></span> <span class='ocrx_word' id='word_1_340' title='bbox 1294 2865 1384 2936; x_wconf 77' lang='grc'><strong>44)</strong></span> <span class='ocrx_word' id='word_1_341' title='bbox 1415 2865 1678 2921; x_wconf 89' lang='lat' dir='ltr'><strong>Joannem</strong></span> <span class='ocrx_word' id='word_1_342' title='bbox 1710 2866 1777 2919; x_wconf 92' lang='lat' dir='ltr'><strong>ad</strong></span> <span class='ocrx_word' id='word_1_343' title='bbox 1822 2866 2169 2920; x_wconf 87' lang='lat' dir='ltr'><strong>concordiam</strong></span> 
     </span>
    </p>
   </div>
   <div class='ocr_carea' id='block_1_46' title="bbox 584 2960 2171 3032">
    <p class='ocr_par' dir='ltr' id='par_1_46' title="bbox 584 2960 2171 3032">
     <span class='ocr_line' id='line_1_46' title="bbox 584 2960 2171 3032; baseline -0.005 -14"><span class='ocrx_word' id='word_1_344' title='bbox 584 2970 644 3018; x_wconf 87' lang='lat' dir='ltr'><strong>et</strong></span> <span class='ocrx_word' id='word_1_345' title='bbox 662 2977 853 3032; x_wconf 89' lang='lat' dir='ltr'><strong>pacem</strong></span> <span class='ocrx_word' id='word_1_346' title='bbox 880 2976 999 3016; x_wconf 89' lang='lat' dir='ltr'><strong>cum</strong></span> <span class='ocrx_word' id='word_1_347' title='bbox 1029 2961 1295 3014; x_wconf 86' lang='lat' dir='ltr'><strong>Venantio</strong></span> <span class='ocrx_word' id='word_1_348' title='bbox 1326 2960 1628 3014; x_wconf 89' lang='lat' dir='ltr'><strong>habendam</strong></span> <span class='ocrx_word' id='word_1_349' title='bbox 1658 2960 1905 3012; x_wconf 88' lang='lat' dir='ltr'><strong>hortatus</strong></span> <span class='ocrx_word' id='word_1_350' title='bbox 1934 2966 2047 3022; x_wconf 87' lang='lat' dir='ltr'><strong>est;</strong></span> <span class='ocrx_word' id='word_1_351' title='bbox 2077 2972 2171 3010; x_wconf 92' lang='lat' dir='ltr'><strong>cu-</strong></span> 
     </span>
    </p>
   </div>
   <div class='ocr_carea' id='block_1_47' title="bbox 579 3046 2171 3123">
    <p class='ocr_par' dir='ltr' id='par_1_47' title="bbox 579 3046 2171 3123">
     <span class='ocr_line' id='line_1_47' title="bbox 579 3046 2171 3123; baseline -0.006 -15"><span class='ocrx_word' id='word_1_352' title='bbox 579 3052 669 3123; x_wconf 84' lang='lat' dir='ltr'><strong>jus</strong></span> <span class='ocrx_word' id='word_1_353' title='bbox 701 3052 873 3122; x_wconf 83' lang='lat' dir='ltr'><strong>gratia</strong></span> <span class='ocrx_word' id='word_1_354' title='bbox 920 3051 1124 3121; x_wconf 89' lang='lat' dir='ltr'><strong>placuit</strong></span> <span class='ocrx_word' id='word_1_355' title='bbox 1158 3049 1422 3119; x_wconf 80' lang='lat' dir='ltr'><strong>Gregorio</strong></span> <span class='ocrx_word' id='word_1_356' title='bbox 1471 3065 1579 3104; x_wconf 91' lang='lat' dir='ltr'><strong>non</strong></span> <span class='ocrx_word' id='word_1_357' title='bbox 1628 3049 1802 3103; x_wconf 91' lang='lat' dir='ltr'><strong>solum</strong></span> <span class='ocrx_word' id='word_1_358' title='bbox 1851 3055 1911 3101; x_wconf 91' lang='lat' dir='ltr'><strong>ut</strong></span> <span class='ocrx_word' id='word_1_359' title='bbox 1956 3046 2171 3117; x_wconf 88' lang='lat' dir='ltr'><strong>patricii</strong></span> 
     </span>
    </p>
   </div>
   <div class='ocr_carea' id='block_1_48' title="bbox 578 3139 2173 3213">
    <p class='ocr_par' dir='ltr' id='par_1_48' title="bbox 578 3139 2173 3213">
     <span class='ocr_line' id='line_1_48' title="bbox 578 3139 2173 3213; baseline -0.005 -12"><span class='ocrx_word' id='word_1_360' title='bbox 578 3144 882 3201; x_wconf 85' lang='lat' dir='ltr'><strong>oblationes</strong></span> <span class='ocrx_word' id='word_1_361' title='bbox 928 3144 1245 3213; x_wconf 88' lang='lat' dir='ltr'><strong>susciperet,</strong></span> <span class='ocrx_word' id='word_1_362' title='bbox 1299 3141 1398 3196; x_wconf 85' lang='lat' dir='ltr'><strong>sed</strong></span> <span class='ocrx_word' id='word_1_363' title='bbox 1426 3143 1587 3196; x_wconf 89' lang='lat' dir='ltr'><strong>etiam</strong></span> <span class='ocrx_word' id='word_1_364' title='bbox 1635 3150 1695 3195; x_wconf 91' lang='lat' dir='ltr'><strong>ut</strong></span> <span class='ocrx_word' id='word_1_365' title='bbox 1730 3142 1782 3195; x_wconf 91' lang='lat' dir='ltr'><strong>in</strong></span> <span class='ocrx_word' id='word_1_366' title='bbox 1813 3141 1975 3194; x_wconf 93' lang='lat' dir='ltr'><strong>domo</strong></span> <span class='ocrx_word' id='word_1_367' title='bbox 2005 3139 2173 3209; x_wconf 87' lang='lat' dir='ltr'><strong>ipsius</strong></span> 
     </span>
    </p>
   </div>
   <div class='ocr_carea' id='block_1_49' title="bbox 2272 1941 3877 2016">
    <p class='ocr_par' dir='ltr' id='par_1_49' title="bbox 2272 1941 3877 2016">
     <span class='ocr_line' id='line_1_49' title="bbox 2272 1941 3877 2016; baseline 0.002 -19"><span class='ocrx_word' id='word_1_368' title='bbox 2272 1942 2328 1997; x_wconf 89' lang='lat' dir='ltr'><strong>in</strong></span> <span class='ocrx_word' id='word_1_369' title='bbox 2356 1941 2601 1996; x_wconf 90' lang='lat' dir='ltr'><strong>Numidia</strong></span> <span class='ocrx_word' id='word_1_370' title='bbox 2626 1943 2956 2013; x_wconf 87' lang='lat' dir='ltr'><strong>episcopum.</strong></span> <span class='ocrx_word' id='word_1_371' title='bbox 2988 1942 3180 1998; x_wconf 90' lang='lat' dir='ltr'><strong>Petrus</strong></span> <span class='ocrx_word' id='word_1_372' title='bbox 3200 1944 3358 2014; x_wconf 88' lang='lat' dir='ltr'><strong>hujus</strong></span> <span class='ocrx_word' id='word_1_373' title='bbox 3376 1945 3670 2013; x_wconf 68' lang='lat' dir='ltr'><strong>provincia:</strong></span> <span class='ocrx_word' id='word_1_374' title='bbox 3698 1962 3877 2016; x_wconf 86' lang='lat' dir='ltr'><strong>quon-</strong></span> 
     </span>
    </p>
   </div>
   <div class='ocr_carea' id='block_1_50' title="bbox 2271 2034 3872 2106">
    <p class='ocr_par' dir='ltr' id='par_1_50' title="bbox 2271 2034 3872 2106">
     <span class='ocr_line' id='line_1_50' title="bbox 2271 2034 3872 2106; baseline 0.003 -19"><span class='ocrx_word' id='word_1_375' title='bbox 2271 2035 2394 2087; x_wconf 90' lang='lat' dir='ltr'><strong>dam</strong></span> <span class='ocrx_word' id='word_1_376' title='bbox 2419 2034 2731 2103; x_wconf 87' lang='lat' dir='ltr'><strong>episcopus,</strong></span> <span class='ocrx_word' id='word_1_377' title='bbox 2754 2043 2812 2089; x_wconf 96' lang='lat' dir='ltr'><strong>ut</strong></span> <span class='ocrx_word' id='word_1_378' title='bbox 2831 2036 3030 2102; x_wconf 88' lang='lat' dir='ltr'><strong>aiebat,</strong></span> <span class='ocrx_word' id='word_1_379' title='bbox 3052 2036 3258 2089; x_wconf 88' lang='lat' dir='ltr'><strong>adierat</strong></span> <span class='ocrx_word' id='word_1_380' title='bbox 3283 2036 3465 2090; x_wconf 84' lang='lat' dir='ltr'><strong>sedem</strong></span> <span class='ocrx_word' id='word_1_381' title='bbox 3487 2038 3872 2106; x_wconf 76' lang='lat' dir='ltr'><strong>apostolicam,</strong></span> 
     </span>
    </p>
   </div>
   <div class='ocr_carea' id='block_1_51' title="bbox 2275 2126 3873 2199">
    <p class='ocr_par' dir='ltr' id='par_1_51' title="bbox 2275 2126 3873 2199">
     <span class='ocr_line' id='line_1_51' title="bbox 2275 2126 3873 2199; baseline 0.003 -18"><span class='ocrx_word' id='word_1_382' title='bbox 2275 2126 2499 2196; x_wconf 87' lang='lat' dir='ltr'><strong>ejusque</strong></span> <span class='ocrx_word' id='word_1_383' title='bbox 2524 2126 2784 2195; x_wconf 89' lang='lat' dir='ltr'><strong>judicium</strong></span> <span class='ocrx_word' id='word_1_384' title='bbox 2832 2128 3218 2197; x_wconf 87' lang='lat' dir='ltr'><strong>postulaverat.</strong></span> <span class='ocrx_word' id='word_1_385' title='bbox 3252 2128 3359 2181; x_wconf 86' lang='lat' dir='ltr'><strong>Sed</strong></span> <span class='ocrx_word' id='word_1_386' title='bbox 3388 2132 3528 2199; x_wconf 85' lang='lat' dir='ltr'><strong>quia,</strong></span> <span class='ocrx_word' id='word_1_387' title='bbox 3558 2130 3733 2198; x_wconf 89' lang='lat' dir='ltr'><strong>inquit</strong></span> <span class='ocrx_word' id='word_1_388' title='bbox 3784 2146 3873 2185; x_wconf 83' lang='lat' dir='ltr'><strong>sa-</strong></span> 
     </span>
    </p>
   </div>
   <div class='ocr_carea' id='block_1_52' title="bbox 2274 2222 3875 2295">
    <p class='ocr_par' dir='ltr' id='par_1_52' title="bbox 2274 2222 3875 2295">
     <span class='ocr_line' id='line_1_52' title="bbox 2274 2222 3875 2295; baseline 0.004 -20"><span class='ocrx_word' id='word_1_389' title='bbox 2274 2222 2642 2292; x_wconf 88' lang='lat' dir='ltr'><strong>pientissimus</strong></span> <span class='ocrx_word' id='word_1_390' title='bbox 2670 2238 2830 2292; x_wconf 83' lang='lat' dir='ltr'><strong>papa,</strong></span> <span class='ocrx_word' id='word_1_391' title='bbox 2877 2240 3050 2279; x_wconf 78' lang='lat' dir='ltr'><strong>causw</strong></span> <span class='ocrx_word' id='word_1_392' title='bbox 3076 2226 3236 2295; x_wconf 82' lang='lat' dir='ltr'><strong>ipsius</strong></span> <span class='ocrx_word' id='word_1_393' title='bbox 3262 2228 3466 2280; x_wconf 87' lang='lat' dir='ltr'><strong>interna</strong></span> <span class='ocrx_word' id='word_1_394' title='bbox 3497 2228 3754 2281; x_wconf 77' lang='lat' dir='ltr'><strong>subtiliter</strong></span> <span class='ocrx_word' id='word_1_395' title='bbox 3785 2244 3875 2281; x_wconf 57' lang='lat' dir='ltr'><strong>nec</strong></span> 
     </span>
    </p>
   </div>
   <div class='ocr_carea' id='block_1_53' title="bbox 2274 2314 3874 2389">
    <p class='ocr_par' dir='ltr' id='par_1_53' title="bbox 2274 2314 3874 2389">
     <span class='ocr_line' id='line_1_53' title="bbox 2274 2314 3874 2389; baseline 0.006 -24"><span class='ocrx_word' id='word_1_396' title='bbox 2274 2330 2531 2384; x_wconf 87' lang='lat' dir='ltr'><strong>quaquam</strong></span> <span class='ocrx_word' id='word_1_397' title='bbox 2561 2314 2831 2369; x_wconf 83' lang='lat' dir='ltr'><strong>addiscere</strong></span> <span class='ocrx_word' id='word_1_398' title='bbox 2861 2326 2967 2370; x_wconf 90' lang='lat' dir='ltr'><strong>tam</strong></span> <span class='ocrx_word' id='word_1_399' title='bbox 3023 2319 3176 2389; x_wconf 84' lang='lat' dir='ltr'><strong>longo</strong></span> <span class='ocrx_word' id='word_1_400' title='bbox 3216 2320 3414 2375; x_wconf 79' lang='lat' dir='ltr'><strong>itineris</strong></span> <span class='ocrx_word' id='word_1_401' title='bbox 3464 2322 3733 2374; x_wconf 70' lang='lat' dir='ltr'><strong>intervallo</strong></span> <span class='ocrx_word' id='word_1_402' title='bbox 3765 2322 3874 2374; x_wconf 80' lang='lat' dir='ltr'><strong>dis-</strong></span> 
     </span>
    </p>
   </div>
   <div class='ocr_carea' id='block_1_54' title="bbox 2268 2405 3875 2485">
    <p class='ocr_par' dir='ltr' id='par_1_54' title="bbox 2268 2405 3875 2485">
     <span class='ocr_line' id='line_1_54' title="bbox 2268 2405 3875 2485; baseline 0.008 -30"><span class='ocrx_word' id='word_1_403' title='bbox 2268 2405 2439 2474; x_wconf 79' lang='lat' dir='ltr'><strong>jttnrti</strong></span> <span class='ocrx_word' id='word_1_404' title='bbox 2468 2408 2743 2475; x_wconf 84' lang='lat' dir='ltr'><strong>potuimus,</strong></span> <span class='ocrx_word' id='word_1_405' title='bbox 2776 2425 2913 2476; x_wconf 88' lang='lat' dir='ltr'><strong>eam,</strong></span> <span class='ocrx_word' id='word_1_406' title='bbox 2945 2412 3129 2463; x_wconf 82' lang='lat' dir='ltr'><strong>incerti</strong></span> <span class='ocrx_word' id='word_1_407' title='bbox 3158 2414 3362 2481; x_wconf 77' lang='lat' dir='ltr'><strong>quippe,</strong></span> <span class='ocrx_word' id='word_1_408' title='bbox 3395 2413 3615 2482; x_wconf 84' lang='lat' dir='ltr'><strong>deﬁnire</strong></span> <span class='ocrx_word' id='word_1_409' title='bbox 3641 2417 3875 2485; x_wconf 76' lang='lat' dir='ltr'><strong>nequivi-</strong></span> 
     </span>
    </p>
   </div>
   <div class='ocr_carea' id='block_1_55' title="bbox 2276 2495 3871 2573">
    <p class='ocr_par' dir='ltr' id='par_1_55' title="bbox 2276 2495 3871 2573">
     <span class='ocr_line' id='line_1_55' title="bbox 2276 2495 3871 2573; baseline 0.009 -26"><span class='ocrx_word' id='word_1_410' title='bbox 2276 2512 2389 2549; x_wconf 86' lang='lat' dir='ltr'><strong>mus</strong></span> <span class='ocrx_word' id='word_1_411' title='bbox 2414 2495 2549 2567; x_wconf 85' lang='lat' dir='ltr'><strong>(Lib.</strong></span> <span class='ocrx_word' id='word_1_412' title='bbox 2584 2514 2657 2560; x_wconf 76' lang='lat' dir='ltr'><strong>vr,</strong></span> <span class='ocrx_word' id='word_1_413' title='bbox 2686 2514 2767 2567; x_wconf 87' lang='lat' dir='ltr'><strong>ep.</strong></span> <span class='ocrx_word' id='word_1_414' title='bbox 2802 2498 2917 2569; x_wconf 77' lang='grc'><strong>57).</strong></span> <span class='ocrx_word' id='word_1_415' title='bbox 2950 2500 3291 2570; x_wconf 85' lang='lat' dir='ltr'><strong>Quapropter</strong></span> <span class='ocrx_word' id='word_1_416' title='bbox 3316 2505 3575 2573; x_wconf 88' lang='lat' dir='ltr'><strong>optimum</strong></span> <span class='ocrx_word' id='word_1_417' title='bbox 3605 2505 3655 2558; x_wconf 91' lang='lat' dir='ltr'><strong>ei</strong></span> <span class='ocrx_word' id='word_1_418' title='bbox 3696 2506 3871 2561; x_wconf 85' lang='lat' dir='ltr'><strong>visum</strong></span> 
     </span>
    </p>
   </div>
   <div class='ocr_carea' id='block_1_56' title="bbox 2276 2592 3869 2663">
    <p class='ocr_par' dir='ltr' id='par_1_56' title="bbox 2276 2592 3869 2663">
     <span class='ocr_line' id='line_1_56' title="bbox 2276 2592 3869 2663; baseline 0.008 -18"><span class='ocrx_word' id='word_1_419' title='bbox 2276 2600 2358 2645; x_wconf 78' lang='lat' dir='ltr'><strong>est</strong></span> <span class='ocrx_word' id='word_1_420' title='bbox 2380 2598 2437 2643; x_wconf 88' lang='lat' dir='ltr'><strong>ut</strong></span> <span class='ocrx_word' id='word_1_421' title='bbox 2459 2592 2751 2647; x_wconf 85' lang='lat' dir='ltr'><strong>Columbus</strong></span> <span class='ocrx_word' id='word_1_422' title='bbox 2769 2595 3052 2663; x_wconf 79' lang='lat' dir='ltr'><strong>episcopus</strong></span> <span class='ocrx_word' id='word_1_423' title='bbox 3073 2595 3239 2663; x_wconf 82' lang='lat' dir='ltr'><strong>judex</strong></span> <span class='ocrx_word' id='word_1_424' title='bbox 3260 2597 3470 2651; x_wconf 87' lang='lat' dir='ltr'><strong>sederet</strong></span> <span class='ocrx_word' id='word_1_425' title='bbox 3486 2599 3627 2653; x_wconf 90' lang='lat' dir='ltr'><strong>inter</strong></span> <span class='ocrx_word' id='word_1_426' title='bbox 3651 2598 3869 2658; x_wconf 84' lang='lat' dir='ltr'><strong>Petrum</strong></span> 
     </span>
    </p>
   </div>
   <div class='ocr_carea' id='block_1_57' title="bbox 2275 2682 3866 2759">
    <p class='ocr_par' dir='ltr' id='par_1_57' title="bbox 2275 2682 3866 2759">
     <span class='ocr_line' id='line_1_57' title="bbox 2275 2682 3866 2759; baseline 0.005 -24"><span class='ocrx_word' id='word_1_427' title='bbox 2275 2690 2330 2735; x_wconf 91' lang='lat' dir='ltr'><strong>et</strong></span> <span class='ocrx_word' id='word_1_428' title='bbox 2358 2682 2473 2750; x_wconf 90' lang='lat' dir='ltr'><strong>ejus</strong></span> <span class='ocrx_word' id='word_1_429' title='bbox 2500 2691 2863 2749; x_wconf 62' lang='grc' dir='ltr'><strong>θεουδίιιοτθε,</strong></span> <span class='ocrx_word' id='word_1_430' title='bbox 2894 2686 3015 2755; x_wconf 86' lang='lat' dir='ltr'><strong>quia</strong></span> <span class='ocrx_word' id='word_1_431' title='bbox 3040 2703 3267 2755; x_wconf 67' lang='lat' dir='ltr'><strong>praesens</strong></span> <span class='ocrx_word' id='word_1_432' title='bbox 3286 2704 3498 2741; x_wconf 86' lang='lat' dir='ltr'><strong>causam</strong></span> <span class='ocrx_word' id='word_1_433' title='bbox 3520 2689 3759 2743; x_wconf 81' lang='lat' dir='ltr'><strong>subtilius</strong></span> <span class='ocrx_word' id='word_1_434' title='bbox 3781 2708 3866 2759; x_wconf 56' lang='lat' dir='ltr'><strong>po.</strong></span> 
     </span>
    </p>
   </div>
   <div class='ocr_carea' id='block_1_58' title="bbox 2276 2772 3870 2850">
    <p class='ocr_par' dir='ltr' id='par_1_58' title="bbox 2276 2772 3870 2850">
     <span class='ocr_line' id='line_1_58' title="bbox 2276 2772 3870 2850; baseline 0.008 -26"><span class='ocrx_word' id='word_1_435' title='bbox 2276 2780 2411 2825; x_wconf 84' lang='lat' dir='ltr'><strong>terat</strong></span> <span class='ocrx_word' id='word_1_436' title='bbox 2442 2774 2589 2826; x_wconf 84' lang='lat' dir='ltr'><strong>scire.</strong></span> <span class='ocrx_word' id='word_1_437' title='bbox 2637 2772 2942 2842; x_wconf 85' lang='lat' dir='ltr'><strong>Aliquando</strong></span> <span class='ocrx_word' id='word_1_438' title='bbox 2971 2776 3135 2829; x_wconf 85' lang='lat' dir='ltr'><strong>etiam</strong></span> <span class='ocrx_word' id='word_1_439' title='bbox 3164 2786 3446 2833; x_wconf 86' lang='lat' dir='ltr'><strong>accusatos</strong></span> <span class='ocrx_word' id='word_1_440' title='bbox 3475 2781 3785 2850; x_wconf 85' lang='lat' dir='ltr'><strong>episc0pos,</strong></span> <span class='ocrx_word' id='word_1_441' title='bbox 3819 2790 3870 2837; x_wconf 90' lang='lat' dir='ltr'><strong>ut</strong></span> 
     </span>
    </p>
   </div>
   <div class='ocr_carea' id='block_1_59' title="bbox 2276 2866 3870 2940">
    <p class='ocr_par' dir='ltr' id='par_1_59' title="bbox 2276 2866 3870 2940">
     <span class='ocr_line' id='line_1_59' title="bbox 2276 2866 3870 2940; baseline 0.008 -25"><span class='ocrx_word' id='word_1_442' title='bbox 2276 2876 2336 2915; x_wconf 89' lang='lat' dir='ltr'><strong>se</strong></span> <span class='ocrx_word' id='word_1_443' title='bbox 2367 2876 2682 2931; x_wconf 85' lang='lat' dir='ltr'><strong>purgarent,</strong></span> <span class='ocrx_word' id='word_1_444' title='bbox 2713 2866 2917 2934; x_wconf 83' lang='lat' dir='ltr'><strong>regiam</strong></span> <span class='ocrx_word' id='word_1_445' title='bbox 2947 2867 3135 2922; x_wconf 84' lang='lat' dir='ltr'><strong>urbem</strong></span> <span class='ocrx_word' id='word_1_446' title='bbox 3166 2877 3351 2938; x_wconf 84' lang='lat' dir='ltr'><strong>petere</strong></span> <span class='ocrx_word' id='word_1_447' title='bbox 3372 2878 3427 2924; x_wconf 89' lang='lat' dir='ltr'><strong>et</strong></span> <span class='ocrx_word' id='word_1_448' title='bbox 3455 2870 3771 2940; x_wconf 83' lang='lat' dir='ltr'><strong>imperatori</strong></span> <span class='ocrx_word' id='word_1_449' title='bbox 3817 2887 3870 2927; x_wconf 79' lang='lat' dir='ltr'><strong>se</strong></span> 
     </span>
    </p>
   </div>
   <div class='ocr_carea' id='block_1_60' title="bbox 2278 2953 2866 3023">
    <p class='ocr_par' dir='ltr' id='par_1_60' title="bbox 2278 2953 2866 3023">
     <span class='ocr_line' id='line_1_60' title="bbox 2278 2953 2866 3023; baseline 0.003 -14"><span class='ocrx_word' id='word_1_450' title='bbox 2278 2953 2469 3009; x_wconf 88' lang='lat' dir='ltr'><strong>sistere</strong></span> <span class='ocrx_word' id='word_1_451' title='bbox 2499 2956 2866 3023; x_wconf 89' lang='lat' dir='ltr'><strong>permittebat.</strong></span> 
     </span>
    </p>
   </div>
   <div class='ocr_carea' id='block_1_61' title="bbox 2352 3044 3873 3123">
    <p class='ocr_par' dir='ltr' id='par_1_61' title="bbox 2352 3044 3873 3123">
     <span class='ocr_line' id='line_1_61' title="bbox 2352 3044 3873 3123; baseline 0.007 -26"><span class='ocrx_word' id='word_1_452' title='bbox 2352 3044 2438 3098; x_wconf 89' lang='grc'><strong>11.</strong></span> <span class='ocrx_word' id='word_1_453' title='bbox 2474 3048 2644 3111; x_wconf 85' lang='lat' dir='ltr'><strong>Quam</strong></span> <span class='ocrx_word' id='word_1_454' title='bbox 2674 3057 2893 3104; x_wconf 89' lang='lat' dir='ltr'><strong>strenue</strong></span> <span class='ocrx_word' id='word_1_455' title='bbox 2932 3050 3053 3119; x_wconf 87' lang='lat' dir='ltr'><strong>jura</strong></span> <span class='ocrx_word' id='word_1_456' title='bbox 3082 3050 3457 3121; x_wconf 90' lang='lat' dir='ltr'><strong>episcoporum</strong></span> <span class='ocrx_word' id='word_1_457' title='bbox 3488 3063 3873 3123; x_wconf 75' lang='lat' dir='ltr'><strong>propugnaret,</strong></span> 
     </span>
    </p>
   </div>
   <div class='ocr_carea' id='block_1_62' title="bbox 2280 3137 3875 3215">
    <p class='ocr_par' dir='ltr' id='par_1_62' title="bbox 2280 3137 3875 3215">
     <span class='ocr_line' id='line_1_62' title="bbox 2280 3137 3875 3215; baseline 0.007 -26"><span class='ocrx_word' id='word_1_458' title='bbox 2280 3137 2475 3205; x_wconf 89' lang='lat' dir='ltr'><strong>probat</strong></span> <span class='ocrx_word' id='word_1_459' title='bbox 2514 3138 2743 3207; x_wconf 88' lang='lat' dir='ltr'><strong>epistola</strong></span> <span class='ocrx_word' id='word_1_460' title='bbox 2787 3140 2854 3195; x_wconf 88' lang='lat' dir='ltr'><strong>ad</strong></span> <span class='ocrx_word' id='word_1_461' title='bbox 2908 3140 3284 3207; x_wconf 80' lang='lat' dir='ltr'><strong>Fortunatam,</strong></span> <span class='ocrx_word' id='word_1_462' title='bbox 3318 3142 3732 3213; x_wconf 82' lang='lat' dir='ltr'><strong>Neapolitanum</strong></span> <span class='ocrx_word' id='word_1_463' title='bbox 3761 3145 3875 3215; x_wconf 78' lang='lat' dir='ltr'><strong>epi-</strong></span> 
     </span>
    </p>
   </div>
   <div class='ocr_carea' id='block_1_63' title="bbox 579 3227 3877 3307">
    <p class='ocr_par' dir='ltr' id='par_1_63' title="bbox 579 3227 3877 3307">
     <span class='ocr_line' id='line_1_63' title="bbox 579 3227 3877 3307; baseline 0.001 -19"><span class='ocrx_word' id='word_1_464' title='bbox 579 3233 865 3290; x_wconf 87' lang='lat' dir='ltr'><strong>missarum</strong></span> <span class='ocrx_word' id='word_1_465' title='bbox 888 3233 1069 3302; x_wconf 86' lang='lat' dir='ltr'><strong>peragi</strong></span> <span class='ocrx_word' id='word_1_466' title='bbox 1087 3232 1340 3302; x_wconf 90' lang='lat' dir='ltr'><strong>mysteria</strong></span> <span class='ocrx_word' id='word_1_467' title='bbox 1355 3231 1832 3301; x_wconf 91' lang='lat' dir='ltr'><strong>permitteret,imo</strong></span> <span class='ocrx_word' id='word_1_468' title='bbox 1847 3230 2008 3286; x_wconf 90' lang='lat' dir='ltr'><strong>etiam</strong></span> <span class='ocrx_word' id='word_1_469' title='bbox 2032 3232 2170 3299; x_wconf 89' lang='lat' dir='ltr'><strong>ipse,</strong></span> <span class='ocrx_word' id='word_1_470' title='bbox 2200 3227 2248 3291; x_wconf 87' lang='lat' dir='ltr'><strong><em>C</em></strong></span> <span class='ocrx_word' id='word_1_471' title='bbox 2278 3246 2527 3300; x_wconf 89' lang='lat' dir='ltr'><strong>scopum,</strong></span> <span class='ocrx_word' id='word_1_472' title='bbox 2584 3232 2737 3301; x_wconf 89' lang='lat' dir='ltr'><strong>cujus</strong></span> <span class='ocrx_word' id='word_1_473' title='bbox 2788 3234 2904 3288; x_wconf 66' lang='lat' dir='ltr'><strong>haec</strong></span> <span class='ocrx_word' id='word_1_474' title='bbox 2956 3236 3120 3290; x_wconf 81' lang='lat' dir='ltr'><strong>verba</strong></span> <span class='ocrx_word' id='word_1_475' title='bbox 3171 3243 3297 3291; x_wconf 91' lang='lat' dir='ltr'><strong>sunt</strong></span> <span class='ocrx_word' id='word_1_476' title='bbox 3326 3255 3337 3289; x_wconf 89' lang='lat'><strong>:</strong></span> <span class='ocrx_word' id='word_1_477' title='bbox 3370 3234 3507 3300; x_wconf 84' lang='lat' dir='ltr'><strong>Quia</strong></span> <span class='ocrx_word' id='word_1_478' title='bbox 3544 3239 3776 3307; x_wconf 82' lang='lat' dir='ltr'><strong>pervenit</strong></span> <span class='ocrx_word' id='word_1_479' title='bbox 3807 3239 3877 3293; x_wconf 80' lang='lat' dir='ltr'><strong>ad</strong></span> 
     </span>
    </p>
   </div>
   <div class='ocr_carea' id='block_1_64' title="bbox 581 3321 2174 3392">
    <p class='ocr_par' dir='ltr' id='par_1_64' title="bbox 581 3321 2174 3392">
     <span class='ocr_line' id='line_1_64' title="bbox 581 3321 2174 3392; baseline 0 -14"><span class='ocrx_word' id='word_1_480' title='bbox 581 3324 629 3379; x_wconf 94' lang='lat' dir='ltr'><strong>si</strong></span> <span class='ocrx_word' id='word_1_481' title='bbox 658 3324 913 3392; x_wconf 89' lang='lat' dir='ltr'><strong>voluerit,</strong></span> <span class='ocrx_word' id='word_1_482' title='bbox 961 3323 1289 3389; x_wconf 83' lang='lat' dir='ltr'><strong>Venantius,</strong></span> <span class='ocrx_word' id='word_1_483' title='bbox 1344 3321 1661 3376; x_wconf 88' lang='lat' dir='ltr'><strong>celebraret.</strong></span> <span class='ocrx_word' id='word_1_484' title='bbox 1713 3323 1924 3392; x_wconf 88' lang='lat' dir='ltr'><strong>Quippe</strong></span> <span class='ocrx_word' id='word_1_485' title='bbox 1961 3322 2029 3377; x_wconf 92' lang='lat' dir='ltr'><strong>ob</strong></span> <span class='ocrx_word' id='word_1_486' title='bbox 2060 3323 2174 3378; x_wconf 67' lang='lat' dir='ltr'><strong>hazc</strong></span> 
     </span>
    </p>
   </div>
   <div class='ocr_carea' id='block_1_65' title="bbox 584 3411 2174 3482">
    <p class='ocr_par' dir='ltr' id='par_1_65' title="bbox 584 3411 2174 3482">
     <span class='ocr_line' id='line_1_65' title="bbox 584 3411 2174 3482; baseline -0.002 -13"><span class='ocrx_word' id='word_1_487' title='bbox 584 3414 693 3469; x_wconf 90' lang='lat' dir='ltr'><strong>duo</strong></span> <span class='ocrx_word' id='word_1_488' title='bbox 714 3413 976 3482; x_wconf 81' lang='lat' dir='ltr'><strong>denegata</strong></span> <span class='ocrx_word' id='word_1_489' title='bbox 1001 3422 1177 3467; x_wconf 88' lang='lat' dir='ltr'><strong>ortum</strong></span> <span class='ocrx_word' id='word_1_490' title='bbox 1200 3413 1496 3482; x_wconf 78' lang='lat' dir='ltr'><strong>praesertim</strong></span> <span class='ocrx_word' id='word_1_491' title='bbox 1520 3414 1623 3467; x_wconf 90' lang='lat' dir='ltr'><strong>hoc</strong></span> <span class='ocrx_word' id='word_1_492' title='bbox 1636 3411 1889 3481; x_wconf 87' lang='lat' dir='ltr'><strong>jurgium.</strong></span> <span class='ocrx_word' id='word_1_493' title='bbox 1916 3412 2045 3479; x_wconf 87' lang='lat' dir='ltr'><strong>Quis</strong></span> <span class='ocrx_word' id='word_1_494' title='bbox 2070 3413 2174 3467; x_wconf 91' lang='lat' dir='ltr'><strong>nisi</strong></span> 
     </span>
    </p>
   </div>
   <div class='ocr_carea' id='block_1_66' title="bbox 585 3502 2175 3574">
    <p class='ocr_par' dir='ltr' id='par_1_66' title="bbox 585 3502 2175 3574">
     <span class='ocr_line' id='line_1_66' title="bbox 585 3502 2175 3574; baseline 0.001 -15"><span class='ocrx_word' id='word_1_495' title='bbox 585 3503 765 3572; x_wconf 88' lang='lat' dir='ltr'><strong>lippus</strong></span> <span class='ocrx_word' id='word_1_496' title='bbox 794 3503 881 3557; x_wconf 88' lang='lat' dir='ltr'><strong>hic</strong></span> <span class='ocrx_word' id='word_1_497' title='bbox 934 3518 1040 3557; x_wconf 90' lang='lat' dir='ltr'><strong>non</strong></span> <span class='ocrx_word' id='word_1_498' title='bbox 1078 3502 1261 3557; x_wconf 90' lang='lat' dir='ltr'><strong>videat</strong></span> <span class='ocrx_word' id='word_1_499' title='bbox 1306 3503 1452 3557; x_wconf 88' lang='lat' dir='ltr'><strong>clare</strong></span> <span class='ocrx_word' id='word_1_500' title='bbox 1505 3502 1729 3557; x_wconf 89' lang='lat' dir='ltr'><strong>usitatas</strong></span> <span class='ocrx_word' id='word_1_501' title='bbox 1767 3513 1823 3558; x_wconf 91' lang='lat' dir='ltr'><strong>et</strong></span> <span class='ocrx_word' id='word_1_502' title='bbox 1849 3505 2175 3574; x_wconf 87' lang='lat' dir='ltr'><strong>approbatas</strong></span> 
     </span>
    </p>
   </div>
   <div class='ocr_carea' id='block_1_67' title="bbox 585 3592 1747 3663">
    <p class='ocr_par' dir='ltr' id='par_1_67' title="bbox 585 3592 1747 3663">
     <span class='ocr_line' id='line_1_67' title="bbox 585 3592 1747 3663; baseline -0.004 -11"><span class='ocrx_word' id='word_1_503' title='bbox 585 3592 780 3652; x_wconf 77' lang='lat' dir='ltr'><strong>missas</strong></span> <span class='ocrx_word' id='word_1_504' title='bbox 805 3595 1059 3663; x_wconf 87' lang='lat' dir='ltr'><strong>privatas,</strong></span> <span class='ocrx_word' id='word_1_505' title='bbox 1084 3601 1140 3647; x_wconf 90' lang='lat' dir='ltr'><strong>et</strong></span> <span class='ocrx_word' id='word_1_506' title='bbox 1170 3593 1224 3647; x_wconf 90' lang='lat' dir='ltr'><strong>in</strong></span> <span class='ocrx_word' id='word_1_507' title='bbox 1253 3592 1479 3661; x_wconf 90' lang='lat' dir='ltr'><strong>privatis</strong></span> <span class='ocrx_word' id='word_1_508' title='bbox 1502 3592 1747 3649; x_wconf 68' lang='lat' dir='ltr'><strong>uadibus?</strong></span> 
     </span>
    </p>
   </div>
   <div class='ocr_carea' id='block_1_68' title="bbox 657 3682 2175 3756">
    <p class='ocr_par' dir='ltr' id='par_1_68' title="bbox 657 3682 2175 3756">
     <span class='ocr_line' id='line_1_68' title="bbox 657 3682 2175 3756; baseline 0.003 -18"><span class='ocrx_word' id='word_1_509' title='bbox 657 3682 814 3751; x_wconf 87' lang='lat' dir='ltr'><strong>Quod</strong></span> <span class='ocrx_word' id='word_1_510' title='bbox 859 3692 1072 3753; x_wconf 88' lang='lat' dir='ltr'><strong>spectat</strong></span> <span class='ocrx_word' id='word_1_511' title='bbox 1100 3682 1168 3738; x_wconf 88' lang='lat' dir='ltr'><strong>ad</strong></span> <span class='ocrx_word' id='word_1_512' title='bbox 1196 3684 1445 3738; x_wconf 88' lang='lat' dir='ltr'><strong>altarium</strong></span> <span class='ocrx_word' id='word_1_513' title='bbox 1472 3684 1833 3756; x_wconf 86' lang='lat' dir='ltr'><strong>pluralitatem</strong></span> <span class='ocrx_word' id='word_1_514' title='bbox 1862 3686 2001 3742; x_wconf 92' lang='lat' dir='ltr'><strong>intra</strong></span> <span class='ocrx_word' id='word_1_515' title='bbox 2031 3687 2175 3755; x_wconf 87' lang='lat' dir='ltr'><strong>ejus-</strong></span> 
     </span>
    </p>
   </div>
   <div class='ocr_carea' id='block_1_69' title="bbox 586 3766 2193 3848">
    <p class='ocr_par' dir='ltr' id='par_1_69' title="bbox 586 3766 2193 3848">
     <span class='ocr_line' id='line_1_69' title="bbox 586 3766 2193 3848; baseline 0.002 -15"><span class='ocrx_word' id='word_1_516' title='bbox 586 3779 709 3833; x_wconf 87' lang='lat' dir='ltr'><strong>dem</strong></span> <span class='ocrx_word' id='word_1_517' title='bbox 736 3776 984 3833; x_wconf 69' lang='lat' dir='ltr'><strong>ecclesiaa</strong></span> <span class='ocrx_word' id='word_1_518' title='bbox 1030 3784 1203 3847; x_wconf 86' lang='lat' dir='ltr'><strong>septa,</strong></span> <span class='ocrx_word' id='word_1_519' title='bbox 1249 3778 1455 3832; x_wconf 89' lang='lat' dir='ltr'><strong>eruitur</strong></span> <span class='ocrx_word' id='word_1_520' title='bbox 1500 3793 1569 3833; x_wconf 84' lang='lat' dir='ltr'><strong>ex</strong></span> <span class='ocrx_word' id='word_1_521' title='bbox 1611 3779 1839 3848; x_wconf 86' lang='lat' dir='ltr'><strong>epistola</strong></span> <span class='ocrx_word' id='word_1_522' title='bbox 1883 3780 1986 3835; x_wconf 91' lang='lat' dir='ltr'><strong>hoc</strong></span> <span class='ocrx_word' id='word_1_523' title='bbox 2032 3766 2193 3837; x_wconf 88' lang='lat' dir='ltr'><strong>anno</strong></span> 
     </span>
    </p>
   </div>
   <div class='ocr_carea' id='block_1_70' title="bbox 585 3871 2177 3943">
    <p class='ocr_par' dir='ltr' id='par_1_70' title="bbox 585 3871 2177 3943">
     <span class='ocr_line' id='line_1_70' title="bbox 585 3871 2177 3943; baseline 0.002 -15"><span class='ocrx_word' id='word_1_524' title='bbox 585 3887 800 3943; x_wconf 83' lang='lat' dir='ltr'><strong>quoque</strong></span> <span class='ocrx_word' id='word_1_525' title='bbox 825 3872 1023 3941; x_wconf 89' lang='lat' dir='ltr'><strong>scripta</strong></span> <span class='ocrx_word' id='word_1_526' title='bbox 1050 3871 1119 3925; x_wconf 90' lang='lat' dir='ltr'><strong>ad</strong></span> <span class='ocrx_word' id='word_1_527' title='bbox 1141 3871 1459 3940; x_wconf 90' lang='lat' dir='ltr'><strong>Palladium,</strong></span> <span class='ocrx_word' id='word_1_528' title='bbox 1485 3871 1875 3928; x_wconf 88' lang='lat' dir='ltr'><strong>Sautoneusem</strong></span> <span class='ocrx_word' id='word_1_529' title='bbox 1904 3875 1957 3928; x_wconf 91' lang='lat' dir='ltr'><strong>iu</strong></span> <span class='ocrx_word' id='word_1_530' title='bbox 1988 3873 2177 3931; x_wconf 84' lang='lat' dir='ltr'><strong>Galliis</strong></span> 
     </span>
    </p>
   </div>
   <div class='ocr_carea' id='block_1_71' title="bbox 586 3960 2175 4033">
    <p class='ocr_par' dir='ltr' id='par_1_71' title="bbox 586 3960 2175 4033">
     <span class='ocr_line' id='line_1_71' title="bbox 586 3960 2175 4033; baseline 0.002 -16"><span class='ocrx_word' id='word_1_531' title='bbox 586 3963 901 4032; x_wconf 88' lang='lat' dir='ltr'><strong>episcopum</strong></span> <span class='ocrx_word' id='word_1_532' title='bbox 930 3960 1071 4030; x_wconf 87' lang='lat' dir='ltr'><strong>(Lib.</strong></span> <span class='ocrx_word' id='word_1_533' title='bbox 1100 3977 1174 4028; x_wconf 74' lang='grc' dir='ltr'><strong>γι,</strong></span> <span class='ocrx_word' id='word_1_534' title='bbox 1204 3980 1288 4033; x_wconf 86' lang='lat' dir='ltr'><strong>ep.</strong></span> <span class='ocrx_word' id='word_1_535' title='bbox 1315 3961 1427 4031; x_wconf 71' lang='grc'><strong>49).</strong></span> <span class='ocrx_word' id='word_1_536' title='bbox 1460 3962 1850 4018; x_wconf 74' lang='lat' dir='ltr'><strong>Construxerat</strong></span> <span class='ocrx_word' id='word_1_537' title='bbox 1876 3964 1967 4019; x_wconf 92' lang='lat' dir='ltr'><strong>ille</strong></span> <span class='ocrx_word' id='word_1_538' title='bbox 1995 3966 2175 4021; x_wconf 88' lang='lat' dir='ltr'><strong>eccle-</strong></span> 
     </span>
    </p>
   </div>
   <div class='ocr_carea' id='block_1_72' title="bbox 585 4050 2180 4123">
    <p class='ocr_par' dir='ltr' id='par_1_72' title="bbox 585 4050 2180 4123">
     <span class='ocr_line' id='line_1_72' title="bbox 585 4050 2180 4123; baseline 0.003 -16"><span class='ocrx_word' id='word_1_539' title='bbox 585 4053 721 4107; x_wconf 86' lang='lat' dir='ltr'><strong>siam</strong></span> <span class='ocrx_word' id='word_1_540' title='bbox 768 4052 824 4106; x_wconf 92' lang='lat' dir='ltr'><strong>in</strong></span> <span class='ocrx_word' id='word_1_541' title='bbox 875 4050 1137 4106; x_wconf 89' lang='lat' dir='ltr'><strong>honorem</strong></span> <span class='ocrx_word' id='word_1_542' title='bbox 1183 4052 1469 4107; x_wconf 88' lang='lat' dir='ltr'><strong>beatorum</strong></span> <span class='ocrx_word' id='word_1_543' title='bbox 1515 4054 1881 4123; x_wconf 86' lang='lat' dir='ltr'><strong>apostolorum</strong></span> <span class='ocrx_word' id='word_1_544' title='bbox 1930 4054 2076 4111; x_wconf 86' lang='lat' dir='ltr'><strong>Petri</strong></span> <span class='ocrx_word' id='word_1_545' title='bbox 2122 4065 2180 4111; x_wconf 90' lang='lat' dir='ltr'><strong>et</strong></span> 
     </span>
    </p>
   </div>
   <div class='ocr_carea' id='block_1_73' title="bbox 586 4141 2174 4218">
    <p class='ocr_par' dir='ltr' id='par_1_73' title="bbox 586 4141 2174 4218">
     <span class='ocr_line' id='line_1_73' title="bbox 586 4141 2174 4218; baseline 0.003 -22"><span class='ocrx_word' id='word_1_546' title='bbox 586 4143 766 4206; x_wconf 74' lang='lat' dir='ltr'><strong>Pauli,</strong></span> <span class='ocrx_word' id='word_1_547' title='bbox 795 4149 1106 4196; x_wconf 87' lang='lat' dir='ltr'><strong>sanctorum</strong></span> <span class='ocrx_word' id='word_1_548' title='bbox 1146 4141 1420 4197; x_wconf 84' lang='lat' dir='ltr'><strong>Laurentii</strong></span> <span class='ocrx_word' id='word_1_549' title='bbox 1460 4151 1515 4198; x_wconf 91' lang='lat' dir='ltr'><strong>et</strong></span> <span class='ocrx_word' id='word_1_550' title='bbox 1544 4142 1814 4200; x_wconf 84' lang='lat' dir='ltr'><strong>Pancratii</strong></span> <span class='ocrx_word' id='word_1_551' title='bbox 1841 4154 2174 4218; x_wconf 87' lang='lat' dir='ltr'><strong>martyrum;</strong></span> 
     </span>
    </p>
   </div>
   <div class='ocr_carea' id='block_1_74' title="bbox 586 4229 2181 4309">
    <p class='ocr_par' dir='ltr' id='par_1_74' title="bbox 586 4229 2181 4309">
     <span class='ocr_line' id='line_1_74' title="bbox 586 4229 2181 4309; baseline 0.006 -23"><span class='ocrx_word' id='word_1_552' title='bbox 586 4231 643 4286; x_wconf 88' lang='lat' dir='ltr'><strong>in</strong></span> <span class='ocrx_word' id='word_1_553' title='bbox 669 4246 775 4300; x_wconf 90' lang='lat' dir='ltr'><strong>qua</strong></span> <span class='ocrx_word' id='word_1_554' title='bbox 822 4229 1080 4286; x_wconf 88' lang='lat' dir='ltr'><strong>tredecim</strong></span> <span class='ocrx_word' id='word_1_555' title='bbox 1121 4232 1313 4287; x_wconf 89' lang='lat' dir='ltr'><strong>altaria</strong></span> <span class='ocrx_word' id='word_1_556' title='bbox 1355 4234 1671 4304; x_wconf 88' lang='lat' dir='ltr'><strong>collocarat,</strong></span> <span class='ocrx_word' id='word_1_557' title='bbox 1719 4238 2047 4309; x_wconf 88' lang='lat' dir='ltr'><strong>miseratque</strong></span> <span class='ocrx_word' id='word_1_558' title='bbox 2076 4239 2181 4296; x_wconf 79' lang='lat' dir='ltr'><strong>llo-</strong></span> 
     </span>
    </p>
   </div>
   <div class='ocr_carea' id='block_1_75' title="bbox 586 4320 2180 4397">
    <p class='ocr_par' dir='ltr' id='par_1_75' title="bbox 586 4320 2180 4397">
     <span class='ocr_line' id='line_1_75' title="bbox 586 4320 2180 4397; baseline 0.007 -22"><span class='ocrx_word' id='word_1_559' title='bbox 586 4336 731 4376; x_wconf 90' lang='lat' dir='ltr'><strong>mam</strong></span> <span class='ocrx_word' id='word_1_560' title='bbox 762 4320 1115 4391; x_wconf 84' lang='lat' dir='ltr'><strong>Louparicum</strong></span> <span class='ocrx_word' id='word_1_561' title='bbox 1145 4324 1547 4395; x_wconf 85' lang='lat' dir='ltr'><strong>presbyterum,</strong></span> <span class='ocrx_word' id='word_1_562' title='bbox 1598 4326 1665 4380; x_wconf 91' lang='lat' dir='ltr'><strong>ad</strong></span> <span class='ocrx_word' id='word_1_563' title='bbox 1708 4329 1970 4397; x_wconf 89' lang='lat' dir='ltr'><strong>petendas</strong></span> <span class='ocrx_word' id='word_1_564' title='bbox 1999 4346 2180 4387; x_wconf 88' lang='lat' dir='ltr'><strong>sacras</strong></span> 
     </span>
    </p>
   </div>
   <div class='ocr_carea' id='block_1_76' title="bbox 586 4416 2182 4499">
    <p class='ocr_par' dir='ltr' id='par_1_76' title="bbox 586 4416 2182 4499">
     <span class='ocr_line' id='line_1_76' title="bbox 586 4416 2182 4499; baseline 0.009 -28"><span class='ocrx_word' id='word_1_565' title='bbox 586 4417 871 4487; x_wconf 88' lang='lat' dir='ltr'><strong>reliquias,</strong></span> <span class='ocrx_word' id='word_1_566' title='bbox 896 4416 952 4471; x_wconf 88' lang='lat' dir='ltr'><strong>in</strong></span> <span class='ocrx_word' id='word_1_567' title='bbox 980 4426 1212 4487; x_wconf 84' lang='lat' dir='ltr'><strong>quatuor</strong></span> <span class='ocrx_word' id='word_1_568' title='bbox 1241 4420 1498 4477; x_wconf 87' lang='lat' dir='ltr'><strong>altaribus</strong></span> <span class='ocrx_word' id='word_1_569' title='bbox 1527 4424 1762 4479; x_wconf 88' lang='lat' dir='ltr'><strong>nondum</strong></span> <span class='ocrx_word' id='word_1_570' title='bbox 1791 4427 2053 4483; x_wconf 89' lang='lat' dir='ltr'><strong>dedicatis</strong></span> <span class='ocrx_word' id='word_1_571' title='bbox 2081 4445 2182 4499; x_wconf 86' lang='lat' dir='ltr'><strong>po-</strong></span> 
     </span>
    </p>
   </div>
   <div class='ocr_carea' id='block_1_77' title="bbox 584 4510 2180 4587">
    <p class='ocr_par' dir='ltr' id='par_1_77' title="bbox 584 4510 2180 4587">
     <span class='ocr_line' id='line_1_77' title="bbox 584 4510 2180 4587; baseline 0.008 -21"><span class='ocrx_word' id='word_1_572' title='bbox 584 4510 812 4567; x_wconf 86' lang='lat' dir='ltr'><strong>nendas.</strong></span> <span class='ocrx_word' id='word_1_573' title='bbox 845 4511 1046 4566; x_wconf 79' lang='lat' dir='ltr'><strong>Annuit</strong></span> <span class='ocrx_word' id='word_1_574' title='bbox 1068 4512 1188 4581; x_wconf 89' lang='lat' dir='ltr'><strong>pius</strong></span> <span class='ocrx_word' id='word_1_575' title='bbox 1214 4512 1474 4581; x_wconf 80' lang='lat' dir='ltr'><strong>pontifex,</strong></span> <span class='ocrx_word' id='word_1_576' title='bbox 1520 4518 1771 4587; x_wconf 89' lang='lat' dir='ltr'><strong>misitque</strong></span> <span class='ocrx_word' id='word_1_577' title='bbox 1799 4518 2039 4577; x_wconf 87' lang='lat' dir='ltr'><strong>Palladio</strong></span> <span class='ocrx_word' id='word_1_578' title='bbox 2065 4523 2180 4577; x_wconf 90' lang='lat' dir='ltr'><strong>lau-</strong></span> 
     </span>
    </p>
   </div>
   <div class='ocr_carea' id='block_1_78' title="bbox 2278 3325 3879 3403">
    <p class='ocr_par' dir='ltr' id='par_1_78' title="bbox 2278 3325 3879 3403">
     <span class='ocr_line' id='line_1_78' title="bbox 2278 3325 3879 3403; baseline 0.005 -26"><span class='ocrx_word' id='word_1_579' title='bbox 2278 3340 2371 3378; x_wconf 88' lang='lat' dir='ltr'><strong>nos</strong></span> <span class='ocrx_word' id='word_1_580' title='bbox 2394 3325 2606 3379; x_wconf 81' lang='lat' dir='ltr'><strong>clericos</strong></span> <span class='ocrx_word' id='word_1_581' title='bbox 2629 3326 2859 3399; x_wconf 87' lang='lat' dir='ltr'><strong>aliasque</strong></span> <span class='ocrx_word' id='word_1_582' title='bbox 2876 3329 3097 3383; x_wconf 87' lang='lat' dir='ltr'><strong>civitatis</strong></span> <span class='ocrx_word' id='word_1_583' title='bbox 3117 3346 3177 3382; x_wconf 90' lang='lat' dir='ltr'><strong>ac</strong></span> <span class='ocrx_word' id='word_1_584' title='bbox 3197 3330 3459 3399; x_wconf 77' lang='lat' dir='ltr'><strong>parochite</strong></span> <span class='ocrx_word' id='word_1_585' title='bbox 3483 3340 3582 3385; x_wconf 78' lang='lat' dir='ltr'><strong>tua:</strong></span> <span class='ocrx_word' id='word_1_586' title='bbox 3601 3333 3879 3403; x_wconf 79' lang='lat' dir='ltr'><strong>religiosas</strong></span> 
     </span>
    </p>
   </div>
   <div class='ocr_carea' id='block_1_79' title="bbox 2277 3416 3880 3492">
    <p class='ocr_par' dir='ltr' id='par_1_79' title="bbox 2277 3416 3880 3492">
     <span class='ocr_line' id='line_1_79' title="bbox 2277 3416 3880 3492; baseline 0.004 -24"><span class='ocrx_word' id='word_1_587' title='bbox 2277 3431 2524 3485; x_wconf 83' lang='lat' dir='ltr'><strong>personas</strong></span> <span class='ocrx_word' id='word_1_588' title='bbox 2566 3416 2631 3470; x_wconf 90' lang='lat' dir='ltr'><strong>ab</strong></span> <span class='ocrx_word' id='word_1_589' title='bbox 2660 3418 2779 3472; x_wconf 88' lang='lat' dir='ltr'><strong>aliis</strong></span> <span class='ocrx_word' id='word_1_590' title='bbox 2808 3421 3089 3489; x_wconf 87' lang='lat' dir='ltr'><strong>conveniri,</strong></span> <span class='ocrx_word' id='word_1_591' title='bbox 3118 3422 3232 3491; x_wconf 81' lang='lat' dir='ltr'><strong>ﬁeri</strong></span> <span class='ocrx_word' id='word_1_592' title='bbox 3264 3422 3358 3475; x_wconf 89' lang='lat' dir='ltr'><strong>hoc</strong></span> <span class='ocrx_word' id='word_1_593' title='bbox 3380 3421 3446 3475; x_wconf 85' lang='lat' dir='ltr'><strong>de</strong></span> <span class='ocrx_word' id='word_1_594' title='bbox 3470 3432 3653 3476; x_wconf 76' lang='lat' dir='ltr'><strong>cwtero</strong></span> <span class='ocrx_word' id='word_1_595' title='bbox 3707 3424 3880 3492; x_wconf 81' lang='lat' dir='ltr'><strong>prohi-</strong></span> 
     </span>
    </p>
   </div>
   <div class='ocr_carea' id='block_1_80' title="bbox 2278 3496 3881 3590">
    <p class='ocr_par' dir='ltr' id='par_1_80' title="bbox 2278 3496 3881 3590">
     <span class='ocr_line' id='line_1_80' title="bbox 2278 3496 3881 3590; baseline 0.006 -30"><span class='ocrx_word' id='word_1_596' title='bbox 2278 3507 2481 3575; x_wconf 84' lang='lat' dir='ltr'><strong>bemus;</strong></span> <span class='ocrx_word' id='word_1_597' title='bbox 2512 3521 2563 3565; x_wconf 91' lang='lat' dir='ltr'><strong>et</strong></span> <span class='ocrx_word' id='word_1_598' title='bbox 2589 3528 2749 3584; x_wconf 87' lang='lat' dir='ltr'><strong>neque</strong></span> <span class='ocrx_word' id='word_1_599' title='bbox 2776 3514 3018 3568; x_wconf 86' lang='lat' dir='ltr'><strong>clericum</strong></span> <span class='ocrx_word' id='word_1_600' title='bbox 3064 3496 3225 3583; x_wconf 22' lang='lat' dir='ltr'><strong>tutum,</strong></span> <span class='ocrx_word' id='word_1_601' title='bbox 3256 3531 3416 3586; x_wconf 85' lang='lat' dir='ltr'><strong>neque</strong></span> <span class='ocrx_word' id='word_1_602' title='bbox 3461 3517 3772 3571; x_wconf 79' lang='lat' dir='ltr'><strong>monachum</strong></span> <span class='ocrx_word' id='word_1_603' title='bbox 3802 3534 3881 3590; x_wconf 55' lang='lat' dir='ltr'><strong>re;</strong></span> 
     </span>
    </p>
   </div>
   <div class='ocr_carea' id='block_1_81' title="bbox 2275 3603 3881 3680">
    <p class='ocr_par' dir='ltr' id='par_1_81' title="bbox 2275 3603 3881 3680">
     <span class='ocr_line' id='line_1_81' title="bbox 2275 3603 3881 3680; baseline 0.005 -23"><span class='ocrx_word' id='word_1_604' title='bbox 2275 3603 2555 3680; x_wconf 85' lang='lat' dir='ltr'><strong>quamlibet</strong></span> <span class='ocrx_word' id='word_1_605' title='bbox 2609 3607 2827 3660; x_wconf 81' lang='lat' dir='ltr'><strong>civitatis</strong></span> <span class='ocrx_word' id='word_1_606' title='bbox 2873 3607 3031 3661; x_wconf 90' lang='lat' dir='ltr'><strong>aliam</strong></span> <span class='ocrx_word' id='word_1_607' title='bbox 3077 3609 3374 3679; x_wconf 84' lang='lat' dir='ltr'><strong>religiosam</strong></span> <span class='ocrx_word' id='word_1_608' title='bbox 3403 3625 3677 3679; x_wconf 85' lang='lat' dir='ltr'><strong>personam</strong></span> <span class='ocrx_word' id='word_1_609' title='bbox 3717 3628 3881 3679; x_wconf 81' lang='lat' dir='ltr'><strong>paro-</strong></span> 
     </span>
    </p>
   </div>
   <div class='ocr_carea' id='block_1_82' title="bbox 2278 3700 3878 3771">
    <p class='ocr_par' dir='ltr' id='par_1_82' title="bbox 2278 3700 3878 3771">
     <span class='ocr_line' id='line_1_82' title="bbox 2278 3700 3878 3771; baseline 0.003 -17"><span class='ocrx_word' id='word_1_610' title='bbox 2278 3700 2408 3754; x_wconf 73' lang='lat' dir='ltr'><strong>chiaz</strong></span> <span class='ocrx_word' id='word_1_611' title='bbox 2434 3706 2536 3752; x_wconf 71' lang='lat' dir='ltr'><strong>tua:</strong></span> <span class='ocrx_word' id='word_1_612' title='bbox 2555 3700 2816 3752; x_wconf 87' lang='lat' dir='ltr'><strong>conveniri</strong></span> <span class='ocrx_word' id='word_1_613' title='bbox 2846 3712 2877 3751; x_wconf 88' lang='lat' dir='ltr'><strong>a</strong></span> <span class='ocrx_word' id='word_1_614' title='bbox 2900 3716 3179 3771; x_wconf 88' lang='lat' dir='ltr'><strong>quoquam,</strong></span> <span class='ocrx_word' id='word_1_615' title='bbox 3211 3702 3289 3755; x_wconf 85' lang='lat' dir='ltr'><strong>vel</strong></span> <span class='ocrx_word' id='word_1_616' title='bbox 3316 3703 3385 3754; x_wconf 88' lang='lat' dir='ltr'><strong>ad</strong></span> <span class='ocrx_word' id='word_1_617' title='bbox 3408 3703 3618 3757; x_wconf 83' lang='lat' dir='ltr'><strong>alterius</strong></span> <span class='ocrx_word' id='word_1_618' title='bbox 3639 3707 3878 3759; x_wconf 81' lang='lat' dir='ltr'><strong>volumus</strong></span> 
     </span>
    </p>
   </div>
   <div class='ocr_carea' id='block_1_83' title="bbox 2272 3790 3877 3869">
    <p class='ocr_par' dir='ltr' id='par_1_83' title="bbox 2272 3790 3877 3869">
     <span class='ocr_line' id='line_1_83' title="bbox 2272 3790 3877 3869; baseline 0.006 -25"><span class='ocrx_word' id='word_1_619' title='bbox 2272 3792 2529 3863; x_wconf 82' lang='lat' dir='ltr'><strong>judicium</strong></span> <span class='ocrx_word' id='word_1_620' title='bbox 2559 3790 2811 3846; x_wconf 72' lang='lat' dir='ltr'><strong>exhiberi.</strong></span> <span class='ocrx_word' id='word_1_621' title='bbox 2855 3792 2963 3847; x_wconf 88' lang='lat' dir='ltr'><strong>Sed</strong></span> <span class='ocrx_word' id='word_1_622' title='bbox 2992 3796 3036 3848; x_wconf 90' lang='lat' dir='ltr'><strong>si</strong></span> <span class='ocrx_word' id='word_1_623' title='bbox 3066 3797 3179 3866; x_wconf 81' lang='lat' dir='ltr'><strong>quis</strong></span> <span class='ocrx_word' id='word_1_624' title='bbox 3220 3806 3402 3850; x_wconf 86' lang='lat' dir='ltr'><strong>contra</strong></span> <span class='ocrx_word' id='word_1_625' title='bbox 3428 3797 3725 3869; x_wconf 83' lang='lat' dir='ltr'><strong>hujusmodi</strong></span> <span class='ocrx_word' id='word_1_626' title='bbox 3755 3818 3877 3869; x_wconf 85' lang='lat' dir='ltr'><strong>per-</strong></span> 
     </span>
    </p>
   </div>
   <div class='ocr_carea' id='block_1_84' title="bbox 2278 3884 3873 3963">
    <p class='ocr_par' dir='ltr' id='par_1_84' title="bbox 2278 3884 3873 3963">
     <span class='ocr_line' id='line_1_84' title="bbox 2278 3884 3873 3963; baseline 0.005 -24"><span class='ocrx_word' id='word_1_627' title='bbox 2278 3899 2437 3939; x_wconf 83' lang='lat' dir='ltr'><strong>sonas</strong></span> <span class='ocrx_word' id='word_1_628' title='bbox 2480 3884 2751 3955; x_wconf 84' lang='lat' dir='ltr'><strong>cujuslibet</strong></span> <span class='ocrx_word' id='word_1_629' title='bbox 2796 3889 2986 3957; x_wconf 79' lang='lat' dir='ltr'><strong>negotii</strong></span> <span class='ocrx_word' id='word_1_630' title='bbox 3030 3904 3230 3942; x_wconf 83' lang='lat' dir='ltr'><strong>movere</strong></span> <span class='ocrx_word' id='word_1_631' title='bbox 3259 3892 3474 3944; x_wconf 86' lang='lat' dir='ltr'><strong>voluerit</strong></span> <span class='ocrx_word' id='word_1_632' title='bbox 3517 3894 3873 3963; x_wconf 62' lang='lat' dir='ltr'><strong>quiestioriem,</strong></span> 
     </span>
    </p>
   </div>
   <div class='ocr_carea' id='block_1_85' title="bbox 2240 3979 3877 4051">
    <p class='ocr_par' dir='ltr' id='par_1_85' title="bbox 2240 3979 3877 4051">
     <span class='ocr_line' id='line_1_85' title="bbox 2240 3979 3877 4051; baseline 0.006 -22"><span class='ocrx_word' id='word_1_633' title='bbox 2240 4048 2241 4051; x_wconf 14' lang='grc' dir='ltr'><strong>η</strong></span> <span class='ocrx_word' id='word_1_634' title='bbox 2282 3979 2661 4048; x_wconf 77' lang='lat' dir='ltr'><strong>fraternitatem</strong></span> <span class='ocrx_word' id='word_1_635' title='bbox 2692 3987 2833 4031; x_wconf 90' lang='lat' dir='ltr'><strong>tuam</strong></span> <span class='ocrx_word' id='word_1_636' title='bbox 2862 3981 3057 4033; x_wconf 87' lang='lat' dir='ltr'><strong>noverit</strong></span> <span class='ocrx_word' id='word_1_637' title='bbox 3086 3980 3398 4035; x_wconf 88' lang='lat' dir='ltr'><strong>adeundam.</strong></span> <span class='ocrx_word' id='word_1_638' title='bbox 3430 3983 3535 4035; x_wconf 80' lang='lat' dir='ltr'><strong>Aut</strong></span> <span class='ocrx_word' id='word_1_639' title='bbox 3559 3987 3605 4039; x_wconf 87' lang='lat' dir='ltr'><strong>si</strong></span> <span class='ocrx_word' id='word_1_640' title='bbox 3629 3988 3787 4051; x_wconf 74' lang='lat' dir='ltr'><strong>forte,</strong></span> <span class='ocrx_word' id='word_1_641' title='bbox 3823 3996 3877 4039; x_wconf 85' lang='lat' dir='ltr'><strong>ut</strong></span> 
     </span>
    </p>
   </div>
   <div class='ocr_carea' id='block_1_86' title="bbox 2282 4068 3872 4145">
    <p class='ocr_par' dir='ltr' id='par_1_86' title="bbox 2282 4068 3872 4145">
     <span class='ocr_line' id='line_1_86' title="bbox 2282 4068 3872 4145; baseline 0.008 -26"><span class='ocrx_word' id='word_1_642' title='bbox 2282 4068 2490 4133; x_wconf 77' lang='lat' dir='ltr'><strong>assolet,</strong></span> <span class='ocrx_word' id='word_1_643' title='bbox 2522 4070 2696 4140; x_wconf 88' lang='lat' dir='ltr'><strong>aliqua</strong></span> <span class='ocrx_word' id='word_1_644' title='bbox 2733 4070 2837 4123; x_wconf 84' lang='lat' dir='ltr'><strong>illis</strong></span> <span class='ocrx_word' id='word_1_645' title='bbox 2859 4069 3083 4140; x_wconf 83' lang='lat' dir='ltr'><strong>quolibet</strong></span> <span class='ocrx_word' id='word_1_646' title='bbox 3107 4072 3258 4125; x_wconf 85' lang='lat' dir='ltr'><strong>modo</strong></span> <span class='ocrx_word' id='word_1_647' title='bbox 3288 4074 3443 4142; x_wconf 79' lang='lat' dir='ltr'><strong>fuerit</strong></span> <span class='ocrx_word' id='word_1_648' title='bbox 3470 4084 3595 4127; x_wconf 86' lang='lat' dir='ltr'><strong>nata</strong></span> <span class='ocrx_word' id='word_1_649' title='bbox 3623 4078 3872 4145; x_wconf 71' lang='lat' dir='ltr'><strong>suspirio,</strong></span> 
     </span>
    </p>
   </div>
   <div class='ocr_carea' id='block_1_87' title="bbox 2281 4160 3876 4234">
    <p class='ocr_par' dir='ltr' id='par_1_87' title="bbox 2281 4160 3876 4234">
     <span class='ocr_line' id='line_1_87' title="bbox 2281 4160 3876 4234; baseline 0.006 -22"><span class='ocrx_word' id='word_1_650' title='bbox 2281 4168 2329 4212; x_wconf 89' lang='lat' dir='ltr'><strong>et</strong></span> <span class='ocrx_word' id='word_1_651' title='bbox 2375 4160 2649 4213; x_wconf 85' lang='lat' dir='ltr'><strong>electorum</strong></span> <span class='ocrx_word' id='word_1_652' title='bbox 2682 4160 3083 4215; x_wconf 83' lang='lat' dir='ltr'><strong>desideraverint</strong></span> <span class='ocrx_word' id='word_1_653' title='bbox 3122 4164 3345 4232; x_wconf 79' lang='lat' dir='ltr'><strong>fortasse</strong></span> <span class='ocrx_word' id='word_1_654' title='bbox 3363 4164 3639 4234; x_wconf 82' lang='lat' dir='ltr'><strong>judicium,</strong></span> <span class='ocrx_word' id='word_1_655' title='bbox 3671 4168 3765 4220; x_wconf 85' lang='lat' dir='ltr'><strong>sub</strong></span> <span class='ocrx_word' id='word_1_656' title='bbox 3790 4178 3876 4221; x_wconf 78' lang='lat' dir='ltr'><strong>tua</strong></span> 
     </span>
    </p>
   </div>
   <div class='ocr_carea' id='block_1_88' title="bbox 2283 4253 3876 4329">
    <p class='ocr_par' dir='ltr' id='par_1_88' title="bbox 2283 4253 3876 4329">
     <span class='ocr_line' id='line_1_88' title="bbox 2283 4253 3876 4329; baseline 0.007 -25"><span class='ocrx_word' id='word_1_657' title='bbox 2283 4253 2609 4305; x_wconf 72' lang='lat' dir='ltr'><strong>exsecutione</strong></span> <span class='ocrx_word' id='word_1_658' title='bbox 2651 4253 2875 4323; x_wconf 84' lang='lat' dir='ltr'><strong>eligendi</strong></span> <span class='ocrx_word' id='word_1_659' title='bbox 2906 4256 2990 4325; x_wconf 79' lang='lat' dir='ltr'><strong>fas</strong></span> <span class='ocrx_word' id='word_1_660' title='bbox 3023 4254 3245 4309; x_wconf 81' lang='lat' dir='ltr'><strong>habeant</strong></span> <span class='ocrx_word' id='word_1_661' title='bbox 3275 4260 3596 4328; x_wconf 84' lang='lat' dir='ltr'><strong>cognitores;</strong></span> <span class='ocrx_word' id='word_1_662' title='bbox 3623 4269 3876 4329; x_wconf 81' lang='lat' dir='ltr'><strong>quatenus</strong></span> 
     </span>
    </p>
   </div>
   <div class='ocr_carea' id='block_1_89' title="bbox 2284 4343 3875 4419">
    <p class='ocr_par' dir='ltr' id='par_1_89' title="bbox 2284 4343 3875 4419">
     <span class='ocr_line' id='line_1_89' title="bbox 2284 4343 3875 4419; baseline 0.007 -23"><span class='ocrx_word' id='word_1_663' title='bbox 2284 4343 2378 4396; x_wconf 82' lang='lat' dir='ltr'><strong>hoc</strong></span> <span class='ocrx_word' id='word_1_664' title='bbox 2409 4343 2559 4397; x_wconf 85' lang='lat' dir='ltr'><strong>modo</strong></span> <span class='ocrx_word' id='word_1_665' title='bbox 2603 4360 2696 4396; x_wconf 81' lang='lat' dir='ltr'><strong>nec</strong></span> <span class='ocrx_word' id='word_1_666' title='bbox 2745 4354 2795 4397; x_wconf 89' lang='lat' dir='ltr'><strong>tu</strong></span> <span class='ocrx_word' id='word_1_667' title='bbox 2843 4347 3075 4400; x_wconf 87' lang='lat' dir='ltr'><strong>amisisse</strong></span> <span class='ocrx_word' id='word_1_668' title='bbox 3111 4348 3548 4419; x_wconf 85' lang='lat' dir='ltr'><strong>jurisdictionem,</strong></span> <span class='ocrx_word' id='word_1_669' title='bbox 3580 4367 3673 4405; x_wconf 84' lang='lat' dir='ltr'><strong>nec</strong></span> <span class='ocrx_word' id='word_1_670' title='bbox 3734 4363 3875 4407; x_wconf 77' lang='lat' dir='ltr'><strong>actor</strong></span> 
     </span>
    </p>
   </div>
   <div class='ocr_carea' id='block_1_90' title="bbox 2283 4434 3873 4511">
    <p class='ocr_par' dir='ltr' id='par_1_90' title="bbox 2283 4434 3873 4511">
     <span class='ocr_line' id='line_1_90' title="bbox 2283 4434 3873 4511; baseline 0.008 -26"><span class='ocrx_word' id='word_1_671' title='bbox 2283 4434 2423 4503; x_wconf 88' lang='lat' dir='ltr'><strong>apud</strong></span> <span class='ocrx_word' id='word_1_672' title='bbox 2452 4444 2738 4503; x_wconf 85' lang='lat' dir='ltr'><strong>suspectum</strong></span> <span class='ocrx_word' id='word_1_673' title='bbox 2768 4436 3020 4508; x_wconf 84' lang='lat' dir='ltr'><strong>litigando</strong></span> <span class='ocrx_word' id='word_1_674' title='bbox 3052 4439 3283 4493; x_wconf 86' lang='lat' dir='ltr'><strong>videatur</strong></span> <span class='ocrx_word' id='word_1_675' title='bbox 3320 4442 3681 4511; x_wconf 74' lang='lat' dir='ltr'><strong>prwjudicittm</strong></span> <span class='ocrx_word' id='word_1_676' title='bbox 3714 4448 3873 4498; x_wconf 83' lang='lat' dir='ltr'><strong>susti-</strong></span> 
     </span>
    </p>
   </div>
   <div class='ocr_carea' id='block_1_91' title="bbox 2284 4525 3873 4608">
    <p class='ocr_par' dir='ltr' id='par_1_91' title="bbox 2284 4525 3873 4608">
     <span class='ocr_line' id='line_1_91' title="bbox 2284 4525 3873 4608; baseline 0.009 -31"><span class='ocrx_word' id='word_1_677' title='bbox 2284 4540 2404 4578; x_wconf 87' lang='lat' dir='ltr'><strong>nere</strong></span> <span class='ocrx_word' id='word_1_678' title='bbox 2427 4525 2563 4592; x_wconf 80' lang='lat' dir='ltr'><strong>(Lib.</strong></span> <span class='ocrx_word' id='word_1_679' title='bbox 2598 4543 2679 4593; x_wconf 80' lang='lat' dir='ltr'><strong>v1,</strong></span> <span class='ocrx_word' id='word_1_680' title='bbox 2723 4544 2804 4597; x_wconf 87' lang='lat' dir='ltr'><strong>ep.</strong></span> <span class='ocrx_word' id='word_1_681' title='bbox 2858 4528 2970 4598; x_wconf 81' lang='grc'><strong>11).</strong></span> <span class='ocrx_word' id='word_1_682' title='bbox 3003 4528 3131 4585; x_wconf 66' lang='lat' dir='ltr'><strong>Haec</strong></span> <span class='ocrx_word' id='word_1_683' title='bbox 3178 4534 3484 4589; x_wconf 80' lang='lat' dir='ltr'><strong>exscribere</strong></span> <span class='ocrx_word' id='word_1_684' title='bbox 3531 4550 3640 4589; x_wconf 91' lang='lat' dir='ltr'><strong>non</strong></span> <span class='ocrx_word' id='word_1_685' title='bbox 3679 4537 3873 4608; x_wconf 81' lang='lat' dir='ltr'><strong>piguit,</strong></span> 
     </span>
    </p>
   </div>
   <div class='ocr_carea' id='block_1_92' title="bbox 585 4593 3875 4706">
    <p class='ocr_par' dir='ltr' id='par_1_92' title="bbox 585 4593 3875 4706">
     <span class='ocr_line' id='line_1_92' title="bbox 585 4593 3875 4706; baseline 0.009 -49"><span class='ocrx_word' id='word_1_686' title='bbox 585 4602 837 4658; x_wconf 84' lang='lat' dir='ltr'><strong>datorum</strong></span> <span class='ocrx_word' id='word_1_687' title='bbox 880 4603 1251 4674; x_wconf 89' lang='lat' dir='ltr'><strong>apostolorum</strong></span> <span class='ocrx_word' id='word_1_688' title='bbox 1297 4620 1360 4659; x_wconf 88' lang='lat' dir='ltr'><strong>ac</strong></span> <span class='ocrx_word' id='word_1_689' title='bbox 1387 4612 2010 4683; x_wconf 74' lang='lat' dir='ltr'><strong>martyrum‘~reliquias,</strong></span> <span class='ocrx_word' id='word_1_690' title='bbox 2042 4628 2175 4683; x_wconf 90' lang='lat' dir='ltr'><strong>quas</strong></span> <span class='ocrx_word' id='word_1_691' title='bbox 2200 4593 2254 4656; x_wconf 77' lang='grc' dir='ltr'><strong>Ῑ)</strong></span> <span class='ocrx_word' id='word_1_692' title='bbox 2279 4616 2423 4683; x_wconf 88' lang='lat' dir='ltr'><strong>quod</strong></span> <span class='ocrx_word' id='word_1_693' title='bbox 2449 4593 2774 4689; x_wconf 87' lang='lat' dir='ltr'><strong>judiciorum</strong></span> <span class='ocrx_word' id='word_1_694' title='bbox 2805 4593 3294 4678; x_wconf 82' lang='lat' dir='ltr'><strong>ecclesiasticorum</strong></span> <span class='ocrx_word' id='word_1_695' title='bbox 3334 4625 3563 4706; x_wconf 82' lang='lat' dir='ltr'><strong>formam</strong></span> <span class='ocrx_word' id='word_1_696' title='bbox 3593 4593 3875 4686; x_wconf 61' lang='lat' dir='ltr'><strong>conabere</strong></span> 
     </span>
    </p>
   </div>
   <div class='ocr_carea' id='block_1_93' title="bbox 583 4695 2172 4772">
    <p class='ocr_par' dir='ltr' id='par_1_93' title="bbox 583 4695 2172 4772">
     <span class='ocr_line' id='line_1_93' title="bbox 583 4695 2172 4772; baseline 0.008 -26"><span class='ocrx_word' id='word_1_697' title='bbox 583 4706 790 4749; x_wconf 85' lang='lat' dir='ltr'><strong>summa</strong></span> <span class='ocrx_word' id='word_1_698' title='bbox 813 4711 933 4751; x_wconf 88' lang='lat' dir='ltr'><strong>cum</strong></span> <span class='ocrx_word' id='word_1_699' title='bbox 956 4695 1255 4751; x_wconf 87' lang='lat' dir='ltr'><strong>reverentia</strong></span> <span class='ocrx_word' id='word_1_700' title='bbox 1282 4697 1558 4767; x_wconf 84' lang='lat' dir='ltr'><strong>suscipi&#39;et</strong></span> <span class='ocrx_word' id='word_1_701' title='bbox 1579 4701 1833 4756; x_wconf 90' lang='lat' dir='ltr'><strong>collocari</strong></span> <span class='ocrx_word' id='word_1_702' title='bbox 1857 4704 2172 4772; x_wconf 89' lang='lat' dir='ltr'><strong>postulavit.</strong></span> 
     </span>
    </p>
   </div>
   <div class='ocr_carea' id='block_1_94' title="bbox 584 4785 2171 4863">
    <p class='ocr_par' dir='ltr' id='par_1_94' title="bbox 584 4785 2171 4863">
     <span class='ocr_line' id='line_1_94' title="bbox 584 4785 2171 4863; baseline 0.006 -22"><span class='ocrx_word' id='word_1_703' title='bbox 584 4785 841 4842; x_wconf 88' lang='lat' dir='ltr'><strong>Consulat</strong></span> <span class='ocrx_word' id='word_1_704' title='bbox 886 4788 1157 4844; x_wconf 89' lang='lat' dir='ltr'><strong>studiosus</strong></span> <span class='ocrx_word' id='word_1_705' title='bbox 1205 4790 1375 4844; x_wconf 90' lang='lat' dir='ltr'><strong>lector</strong></span> <span class='ocrx_word' id='word_1_706' title='bbox 1404 4800 1561 4847; x_wconf 89' lang='lat' dir='ltr'><strong>notas</strong></span> <span class='ocrx_word' id='word_1_707' title='bbox 1590 4794 1657 4847; x_wconf 88' lang='lat' dir='ltr'><strong>ad</strong></span> <span class='ocrx_word' id='word_1_708' title='bbox 1685 4795 1825 4848; x_wconf 85' lang='lat' dir='ltr'><strong>hanc</strong></span> <span class='ocrx_word' id='word_1_709' title='bbox 1865 4796 2171 4863; x_wconf 88' lang='lat' dir='ltr'><strong>epistolam,</strong></span> 
     </span>
    </p>
   </div>
   <div class='ocr_carea' id='block_1_95' title="bbox 582 4878 2174 4953">
    <p class='ocr_par' dir='ltr' id='par_1_95' title="bbox 582 4878 2174 4953">
     <span class='ocr_line' id='line_1_95' title="bbox 582 4878 2174 4953; baseline 0.008 -23"><span class='ocrx_word' id='word_1_710' title='bbox 582 4890 650 4931; x_wconf 86' lang='lat' dir='ltr'><strong>ex</strong></span> <span class='ocrx_word' id='word_1_711' title='bbox 676 4878 868 4947; x_wconf 90' lang='lat' dir='ltr'><strong>quibus</strong></span> <span class='ocrx_word' id='word_1_712' title='bbox 893 4878 1064 4934; x_wconf 90' lang='lat' dir='ltr'><strong>discet</strong></span> <span class='ocrx_word' id='word_1_713' title='bbox 1104 4880 1263 4949; x_wconf 84' lang='lat' dir='ltr'><strong>longe</strong></span> <span class='ocrx_word' id='word_1_714' title='bbox 1291 4892 1417 4937; x_wconf 87' lang='lat' dir='ltr'><strong>ante</strong></span> <span class='ocrx_word' id='word_1_715' title='bbox 1448 4882 1764 4951; x_wconf 79' lang='lat' dir='ltr'><strong>Gregorium</strong></span> <span class='ocrx_word' id='word_1_716' title='bbox 1793 4885 2021 4953; x_wconf 83' lang='lat' dir='ltr'><strong>plurima</strong></span> <span class='ocrx_word' id='word_1_717' title='bbox 2051 4903 2174 4944; x_wconf 89' lang='lat' dir='ltr'><strong>ere-</strong></span> 
     </span>
    </p>
   </div>
   <div class='ocr_carea' id='block_1_96' title="bbox 582 4969 2172 5036">
    <p class='ocr_par' dir='ltr' id='par_1_96' title="bbox 582 4969 2172 5036">
     <span class='ocr_line' id='line_1_96' title="bbox 582 4969 2172 5036; baseline 0.008 -14"><span class='ocrx_word' id='word_1_718' title='bbox 582 4976 668 5022; x_wconf 89' lang='lat' dir='ltr'><strong>cta</strong></span> <span class='ocrx_word' id='word_1_719' title='bbox 690 4983 808 5023; x_wconf 88' lang='lat' dir='ltr'><strong>esse</strong></span> <span class='ocrx_word' id='word_1_720' title='bbox 851 4970 1059 5023; x_wconf 87' lang='lat' dir='ltr'><strong>altaria.</strong></span> <span class='ocrx_word' id='word_1_721' title='bbox 1090 4969 1205 5027; x_wconf 86' lang='lat' dir='ltr'><strong>Etsi</strong></span> <span class='ocrx_word' id='word_1_722' title='bbox 1248 4988 1376 5028; x_wconf 91' lang='lat' dir='ltr'><strong>vero</strong></span> <span class='ocrx_word' id='word_1_723' title='bbox 1399 4973 1708 5030; x_wconf 84' lang='lat' dir='ltr'><strong>Graecorum</strong></span> <span class='ocrx_word' id='word_1_724' title='bbox 1738 4974 2029 5033; x_wconf 86' lang='lat' dir='ltr'><strong>hodiernus</strong></span> <span class='ocrx_word' id='word_1_725' title='bbox 2055 4994 2172 5036; x_wconf 87' lang='lat' dir='ltr'><strong>mos</strong></span> 
     </span>
    </p>
   </div>
   <div class='ocr_carea' id='block_1_97' title="bbox 499 5063 2174 5145">
    <p class='ocr_par' dir='ltr' id='par_1_97' title="bbox 499 5063 2174 5145">
     <span class='ocr_line' id='line_1_97' title="bbox 499 5063 2174 5145; baseline 0.007 -27"><span class='ocrx_word' id='word_1_726' title='bbox 499 5129 502 5145; x_wconf 36' lang='lat'>1</span> <span class='ocrx_word' id='word_1_727' title='bbox 581 5063 721 5119; x_wconf 86' lang='lat' dir='ltr'><strong>hanc</strong></span> <span class='ocrx_word' id='word_1_728' title='bbox 749 5065 998 5119; x_wconf 88' lang='lat' dir='ltr'><strong>altarium</strong></span> <span class='ocrx_word' id='word_1_729' title='bbox 1028 5067 1423 5123; x_wconf 90' lang='lat' dir='ltr'><strong>multitudinem</strong></span> <span class='ocrx_word' id='word_1_730' title='bbox 1454 5085 1563 5125; x_wconf 91' lang='lat' dir='ltr'><strong>non</strong></span> <span class='ocrx_word' id='word_1_731' title='bbox 1601 5068 1880 5139; x_wconf 89' lang='lat' dir='ltr'><strong>admittat,</strong></span> <span class='ocrx_word' id='word_1_732' title='bbox 1913 5072 2043 5127; x_wconf 89' lang='lat' dir='ltr'><strong>olim</strong></span> <span class='ocrx_word' id='word_1_733' title='bbox 2090 5083 2174 5129; x_wconf 88' lang='lat' dir='ltr'><strong>ta-</strong></span> 
     </span>
    </p>
   </div>
   <div class='ocr_carea' id='block_1_98' title="bbox 498 5156 2172 5231">
    <p class='ocr_par' dir='ltr' id='par_1_98' title="bbox 498 5156 2172 5231">
     <span class='ocr_line' id='line_1_98' title="bbox 498 5156 2172 5231; baseline 0.007 -20"><span class='ocrx_word' id='word_1_734' title='bbox 498 5156 504 5217; x_wconf 62' lang='lat'><strong>?</strong></span> <span class='ocrx_word' id='word_1_735' title='bbox 581 5172 704 5213; x_wconf 90' lang='lat' dir='ltr'><strong>men</strong></span> <span class='ocrx_word' id='word_1_736' title='bbox 735 5159 802 5212; x_wconf 90' lang='lat' dir='ltr'><strong>ab</strong></span> <span class='ocrx_word' id='word_1_737' title='bbox 832 5156 960 5227; x_wconf 90' lang='lat' dir='ltr'><strong>ipsis</strong></span> <span class='ocrx_word' id='word_1_738' title='bbox 981 5160 1201 5216; x_wconf 91' lang='lat' dir='ltr'><strong>minime</strong></span> <span class='ocrx_word' id='word_1_739' title='bbox 1227 5161 1570 5231; x_wconf 88' lang='lat' dir='ltr'><strong>reprobatam</strong></span> <span class='ocrx_word' id='word_1_740' title='bbox 1598 5176 1718 5217; x_wconf 87' lang='lat' dir='ltr'><strong>esse</strong></span> <span class='ocrx_word' id='word_1_741' title='bbox 1764 5165 2073 5221; x_wconf 90' lang='lat' dir='ltr'><strong>ostenditur</strong></span> <span class='ocrx_word' id='word_1_742' title='bbox 2104 5181 2172 5223; x_wconf 82' lang='lat' dir='ltr'><strong>ex</strong></span> 
     </span>
    </p>
   </div>
   <div class='ocr_carea' id='block_1_99' title="bbox 580 5249 2168 5324">
    <p class='ocr_par' dir='ltr' id='par_1_99' title="bbox 580 5249 2168 5324">
     <span class='ocr_line' id='line_1_99' title="bbox 580 5249 2168 5324; baseline 0.005 -19"><span class='ocrx_word' id='word_1_743' title='bbox 580 5250 866 5307; x_wconf 86' lang='lat' dir='ltr'><strong>Theodoro</strong></span> <span class='ocrx_word' id='word_1_744' title='bbox 891 5249 1102 5307; x_wconf 86' lang='lat' dir='ltr'><strong>Studita</strong></span> <span class='ocrx_word' id='word_1_745' title='bbox 1133 5254 1363 5324; x_wconf 85' lang='lat' dir='ltr'><strong>epistola</strong></span> <span class='ocrx_word' id='word_1_746' title='bbox 1390 5252 1516 5318; x_wconf 75' lang='grc'><strong>219,</strong></span> <span class='ocrx_word' id='word_1_747' title='bbox 1546 5252 1574 5293; x_wconf 72' lang='grc' dir='ltr'><strong>ιν</strong></span> <span class='ocrx_word' id='word_1_748' title='bbox 1608 5254 1922 5324; x_wconf 81' lang='lat' dir='ltr'><strong>interrogat.</strong></span> <span class='ocrx_word' id='word_1_749' title='bbox 1972 5258 2058 5313; x_wconf 85' lang='grc'><strong>15.</strong></span> <span class='ocrx_word' id='word_1_750' title='bbox 2092 5258 2168 5315; x_wconf 85' lang='lat' dir='ltr'><strong>Ex</strong></span> 
     </span>
    </p>
   </div>
   <div class='ocr_carea' id='block_1_100' title="bbox 579 5342 2170 5414">
    <p class='ocr_par' dir='ltr' id='par_1_100' title="bbox 579 5342 2170 5414">
     <span class='ocr_line' id='line_1_100' title="bbox 579 5342 2170 5414; baseline 0.006 -17"><span class='ocrx_word' id='word_1_751' title='bbox 579 5342 760 5399; x_wconf 83' lang='lat' dir='ltr'><strong>altaris</strong></span> <span class='ocrx_word' id='word_1_752' title='bbox 795 5358 949 5410; x_wconf 81' lang='lat' dir='ltr'><strong>voce,</strong></span> <span class='ocrx_word' id='word_1_753' title='bbox 988 5344 1034 5401; x_wconf 89' lang='lat' dir='ltr'><strong>si</strong></span> <span class='ocrx_word' id='word_1_754' title='bbox 1086 5360 1209 5400; x_wconf 85' lang='lat' dir='ltr'><strong>cum</strong></span> <span class='ocrx_word' id='word_1_755' title='bbox 1250 5343 1600 5400; x_wconf 80' lang='lat' dir='ltr'><strong>heterodoxis</strong></span> <span class='ocrx_word' id='word_1_756' title='bbox 1642 5345 1969 5414; x_wconf 86' lang='lat' dir='ltr'><strong>digladiandi</strong></span> <span class='ocrx_word' id='word_1_757' title='bbox 2027 5359 2170 5407; x_wconf 83' lang='lat' dir='ltr'><strong>esset</strong></span> 
     </span>
    </p>
   </div>
   <div class='ocr_carea' id='block_1_101' title="bbox 649 5457 2163 5530">
    <p class='ocr_par' dir='ltr' id='par_1_101' title="bbox 649 5457 2163 5530">
     <span class='ocr_line' id='line_1_101' title="bbox 649 5457 2163 5530; baseline 0.007 -18"><span class='ocrx_word' id='word_1_758' title='bbox 649 5466 675 5496; x_wconf 75' lang='grc' dir='ltr'><strong>’ί</strong></span> <span class='ocrx_word' id='word_1_759' title='bbox 704 5457 761 5513; x_wconf 86' lang='lat' dir='ltr'><strong>S.</strong></span> <span class='ocrx_word' id='word_1_760' title='bbox 796 5457 907 5515; x_wconf 88' lang='lat' dir='ltr'><strong>Leo</strong></span> <span class='ocrx_word' id='word_1_761' title='bbox 932 5461 1089 5530; x_wconf 83' lang='lat' dir='ltr'><strong>epist.</strong></span> <span class='ocrx_word' id='word_1_762' title='bbox 1123 5457 1208 5525; x_wconf 67' lang='lat' dir='ltr'><strong>l2,</strong></span> <span class='ocrx_word' id='word_1_763' title='bbox 1237 5472 1285 5513; x_wconf 93' lang='lat' dir='ltr'><strong>c.</strong></span> <span class='ocrx_word' id='word_1_764' title='bbox 1318 5458 1351 5511; x_wconf 88' lang='lat'><strong>9</strong></span> <span class='ocrx_word' id='word_1_765' title='bbox 1381 5476 1393 5511; x_wconf 89' lang='lat'>:</span> <span class='ocrx_word' id='word_1_766' title='bbox 1427 5460 1666 5514; x_wconf 79' lang='lat' dir='ltr'><strong>Alienum</strong></span> <span class='ocrx_word' id='word_1_767' title='bbox 1709 5461 1967 5527; x_wconf 80' lang='lat' dir='ltr'><strong>clericum,</strong></span> <span class='ocrx_word' id='word_1_768' title='bbox 2001 5468 2163 5523; x_wconf 88' lang='lat' dir='ltr'><strong>invito</strong></span> 
     </span>
    </p>
   </div>
   <div class='ocr_carea' id='block_1_102' title="bbox 580 5532 2161 5608">
    <p class='ocr_par' dir='ltr' id='par_1_102' title="bbox 580 5532 2161 5608">
     <span class='ocr_line' id='line_1_102' title="bbox 580 5532 2161 5608; baseline 0.006 -25"><span class='ocrx_word' id='word_1_769' title='bbox 580 5532 1021 5608; x_wconf 73' lang='lat' dir='ltr'><strong>episcopoipsius,</strong></span> <span class='ocrx_word' id='word_1_770' title='bbox 1071 5546 1218 5608; x_wconf 79' lang='lat' dir='ltr'><strong>nemo</strong></span> <span class='ocrx_word' id='word_1_771' title='bbox 1270 5532 1534 5608; x_wconf 76' lang='lat' dir='ltr'><strong>suscipiat.</strong></span> <span class='ocrx_word' id='word_1_772' title='bbox 1591 5532 1720 5608; x_wconf 75' lang='lat' dir='ltr'><strong>Ibid.</strong></span> <span class='ocrx_word' id='word_1_773' title='bbox 1762 5551 1773 5583; x_wconf 70' lang='grc' dir='ltr'><em>ς</em></span> <span class='ocrx_word' id='word_1_774' title='bbox 1812 5532 2161 5608; x_wconf 71' lang='lat' dir='ltr'><strong>Transfugam</strong></span> 
     </span>
    </p>
   </div>
   <div class='ocr_carea' id='block_1_103' title="bbox 579 5600 2160 5669">
    <p class='ocr_par' dir='ltr' id='par_1_103' title="bbox 579 5600 2160 5669">
     <span class='ocr_line' id='line_1_103' title="bbox 579 5600 2160 5669; baseline 0.007 -17"><span class='ocrx_word' id='word_1_775' title='bbox 579 5601 817 5654; x_wconf 76' lang='lat' dir='ltr'><strong>clericum</strong></span> <span class='ocrx_word' id='word_1_776' title='bbox 839 5601 908 5653; x_wconf 90' lang='lat' dir='ltr'><strong>ad</strong></span> <span class='ocrx_word' id='word_1_777' title='bbox 930 5616 1075 5654; x_wconf 80' lang='lat' dir='ltr'><strong>suam</strong></span> <span class='ocrx_word' id='word_1_778' title='bbox 1103 5600 1364 5653; x_wconf 85' lang='lat' dir='ltr'><strong>ecclesiam</strong></span> <span class='ocrx_word' id='word_1_779' title='bbox 1390 5604 1808 5669; x_wconf 84' lang='lat' dir='ltr'><strong>metropolitanus</strong></span> <span class='ocrx_word' id='word_1_780' title='bbox 1831 5600 1999 5659; x_wconf 80' lang='lat' dir='ltr'><strong>redire</strong></span> <span class='ocrx_word' id='word_1_781' title='bbox 2019 5600 2160 5663; x_wconf 70' lang='lat' dir='ltr'><strong>com-</strong></span> 
     </span>
    </p>
   </div>
   <div class='ocr_carea' id='block_1_104' title="bbox 580 5669 2158 5743">
    <p class='ocr_par' dir='ltr' id='par_1_104' title="bbox 580 5669 2158 5743">
     <span class='ocr_line' id='line_1_104' title="bbox 580 5669 2158 5743; baseline 0.008 -20"><span class='ocrx_word' id='word_1_782' title='bbox 580 5672 755 5739; x_wconf 84' lang='lat' dir='ltr'><strong>pellat.</strong></span> <span class='ocrx_word' id='word_1_783' title='bbox 794 5671 857 5743; x_wconf 79' lang='lat' dir='ltr'><strong>Et</strong></span> <span class='ocrx_word' id='word_1_784' title='bbox 888 5687 973 5737; x_wconf 88' lang='lat' dir='ltr'><strong>cp.</strong></span> <span class='ocrx_word' id='word_1_785' title='bbox 1002 5671 1089 5735; x_wconf 75' lang='lat' dir='ltr'><strong>i5,</strong></span> <span class='ocrx_word' id='word_1_786' title='bbox 1265 5688 1276 5722; x_wconf 90' lang='lat'>:</span> <span class='ocrx_word' id='word_1_787' title='bbox 1326 5669 1393 5743; x_wconf 81' lang='lat' dir='ltr'><strong>Ut</strong></span> <span class='ocrx_word' id='word_1_788' title='bbox 1422 5672 1590 5725; x_wconf 85' lang='lat' dir='ltr'><strong>nullus</strong></span> <span class='ocrx_word' id='word_1_789' title='bbox 1623 5676 1909 5743; x_wconf 81' lang='lat' dir='ltr'><strong>episcopus,</strong></span> <span class='ocrx_word' id='word_1_790' title='bbox 1946 5679 2158 5735; x_wconf 74' lang='lat' dir='ltr'><strong>alterius</strong></span> 
     </span>
    </p>
   </div>
   <div class='ocr_carea' id='block_1_105' title="bbox 580 5741 2159 5811">
    <p class='ocr_par' dir='ltr' id='par_1_105' title="bbox 580 5741 2159 5811">
     <span class='ocr_line' id='line_1_105' title="bbox 580 5741 2159 5811; baseline 0.008 -19"><span class='ocrx_word' id='word_1_791' title='bbox 580 5741 804 5807; x_wconf 81' lang='lat' dir='ltr'><strong>episcopi</strong></span> <span class='ocrx_word' id='word_1_792' title='bbox 835 5742 1072 5794; x_wconf 80' lang='lat' dir='ltr'><strong>clericum</strong></span> <span class='ocrx_word' id='word_1_793' title='bbox 1120 5741 1218 5794; x_wconf 83' lang='lat' dir='ltr'><strong>sibi</strong></span> <span class='ocrx_word' id='word_1_794' title='bbox 1256 5741 1441 5795; x_wconf 87' lang='lat' dir='ltr'><strong>audeat</strong></span> <span class='ocrx_word' id='word_1_795' title='bbox 1470 5741 1755 5811; x_wconf 84' lang='lat' dir='ltr'><strong>vindicare,</strong></span> <span class='ocrx_word' id='word_1_796' title='bbox 1787 5741 1898 5799; x_wconf 73' lang='lat' dir='ltr'><strong>sine</strong></span> <span class='ocrx_word' id='word_1_797' title='bbox 1924 5748 2060 5802; x_wconf 85' lang='lat' dir='ltr'><strong>illius</strong></span> <span class='ocrx_word' id='word_1_798' title='bbox 2091 5753 2159 5804; x_wconf 81' lang='lat' dir='ltr'><strong>ad</strong></span> 
     </span>
    </p>
   </div>
   <div class='ocr_carea' id='block_1_106' title="bbox 579 5812 2155 5888">
    <p class='ocr_par' dir='ltr' id='par_1_106' title="bbox 579 5812 2155 5888">
     <span class='ocr_line' id='line_1_106' title="bbox 579 5812 2155 5888; baseline 0.01 -28"><span class='ocrx_word' id='word_1_799' title='bbox 579 5826 721 5873; x_wconf 77' lang='lat' dir='ltr'><strong>quem</strong></span> <span class='ocrx_word' id='word_1_800' title='bbox 759 5812 977 5880; x_wconf 86' lang='lat' dir='ltr'><strong>pertinet</strong></span> <span class='ocrx_word' id='word_1_801' title='bbox 1017 5813 1264 5881; x_wconf 83' lang='lat' dir='ltr'><strong>cessione,</strong></span> <span class='ocrx_word' id='word_1_802' title='bbox 1292 5828 1446 5881; x_wconf 86' lang='lat' dir='ltr'><strong>quam</strong></span> <span class='ocrx_word' id='word_1_803' title='bbox 1481 5822 1648 5869; x_wconf 82' lang='lat' dir='ltr'><strong>tamen</strong></span> <span class='ocrx_word' id='word_1_804' title='bbox 1677 5816 1932 5871; x_wconf 84' lang='lat' dir='ltr'><strong>evidentia</strong></span> <span class='ocrx_word' id='word_1_805' title='bbox 1961 5822 2155 5888; x_wconf 79' lang='lat' dir='ltr'><strong>scripta</strong></span> 
     </span>
    </p>
   </div>
   <div class='ocr_carea' id='block_1_107' title="bbox 2280 4707 2584 4765">
    <p class='ocr_par' dir='ltr' id='par_1_107' title="bbox 2280 4707 2584 4765">
     <span class='ocr_line' id='line_1_107' title="bbox 2280 4707 2584 4765; baseline 0.013 -4"><span class='ocrx_word' id='word_1_806' title='bbox 2280 4707 2584 4765; x_wconf 88' lang='lat' dir='ltr'><strong>videantur.</strong></span> 
     </span>
    </p>
   </div>
   <div class='ocr_carea' id='block_1_108' title="bbox 2355 4800 3873 4883">
    <p class='ocr_par' dir='ltr' id='par_1_108' title="bbox 2355 4800 3873 4883">
     <span class='ocr_line' id='line_1_108' title="bbox 2355 4800 3873 4883; baseline 0.01 -29"><span class='ocrx_word' id='word_1_807' title='bbox 2355 4800 2422 4855; x_wconf 88' lang='lat' dir='ltr'><strong>Ut</strong></span> <span class='ocrx_word' id='word_1_808' title='bbox 2447 4804 2847 4875; x_wconf 87' lang='lat' dir='ltr'><strong>episcoporum,</strong></span> <span class='ocrx_word' id='word_1_809' title='bbox 2878 4807 2952 4861; x_wconf 91' lang='lat' dir='ltr'><strong>ita</strong></span> <span class='ocrx_word' id='word_1_810' title='bbox 2982 4808 3330 4864; x_wconf 90' lang='lat' dir='ltr'><strong>ecclesiarum</strong></span> <span class='ocrx_word' id='word_1_811' title='bbox 3355 4809 3477 4879; x_wconf 90' lang='lat' dir='ltr'><strong>jura</strong></span> <span class='ocrx_word' id='word_1_812' title='bbox 3507 4819 3562 4866; x_wconf 87' lang='lat' dir='ltr'><strong>et</strong></span> <span class='ocrx_word' id='word_1_813' title='bbox 3591 4813 3873 4883; x_wconf 76' lang='lat' dir='ltr'><strong>privilegia</strong></span> 
     </span>
    </p>
   </div>
   <div class='ocr_carea' id='block_1_109' title="bbox 2280 4896 3874 4983">
    <p class='ocr_par' dir='ltr' id='par_1_109' title="bbox 2280 4896 3874 4983">
     <span class='ocr_line' id='line_1_109' title="bbox 2280 4896 3874 4983; baseline 0.013 -35"><span class='ocrx_word' id='word_1_814' title='bbox 2280 4896 2479 4949; x_wconf 87' lang='lat' dir='ltr'><strong>illibata</strong></span> <span class='ocrx_word' id='word_1_815' title='bbox 2503 4913 2819 4966; x_wconf 90' lang='lat' dir='ltr'><strong>permanere</strong></span> <span class='ocrx_word' id='word_1_816' title='bbox 2838 4903 3053 4957; x_wconf 88' lang='lat' dir='ltr'><strong>volebat</strong></span> <span class='ocrx_word' id='word_1_817' title='bbox 3069 4906 3403 4973; x_wconf 60' lang='lat' dir='ltr'><strong>aequissimus</strong></span> <span class='ocrx_word' id='word_1_818' title='bbox 3423 4911 3685 4978; x_wconf 77' lang='lat' dir='ltr'><strong>pontifex,</strong></span> <span class='ocrx_word' id='word_1_819' title='bbox 3706 4920 3765 4966; x_wconf 87' lang='lat' dir='ltr'><strong>ut</strong></span> <span class='ocrx_word' id='word_1_820' title='bbox 3780 4928 3874 4983; x_wconf 77' lang='lat' dir='ltr'><strong>pa-</strong></span> 
     </span>
    </p>
   </div>
   <div class='ocr_carea' id='block_1_110' title="bbox 2280 4986 3868 5071">
    <p class='ocr_par' dir='ltr' id='par_1_110' title="bbox 2280 4986 3868 5071">
     <span class='ocr_line' id='line_1_110' title="bbox 2280 4986 3868 5071; baseline 0.011 -31"><span class='ocrx_word' id='word_1_821' title='bbox 2280 4988 2387 5041; x_wconf 87' lang='lat' dir='ltr'><strong>lam</strong></span> <span class='ocrx_word' id='word_1_822' title='bbox 2408 4986 2708 5071; x_wconf 85' lang='lat' dir='ltr'><strong>proﬁtetur,</strong></span> <span class='ocrx_word' id='word_1_823' title='bbox 2735 4993 2801 5047; x_wconf 90' lang='lat' dir='ltr'><strong>ad</strong></span> <span class='ocrx_word' id='word_1_824' title='bbox 2817 4992 3046 5063; x_wconf 88' lang='lat' dir='ltr'><strong>Donum,</strong></span> <span class='ocrx_word' id='word_1_825' title='bbox 3072 4995 3489 5068; x_wconf 83' lang='lat' dir='ltr'><strong>Messanensem,</strong></span> <span class='ocrx_word' id='word_1_826' title='bbox 3508 5012 3561 5055; x_wconf 85' lang='lat' dir='ltr'><strong>et</strong></span> <span class='ocrx_word' id='word_1_827' title='bbox 3581 5001 3868 5071; x_wconf 82' lang='lat' dir='ltr'><strong>Joannem,</strong></span> 
     </span>
    </p>
   </div>
   <div class='ocr_carea' id='block_1_111' title="bbox 2277 5070 3867 5165">
    <p class='ocr_par' dir='ltr' id='par_1_111' title="bbox 2277 5070 3867 5165">
     <span class='ocr_line' id='line_1_111' title="bbox 2277 5070 3867 5165; baseline 0.012 -33"><span class='ocrx_word' id='word_1_828' title='bbox 2277 5070 2672 5149; x_wconf 80' lang='lat' dir='ltr'><strong>Syracusanum</strong></span> <span class='ocrx_word' id='word_1_829' title='bbox 2694 5086 3027 5157; x_wconf 86' lang='lat' dir='ltr'><strong>episcopum,</strong></span> <span class='ocrx_word' id='word_1_830' title='bbox 3042 5086 3267 5143; x_wconf 87' lang='lat' dir='ltr'><strong>Pallium</strong></span> <span class='ocrx_word' id='word_1_831' title='bbox 3291 5092 3532 5149; x_wconf 84' lang='lat' dir='ltr'><strong>mittens.</strong></span> <span class='ocrx_word' id='word_1_832' title='bbox 3546 5092 3603 5149; x_wconf 91' lang='lat' dir='ltr'><strong>ln</strong></span> <span class='ocrx_word' id='word_1_833' title='bbox 3619 5096 3867 5165; x_wconf 83' lang='lat' dir='ltr'><strong>epistolis</strong></span> 
     </span>
    </p>
   </div>
   <div class='ocr_carea' id='block_1_112' title="bbox 2277 5170 3867 5258">
    <p class='ocr_par' dir='ltr' id='par_1_112' title="bbox 2277 5170 3867 5258">
     <span class='ocr_line' id='line_1_112' title="bbox 2277 5170 3867 5258; baseline 0.012 -33"><span class='ocrx_word' id='word_1_834' title='bbox 2277 5170 2342 5225; x_wconf 90' lang='lat' dir='ltr'><strong>ad</strong></span> <span class='ocrx_word' id='word_1_835' title='bbox 2372 5181 2658 5245; x_wconf 89' lang='lat' dir='ltr'><strong>utrumque</strong></span> <span class='ocrx_word' id='word_1_836' title='bbox 2680 5179 2857 5235; x_wconf 90' lang='lat' dir='ltr'><strong>missis</strong></span> <span class='ocrx_word' id='word_1_837' title='bbox 2878 5195 2997 5249; x_wconf 72' lang='lat' dir='ltr'><strong>qua:</strong></span> <span class='ocrx_word' id='word_1_838' title='bbox 3025 5190 3149 5237; x_wconf 90' lang='lat' dir='ltr'><strong>sunt</strong></span> <span class='ocrx_word' id='word_1_839' title='bbox 3172 5185 3394 5239; x_wconf 91' lang='lat' dir='ltr'><strong>omnino</strong></span> <span class='ocrx_word' id='word_1_840' title='bbox 3420 5173 3641 5253; x_wconf 63' lang='lat' dir='ltr'><strong>similes,</strong></span> <span class='ocrx_word' id='word_1_841' title='bbox 3671 5187 3867 5258; x_wconf 86' lang='lat' dir='ltr'><strong>depre-</strong></span> 
     </span>
    </p>
   </div>
   <div class='ocr_carea' id='block_1_113' title="bbox 2276 5264 3869 5352">
    <p class='ocr_par' dir='ltr' id='par_1_113' title="bbox 2276 5264 3869 5352">
     <span class='ocr_line' id='line_1_113' title="bbox 2276 5264 3869 5352; baseline 0.013 -33"><span class='ocrx_word' id='word_1_842' title='bbox 2276 5264 2512 5323; x_wconf 89' lang='lat' dir='ltr'><strong>hendere</strong></span> <span class='ocrx_word' id='word_1_843' title='bbox 2557 5270 2685 5324; x_wconf 90' lang='lat' dir='ltr'><strong>mihi</strong></span> <span class='ocrx_word' id='word_1_844' title='bbox 2734 5273 2921 5329; x_wconf 85' lang='lat' dir='ltr'><strong>videor</strong></span> <span class='ocrx_word' id='word_1_845' title='bbox 2968 5290 3309 5333; x_wconf 90' lang='lat' dir='ltr'><strong>communem</strong></span> <span class='ocrx_word' id='word_1_846' title='bbox 3339 5287 3395 5333; x_wconf 90' lang='lat' dir='ltr'><strong>et</strong></span> <span class='ocrx_word' id='word_1_847' title='bbox 3431 5281 3689 5335; x_wconf 85' lang='lat' dir='ltr'><strong>usitatam</strong></span> <span class='ocrx_word' id='word_1_848' title='bbox 3716 5281 3869 5352; x_wconf 72' lang='lat' dir='ltr'><strong>pallii</strong></span> 
     </span>
    </p>
   </div>
   <div class='ocr_carea' id='block_1_114' title="bbox 2275 5359 3601 5443">
    <p class='ocr_par' dir='ltr' id='par_1_114' title="bbox 2275 5359 3601 5443">
     <span class='ocr_line' id='line_1_114' title="bbox 2275 5359 3601 5443; baseline 0.014 -32"><span class='ocrx_word' id='word_1_849' title='bbox 2275 5359 2604 5416; x_wconf 89' lang='lat' dir='ltr'><strong>conccdendi</strong></span> <span class='ocrx_word' id='word_1_850' title='bbox 2638 5363 2923 5421; x_wconf 78' lang='lat' dir='ltr'><strong>formulam</strong></span> <span class='ocrx_word' id='word_1_851' title='bbox 2948 5367 3085 5439; x_wconf 89' lang='lat' dir='ltr'><strong>(Lib.</strong></span> <span class='ocrx_word' id='word_1_852' title='bbox 3116 5388 3185 5437; x_wconf 82' lang='lat' dir='ltr'><strong>v1,</strong></span> <span class='ocrx_word' id='word_1_853' title='bbox 3216 5389 3332 5443; x_wconf 84' lang='lat' dir='ltr'><strong>epp.</strong></span> <span class='ocrx_word' id='word_1_854' title='bbox 3357 5371 3392 5427; x_wconf 81' lang='grc'><strong>5</strong></span> <span class='ocrx_word' id='word_1_855' title='bbox 3411 5381 3461 5426; x_wconf 86' lang='lat' dir='ltr'><strong>et</strong></span> <span class='ocrx_word' id='word_1_856' title='bbox 3489 5370 3601 5443; x_wconf 73' lang='grc'><strong>18),</strong></span> 
     </span>
    </p>
   </div>
   <div class='ocr_carea' id='block_1_115' title="bbox 2271 5474 2582 5531">
    <p class='ocr_par' dir='ltr' id='par_1_115' title="bbox 2271 5474 2582 5531">
     <span class='ocr_line' id='line_1_115' title="bbox 2271 5474 2582 5531; baseline 0.023 -7"><span class='ocrx_word' id='word_1_857' title='bbox 2271 5474 2582 5531; x_wconf 80' lang='lat' dir='ltr'><strong>contineant.</strong></span> 
     </span>
    </p>
   </div>
   <div class='ocr_carea' id='block_1_116' title="bbox 2340 5545 3860 5644">
    <p class='ocr_par' dir='ltr' id='par_1_116' title="bbox 2340 5545 3860 5644">
     <span class='ocr_line' id='line_1_116' title="bbox 2340 5545 3860 5644; baseline 0.013 -48"><span class='ocrx_word' id='word_1_858' title='bbox 2340 5545 2363 5580; x_wconf 63' lang='grc' dir='ltr'><strong>ιθ</strong></span> <span class='ocrx_word' id='word_1_859' title='bbox 2398 5546 2533 5644; x_wconf 51' lang='grc' dir='ltr'><strong>ξιιέιι</strong></span> <span class='ocrx_word' id='word_1_860' title='bbox 2570 5547 2832 5644; x_wconf 37' lang='lat' dir='ltr'><strong>licet-asia?</strong></span> <span class='ocrx_word' id='word_1_861' title='bbox 2880 5554 3051 5644; x_wconf 70' lang='lat' dir='ltr'><strong>inquit</strong></span> <span class='ocrx_word' id='word_1_862' title='bbox 3088 5556 3421 5644; x_wconf 76' lang='lat' dir='ltr'><strong>Theodorus,</strong></span> <span class='ocrx_word' id='word_1_863' title='bbox 3456 5575 3579 5644; x_wconf 61' lang='lat' dir='ltr'><strong>qua:</strong></span> <span class='ocrx_word' id='word_1_864' title='bbox 3608 5560 3741 5615; x_wconf 84' lang='lat' dir='ltr'><strong>duas</strong></span> <span class='ocrx_word' id='word_1_865' title='bbox 3768 5569 3860 5615; x_wconf 85' lang='lat' dir='ltr'><strong>aut</strong></span> 
     </span>
    </p>
   </div>
   <div class='ocr_carea' id='block_1_117' title="bbox 2265 5617 3855 5702">
    <p class='ocr_par' dir='ltr' id='par_1_117' title="bbox 2265 5617 3855 5702">
     <span class='ocr_line' id='line_1_117' title="bbox 2265 5617 3855 5702; baseline 0.014 -38"><span class='ocrx_word' id='word_1_866' title='bbox 2265 5620 2367 5666; x_wconf 74' lang='lat' dir='ltr'><strong>[res</strong></span> <span class='ocrx_word' id='word_1_867' title='bbox 2400 5617 2619 5671; x_wconf 67' lang='lat' dir='ltr'><strong>habeant</strong></span> <span class='ocrx_word' id='word_1_868' title='bbox 2641 5622 2883 5676; x_wconf 64' lang='lat' dir='ltr'><strong>a&#39;diiulas</strong></span> <span class='ocrx_word' id='word_1_869' title='bbox 2915 5626 2927 5696; x_wconf 87' lang='lat'><strong>[</strong></span> <span class='ocrx_word' id='word_1_870' title='bbox 2954 5617 3121 5681; x_wconf 52' lang='lat' dir='ltr'><strong>Hicce</strong></span> <span class='ocrx_word' id='word_1_871' title='bbox 3154 5617 3418 5702; x_wconf 49' lang='lat' dir='ltr'><strong>utr/Zij</strong></span> <span class='ocrx_word' id='word_1_872' title='bbox 3445 5617 3529 5683; x_wconf 65' lang='lat' dir='ltr'><strong>Ex</strong></span> <span class='ocrx_word' id='word_1_873' title='bbox 3572 5634 3650 5685; x_wconf 86' lang='lat' dir='ltr'><strong>his</strong></span> <span class='ocrx_word' id='word_1_874' title='bbox 3683 5646 3855 5686; x_wconf 80' lang='lat' dir='ltr'><strong>autem</strong></span> 
     </span>
    </p>
   </div>
   <div class='ocr_carea' id='block_1_118' title="bbox 2263 5695 3857 5825">
    <p class='ocr_par' dir='ltr' id='par_1_118' title="bbox 2263 5695 3857 5825">
     <span class='ocr_line' id='line_1_118' title="bbox 2263 5695 3857 5825; baseline 0.013 -90"><span class='ocrx_word' id='word_1_875' title='bbox 2263 5700 2367 5825; x_wconf 55' lang='grc' dir='ltr'><strong>ἲιηα</strong></span> <span class='ocrx_word' id='word_1_876' title='bbox 2396 5695 2469 5738; x_wconf 82' lang='lat' dir='ltr'><strong>est</strong></span> <span class='ocrx_word' id='word_1_877' title='bbox 2498 5707 2649 5757; x_wconf 84' lang='lat' dir='ltr'><strong>quam</strong></span> <span class='ocrx_word' id='word_1_878' title='bbox 2697 5707 2843 5746; x_wconf 85' lang='lat' dir='ltr'><strong>nemo</strong></span> <span class='ocrx_word' id='word_1_879' title='bbox 2897 5695 3186 5765; x_wconf 68' lang='lat' dir='ltr'><strong>crruparit,</strong></span> <span class='ocrx_word' id='word_1_880' title='bbox 3216 5695 3401 5754; x_wconf 60' lang='lat' dir='ltr'><strong>&#39;ulruin</strong></span> <span class='ocrx_word' id='word_1_881' title='bbox 3441 5704 3527 5776; x_wconf 76' lang='lat' dir='ltr'><strong>fas</strong></span> <span class='ocrx_word' id='word_1_882' title='bbox 3553 5704 3619 5756; x_wconf 87' lang='lat' dir='ltr'><strong>ibi</strong></span> <span class='ocrx_word' id='word_1_883' title='bbox 3648 5718 3857 5756; x_wconf 82' lang='lat' dir='ltr'><strong>sacrum</strong></span> 
     </span>
     <span class='ocr_line' id='line_1_119' title="bbox 2287 5772 2671 5813; baseline 0.018 -7"><span class='ocrx_word' id='word_1_884' title='bbox 2287 5772 2432 5808; x_wconf 78' lang='lat' dir='ltr'><strong>acere</strong></span> <span class='ocrx_word' id='word_1_885' title='bbox 2454 5775 2518 5810; x_wconf 83' lang='lat' dir='ltr'><strong>an</strong></span> <span class='ocrx_word' id='word_1_886' title='bbox 2552 5776 2671 5813; x_wconf 82' lang='lat' dir='ltr'><strong>non.</strong></span> 
     </span>
    </p>
   </div>
   <div class='ocr_carea' id='block_1_119' title="bbox 2287 5772 2671 5813">
    <p class='ocr_par' dir='ltr' id='par_1_119' title="bbox 2287 5772 2671 5813">
     <span class='ocr_line' id='line_1_120' title="bbox 2287 5772 2671 5813; baseline 0.018 -7"><span class='ocrx_word' id='word_1_887' title='bbox 2287 5772 2432 5808; x_wconf 73' lang='grc' dir='ltr'><strong>(εσωέ</strong></span> <span class='ocrx_word' id='word_1_888' title='bbox 2454 5775 2518 5810; x_wconf 79' lang='grc' dir='ltr'><strong>(ιη</strong></span> <span class='ocrx_word' id='word_1_889' title='bbox 2552 5776 2671 5813; x_wconf 76' lang='lat' dir='ltr'><strong>NON.</strong></span> 
     </span>
    </p>
   </div>
   <div class='ocr_carea' id='block_1_120' title="bbox 2339 5825 3261 5903">
    <p class='ocr_par' dir='ltr' id='par_1_120' title="bbox 2339 5825 3261 5903">
     <span class='ocr_line' id='line_1_121' title="bbox 2339 5825 3261 5903; baseline 0.018 -25"><span class='ocrx_word' id='word_1_890' title='bbox 2339 5836 2359 5863; x_wconf 74' lang='grc' dir='ltr'><strong><em>ο</em></strong></span> <span class='ocrx_word' id='word_1_891' title='bbox 2390 5825 2551 5882; x_wconf 86' lang='lat' dir='ltr'><strong>llebr.</strong></span> <span class='ocrx_word' id='word_1_892' title='bbox 2579 5846 2689 5897; x_wconf 86' lang='lat' dir='ltr'><strong>xm,</strong></span> <span class='ocrx_word' id='word_1_893' title='bbox 2725 5832 2821 5897; x_wconf 71' lang='lat'><strong>10;</strong></span> <span class='ocrx_word' id='word_1_894' title='bbox 2856 5835 3075 5901; x_wconf 80' lang='lat' dir='ltr'><strong>Apocal.</strong></span> <span class='ocrx_word' id='word_1_895' title='bbox 3104 5852 3175 5903; x_wconf 78' lang='lat' dir='ltr'><strong>vr,</strong></span> <span class='ocrx_word' id='word_1_896' title='bbox 3210 5841 3261 5895; x_wconf 89' lang='lat'><strong>9.</strong></span> 
     </span>
    </p>
   </div>
  </div>
