4130 6514
243 393 342 449 597

712 389 771 448 S.
809 385 1137 445 GREGORII
1176 385 1394 443 MAGNI
1437 381 1619 449 VITA,
1662 380 1758 437 EX
2000 379 2313 438 SCRIPTIS
2346 381 2744 441 ADORNATAI.
2787 350 2921 442 LIB;
2956 385 3048 449 ιιι.

3424 390 3530 447 698

316 510 516 564 Notatu
540 508 758 579 dignum
788 514 872 561 est
921 503 1094 559 nullas
1140 501 1398 557 ecclesias
1439 498 1841 570 provinciarum
1868 502 1919 556 Δ
2016 492 2078 548 lo
2099 492 2200 548 alia
2223 493 2461 567 brevipri
2478 495 2849 569 ad,Cyriacum
2869 497 3101 570 epistola
3115 501 3533 573 testatur‘ipsius

241 603 437 659 Sicilire
463 610 520 657 et
563 598 750 667 Italiae,
780 598 1025 653 Romano
1056 591 1296 666 p6ntilici
1346 601 1603 660 tanquam
1646 598 1844 653 metro.

240 692 483 764 politano
513 689 867 755 subditarum,
902 697 1030 742 tunc
1070 685 1236 741 fuisse
1264 691 1609 741 consecratas
1638 682 1843 752 absque

241 784 410 857 ipsius
430 783 677 849 licentia;
709 780 852 851 quod
874 796 982 835 non
1010 779 1185 835 solum
1215 792 1282 832 cx
1314 786 1338 815 α
1370 775 1599 846 epistola
1623 770 1711 841 45,
1735 772 1843 829 hoc

242 891 385 933 anno
415 876 639 947 scripta,
674 872 899 938 eruitur,
931 870 1026 927 sed
1052 870 1215 925 etiam
1248 883 1315 922 ex
1345 865 1463 921 aliis
1491 862 1758 937 plurimis.
1781 861 1841 919 In

243 967 273 1008 δ
293 964 624 1039 baptisteriis
640 961 1015 1020 consecrandis
1041 960 1231 1017 eadem
1254 966 1371 1014 erat
1398 957 1557 1013 ratio.

317 1059 405 1115 12.
446 1057 767 1127 Exemplum
808 1055 966 1111 nobis
1010 1053 1215 1125 prtebet
1265 1049 1410 1105 modi
1459 1049 1514 1104 iu
1558 1046 1846 1103 laudandis

245 1151 434 1208 amicis
455 1147 673 1204 tenendi
701 1144 929 1218 epistola
953 1143 1021 1199 ad
1062 1142 1394 1213 Stephanum
1426 1139 1679 1194 abbatem
1706 1138 1847 1193 Liri-

245 1257 473 1298 nensem
513 1239 734 1309 scripta.
767 1237 844 1293 De
885 1234 1174 1292 concordia
1222 1232 1338 1302 cjus
1384 1228 1841 1301 congregationis,

245 1333 304 1389 in
332 1347 435 1402 qua
464 1330 647 1402 plures
676 1325 1165 1398 erant-presbyteri
1191 1331 1248 1380 et
1277 1321 1510 1389 diaconi,
1550 1322 1843 1377 certiorem

246 1425 451 1479 fecerat
497 1437 691 1493 papam
738 1418 1064 1487 Augustinus
1113 1415 1339 1471 Romam
1367 1414 1597 1469 rediens.
1631 1411 1845 1479 Quanto

251 1533 379 1573 cum
410 1515 602 1587 gaudio
632 1514 688 1570 id
715 1512 985 1585 acceperit
1004 1510 1294 1579 Gregorius
1322 1516 1569 1574 testatur,
1603 1504 1849 1576 Stepha-

246 1626 377 1666 num
408 1609 657 1664 abbatem
697 1607 883 1662 amicis
925 1604 1258 1675 compellans
1288 1602 1504 1669 litteris,
1555 1599 1847 1669 laudatque

176 1774 179 1777 η
247 1700 374 1772 ejus
401 1700 759 1770 vigilantiam,
789 1705 843 1754 et
872 1713 971 1768 pro
1001 1695 1157 1751 donis
1186 1695 1252 1749 ab
1282 1708 1347 1749 eo
1380 1691 1614 1763 acceptis
1643 1689 1707 1745 ad
1746 1688 1846 1744 mi-

252 1794 540 1849 nisterium
563 1805 862 1862 pauperum
888 1788 1089 1856 gratias
1116 1786 1245 1854 agit.
1274 1784 1530 1838 Attamen
1560 1778 1846 1851 praemissis

1947 585 2087 641 bona
2112 584 2438 655 jampridem
2464 588 2570 644 sibi
2598 598 2905 661 perspecta,
2936 590 3062 646 dum
3083 591 3291 647 scilicet
3317 592 3372 648 in
3400 595 3534 653 urbe

1947 677 2096 748 regia
2118 686 2440 733 moraretur.
2457 679 2652 734 Animo
2673 681 3098 751 despondentem
3121 698 3189 739 ex
3208 682 3534 744 infirmitatis

1946 768 2299 835 conscientia,
2331 769 2739 838 erigit-dicens:
2771 770 2978 826 Scimus
3016 773 3137 845 quia
3177 774 3347 844 prima
3374 775 3534 833 virtus

1946 857 2025 913 est
2053 858 2278 930 cognitio
2321 857 2667 930 inﬁrmitatis,
2698 868 2850 931 atque
2889 878 2955 916 ex
2982 878 3041 918 eo
3075 864 3365 934 colligimus
3388 883 3536 938 posse

1946 965 2037 1005 stos
2068 948 2195 1005 bene
2224 958 2517 1018 susceptum
2546 951 2889 1007 ministerium
2918 954 3150 1023 implere,
3179 958 3299 1028 quia
3328 974 3417 1012 vos
3459 959 3535 1014 vi-

1949 1040 2130 1094 demus
2150 1041 2509 1111 inﬁrmitatem
2527 1044 2803 1112 propriam
2816 1059 2882 1096 ea:
2901 1044 3193 1100 humilitate
3208 1065 3535 1120 cognoscere.
3552 1118 3553 1121 η

1952 1131 2149 1188 Omnes
2176 1133 2313 1217 enim
2341 1133 2538 1204 inﬁrmi
2566 1150 2763 1194 sumus.
2790 1134 2883 1188 sed
2922 1135 3011 1189 ille
3039 1146 3114 1189 est
3136 1138 3417 1206 inﬁrmior,
3450 1144 3536 1213 qui

1951 1242 2103 1281 suam
2151 1228 2631 1284 considerarenton
2670 1227 2807 1284 ualet
2851 1228 3211 1299 inﬁmitatem
3248 1232 3397 1304 (Lib.
3429 1250 3535 1305 vn,

1951 1331 2035 1386 ep.
2066 1312 2151 1384 5).

1986 1486 1989 1489 _
2023 1401 2079 1459 2.
2122 1402 2197 1459 De
2224 1401 2433 1476 Cyriaci
2478 1404 2749 1462 electione
2789 1406 3089 1475 gratulatus
3115 1416 3200 1465 est
3221 1408 3538 1481 Imperatori

1950 1488 2034 1551 vir
2062 1496 2448 1561 sanctissimus,
2477 1498 2623 1566 quod
2663 1496 2729 1553 de
2775 1499 2979 1570 optimo
3026 1488 3243 1572 pastore
3288 1501 3539 1560 Ecclesia)

1950 1584 2567 1657 Constantinopolitanae
2620 1587 2798 1645 dando
2866 1589 3002 1647 adeo
3063 1591 3227 1648 fuerit
3277 1595 3539 1653 sollicitus

1954 1673 2105 1747 (Lib.
2136 1692 2227 1743 vn,
2260 1693 2343 1747 ep.
2376 1675 2457 1748 6).
2492 1678 2742 1745 Quasdam
2773 1693 2841 1735 ex
2870 1681 3100 1751 epistola
3132 1682 3200 1737 ad
3227 1683 3542 1743 Mauricium

1953 1769 2322 1839 subjiciemus,
2344 1785 2411 1826 ex
2439 1770 2634 1841 quibus
2680 1773 3015 1843 intelligetur
3042 1792 3162 1847 quis
3189 1787 3333 1835 esset
3354 1780 3542 1853 Cyria-

243 1884 499 1942 laudibus
519 1883 699 1939 subdit
719 1882 858 1937 hanc
882 1878 1317 1933 adhortationem
1341 1893 1353 1927 :
1382 1864 1516 1938 Quia
1535 1889 1650 1927 vero
1666 1872 1852 1924 [tanta—
1884 1873 1936 1934 B
1960 1878 2075 1927 0‘15,
2108 1872 2164 1917 ει
2190 1880 2294 1935 qua
2346 1865 2554 1920 ratione
2584 1867 2788 1923 “mlius
2834 1868 3050 1936 ³⁰³¹¹ῐ¹ίν
3077 1872 3170 1941 qni
3215 1889 3324 1929 non
3352 1891 3543 1945 Parum

250 1978 316 2031 ni
330 1978 530 2049 generis
554 1976 795 2029 inimicus
812 1971 1053 2026 insidiari
1065 1968 1257 2023 nostris
1279 1965 1475 2019 actibus
1492 1982 1593 2018 non
1616 1963 1847 2034 quiescit,

242 2070 344 2125 sed
373 2067 584 2122 assidua
632 2065 917 2119 calliditate
953 2064 1046 2116 hoc
1088 2062 1291 2124 nititur,
1334 2065 1389 2110 ut
1428 2056 1537 2110 Deo
1579 2057 1852 2109 servientes

241 2160 461 2212 animus
506 2157 559 2209 in
599 2154 825 2228 qualibet
854 2160 1002 2223 parte
1039 2150 1260 2220 decipia'
1295 2164 1313 2202 :
1353 2147 1488 2213 ideo,
1524 2145 1853 2199 dilectissime

244 2249 357 2319 ﬁli,
393 2246 659 2300 hortamur
707 2252 761 2297 ut
791 2241 1194 2297 sollicitudinem
1244 2247 1381 2291 tuam
1411 2237 1684 2308 vigilanter
1715 2251 1855 2288 excr-

247 2357 397 2406 ceas,
424 2349 472 2393 et
495 2341 569 2393 ita
592 2339 891 2393 commissos
912 2336 1147 2391 oratione
1166 2342 1214 2387 et
1230 2348 1354 2385 cura
1378 2330 1662 2402 providenti
1685 2336 1855 2382 custo-

250 2431 397 2492 dias,
438 2437 493 2483 ut
542 2428 692 2499 lupus
741 2428 1045 2481 circumiens
1077 2424 1276 2479 nullam
1303 2420 1594 2477 dilaniandi
1623 2419 1853 2475 occasio-

251 2540 379 2579 nem
399 2522 628 2577 inveniat
656 2518 794 2590 (Lib.
821 2535 899 2587 γι,
922 2536 1002 2589 ep.
1039 2514 1150 2580 56).

878 2690 1111 2750 CAPUT
1154 2691 1221 2749 Χ.

261 2829 463 2884 Alcon.
486 2833 616 2884 -1,
641 2831 868 2894 Cyriacus
906 2829 1300 2894 patriarcha_CP.
1325 2829 1475 2879 mittit
1498 2829 1558 2894 ad
1595 2828 1646 2878 S.
1669 2828 1861 2894 Grego-

332 2896 458 2945 rium
481 2890 776 2956 legationetn
804 2900 856 2942 et
883 2890 1151 2956 epistolam.
1179 2890 1267 2941 Cui
1309 2891 1589 2956 respondet.
1616 2917 1673 2956 -ς
1697 2891 1743 2956 2.
1772 2892 1865 2952 Cy-
1900 2942 1905 2947 ,

331 2959 454 3007 risci
475 2951 767 3006 encomium.
793 2982 854 2994 -—-
875 2951 926 3005 5.
950 2955 1283 3015 Corripiuntur
1323 2951 1407 3014 qui
1439 2965 1622 3002 sacram
1643 2951 1863 3015 Scriptu-

333 3031 439 3081 ram
462 3026 757 3092 usurparent
780 3019 840 3066 ad
867 3030 980 3068 eum
1007 3013 1867 3092 Ιιιιιιιιιιιάυίιξιὶξὶιηῐξοξξξιιὶιςξζίειςι

340 3075 520 3130 erroris
559 3075 822 3142 arguuntur
864 3093 889 3127 a
915 3092 1052 3140 papa.
1078 3078 1208 3142 es.
1240 3075 1421 3142 Fabula
1462 3076 1525 3142 d_e
1559 3075 1773 3142 Trajano
1806 3078 1864 3142 _S.

252 3198 263 3205 η
340 3142 576 3205 Gregorii
600 3137 830 3205 precibus
851 3137 1062 3205 lib—erato
1087 3139 1201 3188 inde
1226 3138 1444 3199 explosa.
1471 3137 1569 3187 Sed
1596 3137 1867 3205 praesertim

337 3217 406 3254 ex
438 3200 669 3267 Dialog'is.
694 3207 822 3267 —_6.
847 3203 1183 3267 0bjectioges_
1201 3207 1369 3267 contra
1403 3212 1652 3267 pinnarum
1691 3200 1868 3267 interni

339 3260 666 3315 uternitatém
704 3260 969 3315 solvuntur.
995 3263 1122 3311 —-7.
1150 3263 1246 3314 Cur
1285 3260 1418 3310 finita
1461 3263 1600 3324 culpa
1641 3264 1866 3324 puniatur

338 3329 449 3377 sine
471 3328 650 3377 ilne.-—
662 3327 704 3377 8.
726 3328 821 3376 Cur
841 3326 993 3376 sancti
1017 3338 1102 3389 pro
1121 3324 1357 3375 damnatis
1382 3336 1474 3373 non
1498 3323 1664 3389 orent.
1686 3323 1864 3371 Eadem

343 3392 528 3452 [alioue
555 3391 788 3452 probatur
812 3393 865 3438 S.
890 3389 1183 3452 Gregorium
1222 3399 1366 3452 orare
1402 3398 1498 3434 non
1536 3388 1756 3452 potuisse
1783 3397 1870 3445 pro

340 3447 571 3512 Trajano.’
589 3478 650 3486 —
671 3452 719 3501 9.
745 3452 943 3501 Joannis
982 3450 1182 3499 Diuconi
1222 3447 1453 3512 etfttginm
1493 3447 1872 3512 exploditur.—

347 3510 626 3563 ΙΟζΡθιιιω
649 3525 711 3563 ex
737 3513 787 3563 S.
813 3512 1070 3575 Perpetuae
1109 3512 1231 3561 actis
1268 3510 1533 3571 objectioni
1576 3511 1868 3559 occurritur.

344 3574 464 3638 (An.
482 3576 574 3628 596
591 3582 645 3626 et
657 3575 790 3627 597.)

360 3702 412 3755 l.
454 3699 567 3756 Etsi
591 3697 827 3756 Joannes
853 3694 959 3753 CP.
993 3713 1024 3753 e
1046 3697 1182 3752 vivis
1209 3695 1529 3751 excessisset
1570 3672 1754 3751 mense
1785 3693 1875 3749 Ja-

281 3786 478 3855 nuario
517 3809 604 3849 an.
648 3791 771 3859 595,
824 3799 884 3846 ut
930 3790 1041 3860 jam
1086 3804 1245 3859 supra
1300 3787 1602 3842 monuimus
1645 3784 1793 3858 (Cap.
1820 3784 1873 3853 l,

282 3904 428 3945 num.
454 3882 569 3954 15),
599 3883 715 3953 ejus
740 3890 920 3936 tamen
950 3878 1274 3936 successoris
1304 3876 1515 3949 Cyriaci
1553 3877 1877 3944 legationem

282 3988 342 4036 et
371 3975 660 4047 epistolam
691 3972 1024 4044 synodicam,
1057 3970 1124 4024 de
1152 3983 1249 4023 sua
1282 3968 1547 4022 electione
1576 3981 1640 4021 ac
1662 3964 1878 4020 ordina-

283 4070 440 4124 tione
466 4062 813 4127 .scribentis,
867 4058 1081 4115 nonnisi
1129 4066 1253 4128 post
1299 4056 1487 4126 viginti
1530 4055 1644 4110 fere
1669 4068 1883 4110 menses

286 4158 507 4227 excepit
533 4153 589 4209 S.
621 4150 930 4222 Gregorius.
961 4149 1170 4223 Cyriaci
1195 4148 1450 4220 epistolas
1470 4146 1692 4204 honoris
1721 4161 1883 4203 causa

290 4248 606 4305 detulerunt
622 4244 883 4314 Georgius
906 4241 1185 4315 presbyter
1202 4249 1255 4296 et
1273 4237 1590 4294 Theodorus
1604 4237 1878 4292 diaconus.

294 4339 392 4396 His
437 4336 769 4409 respondens
817 4350 974 4407 papa,
1020 4332 1203 4387 laudat
1231 4331 1445 4403 quidem
1476 4329 1759 4402 Cyriacum
1787 4345 1885 4401 pro

296 4444 485 4485 arnore
512 4428 707 4499 quietis
734 4426 1063 4497 pastoralem
1093 4422 1509 4480 sollicitudinem
1542 4421 1761 4493 fugisse,
1791 4421 1888 4478 sed

298 4521 427 4577 inde
480 4518 673 4590 probat
718 4519 890 4589 ipsum
938 4517 1002 4570 ad
1057 4516 1418 4588 episcopalem
1465 4510 1889 4584 promovendum

1956 1956 2223 2020 laudatur,
2250 1955 2410 2010 fuerit
2436 1972 2718 2013 successor
2739 1960 2897 2033 datus
2922 1979 2935 2013 :
2960 1960 3084 2016 Non
3114 1980 3309 2033 parvas,
3349 1967 3541 2037 inquit,

1958 2048 2122 2116 potuit
2150 2063 2261 2100 esse
2287 2046 2556 2112 mercedis,
2583 2049 2717 2118 quod
2747 2048 2948 2104 Jo’anne
2978 2062 3174 2106 sancta:
3196 2058 3458 2112 memoriae
3479 2058 3544 2114 de

1962 2134 2057 2186 hac
2081 2134 2191 2187 luce
2231 2133 2515 2201 subtracto,
2546 2137 2616 2190 ad
2644 2137 2993 2194 ordinandum
3033 2145 3354 2201 sacerdotem
3376 2149 3543 2217 pietas

1958 2236 2126 2280 vestra
2155 2226 2245 2279 diu
2282 2226 2541 2281 Itwsitavit
2565 2269 2580 2294 ,
2608 2236 2805 2300 tempus
2854 2232 3012 2300 paulo
3062 2234 3268 2306 longius
3304 2238 3542 2306 distulit,

1960 2335 2074 2374 cum
2104 2327 2237 2372 metu
2260 2320 2631 2388 omnipotentis
2660 2320 2875 2376 Domini
2890 2326 3166 2386 consilium
3205 2332 3458 2400 quaesivit,
3488 2340 3546 2386 ut

1960 2415 2194 2501 videlicet
2236 2432 2393 2469 causa
2422 2414 2522 2469 Dei
2551 2432 2881 2489 cummagna
2920 2419 3177 2475 debuisset
3208 2424 3392 2480 timore
3439 2427 3549 2482 dis-
3596 2408 3601 2417 ’

1962 2509 2104 2579 poni.
2144 2506 2293 2561 Unde
2332 2514 2381 2561 et
2403 2515 2582 2578 aptum
2611 2509 2760 2563 valde
2785 2512 3007 2573 existere
3044 2514 3098 2567 in
3129 2518 3383 2585 pastorali
3407 2521 3548 2591 regi-

1892 2610 1901 2617 ’
1965 2600 2105 2653 mine
2142 2600 2359 2670 fratrem
2408 2607 2559 2672 atque
2603 2603 3019 2659 consacerdotem
3071 2623 3238 2661 meum
3277 2609 3551 2680 Cyriacum

1965 2689 2224 2753 existimo,
2263 2705 2410 2759 quem
2457 2690 2526 2742 ad
2570 2691 2803 2745 eumdem
2840 2692 3077 2747 ordinem
3109 2697 3321 2758 pietatis
3367 2709 3553 2756 vestra

1969 2779 2191 2855 consilia
2234 2780 2388 2852 longa
2427 2792 2730 2852 genuerunt.
2786 2782 2885 2847 Qui
2915 2786 2968 2838 in
2996 2787 3428 2845 administrandis
3458 2793 3553 2846 du-
3620 2836 3626 2844 .

1970 2868 2093 2923 dum
2142 2869 2292 2923 rebus
2339 2872 2701 2928 ecclesiasticis
2723 2891 2878 2946 quam
2905 2876 3157 2931 sollicitus
3205 2889 3255 2932 et
3301 2882 3554 2951 quomodo

1973 2961 2128 3033 fuerit
2157 2961 2489 3031 exercitatas,
2539 2967 2712 3019 cuncti
2761 2968 3011 3021 nouimus.
3069 2967 3217 3024 Unde
3256 2978 3305 3024 et
3333 2987 3558 3042 superna

1973 3062 2172 3124 gestum
2199 3053 2585 3123 dispensatione
2607 3073 2712 3112 non
2740 3057 2944 3128 ambigo
2965 3076 2984 3111 :
3012 3065 3069 3112 ut
3088 3062 3174 3129 qui
3195 3058 3318 3115 bene
3345 3064 3559 3118 mittima

1974 3154 2222 3217 gesserat,
2254 3163 2478 3218 congrue
2506 3147 2713 3220 majora
2734 3150 3038 3219 susciperet,
3072 3158 3223 3221 atque
3251 3169 3287 3206 a
3325 3169 3451 3208 cura
3479 3166 3559 3209 re-

1896 3256 1945 3320 c
1974 3253 2122 3303 rum,
2164 3236 2233 3289 ad
2279 3237 2572 3292 animarum
2625 3240 2882 3310 regimina
2933 3241 3182 3296 transiret
3231 3241 3390 3312 (Lib.
3438 3260 3565 3313 vni,

1977 3344 2060 3397 ep.
2092 3326 2201 3397 54).
3534 3376 3541 3377 ,

2051 3421 2102 3475 '5.
2146 3419 2204 3474 ln
2232 3420 2571 3476 ordinatione
2600 3420 2830 3493 Cyriaci,
2862 3421 3101 3493 episcopi
3125 3423 3344 3491 quidam
3373 3425 3564 3483 immo-

1980 3512 2219 3567 deratius
2235 3512 2567 3567 exsultantes
2584 3513 2974 3569 exclamarant:
2995 3512 3127 3569 Haec
3147 3514 3256 3570 dies
3274 3532 3431 3585 quam
3446 3518 3566 3589 fecit

1981 3606 2265 3671 Dominus,
2298 3607 2610 3662 exsultemus
2633 3615 2683 3660 et
2714 3607 2945 3663 («utemur
2981 3609 3036 3661 in
3067 3624 3150 3663 ea.
3189 3606 3365 3678 (Psal.
3400 3626 3566 3679 σιω,

1981 3697 2107 3766 24).
2142 3697 2308 3764 Quasi
2330 3690 2409 3751 sol
2434 3705 2579 3754 esset
2600 3697 2690 3753 hic
2708 3698 3196 3769 patriarchaicujus
3226 3700 3428 3756 lumine
3454 3702 3570 3761 dies

1982 3787 2266 3844 illuxisset.
2311 3786 2462 3842 Hanc
2497 3788 2786 3843 verborum
2814 3803 2981 3843 sacrae
3016 3788 3309 3859 Scriptum
3337 3806 3570 3861 usurpa-

1986 3878 2190 3933 tionem
2249 3878 2301 3931 in
2374 3892 2623 3933 sermone
2677 3877 2976 3935 adulatorio
3030 3895 3250 3950 prorsus
3297 3881 3573 3940 damnavit

1985 3968 2045 4024 S.
2071 3965 2380 4036 Gregorius,
2402 3967 2481 4022 uti
2504 3967 2615 4023 suis
2634 3968 2702 4025 ad
2730 3969 2851 4025 illos
2877 3969 3161 4041 episcopos
3185 3971 3378 4028 litteris
3403 3973 3572 4042 signi-

1988 4061 2169 4116 ﬁcavit
2197 4059 2338 4129 (Lib.
2361 4076 2485 4124 vui,
2511 4075 2593 4131 ep.
2629 4058 2706 4132 7).
2749 4058 2828 4116 Ne
2857 4075 2986 4116 vero
3011 4068 3290 4131 putaretur
3307 4065 3573 4137 zelotypia

1988 4149 2299 4217 laborasse,
2338 4152 2630 4222 laudesque
2670 4151 2896 4224 Cyriaco
2934 4153 3159 4212 collatas
3199 4156 3268 4215 ad
3295 4172 3356 4213 se
3396 4158 3577 4229 potius

1990 4244 2209 4299 trahere
2240 4243 2490 4311 voluisse,
2526 4244 2707 4299 statim
2752 4245 2967 4316 culpam
2991 4247 3361 4305 immoderata:
3388 4250 3577 4308 lauda-

1992 4335 2154 4391 tionis
2176 4333 2333 4403 bujus
2359 4334 2569 4391 elevare
2591 4342 2838 4391 conatur.
2870 4334 3140 4402 Quantum
3163 4347 3345 4396 autem
3370 4340 3579 4399 alienus

1993 4433 2137 4482 esset
2157 4440 2186 4480 a
2209 4425 2387 4480 nimiis
2415 4432 2471 4481 et
2499 4425 2822 4491 immodicis,
2852 4425 2960 4482 imo
2991 4442 3022 4482 a
3051 4428 3378 4500 quibuslibet
3404 4430 3579 4486 laudi-

1992 4518 2093 4574 bus
2137 4515 2455 4586 appetendis
2496 4523 2552 4571 et
2588 4516 2938 4586 aucupandis,
2969 4526 3116 4574 certe
3152 4518 3363 4583 millies,
3395 4527 3451 4573 et
3464 4519 3580 4595 .hoc

300 4609 466 4666 fuisse
482 4586 843 4677 dignitatem:
878 4604 1011 4671 Quia
1038 4586 1169 4660 sicut
1199 4606 1339 4659 locus
1389 4604 1653 4675 regiminis
1699 4600 2293 4703 deside-Dprtesertim
2341 4620 2480 4661 anno
2529 4612 2782 4661 testatum
2829 4607 3086 4676 reliquit,
3133 4606 3258 4662 dum
3305 4586 3582 4676 redarguit
3655 4586 3663 4595 ’

301 4702 537 4759 fantibus
566 4700 835 4774 negandus
856 4713 951 4767 est,
982 4701 1056 4754 ita
1085 4696 1397 4772 fugientibus
1427 4695 1720 4766 efferendus
1749 4692 1888 4765 (Lib.

302 4806 400 4857 VII,
432 4809 512 4861 ep.
536 4789 613 4862 4).
635 4789 814 4846 Monet
844 4791 1023 4859 itaque
1054 4789 1276 4842 interna:
1308 4784 1680 4855 tranquillitati
1711 4782 1893 4838 chari-

305 4889 473 4936 tatem
498 4892 623 4948 erga
667 4878 971 4951 proximum
1016 4894 1135 4932 esse
1181 4876 1591 4948 praeferendam,
1623 4872 1767 4944 quod
1797 4888 1896 4930 suo

308 4987 528 5042 quoque
556 4972 791 5027 ostendit
811 4971 1083 5040 exemplo,
1110 4978 1165 5025 et
1193 4986 1298 5039 qua
1329 4970 1538 5024 ratione
1567 4966 1749 5023 caveri
1778 4980 1900 5035 pos-

310 5063 384 5120 sit
411 5078 479 5118 ne
505 5078 646 5117 cum
673 5062 905 5134 pastoris
935 5062 1169 5116 animum
1197 5059 1408 5130 penitus
1436 5060 1685 5125 obruant,
1717 5057 1897 5114 docet.

313 5153 470 5222 Quod
490 5163 697 5225 spectat
723 5154 791 5209 ad
819 5153 941 5209 tidei
970 5150 1366 5209 confessionem
1393 5163 1423 5202 a
1444 5145 1669 5219 Cyriaco
1697 5146 1902 5217 datam,

315 5246 488 5318 ipsam
541 5246 805 5316 approbat
857 5260 1035 5316 papa;
1092 5242 1301 5297 dubitat
1351 5239 1696 5295 nihilominus
1742 5238 1935 5311 27&._

317 5346 497 5390 utrum
545 5333 761 5405 quidam
786 5346 807 5375 ε
838 5332 1112 5390 Eudoxius
1142 5333 1280 5387 inter
1308 5330 1589 5386 haereticos
1617 5345 1649 5384 a
1675 5336 1906 5399 quatuor

318 5425 540 5499 synodis
586 5426 932 5483 meumenicis
980 5427 1263 5482 damnatos
1308 5422 1497 5480 referri
1530 5423 1806 5491 debuerit;
1852 5433 1909 5481 at

324 5515 441 5588 ejus
487 5517 873 5574 dubitationem
926 5526 982 5574 et
1027 5515 1419 5572 haesitationem
1467 5519 1654 5584 postea
1691 5513 1908 5569 sustulit

323 5606 597 5676 Eulogius.
640 5608 716 5666 De
763 5608 1079 5666 mcumenici
1129 5607 1283 5663 titulo
1329 5603 1633 5676 respuendo
1661 5605 1906 5675 quaedam

327 5698 564 5769 attingit.

405 5844 427 5904 ξε
462 5832 578 5904 Lib.
615 5848 684 5897 vt,
719 5848 803 5901 cp.
836 5830 933 5904 45};
970 5833 1060 5889 lib.
1090 5850 1186 5902 xu,
1216 5850 1302 5904 ep.
1334 5832 1425 5887 ll:
1456 5832 1549 5887 lib.
1583 5846 1692 5897 xrv,
1731 5845 1817 5902 ep.
1852 5829 1903 5887 9.

402 5900 435 5941 δ
466 5901 582 5957 Lib.
616 5919 727 5970 xm,
752 5900 841 5971 ep.
873 5900 959 5956 20.
1040 5948 1049 5955 .

1998 4697 2302 4765 Joannem,
2352 4696 2749 4769 Syracusanum
2790 4698 3132 4769 episcopum,
3174 4695 3246 4751 ob
3288 4696 3580 4755 adhibitam
3639 4740 3653 4749 .

2000 4804 2111 4846 sua:
2136 4802 2334 4843 mensas
2368 4803 2551 4843 coram
2592 4788 2864 4843 extraneis
2905 4787 3333 4844 lucubrationum
3361 4804 3582 4847 suarum

2001 4880 2289 4937 lectionem
2321 4878 2509 4951 (Ibid.,
2540 4895 2623 4950 ep.
2652 4878 2726 4949 9).

2077 4973 2132 5029 4.
2172 4972 2358 5043 Legati
2380 4972 2609 5043 Cyriaci,
2626 4970 2850 5025 testibus
2870 4969 3123 5027 Ecclesiae
3146 4969 3304 5030 Rom.
3324 4974 3580 5045 diaeonis,

2007 5063 2289 5119 dixerant:
2319 5063 2497 5117 Jesum
2523 5061 2781 5116 Christum
2826 5063 2895 5117 ad
2941 5063 3135 5134 inferos
3173 5064 3581 5138 descendentem,

2006 5170 2180 5211 omnes
2207 5153 2291 5225 qui
2312 5153 2421 5206 illic
2447 5151 2813 5220 conﬁterentur
2830 5169 2944 5206 eum
2968 5151 3152 5219 Deum,
3179 5155 3409 5212 saltasse
3435 5167 3589 5229 atque

2007 5262 2042 5299 a
2069 5246 2232 5317 poenis
2263 5241 2443 5297 debitis
2464 5241 2730 5296 liberasse.
2754 5241 2834 5297 De
2859 5261 2961 5315 qua
2982 5261 3063 5313 re,
3082 5245 3254 5318 inquit
3280 5246 3342 5303 S.
3372 5247 3584 5315 doctor,

2008 5332 2121 5393 υοιο
2146 5345 2199 5389 ut
2225 5334 2449 5389 charitas
2470 5341 2637 5388 vestra
2663 5335 2812 5406 longe
2831 5335 2982 5391 aliter
3021 5339 3229 5395 sentiat.
3256 5336 3588 5399 Descendens

2009 5426 2195 5498 quippe
2224 5424 2292 5478 ad
2319 5424 2536 5494 inferos,
2568 5422 2705 5478 solos
2743 5424 2860 5482 illos
2890 5443 2988 5496 per
3009 5429 3231 5498 gratiam
3268 5441 3417 5481 suam
3460 5425 3581 5480 libeo
3624 5456 3629 5465 ι

2009 5516 2164 5582 ravit,
2178 5516 2264 5579 qui
2285 5531 2397 5593 eum
2418 5522 2465 5568 et
2486 5525 2750 5569 venturum
2771 5532 2881 5570 esse
2900 5517 3245 5582 crediderunt,
3258 5527 3313 5572 et
3327 5526 3590 5586 pracepta

2007 5603 2118 5678 ejus
2149 5605 2358 5661 vivendo
2388 5614 2679 5664 tenuerunt.
2700 5604 2914 5663 Constat
2940 5615 3111 5662 autem
3129 5608 3248 5664 auia
3274 5615 3389 5675 post
3407 5607 3590 5662 incar-

2009 5699 2275 5754 nationem
2316 5694 2548 5763 Domini,
2572 5698 2743 5754 nullus
2772 5701 2928 5753 etiam
2970 5714 3035 5752 ea:
3076 5698 3154 5752 his
3181 5697 3374 5753 saluari
3399 5704 3589 5769 potest,

1981 5834 2027 5866 δ’
2092 5842 2112 5870 ο
2157 5830 2289 5886 Vide
2317 5846 2404 5901 ep.
2434 5831 2496 5887 51
2528 5836 2845 5923 manentem
2867 5836 2922 5886 et
2948 5836 3102 5885 notas
3130 5828 3197 5885 ad
3225 5827 3489 5886 eamdem.
