4130 6452
826 338 874 349 σ-ο,

549 361 663 450 399

1033 328 1464 443 sicituconu
1498 375 1715 435 MAGNI
1754 374 1940 443 VITA,
1981 371 2078 430 ax
2121 369 2142 426 ι

2247 369 2285 429 S
2323 371 2632 433 SCRIPTIS
2669 372 3066 431 ADORNATA.
3108 371 3240 429 LIB.
3280 369 3370 428 111.

3741 377 3860 430 4υῦ

554 514 643 588 qui
684 508 840 582 fidem
883 503 1024 560 illius
1074 507 1278 565 tenent,
1321 506 1371 552 et
1415 498 1574 552 vitam
1619 493 1744 567 ﬁdei
1794 510 1902 548 non
1951 490 2140 545 habent
2167 492 2222 551 Δ
2245 501 2296 547 et
2323 501 2496 547 tamen
2525 492 2592 546 ad
2622 492 2821 564 aliquid
2849 491 3123 558 ardebant,
3155 491 3370 558 scilicet,
3402 497 3460 544 at
3481 486 3614 561 justi
3643 507 3855 559 omnes,

557 581 698 677 (Lib.
721 617 832 669 vin,
861 616 942 668 ep.
967 594 1089 664 l5);
1113 591 1258 663 quod
1280 588 1463 645 multis
1483 602 1654 644 sacrae
1678 586 1968 656 Scriptura:
1990 581 2146 638 testi-

554 695 750 754 moniis
772 694 1144 747 demonstrare
1171 684 1364 756 pergit.

626 786 678 842 5.
721 785 879 840 Solus
907 782 996 837 hic
1039 779 1191 834 locus
1236 774 1510 831 sufllceret
1547 771 1616 827 ad
1645 768 2038 843 explodendam
2068 766 2147 820 fa-

551 879 746 937 bellam
775 876 843 931 de
869 872 1102 942 Traiano
1132 870 1200 925 ab
1230 867 1426 924 inferni
1456 866 1631 938 poenis
1673 861 1919 932 Gregorii
1966 861 2146 931 preci-

550 970 651 1026 bus
673 968 921 1031 liberato,
941 977 1101 1033 quam
1130 959 1370 1016 referunt
1401 957 1595 1013 Paulus
1621 963 1677 1011 et
1704 955 1939 1010 Joannes
1960 951 2152 1007 Diaco-

550 1077 653 1116 uus
684 1061 736 1114 in
767 1059 884 1128 ejus
911 1055 1048 1109 Vita‘
1077 1053 1170 1107 lib.
1213 1067 1282 1118 ιι,
1331 1066 1382 1106 c.
1414 1049 1503 1104 Η.
1553 1047 1691 1116 Quid
1739 1044 1925 1102 enim?
1974 1043 2141 1112 potuit

549 1152 755 1209 scilicet
775 1165 874 1221 pro
895 1145 1116 1216 Traiani
1142 1144 1367 1200 cultoris
1389 1142 1678 1205 idolorum,
1694 1138 2148 1194 Christianorum-

549 1259 655 1314 que
687 1239 1048 1312 persecutoris
1068 1250 1239 1308 usque
1262 1234 1331 1289 ad
1351 1242 1580 1290 mortem
1610 1231 1931 1286 liberatione
1957 1243 2148 1300 preces

550 1335 617 1390 ad
645 1335 811 1389 Deum
841 1331 1095 1397 fundere,
1125 1329 1217 1398 qui
1253 1333 1511 1390 noverat,
1543 1323 1680 1377 trahi
1729 1321 1798 1374 ad
1835 1320 2003 1374 Deum
2031 1328 2147 1389 post

550 1436 767 1483 mortem
792 1442 896 1480 non
923 1439 1092 1495 posse,
1118 1420 1206 1491 qui
1226 1437 1279 1475 se
1307 1437 1340 1473 a
1366 1417 1476 1472 Deo
1497 1416 1633 1470 male
1658 1414 1871 1469 vivendo
1901 1429 2146 1482 separas-

549 1529 662 1584 set;
695 1517 748 1572 id
778 1518 919 1574 enim
962 1514 1242 1586 conceptis
1271 1511 1451 1568 verbis
1495 1510 1624 1566 dicit
1649 1508 1894 1577 egregius
1924 1506 2141 1562 Doctor.

549 1609 659 1668 Sed
687 1610 848 1680 longe
875 1608 1104 1683 validius
1143 1605 1407 1662 refellitur
1435 1608 1802 1658 commentum
1831 1599 1936 1654 hoc
1963 1612 2031 1652 ex
2059 1612 2145 1654 as-

549 1713 695 1760 serta
719 1705 772 1758 in
799 1703 1034 1771 Dialogis
1060 1701 1305 1757 doctrina
1345 1699 1439 1753 lib.
1469 1714 1544 1766 ιν,
1571 1711 1692 1765 cap.
1727 1692 1816 1746 44.

625 1794 864 1862 Qumstio
896 1809 963 1848 eo
1009 1792 1115 1846 loci
1144 1789 1422 1861 proposita
1446 1795 1528 1841 est
1559 1805 1572 1839 2
1605 1784 1667 1840 Si
1693 1801 1896 1854 semper
1922 1781 2144 1836 ardeant

2251 595 2303 640 et
2348 588 2403 641 in
2447 586 2559 643 Deo
2589 589 2795 641 videant
2845 586 3035 659 gaudia
3074 602 3189 657 quae
3226 586 3546 657 percipiunt,
3579 595 3628 640 et
3655 588 3712 640 in
3741 587 3859 641 illis

2250 681 2528 748 respiciant
2579 677 2834 750 supplicia
2883 694 2996 748 qua:
3044 684 3361 731 evaserant:
3402 687 3655 748 quatenus
3703 686 3858 733 tanto

2248 773 2416 842 magis
2448 772 2502 825 in
2546 779 2793 825 azternam
2827 771 3012 842 gratite
3040 769 3228 824 divina:
3257 769 3512 826 debitores
3541 787 3596 825 se
3621 789 3734 826 esse
3765 789 3858 829 eo-

2249 871 2522 935 gnoscant,
2552 873 2743 935 quanto
2763 864 2819 918 in
2847 871 3096 919 wternum
3122 862 3265 918 mala
3291 863 3467 933 puniri
3494 864 3855 934 conspiciant,

2249 972 2364 1026 qua:
2393 955 2504 1026 ejus
2533 955 2796 1026 adjatorio
2826 955 3076 1009 vicerunt.

2322 1045 2482 1116 275
2520 1043 2570 1097 8.
2615 1043 2721 1100 Ista
2767 1045 3122 1114 perpendenti
3168 1060 3406 1114 quonam
3461 1055 3620 1116 pacto
3662 1046 3861 1104 venire

2249 1144 2432 1206 potest
2456 1136 2512 1190 in
2533 1144 2802 1201 mentem,
2835 1135 3155 1208 Gregorium
3187 1137 3260 1191 ita
3305 1137 3628 1206 sapientem,
3652 1139 3726 1193 ita
3759 1140 3861 1193 do-

2251 1237 2483 1297 centem,
2506 1243 2699 1298 preces
2729 1227 3019 1298 aliquando
3052 1228 3253 1284 fudisse
3283 1244 3384 1299 pro
3413 1228 3646 1298 Traiano
3677 1230 3860 1301 impe-

2253 1327 2452 1384 ratore,
2483 1333 2643 1388 quem
2672 1320 2742 1374 ob
2784 1319 3159 1374 infidelitatem
3190 1328 3246 1374 et
3271 1329 3474 1374 motam
3505 1321 3560 1375 in
3586 1320 3862 1375 Christia-

2251 1437 2349 1476 nos
2376 1421 2813 1492 persecutionem
2864 1420 2955 1491 (ut
2992 1419 3097 1474 alia
3147 1420 3361 1475 interim
3413 1420 3858 1488 dissimulamus)

2250 1512 2467 1567 .eternis
2510 1511 2686 1582 poenis
2733 1510 3004 1586 addictum
3036 1525 3142 1564 non
3175 1509 3495 1564 dubitabat?
3519 1508 3587 1563 At
3617 1526 3739 1580 qua:
3771 1524 3860 1563 se-

2249 1613 2504 1673 quuntur,
2539 1619 2606 1658 ne
2631 1603 2981 1658 leviusculam
3006 1602 3222 1673 quidem
3256 1603 3567 1672 relinquunt
3596 1617 3662 1657 ea
3694 1603 3764 1658 de
3796 1619 3859 1658 re

2249 1693 2639 1749 difficultatem.
2665 1693 2867 1760 Quaerit
2904 1693 3048 1749 enim
3090 1691 3325 1749 Petrus:
3354 1691 3426 1746 Et
3450 1693 3536 1747 ubi
3582 1704 3661 1748 est
3709 1695 3854 1765 quod

2251 1787 2417 1840 sancti
2446 1787 2568 1850 sint,
2601 1787 2646 1840 si
2675 1803 2768 1856 pro
2805 1785 3032 1840 inimicis
3071 1785 3177 1838 suis
3226 1802 3352 1856 quos
3404 1794 3524 1838 tunc
3553 1785 3741 1840 ardere
3772 1788 3856 1840 ai-

549 1887 638 1957 qai
658 1885 902 1957 gehenna:
930 1883 1185 1939 incendiis
1206 1881 1548 1950 deputantur;
1577 1877 1642 1931 ad
1666 1891 1826 1946 quam
1849 1874 2143 1945 respondet
2174 1868 2221 1926 Β
2247 1879 2390 1945 dent,
2420 1896 2522 1933 non
2562 1877 2801 1942 orabunt,
2825 1877 3005 1949 quibus
3034 1879 3208 1948 utique
3231 1878 3423 1931 dictant
3444 1888 3520 1931 est
3544 1895 3562 1932 :
3597 1878 3705 1933 Pro
3743 1880 3852 1932 ini-

548 1974 606 2030 S.
625 1969 918 2043 Gregorius
946 1991 960 2025 :
987 1972 1200 2026 Constat
1227 1970 1492 2032 nimirum,
1523 1977 1571 2019 et
1593 1967 1952 2019 incunctanter
1970 1979 2141 2017 verum

545 2074 640 2130 est,
674 2066 795 2136 quia
825 2065 957 2117 sicut
1004 2063 1125 2131 ﬁnis
1156 2077 1260 2114 non
1289 2067 1365 2112 est
1391 2057 1583 2128 gaudio
1615 2055 1886 2120 bonorum,
1914 2055 1989 2108 ita
2017 2054 2141 2123 finis

544 2169 649 2208 non
689 2156 787 2208 erit
817 2160 1070 2208 tormento
1108 2149 1386 2203 malorum.
1420 2144 1565 2199 Nam
1588 2163 1701 2198 cum
1733 2145 1938 2198 Veritas
1957 2144 2099 2197 dicat
2121 2159 2140 2197 :

545 2242 703 2298 Ibant
729 2244 874 2313 impii
912 2244 966 2296 in
994 2241 1303 2310 supplicium
1329 2247 1595 2298 cateruam,
1621 2236 1754 2305 justi
1783 2245 1954 2287 autent
1983 2234 2037 2286 in
2065 2234 2138 2288 ri-

546 2342 654 2389 tum
677 2345 927 2389 wternam
967 2332 984 2403 (
1010 2330 1202 2384 Matth.
1235 2344 1362 2392 xxv,
1394 2326 1517 2396 46);
1548 2326 1669 2396 quia
1695 2341 1869 2379 verum
1899 2334 1976 2378 est
2003 2324 2140 2395 quod

544 2427 801 2497 promisit,
836 2424 1028 2495 falsam
1073 2418 1408 2492 proculdubio
1455 2434 1561 2472 non
1603 2416 1702 2469 erit
1747 2415 1881 2488 quod
1912 2415 2138 2468 minatus

545 2526 622 2572 est
648 2515 806 2571 Deus-

562 2657 566 2660 .
616 2607 669 2660 6.
703 2605 892 2660 Petrus
921 2603 1007 2658 bis
1049 2599 1274 2672 Opponit
1306 2615 1320 2651 :
1355 2595 1492 2661 Quid
1522 2597 1566 2650 si
1591 2596 1701 2667 quis
1724 2594 1862 2649 dicat
1887 2594 2129 2650 :ldcirco

544 2695 871 2768 peccantibus
893 2684 1141 2749 cateruam
1163 2707 1366 2763 poenam
1387 2690 1616 2742 minatus
1643 2695 1740 2750 est,
1769 2697 1824 2740 ut
1844 2704 1931 2742 eos
1952 2705 1984 2741 a
2011 2704 2128 2758 pec-

546 2798 784 2845 catorum
841 2787 1220 2860 perpetratione
1272 2780 1666 2853 compesceret?
1715 2779 1786 2833 At
1837 2779 1929 2834 illa
1983 2779 2138 2834 diluit

543 2878 600 2935 Β.
632 2879 837 2936 Doctor
878 2877 1212 2948 respondens
1259 2875 1315 2928 in
1360 2874 1476 2928 huic
1500 2871 1663 2927 verba
1688 2871 1795 2925 :‘Si
1826 2871 2019 2942 falsum
2061 2880 2137 2925 est

543 2969 680 3041 quod
725 2970 954 3023 minatus
995 2975 1106 3032 est,
1148 2973 1204 3018 at
1243 2964 1306 3017 ab
1346 2963 1604 3034 injustitia
1631 2961 1949 3031 corrigeret:
1978 2963 2133 3015 etiam

542 3061 682 3133 falsa
726 3066 803 3113 est
841 3058 1135 3129 pollicitus,
1163 3063 1220 3109 ut
1268 3055 1336 3108 ad
1376 3056 1639 3124 justitiam
1673 3063 1995 3119 prouocaret.
2028 3055 2136 3109 Sed

543 3153 653 3225 quis
683 3153 778 3207 hoc
803 3151 973 3204 dicere
999 3150 1078 3204 uel
1106 3149 1326 3202 insanas
1375 3147 1699 3218 praesumat?
1716 3144 1789 3199 Et
1831 3148 1876 3201 si
1906 3148 2133 3202 minatus

2248 1973 2394 2025 micis
2416 1973 2595 2024 uestris
2626 1971 2812 2025 orate?
2846 1969 3061 2038 (Matth.
3088 1986 3144 2036 v,
3171 1969 3285 2037 44.)
3319 1968 3418 2023 Cui
3449 1969 3743 2038 respondet
3775 1972 3851 2026 ita

2246 2063 2676 2133 sapientissimus
2729 2064 2973 2119 Doctor:
3029 2061 3135 2116 Pro
3180 2062 3405 2116 inimicis
3449 2063 3555 2117 suis
3594 2076 3746 2117 orant
3788 2082 3851 2119 eo

2246 2166 2469 2227 tempore
2490 2174 2588 2228 quo
2610 2165 2825 2227 possunt
2846 2156 2914 2209 ad
2938 2158 3255 2226 fructuosam
3283 2155 3636 2224 paenitentiam
3667 2172 3850 2210 eorum

2245 2247 2405 2301 corda
2433 2255 2745 2313 convertere,
2777 2256 2926 2317 atque
2954 2249 3067 2314 ipsa
3096 2247 3424 2301 conversione
3454 2249 3677 2302 salvare.
3707 2246 3852 2311 Quid

2244 2337 2384 2389 enim
2430 2335 2574 2389 aliud
2619 2353 2712 2405 pro
2755 2337 2981 2388 inimicis
3021 2336 3278 2390 orandum
3307 2345 3402 2397 est,
3436 2338 3536 2390 nisi
3581 2337 3678 2390 hoc
3707 2339 3848 2406 quod

2244 2426 2518 2495 Apostolus
2545 2427 2618 2478 ait
2642 2442 2658 2478 :
2688 2424 2754 2480 Ut
2778 2425 2861 2478 det
2891 2425 2996 2479 illis
3019 2424 3158 2479 Deus
3181 2427 3533 2495 paenitentiam
3558 2427 3625 2478 ad
3646 2443 3846 2497 coquo»

2241 2517 2486 2571 scendam
2528 2519 2812 2580 veritatem,
2857 2526 2905 2570 et
2931 2519 3240 2587 resipiscant
3269 2535 3300 2571 a
3331 2517 3525 2572 diaboli
3555 2520 3778 2588 laqueis,
3811 2537 3844 2574 a

2243 2630 2341 2683 quo
2364 2613 2553 2678 captivi
2582 2621 2818 2666 tenentur
2840 2612 2906 2664 ad
2928 2612 3092 2680 ipsius
3120 2612 3473 2666 voluntatem?
3497 2611 3583 2683 (11
3619 2611 3754 2666 Tim.
3783 2629 3842 2676 lt,

2241 2703 2357 2774 25.)
2390 2703 2456 2757 Et
2484 2705 2738 2776 quomodo
2769 2721 2861 2772 pro
2893 2705 2999 2758 illis
3030 2712 3149 2757 tunc
3176 2703 3414 2768 orabunt,
3456 2706 3542 2776 qui
3577 2703 3694 2774 jam
3723 2706 3844 2760 nul-

2242 2797 2445 2849 latenas
2476 2805 2685 2864 possunt
2705 2797 2774 2849 ad
2793 2797 3016 2867 jastitite
3044 2813 3204 2866 Opera
3231 2793 3296 2849 ab
3317 2796 3592 2865 iniquitate
3611 2812 3846 2850 comma-

2244 2887 2387 2941 tari?
2414 2885 2612 2940 Eadem
2642 2889 2814 2956 itaque
2839 2904 2999 2941 causa
3025 2895 3123 2950 est,
3155 2903 3246 2940 cur
3268 2904 3369 2942 non
3391 2896 3570 2941 oretur
3600 2898 3720 2941 tunc
3746 2903 3845 2959 pro

2241 2977 2532 3032 hominibus
2555 2980 2667 3048 igni
2690 2988 2881 3032 azterno
2904 2979 3187 3044 damnatis,
3213 2995 3328 3049 qua:
3348 2995 3484 3032 nunc
3506 2980 3662 3032 etiam
3683 2995 3847 3035 causa

2240 3080 2335 3137 est,
2380 3081 2436 3124 ut
2464 3088 2569 3125 non
2600 3081 2772 3125 oretur
2801 3089 2894 3142 pro
2923 3072 3132 3127 diabolo
3164 3072 3464 3143 angelisque
3505 3089 3618 3142 ejus
3646 3081 3843 3129 (stem

2239 3162 2488 3230 supplicio
2529 3163 2806 3232 deputatis.
2842 3161 2972 3225 Quae
3002 3179 3139 3216 nunc
3166 3163 3323 3216 etiam
3353 3178 3513 3216 causa
3552 3172 3629 3217 est
3650 3170 3708 3216 at
3735 3178 3843 3218 non

542 3253 619 3300 est
644 3243 780 3316 quod
809 3257 914 3297 non
940 3247 1051 3295 erat
1079 3240 1404 3309 impleturus,
1426 3236 1548 3291 dum
1577 3253 1808 3292 asserere
1827 3253 1942 3290 eam
1971 3238 2130 3290 mise-

2246 3257 2384 3304 orcnt
2417 3251 2581 3302 sancti
2611 3251 2842 3304 homines
2873 3268 2966 3320 pro
2997 3250 3287 3305 hominibus
3308 3251 3608 3321 inﬁdelibus
3637 3252 3845 3323 impiis-

544 3333 799 3389 ricordem
828 3331 1079 3396 volamus,
1113 3328 1375 3399 fallacem,
1400 3325 1536 3398 quod
1565 3325 1667 3380 dici
1697 3327 1848 3395 nefas
1876 3333 1971 3391 est,
1996 3341 2135 3395 pra:-

543 3425 721 3480 dicare
748 3421 1132 3483 compellimur.

617 3515 670 3571 7.
712 3515 906 3572 Petrus
933 3517 1035 3570 hac
1063 3513 1420 3584 responsione
1463 3512 1565 3568 sibi
1595 3511 1792 3566 factum
1823 3512 1952 3566 satis
1982 3511 2140 3567 intel-

543 3609 734 3678 ligens,
768 3607 930 3662 alium
960 3605 1158 3661 nodum
1184 3607 1439 3676 proponit
1466 3604 1779 3660 solvendum
1805 3623 1818 3658 :
1844 3605 1994 3659 Scire
2033 3604 2138 3659 ael-

546 3703 664 3764 lem,
692 3701 884 3772 inquit,
913 3701 1173 3772 quomodo
1211 3699 1412 3769 justum
1457 3701 1544 3765 sit,
1576 3707 1630 3752 ut
1669 3701 1820 3768 culpa
1867 3715 1982 3770 qua:
2026 3714 2139 3752 cum

547 3798 650 3868 ﬁne
679 3803 977 3867 perpetrata
1008 3802 1106 3860 est,
1138 3795 1250 3847 sine
1279 3793 1382 3861 ﬁne
1409 3792 1676 3856 puniatur.
1707 3790 1806 3844 Cui
1849 3790 2142 3859 respondet

545 3888 968 3959 sapientissimus
988 3887 1278 3954 magister:
1298 3883 1559 3950 [loci-acte
1579 3883 1850 3949 diceretur,
1869 3883 1911 3936 si
1937 3883 2144 3936 distric-

545 3975 626 4038 'us
663 3983 828 4056 jadea:
876 3997 982 4034 non
1025 3980 1185 4033 corda
1232 3979 1519 4046 hominum,
1552 3977 1642 4031 sed
1689 3979 1831 4046 facta
1880 3985 2136 4045 pensaret.

545 4074 723 4147 Iniqui
755 4076 890 4128 enim
921 4072 1035 4126 ideo
1065 4088 1180 4126 cum
1224 4071 1330 4140 ﬁne
1359 4069 1704 4140 deliquerunt,
1735 4069 1855 4137 quia
1896 4085 2010 4122 cum
2036 4069 2142 4138 ﬁne

547 4166 802 4218 vixerunt.
830 4160 974 4214 Nam
1003 4162 1279 4214 voluissent
1316 4160 1487 4228 utique
1512 4159 1556 4211 si
1585 4159 1871 4228 potuissent
1900 4159 2010 4210 sine
2037 4159 2143 4227 ﬁne

547 4255 726 4317 vivere,
757 4248 812 4304 ut
841 4252 1130 4320 potuissent
1157 4251 1270 4304 sine
1298 4251 1404 4320 fine
1426 4267 1657 4321 peccare.
1687 4252 1978 4306 Ostendant
2005 4253 2142 4306 enim

548 4349 670 4418 quia
711 4347 768 4399 in
814 4355 1023 4412 peccato
1071 4360 1271 4413 semper
1300 4345 1463 4396 vivere
1505 4346 1734 4414 cupiant,
1767 4345 1852 4412 qui
1882 4361 2140 4416 nunquam

548 4437 790 4491 desinunt
813 4451 1027 4504 peccare
1055 4434 1177 4487 dum
1204 4435 1394 4487 vivant.
1426 4433 1507 4485 Ad
1545 4450 1790 4504 magnam
1821 4450 1941 4504 ergo
1982 4434 2137 4503 jutti~

547 4528 671 4579 tiam
688 4524 977 4595 judicantis
1005 4524 1244 4594 pertinet,
1266 4527 1322 4574 ut
1345 4537 1606 4591 nunquam
1629 4528 1840 4574 careant
1864 4521 2138 4590 supplicio,

2241 3357 2336 3411 que
2384 3340 2670 3411 defunctis,
2701 3343 2800 3395 nisi
2848 3343 2969 3412 quia
3015 3359 3107 3410 pro
3155 3344 3232 3396 eis
3258 3344 3432 3410 utique
3474 3361 3600 3415 quos
3645 3353 3842 3401 retenta

2240 3433 2512 3501 deputatas
2542 3432 2794 3501 supplicio
2838 3433 2952 3503 jam
2980 3441 3250 3497 noverant,
3283 3443 3404 3486 ante
3450 3433 3602 3486 illum
3642 3433 3846 3504 jadicis

2233 3521 2366 3592 justi
2395 3531 2721 3588 conspectam
2749 3523 3000 3576 orationis
3046 3537 3154 3575 saw
3196 3523 3433 3575 meritum
3471 3523 3669 3576 cassari
3699 3524 3843 3593 refu-

2242 3613 2407 3682 giunt.
2443 3610 2596 3675 Quod
2649 3613 2696 3666 si
2725 3629 2862 3665 nunc
2890 3629 3086 3684 quoque
3112 3615 3331 3668 viventes
3372 3614 3504 3684 justi
3548 3615 3765 3669 mortuis
3790 3624 3845 3670 et

2244 3702 2506 3757 damnatis
2528 3706 2580 3757 in
2581 3705 2739 3774 justis
2767 3705 2979 3758 minime
3007 3707 3413 3776 compatiuntur,
3438 3707 3643 3775 quando
3670 3705 3846 3762 adhuc

2243 3797 2440 3868 aliquid
2463 3797 2751 3867 jadicabile
2781 3797 2844 3850 de
2863 3814 2958 3850 sua
2991 3814 3148 3851 carne
3181 3815 3292 3852 sese
3318 3800 3519 3868 perpeti
3545 3801 3703 3853 etiam
3741 3801 3847 3869 ipsi

2243 3900 2519 3954 noverunt;
2551 3898 2743 3961 quanto
2775 3889 3061 3943 districtius
3093 3899 3211 3942 tunc
3240 3891 3537 3960 iniquorum
3583 3899 3847 3945 tormenta

2244 3980 2555 4050 respiciunt,
2597 3979 2806 4050 quando
2851 3977 2914 4032 ab
2952 3980 3093 4033 omni
3139 3979 3259 4032 vitio
3289 3980 3639 4049 corruptionis
3666 3981 3843 4043 exuti,

2242 4072 2342 4141 ipsi
2359 4071 2472 4140 jam
2488 4071 2709 4140 jastitia:
2730 4070 2944 4123 vicinius
2971 4077 3122 4138 atque
3145 4071 3338 4122 arctius
3364 4068 3730 4124 inluerebant?
3754 4071 3847 4125 Sic

2244 4165 2431 4234 quippe
2477 4177 2650 4215 eorum
2681 4169 2875 4214 utentes
2925 4177 3015 4230 per
3054 4160 3149 4213 hoc
3178 4159 3316 4227 quod
3359 4161 3645 4230 justissima
3675 4160 3847 4232 jadici

2245 4251 2519 4314 inhrerent,
2549 4249 2621 4302 vis
2653 4248 2992 4302 districtionis
3021 4246 3281 4315 absorbet,
3315 4257 3370 4301 ut
3399 4251 3611 4304 omnino
3635 4251 3711 4303 eis
3740 4266 3848 4304 non

2245 4341 2399 4396 libeat
2459 4339 2707 4411 quidquid
2753 4338 2818 4391 ab
2867 4340 3009 4392 illius
3060 4346 3269 4393 a'ternu:
3317 4341 3512 4409 regula:
3563 4339 3852 4396 subtilitate

2246 4433 2532 4488 discordat.
3795 4481 3809 4499 ι

2308 4525 2434 4579 llmc
2485 4524 2682 4592 legenti
2731 4539 2858 4578 num
2899 4523 3059 4578 dubia
3100 4531 3192 4577 aut
3233 4523 3463 4579 obscura
3517 4539 3639 4579 esse
3667 4532 3851 4593 potest

547 4616 632 4685 qui
685 4615 739 4668 iu
786 4614 883 4666 hac
912 4613 1015 4666 vita
1056 4629 1319 4684 nunquam
1365 4612 1632 4665 voluerunt
1679 4625 1854 4662 carere
1905 4621 2132 4680 peccato.
2166 4625 2220 4686 ι)
2245 4614 2301 4671 8.
2337 4613 2584 4683 Gregorii
2611 4615 2898 4678 sententia,
2927 4622 3037 4667 tum
3067 4615 3134 4668 de
3162 4629 3445 4684 pmnarum
3475 4614 3851 4670 mlerniarter-

547 4701 772 4770 Egregia
795 4715 929 4756 sane
957 4700 1098 4755 ratio
1126 4716 1232 4769 qua
1262 4714 1539 4770 prunarum
1568 4696 1826 4767 probetur
1847 4700 2140 4766 mternitas,

551 4795 811 4847 adversus
840 4791 1117 4861 religionis
1155 4799 1580 4861 contemptores,
1613 4789 1705 4857 qui
1735 4789 1913 4844 solent
1941 4792 2047 4847 hoc
2076 4793 2143 4848 de

548 4883 825 4953 dogmate,
850 4891 913 4938 ut
935 4884 1154 4941 liberius
1175 4892 1420 4956 peccent,
1452 4881 1713 4936 cavillari.
1741 4883 1935 4938 Petrus
1961 4893 2139 4940 tamen

549 4975 856 5045 argumenti
887 4977 1044 5045 hujus
1067 4977 1308 5048 pondere
1348 4972 1585 5028 nondum
1625 4990 1931 5045 oppressus,
1965 4978 2145 5035 adhuc

551 5070 807 5125 subtilius
830 5070 1021 5127 instat:
1047 5071 1154 5126 Sed
1182 5070 1352 5124 nullus
1368 5069 1540 5140 justus
1563 5070 1866 5124 crudelitate
1891 5071 2142 5141 pascitur,

547 5171 600 5216 et
621 5161 924 5234 delinquens
969 5179 1140 5218 servus
1167 5178 1199 5214 a
1224 5161 1366 5231 justo
1397 5161 1604 5216 domino
1630 5162 1825 5216 idcirco
1855 5163 1983 5216 caedi
2009 5179 2146 5232 pra:-

551 5254 764 5326 cipitur,
792 5262 849 5308 ut
875 5271 907 5307 a
937 5255 1168 5326 nequitia
1195 5253 1506 5322 corrigatur.
1538 5253 1618 5305 Ad
1648 5253 1742 5306 hoc
1771 5270 1892 5324 ergo
1915 5256 2142 5323 vapulat,

500 5370 503 5376 -
550 5353 611 5400 ut
634 5346 898 5401 emendari
948 5346 1150 5401 debeat.
1210 5341 1384 5407 Iniqui
1423 5354 1592 5397 autem
1641 5345 1886 5414 gehenna:
1939 5345 2146 5416 ignibus

546 5439 750 5502 traditi,
785 5438 830 5490 si
877 5436 948 5491 ad
993 5435 1360 5490 correctionem
1403 5451 1508 5488 non
1549 5435 1863 5504 perveniunt,
1896 5451 1994 5505 quo
2039 5436 2144 5505 [ine

547 5541 750 5600 semper
781 5527 1075 5583 ardebant?
1104 5525 1416 5596 Respondet
1444 5541 1574 5580 vero
1605 5527 1804 5582 Doctor
1834 5527 2099 5598 discipulo
2126 5546 2140 5582 :

557 5617 899 5689 Omnipotens
947 5616 1106 5681 Deus,
1133 5619 1253 5688 quia
1303 5619 1418 5688 pias
1454 5628 1548 5685 est,
1581 5621 1886 5675 miserorum
1913 5623 2145 5674 cruciatu

551 5723 660 5767 non
681 5715 942 5782 pascitur;
967 5711 1091 5781 quia
1112 5726 1227 5765 vero
1242 5711 1417 5781 justus
1439 5721 1534 5778 est,
1555 5712 1617 5766 ab
1631 5715 1925 5785 iniquarum
1951 5716 2147 5769 ultione

559 5801 617 5855 in
641 5814 939 5875 perpetuum
979 5819 1084 5857 non
1129 5803 1361 5859 sedatur.
1413 5805 1522 5860 Sed
1541 5806 1706 5873 iniqui
1737 5823 1912 5859 omnes
1953 5807 2186 5863 wterno'

556 5893 811 5966 supplicio
851 5893 1103 5962 deputati,
1157 5910 1252 5951 sua
1291 5895 1494 5972 quidem
1539 5897 1810 5967 iniquitate
1845 5898 2148 5966 puniuntur,

2247 4706 2435 4773 nitate,
2469 4715 2582 4761 tum
2614 4705 2682 4760 de
2725 4705 2982 4773 negaudis
3012 4705 3264 4774 precibus
3306 4705 3555 4760 omnibus
3603 4704 3665 4758 iis
3711 4719 3852 4773 quos

2249 4799 2384 4854 citra
2416 4797 2578 4851 ullam
2626 4795 3023 4851 luesitationem
3070 4795 3268 4852 scimus
3317 4793 3623 4862 huiusmodi
3673 4794 3852 4863 pennis

2245 4890 2492 4944 addictos
2512 4889 2535 4941 ?

2323 4978 2373 5032 9.
2417 4977 2488 5032 Ut
2513 4977 2619 5031 vim
2646 4977 2947 5046 argumenti
2978 4977 3138 5047 hujus
3165 4976 3347 5032 eludat
3370 4985 3462 5032 aut
3483 4979 3658 5033 elevet
3690 4976 3852 5032 Joan~

2250 5086 2346 5126 nes
2369 5070 2656 5136 Diaconos,
2689 5067 2793 5125 hoc
2819 5069 3146 5138 excogitavit
3175 5067 3450 5137 effugium.
3484 5067 3691 5137 Nempe
3720 5066 3852 5120 Gre-

2251 5161 2449 5233 gorium
2472 5179 2566 5231 pro
2591 5160 2821 5231 Trojano
2851 5159 3120 5216 liberanda
3169 5178 3274 5215 non
3315 5177 3593 5225 exorasse,
3636 5160 3728 5213 sed
3752 5161 3851 5229 ﬂe-

2247 5252 2398 5307 visse.
2432 5251 2593 5318 Quasi
2640 5251 2890 5322 lacryma:
2929 5267 3111 5308 coram
3159 5252 3274 5307 Deo
3317 5251 3448 5306 fusm
3498 5250 3723 5317 alicujus
3769 5252 3851 5308 rei

2249 5344 2554 5400 obtinenda:
2589 5345 2792 5412 gratia,
2824 5359 3014 5414 preces
3038 5362 3144 5401 non
3173 5347 3302 5415 sint,
3335 5353 3390 5400 et
3415 5345 3630 5414 quidem
3661 5345 3851 5400 ellica-

2249 5437 2499 5492 cissimrc.
2556 5436 2719 5490 Addit
2771 5435 3059 5505 Trajanum
3108 5438 3180 5492 ita
3222 5437 3508 5493 liberatum
3561 5435 3727 5492 fuisse
3779 5436 3850 5491 ab

2251 5529 2443 5583 inferni
2485 5528 2826 5592 cruciatibus,
2861 5536 2919 5582 ut
2947 5529 3001 5583 in
3046 5528 3258 5584 inferno
3289 5537 3470 5585 tamen
3501 5529 3846 5597 remanserit,

2252 5637 2359 5676 non
2389 5629 2568 5675 autem
2595 5620 2666 5674 sit
2689 5630 2910 5675 evectus
2933 5621 2998 5675 ad
3029 5636 3273 5691 superos.
3301 5623 3370 5676 At
3397 5622 3571 5678 sancti
3595 5621 3848 5676 Doctoris

2251 5713 2612 5779 ratiocinatio,
2637 5714 2712 5767 uti
2735 5722 2790 5768 et
2817 5713 3130 5770 testimonia
3155 5715 3335 5770 omnia
3365 5729 3531 5769 sacrae
3556 5696 3849 5782 Scriptum

2254 5807 2322 5861 ab
2349 5807 2464 5877 ipso
2488 5806 2716 5877 prolata,
2748 5821 2855 5862 non
2884 5807 3059 5862 solum
3089 5808 3321 5884 probant
3341 5816 3601 5864 aeternam
3623 5806 3843 5861 damna-

2258 5907 2432 5955 torum
2458 5900 2511 5954 in
2541 5896 2750 5954 inferno
2777 5900 3133 5970 inansionem,
3159 5900 3256 5958 sed
3286 5902 3449 5958 etiam
3476 5898 3839 5956 cxustiouem.
