4130 6470
319 402 418 460 401
793 396 855 455 S.
900 396 1226 455 GREGORII
1266 396 1482 455 MAGNI
1520 398 1701 463 VITA,
1745 396 1838 455 EX
1880 397 2047 457 EJUS
2086 398 2397 460 SCRIPTIS
2434 401 2829 462 ADORNATA.
2872 404 2999 462 LIB.
3042 407 3129 466 Ill.

3506 415 3612 472 402

312 524 499 594 Neque
528 523 729 591 fingere
772 522 900 576 licet
928 520 985 575 S.
1019 520 1309 577 Doctorem
1338 520 1608 591 duplicem
1651 520 1910 577 habuisse
1935 522 1989 583 Α
2014 519 2219 585 dicaris,
2248 521 2358 591 ipse
2388 525 2632 593 reprobus
2661 528 2867 597 efﬁciar
2896 529 2956 600 (I
3003 530 3124 586 Cor.
3171 548 3253 600 ix,
3284 531 3398 603 27).
3430 534 3612 591 Adhuc

312 615 543 673 diversis
569 612 901 684 temporibus
930 611 998 667 de
1047 613 1151 668 hac
1190 614 1491 681 quaestione
1536 615 1898 669 sententiam:
2008 613 2151 667 timet
2200 614 2288 684 qui
2329 616 2444 683 jam
2473 617 2541 669 ad
2567 619 2746 672 caelum
2794 621 3017 688 ducitur,
3061 633 3109 677 et
3141 625 3257 694 jam
3300 626 3478 681 timere
3504 644 3613 684 non

312 724 437 764 nam
466 707 642 778 primo
673 721 782 761 non
828 706 1004 776 potuit
1031 705 1279 776 ignorare
1316 720 1435 775 quae
1459 714 1599 762 esset
1628 722 1905 762 sacrarum
2005 702 2113 755 vult
2139 703 2224 772 qui
2255 702 2425 756 adhuc
2447 705 2502 757 in
2531 714 2669 759 terra
2697 712 3063 766 conversatur?
3093 712 3384 783 Perpende,
3411 716 3609 774 dulcis-

309 799 618 857 litterarum
649 796 1010 866 Ecclesiteque
1039 796 1141 852 hac
1167 797 1234 851 de
1257 812 1317 852 re
1344 796 1623 861 doctrina;
1669 798 1905 854 secundo
2006 791 2140 845 sima
2168 790 2306 860 ﬁlia,
2331 794 2454 863 quia
2494 804 2660 849 mater
2689 799 3019 869 negligentia:
3040 802 3170 856 solet
3198 820 3308 859 esse
3333 808 3608 864 securitas.

310 898 632 948 constanter
661 890 801 945 idem
834 889 889 943 in
917 889 1167 945 omnibus
1194 905 1334 960 pene
1372 891 1646 960 operibus,
1679 891 1906 947 diversis

308 981 440 1041 licet
469 983 801 1053 temporibus
844 982 1189 1048 elucubratis,
1225 983 1476 1038 nimirum
1512 984 1567 1039 in
1615 984 1909 1041 Moralibus

308 1076 403 1133 lib.
437 1092 599 1131 xxxtv
628 1092 777 1131 num.
809 1074 915 1142 54,
960 1077 1013 1130 in
1061 1075 1324 1145 Dialogis,
1358 1084 1413 1131 et
1442 1076 1495 1131 in
1541 1077 1769 1147 epistola
1793 1077 1908 1147 jam

309 1170 547 1239 laudata,
573 1186 691 1241 quae
734 1170 861 1233 huic
886 1169 1367 1233 dissertatiunculte
1406 1171 1749 1225 occasionem
1771 1186 1909 1241 pra:-

309 1263 447 1329 buit,
476 1264 546 1318 ob
575 1278 815 1319 errorem
844 1263 1147 1331 legatorum
1172 1262 1385 1333 Cyriaci
1411 1265 1466 1317 in
1496 1278 1561 1318 ea
1590 1263 1905 1320 refutatum.

310 1350 579 1407 Cmterum
610 1353 921 1423 Opinionem
951 1354 1091 1409 hanc
1118 1368 1237 1422 qua:
1282 1352 1501 1423 Origeni
1540 1355 1700 1410 tribui
1746 1355 1906 1420 solet,

309 1446 688 1515 impugnarunt
731 1447 844 1515 jam
894 1447 1225 1516 Augustinus
1273 1455 1329 1502 et
1374 1447 1602 1503 Basilius
1665 1447 1907 1518 Magnus.

312 1534 496 1607 (Vide
544 1536 634 1591 lib.
683 1553 776 1593 nt
854 1537 916 1592 de
975 1537 1124 1593 Civit.
1186 1537 1390 1605 Dei,c.
1442 1555 1517 1605 ιι,
1577 1537 1709 1610 Reg.
1771 1546 1909 1596 brev.

307 1636 494 1699 quiest.
525 1626 649 1681 267.
672 1629 691 1699 )

390 1718 471 1773 10.
511 1717 665 1786 Quod
714 1720 909 1789 legitur
953 1723 1005 1775 in
1050 1721 1185 1777 actis
1233 1722 1289 1777 S.
1336 1721 1618 1792 Perpetua:
1668 1721 1910 1793 (Patrol.

308 1816 440 1866 tom.
464 1809 615 1881 111),
640 1802 888 1867 nimirum
914 1813 1060 1867 illam
1088 1828 1186 1883 pro
1206 1813 1371 1868 fratre
1396 1813 1680 1869 Dinocrate
1702 1830 1908 1883 orasse,

2009 881 2220 937 Habere
2244 899 2366 953 ergo
2391 885 2445 939 in
2477 886 2573 940 hac
2600 889 2703 942 vita
2744 906 2849 944 non
2878 892 3028 947 debes
3058 896 3415 963 securitatem,
3447 902 3611 971 276

2009 992 2102 1043 per
2121 993 2274 1047 quam
2300 978 2564 1050 negligens
2591 981 2849 1037 reddaris.
2875 984 3140 1056 Scriptum
3165 1000 3240 1043 est
3267 994 3407 1046 enim
3434 1009 3446 1045 :
3473 993 3611 1047 Bea-

2011 1075 2091 1119 tus
2120 1068 2197 1120 vir
2223 1069 2307 1139 qui
2330 1085 2530 1141 semper
2551 1080 2625 1125 est
2650 1073 2870 1140 pavidus
2896 1074 3069 1145 (Psal.
3104 1095 3161 1143 ιι,
3186 1080 3299 1150 ii).
3333 1082 3403 1135 Et
3431 1100 3612 1140 rursus

2009 1159 2256 1221 scriptum
2283 1169 2395 1213 est:
2430 1160 2631 1216 Servite
2677 1163 2904 1219 Domino
2942 1168 2998 1219 in
3030 1169 3234 1235 timore,
3266 1181 3316 1224 et
3342 1175 3603 1228 exsultate

2010 1250 2059 1301 ei
2077 1265 2191 1303 cum
2214 1260 2432 1306 tremore
2455 1252 2636 1324 (Prov.
2663 1271 2852 1325 xxvnt,
2878 1255 2990 1328 14).
3019 1257 3088 1311 In
3113 1276 3277 1329 pauco
3302 1280 3423 1333 ergo
3457 1264 3611 1334 hujus

2011 1340 2129 1393 vita:
2179 1350 2404 1411 tempore
2448 1352 2669 1398 mentem
2714 1354 2935 1400 vestram
2982 1364 3190 1403 necesse
3221 1359 3299 1403 est
3334 1361 3389 1404 ut
3416 1362 3612 1407 tremor

2015 1438 2205 1497 teneat,
2229 1442 2477 1503 quatenus
2500 1452 2591 1505 per
2614 1438 2903 1492 securitatis
2927 1440 3173 1510 gaudium
3194 1444 3306 1495 sine
3332 1444 3438 1511 ﬁne
3466 1454 3610 1514 post-

2014 1524 2223 1589 modum
2252 1526 2474 1581 exsultet
2502 1526 2643 1598 (Lib.
2670 1544 2759 1595 vn,
2791 1546 2871 1599 ep.
2908 1529 3022 1600 25).

2077 1616 2212 1683 Quid
2241 1620 2597 1689 opportunius
2626 1620 2731 1676 hoc
2759 1621 2879 1677 loco
2910 1623 2979 1677 ad
3000 1622 3364 1679 exsulilandas
3396 1625 3614 1681 larvatus

2015 1704 2297 1775 cuiusdam
2330 1709 2547 1778 pietatis
2575 1710 2813 1767 fallacias
2856 1727 2977 1782 qutc
2998 1714 3098 1769 sub
3127 1716 3356 1770 mentito
3383 1716 3616 1785 purioris

2017 1799 2219 1853 amoris
2261 1800 2481 1857 nomine
2528 1817 2743 1858 omnem
2787 1803 3034 1860 timorem
3076 1806 3145 1861 de
3173 1808 3347 1862 salute
3389 1816 3612 1875 acterna,

307 1900 499 1969 sicque
527 1901 703 1971 ipsum
731 1918 762 1956 ε
791 1904 965 1973 poenis
997 1904 1189 1974 quibus
1228 1904 1283 1958 ίη
1312 1904 1434 1959 loco
1463 1906 1759 1960 tenebroso
1790 1907 1909 1976 ple-
1942 1904 1993 1965 Β
2019 1890 2439 1949 sollicitudinem
2486 1910 2703 1952 omnem
2734 1899 2984 1954 excutit?
3029 1899 3089 1954 In
3129 1900 3358 1970 epistola
3396 1902 3615 1970 quidem

307 1989 559 2044 ctebatur
585 1990 862 2056 liberasse,
895 1993 1117 2048 minime
1144 1993 1289 2048 favet
1317 1994 1563 2062 Opinioni
1591 2010 1753 2067 quam
1782 2004 1907 2068 post

306 2077 631 2149 Gregorium
683 2080 1073 2151 impugnamus.
1109 2082 1308 2138 Probat
1345 2083 1487 2138 enim
1533 2085 1906 2140 tantummodo

305 2182 558 2228 mortuos
614 2174 912 2243 purgatorii
958 2176 1284 2230 cruciatibus
1351 2175 1594 2232 addictos
1640 2177 1711 2233 ob
1766 2177 1908 2233 levia

310 2270 534 2332 peccata
559 2272 685 2333 post
710 2264 1035 2334 baptismum
1067 2266 1320 2333 admissa,
1346 2280 1505 2336 posse
1527 2266 1762 2321 ﬁdelium
1793 2284 1910 2338 pre-

310 2352 463 2406 cibus
510 2352 577 2407 ab
622 2354 686 2409 iis
724 2355 909 2410 eximi.
952 2354 1122 2423 Quam
1147 2355 1556 2426 responsionem
1599 2358 1910 2429 suppeditat

312 2443 643 2513 Augustinus
672 2446 763 2502 lib.
796 2464 813 2503 ι
844 2448 910 2503 de
951 2447 1169 2517 Origine
1211 2448 1402 2503 anima:
1429 2448 1606 2513 c.10,
1637 2459 1692 2504 et
1722 2450 1815 2504 lib.
1850 2467 1909 2506 ιιι

310 2550 363 2592 c.
403 2537 465 2604 9,
490 2538 581 2593 ubi
627 2540 704 2594 ait
741 2540 1082 2597 Dinocratem
1129 2552 1350 2612 propter
1394 2551 1619 2612 peccata
1660 2544 1909 2612 qumdam

260 2616 265 2619 ⁸
312 2628 597 2685 commissa
625 2639 749 2701 post
776 2633 1103 2703 baptismum
1133 2633 1341 2704 aliquas
1378 2634 1663 2704 pertulisse
1694 2650 1905 2705 poenas.

314 2716 524 2789 Quippe
551 2736 674 2775 cum
697 2723 977 2792 septennis
1007 2732 1170 2785 esset,
1198 2724 1374 2794 potuit
1408 2724 1656 2790 mentiri,
1682 2734 1775 2779 aut
1798 2726 1907 2782 alio

313 2812 420 2868 levi
463 2815 679 2885 piaculo
730 2818 965 2871 animam
1013 2818 1306 2873 maculare.
1361 2817 1517 2884 Quod
1562 2826 1744 2872 autem
1784 2827 1912 2874 ante

312 2912 546 2959 mortem
576 2904 762 2962 fuisset
789 2908 1093 2978 baptizatus
1146 2910 1331 2980 negari
1379 2909 1599 2978 nequit,
1643 2908 1911 2979 Perpetua

310 2996 431 3068 ipsa
460 3004 693 3054 testante
744 3006 914 3055 totam
968 3000 1227 3055 familiam
1254 3015 1431 3070 suam,
1462 3008 1691 3071 excepto
1720 3009 1875 3070 patre
1893 3041 1911 3070 ,

310 3088 516 3149 Christi
542 3094 772 3152 coluisse
792 3096 1131 3166 religionem.

927 3208 1158 3266 CAPUT
1202 3206 1293 3267 XI.

2014 1986 2083 2042 ad
2130 1986 2494 2045 Theoctistam
2544 1993 2824 2062 patriciam
2858 1992 2999 2065 (Lib.
3052 2011 3144 2061 vn,
3193 2011 3277 2066 ep.
3306 1994 3398 2065 26)
3447 2037 3462 2061 ,
3495 2010 3616 2066 qua:

2015 2078 2281 2147 proxime‘
2307 2080 2572 2150 sequitur,
2619 2083 2856 2152 explicat
2906 2084 2964 2139 S.
3016 2084 3219 2141 Doctor
3260 2087 3368 2142 duo
3416 2101 3616 2155 genera

2015 2168 2473 2238 compunctionis,
2521 2187 2679 2226 unum
2726 2173 2863 2245 quod
2915 2183 3138 2229 (etei-nas
3186 2191 3365 2245 plenas
3412 2177 3615 2244 metuit,

2014 2258 2243 2313 alterum
2292 2275 2401 2329 quo
2430 2261 2589 2330 longa
2636 2264 2884 2319 maeroris
2926 2264 3211 2320 formidine
3257 2274 3313 2321 et
3340 2267 3616 2322 anxietate

2012 2360 2355 2422 consumpta,
2385 2354 2629 2423 quaedam
2654 2354 2768 2424 jam
2799 2358 2867 2412 de
2890 2358 3311 2427 prtesumptione
3338 2359 3509 2413 venia:
3534 2372 3615 2413 se-

2014 2443 2214 2498 curitas
2255 2445 2513 2499 nascitur.
2548 2446 2616 2500 At
2664 2447 2753 2502 hic
2782 2456 2954 2504 status
2980 2464 3088 2503 non
3120 2449 3363 2504 excludit
3392 2464 3613 2503 omnem

2014 2536 2206 2591 salutis
2226 2552 2410 2592 curam
2441 2556 2456 2603 ;
2489 2552 2664 2607 neque
2684 2539 2826 2593 enim
2855 2539 3007 2595 adest
3031 2541 3187 2610 plena
3215 2540 3495 2606 securitas,
3518 2539 3615 2595 sed

2015 2629 2289 2695 inchoata,
2325 2646 2434 2685 non
2464 2646 2680 2685 omnem
2708 2632 2984 2701 expellens
3013 2632 3289 2701 timorem,
3322 2632 3417 2686 scd
3446 2631 3611 2686 nimis

2016 2722 2256 2775 anxium.
2291 2721 2412 2777 Hoc
2459 2722 2512 2776 in
2551 2730 2716 2789 statu,
2746 2724 2981 2793 inquam,
3025 2724 3203 2777 anima
3230 2723 3293 2776 de
3332 2721 3615 2778 caelestibus

2016 2814 2245 2883 primitiis
2291 2814 2537 2884 suspirat.
2589 2814 2692 2878 Qui
2735 2816 2878 2885 prius
2915 2814 3091 2885 ﬂebat,
3131 2832 3194 2869 ne
3236 2817 3509 2868 duceretur
3543 2814 3615 2868 ad

2015 2906 2327 2974 supplicium
2354 2949 2368 2974 ,
2399 2894 2723 2976 postmodum
2753 2907 2877 2975 [lere
2904 2909 3227 2963 amarissime
3262 2907 3464 2978 incipit,
3493 2907 3617 2978 quia

1990 2992 1992 2996 ⁷
2018 2995 2259 3065 di/fertur
2288 3015 2319 3050 a
2350 3014 2529 3068 regno.

2087 3086 2141 3141 2.
2174 3086 2255 3142 Ex
2284 3088 2385 3144 hac
2430 3090 2659 3159 epistola
2700 3090 3045 3159 intelligimus
3080 3092 3471 3159 Theoctistam,
3516 3091 3619 3146 im-

2016 3179 2286 3249 peratoris
2314 3195 2580 3247 sororem,
2613 3182 2752 3237 sacri
2783 3182 2931 3236 verbi
2971 3182 3215 3237 ubertate
3242 3182 3459 3251 plenam
3487 3181 3618 3236 fuis-

313 3295 510 3349 Ancuu.
534 3326 595 3336 —
616 3299 661 3349 1.
683 3301 734 3352 S.
760 3302 1031 3365 Gregorius
1072 3305 1121 3351 in
1159 3305 1376 3353 moribus
1410 3302 1722 3354 eﬂ'ormandis
1744 3303 1910 3353 doctor
1939 3289 1987 3353 (ἶ
2017 3285 2098 3335 se’
2142 3271 2209 3365 ³ξ¹
2235 3280 2439 3365 ac?“
2484 3272 3045 3365 gaudia_i“cessamer
3081 3272 3398 3365 δυδνξῖθξεθτ
3432 3271 3497 3325 ad
3525 3286 3618 3365 re"

382 3364 610 3411 eximius.
638 3363 762 3422 Quid
785 3363 962 3415 doc—eat
985 3374 1149 3415 contra
1173 3368 1369 3415 nimiam
1408 3369 1729 3417 securitatem
1772 3373 1823 3416 et
1845 3366 1911 3416 de

377 3424 568 3489 duplici,
590 3428 985 3489 compunctione,
1009 3452 1068 3462 —
1091 3427 1138 3475 Ξ.
1163 3426 1458 3477 Theoctistae
1489 3430 1673 3478 sororis
1696 3430 1912 3489 impera-

378 3489 502 3551 toris
527 3488 702 3551 pietas.
729 3515 789 3525 —
812 3490 858 3538 5.
888 3489 937 3539 8.
963 3488 1231 3551 Gregorius
1249 3492 1416 3539 amicis
1440 3492 1656 3551 denegat
1679 3488 1825 3549 Opem
1852 3490 1911 3538 ad

378 3549 644 3597 obtinenda
667 3551 921 3601 saecularia
944 3549 1114 3600 ofﬁcia.
1130 3577 1206 3589 .—
1227 3552 1272 3599 ιι.
1302 3551 1482 3610 Quales
1506 3549 1671 3601 amicis
1694 3564 1911 3601 maeren-

379 3611 514 3659 tibus
537 3612 798 3662 adhiberet
820 3613 1194 3663 consolationes.
1217 3638 1277 3651 --
1297 3616 1345 3663 5.
1370 3613 1556 3664 Laudat
1585 3614 1733 3662 laicos
1759 3613 1910 3663 divini

378 3674 523 3738 verbi
553 3674 712 3722 cibum
736 3682 1035 3737 quaerentes.
1062 3700 1123 3709 —
1147 3676 1200 3738 6,
1220 3676 1514 3725 Ariminensi
1562 3679 1792 3738 episcopo
1834 3678 1912 3723 in-

377 3732 518 3784 ﬂrino
562 3732 814 3785 successor
833 3738 991 3787 datur.
1010 3764 1071 3773 —
1092 3738 1138 3784 7.
1167 3737 1227 3785 Et
1270 3738 1572 3787 Corneliensi
1597 3732 1682 3785 'ob
1728 3737 1911 3796 lapsum

378 3796 592 3860 dejecto.
634 3798 877 3860 Laudatur
923 3812 947 3846 a
975 3799 1127 3860 Greg.
1158 3799 1438 3860 Stephanus
1478 3800 1750 3860 episc0pus.
1777 3824 1837 3831 —
1862 3799 1908 3845 8.

378 3856 484 3905 Res
507 3858 728 3916 quaedam
763 3862 1059 3909 monasticae.
1081 3856 1145 3895 ῖ-
1166 3860 1215 3908 9.
1244 3856 1421 3908 Insulae
1448 3856 1655 3907 Corsicte
1682 3860 1913 3919 prospicit

336 3944 339 3947 -
378 3931 583 3981 papa.—
620 3921 696 3969 10.
724 3921 953 3983 Quaedam
977 3923 1039 3969 de
1064 3922 1312 3983 servilium
1336 3932 1658 3983 personarum
1684 3920 1913 3981 conjuglo

378 3983 726 4031 observantur.
754 3982 994 4042 (An.596.
1020 3990 1073 4032 et
1095 3982 1228 4043 597.)

390 4083 443 4137 l.
486 4082 611 4140 Mox
652 4085 883 4140 vidimus
912 4084 969 4140 S.
1002 4084 1341 4155 Gregorium,
1375 4084 1775 4155 Theologorum
1817 4099 1916 4155 op-

320 4174 530 4239 timum,
564 4189 663 4244 pro
715 4175 839 4229 fidei
868 4177 1105 4245 puritate
1151 4191 1213 4231 ac
1260 4174 1571 4244 integritate
1620 4173 1917 4230 fortissime

318 4263 719 4333 decertantem;
751 4281 892 4320 nunc
922 4266 1177 4321 miremur
1217 4266 1389 4336 ipsum
1424 4274 1677 4335 tanquam
1720 4266 1773 4320 in
1798 4279 1917 4320 mo-

318 4353 469 4409 ribus
488 4355 841 4411 informandis
860 4357 1177 4426 magistrum
1195 4357 1451 4412 eximium
1472 4356 1689 4425 pietatis
1715 4354 1919 4426 perfec-

320 4443 591 4515 tionisque
617 4446 933 4502 Christianae
975 4447 1392 4517 exquisitissima
1420 4447 1918 4504 subministrantem

319 4537 565 4592 consilia.
618 4537 910 4609 Gregoria,
942 4546 1196 4610 Augusta:
1226 4540 1589 4609 cubicularis,
1619 4540 1916 4609 scripserat

323 4629 373 4684 ei
405 4644 464 4685 se
494 4645 768 4699 nunquam
800 4633 868 4687 ab
911 4633 1234 4704 importunis
1262 4634 1515 4704 precibus
1544 4641 1874 4689 cessaturam
1897 4674 1914 4701 ,

308 4722 498 4778 donec
527 4724 594 4778 ab
622 4725 740 4795 ipso
764 4734 915 4780 certo
943 4726 1125 4794 sciret,
1158 4727 1408 4783 nimirum
1448 4742 1517 4781 ex
1558 4727 1737 4783 divina
1764 4742 1920 4783 reve-

325 4814 551 4883 latione,
579 4826 799 4885 peccata
851 4832 948 4872 sua
978 4833 1100 4874 esse
1143 4817 1380 4873 dimissa.
1408 4817 1508 4873 Cui
1537 4820 1616 4874 sic
1642 4818 1922 4889 respondit

323 4907 721 4965 modestissime
744 4910 903 4964 simul
927 4926 992 4966 ac
1013 4910 1429 4980 prudentissime
1457 4930 1469 4965 :
1496 4911 1627 4966 Rem
1648 4914 1919 4984 difﬁcilem

322 5002 481 5055 etiam
510 5013 558 5055 et
588 5003 822 5058 inutilem
860 5004 1153 5074 postulasti.
1197 5003 1487 5076 Difﬁcilem
1529 5007 1761 5077 quidem,
1794 5008 1916 5077 quia

324 5108 420 5163 ego
448 5094 694 5166 indignus
736 5110 851 5150 sum
878 5098 959 5150 cui
989 5096 1232 5149 revelatio
1272 5096 1389 5165 ﬁeri
1432 5095 1630 5150 debeat.
1665 5095 1916 5150 Inutilem

323 5200 463 5250 vero,
478 5187 600 5254 quia
614 5203 797 5241 secura
812 5187 876 5241 de
891 5187 1115 5257 peccatis
1132 5189 1229 5240 tuis
1248 5188 1362 5257 ﬁeri
1378 5203 1481 5241 non
1498 5185 1669 5252 debes,
1684 5189 1787 5241 nisi
1802 5204 1917 5242 cum

319 5274 438 5345 jam
456 5277 513 5330 in
534 5277 619 5332 die
638 5279 755 5333 vitae
774 5287 875 5332 tua:
895 5278 1077 5332 ultimo
1100 5279 1348 5349 plangere
1370 5276 1550 5330 eadem
1572 5286 1785 5348 peccata
1813 5278 1918 5331 mi-

325 5367 467 5423 nime
479 5368 691 5423 valebis.
709 5370 839 5435 Qua:
855 5372 962 5425 dies
977 5387 1238 5441 quousque
1258 5371 1429 5424 veniat
1444 5386 1646 5439 semper
1659 5379 1916 5439 suspecta,

325 5476 531 5530 semper
545 5463 750 5532 trepida
772 5474 995 5517 metuere
1014 5464 1193 5534 culpas
1206 5463 1376 5529 debes,
1393 5472 1544 5534 atque
1558 5478 1645 5516 eas
1661 5463 1917 5533 quotidia-

323 5551 413 5608 nis
432 5552 635 5622 ﬂetibus
648 5555 841 5609 lavare.
857 5553 1005 5609 Certe
1017 5554 1216 5610 Paulus
1229 5554 1492 5626 apostolus
1505 5553 1621 5625 jam
1632 5554 1702 5607 ad
1720 5555 1922 5609 tertium

326 5644 511 5700 calum
533 5645 858 5710 ascenderat,
884 5648 937 5699 in
959 5646 1263 5715 paradisum
1303 5661 1501 5717 quoque
1530 5645 1714 5699 ductus
1737 5646 1928 5716 fuerat,

328 5748 530 5789 arcana
560 5735 709 5788 verba
752 5735 1008 5801 audierat,
1041 5752 1155 5805 qua:
1197 5736 1393 5791 homini
1424 5736 1561 5805 loqui
1603 5751 1705 5790 non
1753 5734 1931 5789 liceret

331 5825 435 5901 (11
451 5828 573 5883 Cor.
591 5829 688 5899 xu)
706 5846 719 5895 ;
739 5840 786 5883 et
803 5838 970 5883 tamen
994 5830 1159 5883 adhuc
1178 5830 1443 5898 trepidans
1460 5828 1692 5882 dicebat:
1716 5827 1928 5899 Castigo

335 5936 525 5993 corpus
554 5938 744 5992 meum,
772 5931 821 5977 et
846 5923 1082 5979 servituti
1120 5922 1357 5996 subjicio,
1383 5938 1449 5982 ue
1478 5922 1615 5996 forte
1643 5920 1764 5982 aliis
1790 5938 1927 5991 pra:-

2016 3360 2390 3431 promissionis
2423 3362 2654 3431 patriam
2687 3362 2831 3418 inter
2860 3363 3030 3417 undas
3058 3362 3242 3418 saeculi
3269 3362 3428 3419 siccis
3454 3362 3619 3417 vesti-

2017 3453 2119 3522 giis
2155 3468 2517 3524 properasse;
2557 3455 2809 3510 nimirum
2858 3455 3000 3510 inter
3028 3454 3308 3511 hominum
3357 3455 3619 3511 tumultus

2016 3557 2073 3600 et
2101 3545 2157 3599 in
2182 3544 2299 3615 ipsa
2326 3545 2448 3600 aula
2478 3545 2828 3601 solitudinem
2857 3546 3085 3602 colendo
3112 3565 3126 3613 ;
3153 3545 3298 3618 quod
3324 3561 3424 3616 pro
3454 3546 3619 3600 mira-

2017 3635 2142 3691 culo
2171 3636 2334 3690 habet
2360 3636 2418 3691 S.
2457 3635 2771 3705 Gregorius,
2818 3646 3206 3706 comparatque
3235 3654 3356 3693 cum
3384 3636 3618 3691 filiorum

2015 3726 2187 3781 Israel
2236 3728 2465 3782 transitu
2509 3743 2608 3799 per
2637 3728 2785 3783 Mare
2827 3729 3088 3783 Rubrum.
3130 3727 3393 3782 Piissima:
3439 3726 3617 3782 sorori

2018 3816 2428 3871 nutriendorum
2458 3817 2751 3871 liberorum
2781 3818 3114 3887 provinciam
3159 3815 3383 3869 dederat
3413 3814 3615 3869 Mauri-

2019 3905 2137 3960 cius
2159 3905 2429 3974 Augustus
2454 3924 2468 3971 ;
2500 3906 2628 3960 hinc
2655 3921 2772 3961 eam
2801 3907 3050 3962 hortatur
3076 3920 3213 3977 papa
3244 3913 3305 3959 ut
3327 3904 3447 3960 illos
3472 3905 3618 3975 opti-

2018 3998 2122 4053 mis
2142 3998 2384 4053 moribus
2412 3998 2652 4053 imbuere
2672 4007 2899 4054 conetur
2921 4042 2935 4064 ,
2966 4007 3020 4053 et
3053 3997 3333 4054 eunuchos
3375 3996 3616 4066 ipsorum

2020 4088 2278 4143 custodiae
2323 4104 2387 4142 ac
2439 4089 2712 4157 obsequiis
2758 4088 3048 4159 deputatos
3087 4087 3399 4153 admoneat,
3448 4101 3613 4156 quam

2022 4188 2184 4235 caute
2229 4195 2413 4235 coram
2460 4180 2591 4250 ipsis
2632 4179 2779 4249 loqui
2832 4179 3104 4234 debeant:
3143 4177 3312 4231 Verba
3340 4179 3385 4231 si
3416 4176 3619 4248 quidem

2020 4272 2377 4337 nutrientium,
2427 4271 2621 4341 inquit,
2653 4279 2743 4325 aut
2781 4272 2863 4325 lac
2891 4278 3041 4324 erunt
3084 4269 3129 4323 si
3160 4267 3293 4323 bona
3340 4278 3483 4335 sunt,
3526 4276 3620 4321 aut

2021 4376 2273 4415 venenum
2302 4362 2346 4415 si
2375 4362 2535 4415 mala.
2565 4360 2626 4415 ln
2655 4360 2843 4415 eadem
2867 4359 3099 4429 epistola
3127 4358 3417 4427 Gregorius
3437 4365 3621 4412 osten~

2022 4450 2102 4506 dit
2130 4467 2190 4507 se
2216 4450 2284 4507 de
2325 4451 2501 4507 salute
2536 4450 2905 4507 Constantinae
2943 4451 3216 4521 Augustin,
3264 4458 3319 4504 et
3361 4448 3428 4502 de
3456 4447 3621 4517 ipsius

2024 4540 2269 4613 profectu
2300 4543 2352 4597 in
2383 4543 2581 4597 virtute
2610 4543 2938 4598 sollicitum:
2971 4557 3107 4611 quos
3144 4540 3289 4595 enim
3320 4538 3553 4602 amabat,
3586 4553 3620 4593 a

2024 4633 2256 4690 terrenis
2280 4634 2663 4704 cupiditatibus
2692 4634 3028 4699 abstrahere,
3059 4640 3116 4686 et
3143 4631 3197 4685 in
3216 4644 3401 4684 amore
3427 4629 3620 4685 coales-

2029 4722 2163 4777 tium
2192 4723 2520 4779 succendere
2549 4725 2878 4789 conabatur;
2908 4723 3130 4791 haecque
3157 4727 3315 4775 erant
3341 4718 3460 4789 ejus
3485 4722 3622 4776 ami-

2026 4816 2167 4870 citia:
2195 4816 2437 4887 symbola
2464 4825 2520 4872 et
2545 4825 2880 4885 argumenta.

2097 4904 2150 4960 5.
2182 4907 2447 4976 Andreas,
2489 4907 2571 4960 vir
2596 4906 2929 4960 clarissimus
2952 4946 2967 4971 ,
2998 4904 3115 4973 ejus
3144 4904 3422 4960 familiaris
3446 4947 3461 4972 ,
3492 4921 3622 4975 pos-

2030 4996 2236 5051 tularat
2262 4996 2332 5050 ab
2376 5011 2444 5051 eo
2500 4995 2816 5064 imperatori
2864 4995 3254 5061 commendari,
3309 4995 3377 5051 ad
3404 4994 3623 5064 aliquod

2024 5088 2267 5145 officium
2314 5088 2368 5142 in
2415 5086 2694 5157 republica
2740 5086 3093 5143 obtinendum
3117 5128 3131 5154 ,
3166 5088 3311 5157 quod
3337 5086 3622 5145 sanctissi-

2026 5195 2175 5236 mum
2219 5188 2430 5250 patrem
2476 5195 2587 5235 non
2633 5179 2889 5236 mediocri
2934 5196 3168 5237 maerore
3196 5182 3442 5252 perculit.
3476 5180 3623 5235 Mul-

2030 5280 2108 5326 tos
2129 5272 2264 5337 novi,
2290 5270 2464 5339 inquit
2491 5270 2687 5334 amico,
2717 5270 2805 5342 qui
2834 5272 2887 5325 in
2916 5273 3121 5327 servitio
3145 5271 3441 5343 reipublica:
3466 5268 3624 5338 positi

2032 5364 2348 5419 vehementer
2391 5363 2736 5434 afﬂiguntur:
2788 5364 2911 5435 quia
2948 5365 3023 5419 eis
3065 5379 3169 5419 non
3215 5363 3332 5417 licet
3359 5376 3543 5416 vacare
3572 5369 3625 5414 et

2030 5466 2243 5528 peccata
2267 5473 2364 5512 sua
2408 5456 2696 5527 plangere;
2734 5464 2782 5510 et
2811 5473 2897 5511 vos
2921 5473 3100 5528 quare,
3150 5455 3340 5520 nescio,
3364 5453 3624 5521 implicari

2034 5551 2380 5605 desideratis?
2408 5549 2574 5604 Multa
2604 5551 2959 5620 praetermitto
2987 5550 3055 5604 de
3070 5547 3261 5603 mundi
3285 5554 3621 5615 contemptu,

2034 5642 2192 5711 digna
2223 5649 2401 5695 tamen
2430 5655 2549 5711 quae
2576 5640 2822 5709 legantur
2848 5649 2904 5696 et
2927 5638 3069 5694 serio
3096 5637 3288 5693 animis
3315 5636 3620 5706 insculpan-

2034 5742 2140 5787 tur.
2171 5729 2465 5801 Epistolam
2495 5731 2597 5786 ista
2626 5732 2882 5791 claudunt
2906 5747 2917 5781 :
2950 5728 3068 5782 Hoc
3095 5728 3265 5798 ipsum
3294 5743 3413 5781 vero
3434 5743 3543 5780 esse
3569 5728 3623 5782 in

2035 5826 2273 5895 obsequio
2296 5826 2515 5897 piissimi
2536 5825 2808 5895 principis,
2834 5830 3028 5891 quanta
3049 5828 3124 5874 est
3143 5820 3326 5873 mentis
3355 5820 3621 5890 occupatio

2033 5924 2087 5981 in
2115 5921 2345 5995 appetitu
2366 5929 2586 5980 terrente
2606 5919 2813 5993 gratim,
2834 5923 2882 5976 ct
2903 5922 3124 5992 quantus
3152 5923 3233 5987 est
3251 5914 3405 5975 timor
3430 5928 3495 5972 ne
3515 5911 3599 5973 lue

3372 6026 3407 6045 ,Δ
