4130 6466
595 386 701 445 405

1082 387 1139 445 8.
1184 384 1509 445 GREGORH
1544 382 1757 445 MAGNI
1795 385 1981 454 Vl'l'A,
2024 385 2117 442 EX
2160 382 2320 444 EJUS
2358 380 2661 443 SCRIPTIS
2697 382 3092 443 ADORNATA.
3133 382 3263 440 LlB.
3304 380 3394 439 Ill.

3788 372 3907 435 θοι

591 504 774 564 “dein
809 514 980 576 grana
1024 503 1294 572 perdatur,
1344 506 1391 559 si
1429 505 1619 576 adepta
1663 505 1864 577 fuerit?
1916 502 2191 573 Perpende
2218 505 2265 565 Α
2293 502 2562 561 cidentem
2605 515 2959 575 revertamur,
3010 504 3098 561 ubi
3135 500 3479 575 potissimum'
3517 497 3787 573 vigilabat
3826 496 3905 557 ad

589 616 714 672 ergo
740 613 853 670 qua:
881 614 1028 667 pinna
1054 599 1145 663 sit,
1176 606 1285 663 aut,
1319 599 1675 669 prosperitatis
1706 598 1959 653 desiderio
1990 600 2184 669 fatiga-

588 693 659 760 ri,
688 698 778 747 aut
798 691 1124 746 adversitatis
1151 690 1335 746 timore
1358 707 1646 762 pavescere.
1681 690 1831 745 Unde
1856 691 2025 761 magis
2055 707 2180 745 sua-

576 782 683 843 deo
707 823 720 847 ,
751 791 808 837 ut
836 782 1137 853 magnitudo
1164 790 1327 837 vestra
1373 784 1429 837 in
1468 801 1561 838 suo
1591 784 1854 853 praposito
1895 782 2178 853 quondam,

584 877 642 931 in
670 893 834 948 pauco
875 883 1099 945 (stupore
1131 878 1421 932 delectabili
1452 878 1774 947 receptaculo
1806 878 2180 947 peregrinatio-

582 968 667 1023 nis
692 970 855 1023 vivere
902 969 1129 1031 studeat,
1183 978 1232 1023 et
1278 972 1499 1040 quietam
1548 987 1609 1023 ac
1648 969 1981 1041 tranquillam
2020 970 2177 1023 vitam

581 1059 790 1126 ducere,
821 1063 987 1115 sacris
1011 1060 1314 1116 lectionibus
1345 1079 1550 1128 vacare,
1582 1062 1808 1117 caelestia
1834 1062 1985 1115 verba
2014 1061 2177 1115 medi-

581 1151 684 1203 tari
713 1152 767 1205 in
798 1153 1103 1207 ceternitatis
1126 1170 1301 1207 amore
1326 1171 1380 1207 se
1408 1154 1705 1218 accendere,
1751 1155 1815 1207 de
1854 1156 2067 1208 terrenis
2092 1172 2176 1209 re-

580 1239 673 1294 bus
702 1243 984 1297 secundum
1007 1246 1139 1299 vires
1182 1244 1317 1299 bona
1344 1263 1501 1315 opera
1532 1264 1705 1318 agere,
1739 1256 1787 1300 et
1816 1264 2027 1318 regnum
2053 1264 2173 1317 per—

578 1341 787 1401 petuum
834 1335 888 1388 in
927 1352 1102 1389 eorum
1146 1339 1561 1391 remuneratione
1590 1355 1818 1407 sperare.
1871 1338 1960 1391 Sic
2002 1347 2174 1392 autem

576 1426 763 1492 vivere,
788 1426 904 1495 jam
924 1427 977 1479 in
999 1428 1301 1481 mternitatis
1332 1428 1435 1480 vita
1455 1438 1661 1495 partem
1683 1428 1867 1482 habere
1896 1439 1992 1483 est.
2021 1427 2169 1494 "(130,

576 1510 853 1582 magniﬁce
881 1513 978 1583 ﬁli,
1012 1514 1192 1584 loquor
1217 1556 1231 1581 ,
1259 1518 1378 1582 quia
1412 1518 1627 1570 multant
1656 1527 1701 1570 te
1740 1517 1922 1587 diligo.
1956 1516 2023 1569 Et
2050 1520 2172 1589 quia

572 1602 629 1655 in
668 1603 920 1671 procellas
953 1611 1002 1656 et
1028 1603 1214 1671 ﬂuctus
1242 1604 1431 1665 tendis.
1460 1608 1726 1660 verborum
1770 1624 1999 1661 meorum
2028 1609 2171 1675 [uni-

574 1690 666 1746 bus
698 1702 744 1746 te
770 1694 838 1746 ad
868 1695 1010 1748 littus
1049 1711 1260 1759 revoco;
1291 1704 1339 1749 et
1370 1698 1413 1750 si
1445 1698 1731 1752 trahentem
1762 1700 1902 1768 sequi
1929 1700 2166 1763 volueris,

568 1800 685 1856 quae
721 1786 951 1855 pericula
992 1790 1233 1853 evaseris,
1278 1806 1392 1859 qua:
1420 1791 1614 1857 gaudia
1662 1792 1934 1854 inveneris,
1964 1794 2015 1845 in
2055 1794 2169 1861 ipso

2286 593 2644 654 Ecclesiarum
2683 598 3126 669 gubernationem
3172 592 3461 667 pastoralis
3488 590 3744 658 Gregorii
3775 587 3901 648 sol-

2284 685 2526 745 licitudo.
2561 690 2910 745 Ariminensis
2942 687 3177 744 Ecclesia
3210 687 3300 741 diu
3332 685 3449 740 sine
3479 684 3741 753 episc0po
3775 681 3901 739 fue-

2284 788 2390 843 rat,
2422 780 2491 834 ob
2520 780 2784 836 infirmam
2813 782 3045 837 Castorii
3089 780 3471 836 valetudinem.
3504 777 3605 842 Qui
3635 793 3763 833 cum
3792 792 3899 849 per

2283 870 2692 938 quadriennium
2744 874 3018 941 abfuisset,
3068 889 3167 929 nec
3205 872 3395 927 melius
3444 872 3700 933 haberet,
3756 869 3895 922 data

2283 963 2491 1031 scriptis
2530 965 2908 1034 supplicatione
2937 968 3079 1035 petiit
3123 984 3154 1019 a
3194 981 3350 1036 papa,
3381 974 3437 1017 ut
3465 965 3584 1031 quia
3629 962 3699 1015 ad
3747 961 3895 1032 ejus-

2282 1052 2397 1106 dem
2424 1053 2674 1110 Ecclesia:
2706 1060 2934 1129 regimen
2956 1058 3031 1112 vel
3057 1066 3350 1127 susceptum
3402 1057 3646 1127 ofﬁcium,
3676 1072 3775 1125 pro
3802 1071 3898 1107 ea-

2281 1145 2395 1200 dem
2443 1165 2543 1219 qua
2596 1150 2920 1203 detinebatur
2973 1151 3209 1205 molestia
3258 1166 3533 1220 assurgere
3583 1147 3893 1201 nullatenus

2278 1252 2467 1309 posset,
2488 1240 2749 1297 Ecclesia:
2768 1244 2865 1311 ipsi
2897 1244 3140 1297 ordinare
3169 1244 3465 1313 episcopum
3496 1242 3719 1295 deberet.
3757 1238 3891 1304 Ejus

2279 1333 2420 1386 votis
2448 1348 2689 1387 annuens
2727 1350 2965 1388 summus
2995 1334 3256 1403 pontifex,
3288 1336 3412 1395 quia
3441 1342 3752 1385 cunctarum
3784 1329 3891 1382 Ec-

2279 1420 2555 1475 clesiarum
2584 1424 2821 1494 injuncta
2848 1441 2963 1477 eum
3005 1424 3368 1477 sollicitudinis
3398 1439 3521 1477 cura
3552 1423 3889 1489 constringe-

2280 1510 2385 1580 bat,
2417 1513 2555 1567 datis
2600 1514 2666 1567 de
2696 1530 2843 1567 more
2874 1514 3153 1583 praeceptis
3190 1514 3394 1567 clerum
3426 1522 3479 1567 et
3510 1511 3776 1582 populum
3826 1509 3890 1563 ad

2281 1601 2586 1669 eligendum
2617 1604 2717 1659 sibi
2758 1605 3052 1659 antistitem
3095 1605 3341 1659 hortatus
3380 1613 3482 1669 est,
3528 1618 3689 1672 quem
3722 1602 3888 1655 Mari-

2278 1694 2441 1749 niano
2488 1693 2785 1751 Ravennati
2812 1696 3227 1752 examinandum
3257 1696 3375 1753 sisti
3401 1694 3570 1751 voluit
3601 1693 3748 1765 (Lib.
3792 1710 3885 1758 vn,

2283 1802 2367 1855 ep.
2404 1786 2513 1853 l9).

566 1878 752 1949 quietis
792 1889 892 1934 tua:
916 1880 1092 1934 littore
1118 1884 1319 1951 positus
1350 1899 1598 1953 agnosces
1632 1883 1771 1953 (Lib.
1804 1900 1893 1940 vn.
1935 1901 2015 1954 ep.
2050 1882 2156 1954 21).

2352 1876 2403 1929 7.
2432 1874 2596 1931 Paulo
2628 1886 2750 1947 post
2772 1880 2838 1933 ad
2877 1879 3125 1935 eumdem
3156 1878 3514 1933 Marinianum
3545 1876 3790 1945 scripsit,
3826 1884 3884 1930 ut

542 1988 551 1995 -
639 1967 691 2021 tl.
722 1967 949 2036 Quando
982 1970 1283 2027 amicorum
1315 1972 1526 2029 animos
1554 1974 1802 2030 fatiscere
1831 1974 1930 2029 sub
1971 1989 2171 2029 {eruun-

564 2071 758 2114 narum
786 2061 1028 2130 pondere
1060 2063 1405 2131 observabat,
1437 2066 1636 2123 litteris
1665 2068 2044 2123 consolatoriis
2072 2083 2171 2125 eos

565 2151 811 2220 erigebat
842 2189 857 2216 ,
889 2152 977 2210 vel
1005 2155 1119 2224 ipsa
1147 2156 1310 2213 animi
1336 2158 1708 2226 magnitudine
1734 2175 1841 2229 qua
1871 2174 2033 2229 supra
2062 2160 2165 2215 hu-

564 2256 727 2296 mana
756 2242 936 2297 omnia
964 2244 1018 2299 in
1058 2236 1121 2302 iis
1159 2247 1400 2303 eminere
1425 2247 1728 2305 videbatur.
1761 2250 1838 2305 De
1872 2251 2165 2306 amicorum

566 2339 877 2387 nostrorum
935 2334 1159 2401 liberis,
1210 2345 1306 2392 aut
1364 2338 1540 2408 aliqua
1590 2340 1798 2396 ratione
1851 2341 2168 2411 propinquis

564 2432 743 2478 morte
772 2427 1052 2496 praereptis
1097 2428 1416 2499 immatura,
1462 2431 1699 2487 solemus
1729 2431 1952 2500 dolere;
2003 2434 2166 2503 idque

564 2512 633 2568 de
673 2528 860 2570 eorum
892 2517 1182 2574 amissione
1232 2520 1538 2590 lugentibus
1566 2522 1886 2592 significare.
1920 2525 1985 2579 At
2029 2524 2164 2582 Gre-

563 2603 747 2671 gorius
776 2605 850 2659 nil
880 2605 1101 2662 humani
1128 2609 1366 2679 sapiens,
1399 2612 1465 2666 ad
1493 2613 1763 2668 Andream
1793 2616 2028 2671 amicitia
2059 2617 2162 2672 sibi

563 2694 1062 2763 conjunctissimum
1110 2702 1337 2757 scribit:
1391 2703 1543 2767 Quod
1584 2705 1774 2759 dontna
1816 2706 2163 2761 Constantina

559 2786 853 2843 clarissima
883 2791 1075 2861 puella,
1105 2795 1407 2864 priusquam
1438 2799 1644 2862 nuptias
1676 2800 1888 2867 faceret,
1915 2799 1979 2852 ab
2008 2800 2161 2870 hujus

558 2882 738 2935 mundi
767 2881 1020 2939 illecebris
1048 2895 1127 2939 est
1171 2896 1347 2957 erepta
1367 2929 1380 2952 ,
1415 2890 1733 2945 vehementer
1762 2893 1962 2948 exsulto
2012 2893 2156 2966 (Lib.

560 2984 654 3038 vn,
684 2989 766 3041 ep.
808 2971 920 3044 29).
954 2974 1020 3028 Et
1046 2976 1114 3030 ad
1144 2976 1367 3032 Narsam
1398 2998 1408 3031 :
1464 2982 1567 3035 Per
1607 2985 1801 3053 scripta
1829 2995 1997 3039 vestra
2029 2987 2158 3040 mihi

560 3065 838 3118 transitum
867 3066 1071 3124 damna:
1110 3070 1350 3141 Esychite
1389 3076 1712 3141 nuntiastis;
1753 3086 1802 3130 et
1848 3094 2037 3148 magna
2067 3096 2160 3132 ea:-

558 3155 839 3211 sultatione
868 3162 1073 3230 gavisus
1088 3178 1199 3216 sum
1225 3202 1239 3226 ,
1272 3166 1393 3234 quia
1422 3166 1515 3220 illa
1544 3167 1678 3222 bona
1705 3169 1883 3223 anima
1914 3170 1982 3222 ad
2006 3186 2156 3224 suam

2279 1970 2494 2040 dejecto
2548 1989 2613 2028 ex
2654 1973 3017 2031 Cornellensis
3045 1974 3301 2031 Ecclesiae
3349 1973 3482 2030 sede
3530 1974 3799 2043 episcopo
3830 1972 3881 2030 in

2278 2064 2437 2135 277
2480 2052 2682 2120 crimen
2715 2066 2887 2136 lapso,
2922 2067 2975 2122 in
3007 2067 3123 2136 ejus
3163 2068 3341 2123 locum
3372 2067 3507 2121 alius
3536 2064 3881 2120 ordinaretur

2275 2158 2565 2228 episcopus
2590 2178 2602 2226 ;
2634 2160 2757 2230 quia
2788 2176 2888 2217 nec
2913 2162 3062 2231 lapso
3090 2178 3213 2231 spes
3242 2162 3348 2217 ulla
3372 2175 3658 2232 superesse
3695 2167 3878 2228 posset

2275 2251 2342 2306 ad
2396 2253 2676 2321 pristinam
2728 2253 2991 2311 redeundi
3043 2255 3381 2323 dignitatem.
3427 2269 3527 2309 nec
3574 2252 3717 2307 ultra
3773 2262 3878 2308 tres

2274 2358 2488 2399 menses
2520 2344 2816 2400 Ecclesiam
2848 2361 3039 2403 vacare
3067 2347 3204 2403 sacri
3236 2348 3613 2417 permitterent
3644 2346 3671 2384 ιι
3705 2362 3877 2403 cano~

2276 2450 2374 2490 nes
2414 2434 2653 2506 (Lib.vn,
2686 2453 2767 2504 ep.
2799 2436 2911 2501 bl).
2946 2437 3083 2493 Dum
3130 2454 3258 2494 vero
3289 2438 3422 2506 legis
3465 2453 3627 2508 supra
3666 2435 3876 2506 Grego-

2274 2527 2412 2582 rium
2467 2537 2690 2583 cunctas
2718 2529 2770 2583 in
2820 2529 3091 2586 Ecclesias
3138 2531 3515 2589 sollicitudinis
3554 2547 3743 2588 curam
3776 2532 3873 2587 sibi

2273 2620 2510 2675 tribuere
2534 2659 2549 2684 ,
2600 2636 2668 2676 ne
2700 2623 2992 2692 suspiceris
3022 2625 3195 2694 ipsum
3228 2626 3369 2680 ultra
3399 2626 3617 2681 modum
3650 2624 3871 2695 pontifi-

2270 2709 2407 2764 ciam
2455 2714 2743 2781 protulisse
2786 2726 3129 2785 potestatem,
3164 2719 3305 2789 quod
3336 2719 3403 2774 ab
3450 2719 3564 2788 ejus
3607 2719 3871 2775 modestia

2271 2812 2327 2859 et
2356 2807 2522 2863 animi
2573 2808 2899 2866 demissione
2930 2828 3150 2881 prorsus
3189 2814 3536 2868 abhorrebat.
3579 2810 3742 2868 Certe
3785 2813 3871 2880 qui

2268 2893 2373 2949 150
2403 2896 2627 2955 circiter
2655 2900 2811 2955 annis
2838 2909 2963 2956 ante
2996 2902 3171 2970 ipsum
3199 2902 3357 2968 sedit,
3390 2903 3500 2959 Leo
3530 2902 3776 2971 Magnus,
3806 2902 3870 2958 ad

2268 2998 2354 3054 ep.
2390 2986 2934 3047 Thessalonicensem
2972 2993 3214 3049 scribens
3245 2994 3347 3062 (ep.
3384 3010 3457 3049 xu
3480 3035 3495 3060 ,
3541 3011 3588 3049 ο.
3626 2994 3682 3060 1)
3732 3003 3795 3047 ut
3824 2993 3869 3047 ei

2264 3076 2410 3133 vices
2440 3097 2563 3135 suas
2602 3084 2987 3148 committeret,
3029 3085 3104 3139 ait
3141 3100 3262 3140 eum
3306 3088 3358 3140 in
3400 3096 3597 3156 partem
3635 3098 3867 3143 vocatum

2264 3184 2374 3223 esse
2423 3172 2809 3234 sollicitudinis,
2866 3191 2970 3230 non
3028 3176 3082 3229 in
3136 3176 3504 3248 plenitudinem
3556 3180 3867 3248 potestatis;

556 3246 780 3313 patriam
800 3252 1049 3317 pervenit,
1064 3268 1177 3321 qua:
1197 3254 1249 3306 in
1266 3257 1440 3323 patria
1470 3256 1743 3311 laborabat
1767 3259 1938 3312 aliena
1958 3258 2146 3328 (lbid.,
2178 3259 2227 3327 C
2258 3273 2421 3329 quam
2451 3262 2679 3331 proinde
2708 3264 2810 3319 sibi
2849 3244 3144 3321 vendicarel
3176 3283 3280 3347 non
3312 3244 3611 3324 dubitabat.

556 3351 639 3402 ep.
666 3335 781 3407 50).
813 3337 1045 3395 Noverat
1068 3340 1295 3398 fortasse
1320 3345 1464 3400 haud
1492 3348 1761 3413 ingratum
1793 3348 1909 3403 lore
1936 3350 2041 3404 hoc
2064 3365 2152 3419 ge-

555 3439 661 3479 nus
690 3427 1097 3497 consolationis,
1129 3430 1311 3490 Narseo
1340 3436 1456 3491 viro
1486 3437 1729 3507 religioso
1760 3439 1861 3504 (sic
1908 3442 2150 3513 appella-

555 3524 645 3573 tur
673 3518 726 3573 in
756 3521 999 3590 epistolae
1026 3523 1399 3599 inscriptione)
1431 3530 1523 3600 qui
1554 3514 1683 3587 cum
1707 3532 1948 3601 patricue
1978 3535 2151 3603 digni-

553 3608 682 3664 tatis
709 3619 871 3677 esset,
902 3623 961 3668 ut
1010 3630 1079 3672 ex
1120 3632 1205 3687 ep.
1261 3618 1331 3673 52
1359 3619 1451 3676 lib.
1502 3638 1557 3677 ιν
1606 3623 1895 3693 colligitur,
1949 3628 2149 3684 saeculo

550 3702 800 3759 nuntium
821 3712 946 3762 tunc
961 3708 1476 3779 remisisseﬁvidetur.
1510 3725 1564 3771 et
1583 3716 1899 3787 quibusdam
1924 3735 2142 3775 monas-

550 3790 700 3847 teriis
726 3793 1023 3862 praefuisse.
1054 3797 1191 3856 Filia
1219 3800 1334 3870 ejus
1363 3804 1663 3873 Dominica,
1697 3807 1848 3878 virgo
1890 3809 2146 3866 doctissi-

546 3892 657 3946 ma,
688 3898 807 3952 qua:
844 3884 1035 3944 Latina
1061 3906 1186 3947 cum
1214 3901 1375 3961 esset,
1409 3893 1594 3953 Graece
1623 3905 1805 3955 tamen
1852 3900 2145 3967 scribebat,

546 3971 725 4028 aulam
749 3990 966 4048 quoque
993 3980 1198 4051 fugiens
1220 4023 1236 4050 ,
1269 3989 1656 4044 monasterium
1677 3990 1915 4059 ingressa
1942 3991 2143 4054 fuerat.

545 4064 732 4136 ibique
768 4077 955 4137 postea
998 4072 1138 4130 facta
1185 4078 1493 4149 praeposita.
1544 4080 1676 4147 Quin
1722 4082 1790 4138 de
1839 4082 2144 4149 Dominica,

545 4155 603 4212 in
645 4154 842 4214 Grzecis
886 4161 1081 4219 litteris
1122 4167 1336 4229 erudita
1365 4167 1598 4225 diximus
1655 4186 1721 4227 eo
1750 4173 1921 4241 magis
1949 4174 2139 4231 mirari

545 4245 825 4313 debemus,
847 4252 991 4317 quod
1007 4252 1064 4307 S.
1095 4255 1387 4325 Gregorius
1414 4260 1481 4317 ad
1511 4260 1753 4329 ejusdem
1774 4270 1984 4332 patrem
2007 4266 2148 4323 scri-

543 4340 702 4407 bens,
748 4355 955 4404 asserat
996 4356 1124 4405 tunc
1160 4367 1269 4408 non
1298 4353 1463 4409 luisse
1489 4352 1960 4426 Constantinopoli
2009 4360 2145 4416 satis

542 4432 734 4489 doctos
776 4437 1125 4510 interpretes,
1155 4447 1243 4516 qui
1291 4447 1354 4501 de
1381 4446 1562 4505 (ἔνωεο
1608 4452 1664 4505 in
1709 4450 1963 4506 Latinum
1994 4460 2046 4507 et
2076 4453 2145 4508 de

543 4524 734 4583 Latino
760 4530 813 4585 in
842 4530 1078 4590 Gnaeum
1097 4537 1293 4595 dictata
1317 4540 1445 4597 bene
1474 4547 1859 4616 transferrent?
1892 4545 2139 4617 (Lib.vu,

542 4633 626 4687 ep.
660 4620 777 4691 50.)

614 4714 667 4769 ὅ.
702 4715 980 4775 Laudabat
1006 4723 1243 4780 maxime
1270 4725 1328 4781 S.
1361 4725 1655 4796 Gregorius
1684 4732 1727 4786 si
1760 4734 1938 4798 amici,
1970 4733 2136 4788 etiam

440 4846 447 4847 κ
546 4811 572 4839 ιι
620 4804 760 4869 laici,
812 4808 865 4862 in
912 4812 1079 4868 verbo
1126 4814 1310 4871 divino
1349 4818 1600 4874 solatium
1632 4829 1687 4875 et
1723 4824 1914 4877 anima:
1954 4826 2135 4881 cibum
2207 4895 2213 4902 _

540 4906 867 4964 quaererent.
898 4899 955 4956 Id
985 4905 1322 4972 potissimum
1352 4910 1522 4980 liquet
1550 4930 1615 4968 ex
1638 4916 1866 4985 epistola
1899 4917 2002 4973 hoc
2034 4934 2130 4972 an-

539 5001 614 5039 no
656 4988 723 5041 ad
768 4989 1084 5061 Dynamium
1141 5006 1199 5057 et
1226 5000 1494 5058 Aureliam
1538 5002 1721 5062 Gallos
1760 5009 1959 5078 scripta
1991 5009 2131 5080 (Lib.

539 5089 632 5144 Vn,
662 5096 744 5150 ep.
777 5083 888 5154 56),
934 5086 1024 5142 ubi
1063 5091 1142 5146 eis
1166 5095 1484 5161 gratulatur,
1520 5099 1643 5165 quia
1673 5114 1841 5153 sacrm
1881 5101 2135 5159 lectionis

538 5172 738 5241 pabula
767 5181 1115 5251 quaerebant;
1147 5187 1432 5258 subditque
1478 5193 1737 5260 optimam
1763 5191 1920 5261 hujus
1948 5192 2126 5249 Evan-

537 5262 722 5330 gelicm
750 5272 1030 5326 sententiae
1058 5278 1454 5345 expositionem
1484 5297 1497 5332 :
1532 5280 1716 5335 Omnis
1764 5284 1849 5351 qui
1882 5287 2009 5352 petit
2039 5302 2130 5338 ac-

754 5366 808 5411 et
849 5363 933 5430 qui
977 5368 1159 5434 quaerit
1212 5369 1426 5437 invenit,
1476 5380 1524 5423 et
1576 5372 1806 5440 pulsanti
1861 5379 2128 5442 aperietur

532 5440 751 5512 (Matth.
784 5466 876 5518 vn,
919 5452 995 5523 8).
1031 5454 1276 5510 Petamus
1298 5497 1313 5522 ,
1345 5458 1539 5527 inquit,
1568 5460 1766 5514 orando
1791 5501 1806 5526 ,
1832 5440 2128 5531 quaeramus

534 5532 769 5611 legendo,
801 5545 1058 5614 pulsemus
1101 5550 1361 5617 operando
1404 5548 1553 5619 (Luc.
1588 5568 1661 5619 ιι,
1686 5551 1799 5625 12).
1834 5554 1904 5610 At
1947 5557 2015 5612 de
2039 5557 2127 5615 his

533 5630 701 5694 satis;
732 5634 800 5688 ad
826 5637 930 5691 alia
957 5647 1320 5695 transeamus.

604 5719 659 5777 6.
689 5720 821 5781 Post
838 5726 1098 5784 diutinam
1125 5730 1179 5784 in
1204 5729 1423 5787 Oriente
1451 5748 1658 5791 moram
1690 5738 1904 5811 factam,
1938 5743 1991 5799 in
2019 5743 2127 5800 0c-

606 5882 636 5915 “
661 5872 798 5935 Vide
823 5893 984 5954 supra
1010 5881 1113 5956 Ep.
1136 5882 1226 5954 26,
1259 5893 1316 5945 et
1341 5886 1480 5945 inira
1509 5889 1603 5949 lib.
1634 5904 1711 5966 xx,
1736 5893 1837 5968 Ep.
1871 5896 1959 5954 78.

2335 3354 2801 3420 Quemadmodum
2824 3356 3117 3426 Gregorius
3139 3360 3423 3429 episcopos
3445 3361 3535 3428 qui
3559 3360 3741 3416 officio
3766 3377 3865 3417 suo

2258 3445 2504 3514 deerant,
2543 3448 2715 3516 dignis
2741 3450 2919 3520 poenis
2941 3449 3228 3509 alliciebat.
3262 3452 3333 3506 ita
3359 3454 3594 3523 optimos
3612 3463 3863 3520 pastorrs

2259 3536 2454 3593 debitis
2500 3539 2746 3596 laudibus
2796 3550 2851 3596 et
2889 3546 3123 3613 praemiis
3161 3562 3511 3602 remunerare
3557 3550 3858 3617 satagebat.

2260 3627 2603 3699 Quapropter
2651 3632 2983 3704 Stephanum
3035 3636 3349 3708 episcopum
3399 3638 3639 3709 impense
3681 3638 3859 3694 laudat

2259 3720 2406 3788 quod
2435 3722 2649 3777 assidua
2682 3726 3061 3793 prmdicatione
3092 3728 3315 3785 Mariam
3347 3732 3624 3801 patriciam
3654 3732 3724 3787 ab
3745 3732 3859 3787 ha:-

2259 3812 2367 3866 resi
2398 3821 2491 3867 aut
2513 3815 2806 3873 schismate
2828 3820 2893 3873 ad
2917 3813 3364 3878 Ecclesim'sinum
3388 3826 3677 3894 revocarit,
3707 3825 3857 3881 alios-

2260 3918 2367 3973 que
2397 3923 2504 3962 non
2557 3924 2762 3978 paucos
2815 3910 2953 3982 (Lib.
2988 3931 3079 3981 vn,
3125 3932 3207 3986 ep.
3260 3916 3339 3987 8).
3374 3916 3452 3973 Ex
3493 3919 3599 3974 hoc
3629 3916 3857 3976 fortasse

2260 4010 2487 4053 numero
2516 4009 2634 4055 erat
2678 4002 2957 4060 Dominica
2985 4007 3218 4077 gloriosa
3260 4008 3479 4077 femina,
3511 4009 3734 4065 Joannis
3762 4027 3855 4067 cu~

2253 4083 2472 4154 jusdam
2523 4107 2662 4149 uxor
2704 4093 2968 4164 Gregorio
3008 4099 3219 4168 intimi;
3255 4103 3319 4157 ad
3349 4118 3511 4173 quem
3540 4104 3759 4174 scripsit
3800 4119 3856 4162 se

2256 4192 2368 4234 non
2400 4185 2771 4242 mediocriter
2823 4190 3077 4257 laetatura,
3127 4210 3248 4249 cum
3286 4196 3456 4267 ipsam
3513 4198 3856 4267 cognovisset

2258 4271 2451 4327 unitati
2481 4272 2738 4331 Ecclesia:
2764 4282 3021 4336 sociatam
3049 4282 3234 4355 (Ibid.,
3267 4303 3348 4357 ep.
3372 4287 3489 4357 57).

2328 4362 2380 4416 8.
2416 4362 2485 4418 Ut
2511 4381 2599 4421 res
2625 4373 2953 4427 monasticas
2985 4374 3219 4431 breviter
3249 4378 3596 4447 attingamus,
3626 4380 3733 4435 hoc
3758 4396 3853 4435 an-

2253 4466 2325 4506 no
2352 4469 2492 4523 papa
2522 4457 2813 4529 privilegiis
2841 4463 3062 4518 donavit
3103 4469 3487 4522 monasterium
3519 4468 3576 4523 S.
3609 4469 3851 4528 Cassiani

2253 4546 2395 4613 apud
2446 4545 2734 4604 Massiliam
2766 4553 2849 4607 cui
2897 4564 3128 4622 praeerat
3168 4557 3449 4627 Respecta.
3487 4559 3563 4615 De
3592 4561 3699 4616 hoc
3729 4577 3851 4617 mo-

2170 4651 2230 4715 1)
2255 4637 2493 4693 nasterio
2538 4642 2759 4697 consule
2805 4652 2962 4700 notas
2991 4646 3056 4699 ad
3103 4648 3385 4716 epistolam
3418 4651 3533 4707 haec
3566 4652 3846 4723 privilegia

2250 4731 2617 4788 continentem
2650 4733 2788 4805 (Lib.
2815 4753 2906 4803 vn,
2939 4754 3021 4808 ep.
3056 4739 3166 4807 12).

2322 4820 2378 4874 In
2408 4823 2510 4877 alia
2533 4826 2761 4894 epistola
2785 4826 2923 4898 (Lib.
2956 4845 3027 4884 vn
3053 4869 3067 4895 ,
3100 4846 3180 4899 ep.
3204 4829 3290 4901 18)
3310 4832 3535 4902 legimus
3556 4834 3846 4892 Martinam

2247 4913 2533 4981 quemdam
2583 4914 2866 4973 diaconum
2898 4928 2951 4974 et
2980 4921 3253 4988 abbatem,
3300 4924 3368 4979 de
3395 4940 3505 4993 quo
3533 4928 3711 4998 aliqua
3751 4944 3846 4997 pa-

2246 5022 2329 5075 pze
2368 5010 2575 5079 fuerant
2599 5014 2839 5067 nuntiata
2863 5054 2877 5079 ,
2907 5032 3022 5085 qua:
3046 5016 3199 5085 ofﬁcii
3227 5019 3337 5089 ejus
3370 5023 3695 5089 propositum
3740 5038 3845 5077 non
3870 5032 3873 5033 '

2245 5097 2421 5153 leriter
2435 5102 2779 5168 macularent,
2804 5120 2904 5158 nec
2927 5112 3103 5160 tamen
3127 5107 3310 5161 sedula
3333 5110 3679 5177 inquisitione
3701 5111 3844 5167 facta

2242 5192 2463 5259 probari
2487 5201 2799 5266 potuerant,
2835 5212 2901 5250 ne
2929 5214 3034 5267 qua
3065 5198 3133 5252 de
3161 5199 3225 5253 iis
3253 5200 3488 5268 suspicio
3514 5212 3843 5271 remaneret,

2241 5283 2309 5334 ad
2353 5283 2770 5339 sacratissimum
2803 5286 2951 5341 beati
2981 5286 3124 5341 Petri
3166 5289 3537 5357 apostolorum
3581 5290 3843 5361 principis

2241 5389 2439 5443 corpus
2479 5376 2716 5431 districta
2742 5390 3073 5434 sacramenta
3102 5383 3401 5451 praebuisse,
3433 5384 3625 5451 quibus
3656 5385 3838 5441 inson-

2242 5476 2351 5523 tem
2374 5486 2433 5527 se
2464 5482 2751 5528 assereret.
2778 5474 3118 5547 Quapropter
3140 5495 3262 5534 eum
3290 5481 3521 5538 absolvit
3544 5481 3602 5537 S.
3628 5477 3837 5550 Grego-

2239 5559 2353 5615 rius
2380 5571 2434 5615 et
2460 5577 2555 5616 suo
2586 5563 2705 5619 loco
2729 5567 2979 5623 restituit.
3470 5596 3471 5599 η

2313 5649 2553 5722 Epistola
2576 5653 2647 5707 52
2669 5657 2867 5725 scripta
2891 5668 2973 5712 est
2994 5661 3057 5712 ad
3082 5660 3418 5719 Anastasium
3437 5666 3830 5738 presbyterum,

2238 5756 2402 5815 quem
2430 5746 2611 5803 multis
2639 5757 2694 5803 et
2723 5750 2993 5819 praeclaris
3023 5753 3311 5810 virtutibus
3356 5766 3610 5813 ornatum
3636 5756 3829 5828 depin-

2236 5878 2440 6007 B0init}:
2470 5895 2588 5938 can.
2621 5880 3037 5941 250halcedon.
3071 5886 3124 5943 in
3156 5888 3345 5947 codice
3372 5906 3643 5949 canonum
3680 5888 3824 5951 Eccl.
