4130 6448
228 336 335 397 405

721 337 778 396 S.
821 336 1151 397 CREGORII
1190 338 1404 411 MAGNI
1443 341 1628 409 VITA.
1672 338 1767 401 EX
2006 338 2310 403 SCRIPTIS
2346 343 2743 415 ABORNATA.
2786 345 2917 421 LIB.
2958 346 3047 409 ιιι.

3409 348 3515 408 4⁴06

226 455 340 525 git;
370 452 641 524 vituperat
663 460 844 508 tamen
874 454 943 510 ob
968 455 1223 513 ducatum
1245 457 1299 513 in
1322 460 1652 517 monasterio
1674 458 1819 531 quod
1847 456 1901 523 Δ
1987 456 2033 507 5-
2059 457 2263 531 τξζρτίιιεε
2288 459 2583 531 Αηβξιθεὶιιεσ
2611 460 2725 531 [ﬂius
2763 474 3017 531 successor
3042 463 3102 521 ad
3139 461 3191 531 S-
3220 460 3518 523 (ἳνθςοτίυιῐι

229 545 523 600 Vocabatur
569 542 713 598 Neas
743 556 1111 617 assumptum,
1161 550 1306 618 quod
1348 552 1529 607 hocin
1572 551 1821 611 cmnobio

230 636 392 691 multa
415 634 506 687 sub
535 636 828 690 sanctitatis
858 638 1033 693 habitu
1057 642 1329 695 swcularia
1354 651 1647 716 agerentur.
1680 642 1824 701 ΙΙοΓ-

230 738 375 785 tatur
408 740 589 787 autem
636 733 787 789 illum
818 736 885 792 ad
929 740 1328 795 contentionem
1359 756 1478 811 qua:
1508 741 1648 798 inter
1678 738 1824 815 ejus,

232 822 353 879 dem
378 826 687 882 monasterii
707 837 940 898 patrem,
970 841 1025 886 et
1046 832 1209 888 Amos
1234 833 1693 907 Jerosolymorum
1726 848 1823 906 pa.-

234 917 529 975 triarcham
580 931 773 977 exorta
802 932 937 988 erat,
976 925 1268 981 tollendam
1298 935 1351 983 et
1374 924 1822 998 componendam.

304 1007 496 1081 Magna
541 1020 659 1069 erat
687 1012 969 1070 altercatio
1018 1016 1160 1072 inter
1205 1016 1496 1073 Caesarium
1522 1057 1537 1084 ,
1575 1017 1827 1077 abbatem

234 1102 550 1158 monasterii
580 1104 754 1160 sancti
783 1103 928 1163 Petri
960 1106 1102 1175 apud
1130 1107 1309 1180 Baias.
1342 1116 1397 1164 et
1421 1106 1705 1168 Joannem.
1733 1108 1829 1165 ab-

233 1189 415 1246 batem
446 1192 503 1251 S.
549 1193 755 1262 Luciae,
804 1196 855 1251 in
885 1195 1221 1269 syracusana
1251 1199 1421 1271 urbe;
1467 1201 1533 1255 de
1559 1215 1665 1271 qua
1694 1199 1827 1255 diri-

148 1342 151 1343 ,
235 1283 428 1337 menda
460 1284 750 1354 Gregorius
797 1287 862 1341 ad
908 1285 1171 1344 Joannem
1208 1289 1461 1357 Syracus.
1513 1289 1827 1360 episcopum

234 1374 450 1443 scripsit
477 1374 615 1439 (Lib.
649 1393 738 1445 vn,
772 1395 852 1449 ep.
885 1377 976 1446 39)
1005 1421 1021 1445 ,
1050 1394 1248 1449 rogans
1277 1388 1335 1434 ut
1360 1380 1476 1450 ipse
1506 1394 1627 1436 cum
1655 1379 1832 1437 Fanti—

234 1480 309 1522 no
358 1465 660 1537 defensore,
710 1470 950 1526 adhibito
999 1472 1206 1527 Joanne
1258 1472 1626 1542 agrimensore
1691 1473 1832 1544 (erat

233 1555 382 1609 enim
422 1560 646 1627 quaestio
676 1560 742 1615 de
784 1561 999 1634 finibus)
1050 1563 1350 1631 accederet,
1400 1579 1464 1620 ac
1505 1563 1832 1621 sententiam

232 1646 405 1704 ferret
430 1667 442 1703 :
477 1648 531 1705 Ν
536 1668 563 1705 e
587 1652 941 1723 religiosorum
968 1654 1194 1708 virorum
1216 1656 1377 1709 corda
1403 1656 1728 1713 swcularium
1751 1656 1853 1712 re?

231 1758 355 1795 rum
384 1744 596 1799 intentio
633 1764 665 1800 a
704 1757 881 1802 mutua
927 1748 1247 1820 disjungeret
1288 1749 1562 1805 cliaritate.
1596 1749 1671 1805 De
1718 1763 1834 1805 ser-

1988 520 2177 587 scrihit.
2220 518 2576 587 Hmrettcorum
2615 518 2779 573 falsam
2804 523 2985 585 Ephesi
3027 520 3259 587 synodum
3291 518 3378 585 pro
3401 537 3518 573 vera

1987 582 2352 647 obtrudentigum
2389 582 2612 635 fraudem
2633 600 2695 637 ex
2723 582 2983 641 veteribus
3017 582 3154 638 codd.
3187 582 3521 647 detegendum

1992 643 2843 719 ceu-seis._l}octor.‘—.§:_liulogio
2860 649 3201 719 Alexandrino
3224 643 3520 719 graiplatur:

1989 707 2116 773 -__—_7.
2145 707 2222 773 De
2248 707 2576 773 Martyrologii
2600 707 2735 759 Rom.
2761 707 3081 773 antiquitate.
3112 707 3288 771 Opinio
3313 707 3520 773 Henriti

1992 768 2176 818 Valesii
2202 771 2518 830 expenditur.
2547 797 2599 807 -—
2622 773 2671 821 8.
2695 768 2915 830 Suscicio
2941 774 3005 823 de
3027 768 3373 823 Vaticanorum
3396 770 3523 821 codi-

1990 844 2102 896 cum
2141 833 2479 896 suppositione
2520 834 2696 893 injecta
2742 835 3192 893 exsulllatur.—-9.
3235 834 3523 896 Episc0pum

1990 891 2505 957 Numitlimjnjuriam
2537 891 2727 955 passum
2762 898 2974 957 protegit
3013 891 3064 945 S.
3095 891 3342 945 Pontifex.
3363 891 3520 957 -410ἶ

1993 953 2216 1004 Africana
2245 954 2457 1005 Ecclesia
2480 953 2614 1006 ducit
2645 953 2887 1017 originem
2906 953 2938 1006 Ξ
2958 959 3189 1008 Romana.
3214 984 3277 995 —-
3296 958 3369 1008 11.
3397 956 3526 1013 Quid

1992 1018 2059 1069 de
2088 1020 2246 1081 pretio
2267 1034 2352 1081 pro
2375 1018 2629 1081 sepultura
2652 1018 2765 1081 dato
2784 1022 3004 1081 senserit
3026 1029 3220 1071 sanctus
3237 1020 3523 1081 Gregorius.

1995 1105 2055 1114 —
2080 1078 2151 1128 i2.
2182 1078 2308 1139 Quid
2333 1081 2395 1129 de
2416 1078 2664 1129 r‘edituum
2685 1078 2874 1129 Eccles.
2902 1084 3161 1141 partitione
3201 1078 3447 1130 statuérit.
3464 1105 3526 1116 —-

1996 1142 2073 1192 15.
2102 1142 2163 1192 Et
2187 1144 2248 1191 de
2273 1143 2545 1203 Campanis.
2568 1170 2632 1180 -—
2657 1141 2735 1192 ll.
2760 1142 2965 1202 Septem
2986 1144 3277 1192 defensores
3300 1143 3416 1192 fecit
3441 1154 3527 1190 re-

1997 1206 2257 1265 gionarios.
2281 1229 2341 1242 -—
2371 1206 2445 1255 15.
2470 1205 2573 1264 Res
2594 1206 2871 1255 monasticae
2898 1203 3043 1265 hujus
3066 1206 3177 1259 anni
3205 1207 3523 1269 attinguntur.

2000 1268 2113 1328 (An.
2140 1267 2229 1317 597
2264 1275 2316 1317 et
2337 1266 2471 1327 598.)

2020 1275 2113 1318 At).
2140 1275 2228 1317 597
2264 1275 2316 1317 et
2337 1275 2445 1316 598.

2008 1378 2060 1434 l.
2101 1378 2360 1437 Octavum
2388 1380 2468 1436 sui
2497 1378 2840 1451 pontiﬁcatus
2868 1380 3068 1437 annum
3097 1379 3406 1453 auspicatus
3446 1388 3530 1440 est

1936 1470 1995 1531 δ.
2026 1468 2317 1541 Gregorius
2346 1484 2541 1541 magno
2572 1487 2695 1529 cum
2720 1471 2951 1540 gaudio,
2992 1478 3213 1547 propter
3238 1469 3531 1527 Corsorum

1938 1562 2345 1620 conversionem
2364 1604 2379 1630 ,
2410 1562 2477 1618 de
2521 1578 2628 1633 qua
2657 1563 2966 1634 nuperrime
3013 1562 3404 1637 perscripserat
3434 1560 3534 1616 Pe-

1939 1662 2074 1719 trus,
2106 1654 2395 1711 Aleriensis
2429 1654 2733 1726 episcopus.
2761 1653 2959 1711 Gratiis
2982 1654 3095 1713 Deo
3124 1653 3191 1710 de
3217 1668 3368 1711 more
3398 1653 3534 1709 actis

1939 1746 2011 1805 ob
2040 1747 2219 1803 laetum
2240 1748 2516 1814 nuntium,
2559 1748 2808 1806 eumdem
2838 1746 3059 1805 Petrum
3086 1748 3335 1805 hortatus
3364 1753 3446 1803 est
3477 1752 3537 1803 ut

229 1835 416 1890 vanda
457 1840 757 1895 monastica
788 1841 1067 1912 disciplina
1098 1842 1151 1897 in
1197 1842 1376 1900 Africa
1415 1842 1693 1909 sollicitus,
1725 1840 1836 1897 Do-
1867 1846 2181 1912 Bcoeptum
2238 1838 2464 1895 feliciter
2514 1854 2648 1910 opus
2693 1838 3004 1912 perficeret,
3054 1854 3119 1895 ac
3172 1846 3395 1897 caeteros
3442 1837 3535 1908 qui

230 1924 517 1993 minicum,
570 1928 1050 1999 Carthaginensem
1094 1932 1407 2002 episcopum
1434 1970 1449 1998 ,
1499 1931 1732 2001 rogavit,
1778 1939 1839 1989 ut

228 2029 521 2072 coerceret
566 2020 861 2075 monachos
888 2020 1105 2093 impune
1139 2031 1395 2093 vagantes
1419 2063 1435 2091 ,
1467 2038 1669 2091 eosque
1699 2022 1833 2078 obc-

227 2101 455 2157 dientite
486 2105 637 2175 jugo,
683 2109 827 2178 quod
857 2119 1227 2180 excusserant,
1257 2127 1471 2168 rursum
1499 2112 1652 2169 subdi
1680 2128 1838 2171 cura-

227 2201 323 2248 ret
352 2211 366 2260 ;
397 2198 791 2270 cpiscoposque
814 2218 949 2272 quos
979 2204 1224 2260 audierat
1252 2205 1317 2263 iis
1340 2207 1624 2263 erronibus
1648 2217 1836 2278 patro-

231 2287 441 2344 cinium
485 2288 646 2362 ferre,
684 2294 750 2349 ab
792 2311 985 2353 eorum
1030 2296 1343 2356 defensione
1382 2301 1559 2359 modis
1589 2302 1838 2362 omnibus

230 2377 640 2440 interminando
672 2400 1041 2459 compesceret
1072 2388 1260 2461 (Ibid.,
1292 2408 1372 2461 ep.
1398 2391 1512 2462 55).

312 2474 363 2526 9.
398 2475 513 2529 Alia
546 2480 833 2536 occasione
861 2483 927 2537 ad
970 2482 1309 2542 Gennadium
1332 2526 1349 2552 ,
1393 2487 1587 2545 Africa:
1615 2490 1839 2561 praefec-

233 2568 378 2630 tum,
408 2566 639 2639 scripsit,
667 2569 916 2627 nimirum
943 2582 1001 2629 ut
1026 2574 1075 2630 ei
1105 2575 1385 2634 Ruferium
1415 2582 1674 2637 comitem
1702 2584 1838 2654 ejus-

236 2677 348 2733 que
377 2665 627 2721 concivcs
650 2682 711 2724 ac
741 2669 909 2740 ipsam
932 2670 1207 2729 Corsicam
1232 2675 1463 2732 insulam
1490 2679 1838 2735 commenda-

239 2764 327 2809 ret
356 2754 491 2825 (Lib.
518 2775 612 2824 vu,
642 2779 722 2827 ep.
757 2762 833 2834 5).
870 2761 1020 2822 Unde
1048 2766 1395 2836 intelligimus
1426 2767 1653 2827 insulam
1700 2771 1841 2826 hanc

244 2845 310 2901 ad
342 2848 532 2906 Africae
561 2854 934 2927 praefecturam
957 2872 1053 2913 seu
1082 2860 1431 2917 exarchatum
1472 2862 1838 2933 pertinuisse;

242 2936 470 2997 fortasse
515 2944 659 3012 quod
713 2944 973 3001 Sardinia:
1015 2949 1279 3018 adjaceat,
1340 2966 1459 3023 qum
1516 2960 1644 3011 tunc
1698 2954 1839 3011 inter

243 3028 441 3085 Africae
488 3035 791 3103 provincias
835 3040 1226 3096 accensebatur
1256 3042 1486 3111 septima
1534 3052 1588 3099 et
1626 3042 1835 3101 ultima.

241 3119 490 3177 llostitnn
545 3127 938 3185 incursionibus
982 3134 1203 3202 patebat
1250 3133 1509 3203 Corsica;
1567 3152 1667 3192 nec
1708 3139 1840 3195 satis

1940 1930 2167 1989 necdum
2188 1930 2448 2001 baptizati
2495 1941 2669 2000 erant,
2701 1940 2794 1991 aut
2838 1940 2963 2005 post
2983 1940 3289 2004 susceptum
3330 1932 3535 2003 baptis-

1939 2038 2118 2086 mum,
2152 2022 2265 2078 sive
2302 2022 2626 2101 negligentia
2656 2024 2769 2080 sive
2797 2024 3146 2090 necessitate,
3173 2024 3239 2083 ad
3271 2022 3537 2079 idolorum

1940 2112 2143 2169 cultum
2173 2113 2375 2169 reversi
2402 2112 2631 2179 fuerant,
2660 2129 3012 2185 congregare,
3046 2122 3101 2170 et
3122 2113 3188 2170 ad
3221 2113 3378 2170 fidem
3409 2127 3537 2184 per-

1941 2204 2140 2261 ducere
2184 2212 2453 2277 pergeret.
2491 2205 2641 2273 Quod
2670 2207 2840 2272 enim,
2870 2206 3074 2279 inquit,
3123 2222 3251 2276 opus
3292 2206 3469 2261 utilius
3489 2212 3539 2259 et

1942 2297 2209 2352 sublimius
2234 2306 2442 2350 acturus
2471 2314 2553 2360 es,
2582 2314 2735 2369 quam
2766 2308 2820 2352 ut
2863 2299 2926 2353 de
2972 2300 3267 2354 animarum
3310 2298 3540 2367 viviﬁca-

1943 2392 2080 2447 tione
2100 2401 2149 2445 et
2175 2390 2474 2444 collectione
2486 2390 2695 2459 cogites,
2719 2398 2768 2444 et
2790 2398 2875 2445 tuo
2901 2388 3143 2456 Domino,
3166 2386 3355 2461 quitibi
3372 2388 3541 2441 locum

1940 2483 2259 2555 prwdicandi
2281 2481 2442 2549 dedit,
2464 2481 2753 2537 immortale
2773 2482 2971 2536 lucrum
2992 2480 3256 2562 reportes?
3282 2477 3421 2548 (Lib.
3444 2493 3538 2542 vn.

1940 2592 2026 2646 ep.
2063 2572 2153 2644 1.)
2187 2572 2566 2629 Adliortationi
2614 2571 3029 2640 liberalitatem,
3069 2582 3126 2624 ut
3174 2569 3410 2631 solebat,
3447 2567 3543 2636 ad-

1938 2666 2152 2738 junxit;
2202 2664 2500 2721 transmisit
2523 2665 2665 2725 enim
2697 2664 2822 2721 huic
2868 2664 3125 2734 episcopo
3154 2661 3543 2733 quinquaginta

1944 2758 2176 2820 solidos,
2229 2756 2297 2811 ad
2346 2756 2668 2811 vestimenta
2717 2770 2905 2811 eorum
2934 2754 3023 2823 qui
3055 2751 3361 2822 baptizandi
3389 2759 3544 2807 erant

1946 2846 2308 2915 comparanda
2339 2845 2475 2917 (Lib.
2505 2863 2575 2913 vi,
2604 2863 2687 2916 ep.
2708 2844 2836 2917 22);
2868 2853 2923 2900 et
2950 2844 3265 2915 presbytero
3306 2841 3544 2913 episcopi

1945 2939 2180 3009 adjutori
2225 2939 2317 3009 qui
2340 2939 2563 3009 regebat
2589 2938 2882 2997 Ecclesiam
2912 2952 3021 2993 non
3063 2936 3137 2993 ita
3158 2936 3365 3005 pridem
3390 2934 3546 3003 jussu

1947 3047 2101 3100 papae
2125 3032 2178 3085 in
2202 3032 2543 3101 possessione
2566 3030 2723 3087 Rom.
2755 3029 3004 3086 Ecclesia:
3029 3035 3396 3085 constructam
3422 3040 3546 3081 cum

1947 3124 2283 3195 baptisteria,
2306 3124 2562 3194 praedium
2594 3122 2810 3193 aliquod
2841 3137 2940 3191 pro
2960 3121 3226 3191 stipendio
3255 3119 3549 3187 assignavit

236 3223 361 3267 erat
392 3214 514 3271 illuc
544 3212 839 3277 cxﬁcitum
886 3225 1269 3293 transmittere,
1301 3227 1403 3283 nisi
1432 3228 1557 3285 huic
1583 3238 1840 3300 prasesset

1949 3222 2006 3271 et
2034 3215 2316 3271 concessit.
2345 3213 2611 3271 Laudavit
2650 3213 2870 3281 insuper
2912 3212 3197 3268 consilium
3238 3208 3385 3265 Petri
3432 3208 3549 3277 epi~

238 3306 349 3362 dux
400 3312 777 3381 peritissimus.
822 3316 1059 3388 Ideoque
1091 3329 1245 3391 rogat
1292 3320 1583 3390 Gregorius
1640 3322 1840 3395 prailici

238 3403 582 3463 Anastasium
613 3410 907 3479 tribunum,
937 3414 1025 3485 qui
1051 3414 1161 3484 jam
1181 3414 1371 3470 eadem
1402 3418 1674 3487 provincia
1697 3426 1839 3475 stre-

237 3509 351 3548 nue
381 3495 662 3559 defunctus
689 3501 901 3572 fuerat,
935 3514 990 3561 et
1027 3506 1094 3561 ab
1125 3506 1239 3578 ipsa
1277 3508 1401 3565 dein
1448 3520 1693 3578 amotus,
1726 3527 1842 3568 ma-

236 3600 405 3657 gnam
452 3592 536 3647 sui
578 3595 1032 3655 existimationem
1079 3602 1329 3660 omnibus
1377 3603 1566 3661 insula:
1618 3605 1839 3671 incolis,

236 3684 527 3757 majusque
544 3690 839 3760 reliquerat
865 3693 1217 3751 desiderium.

318 3775 407 3832 10.
431 3778 732 3849 Septimum
754 3782 898 3839 hunc
923 3782 1239 3857 Gregoriani
1266 3786 1615 3857 pontiﬁcatus
1640 3803 1843 3845 annum

237 3867 562 3925 claudemus
605 3871 988 3932 observatione
1034 3877 1103 3933 de
1132 3877 1385 3948 coniugio
1406 3917 1424 3945 ,
1465 3879 1512 3934 si
1541 3879 1680 3936 alter
1707 3894 1845 3937 con-

236 3959 427 4030 iugum
473 3961 683 4017 servilis
731 3964 800 4018 sit
844 3966 1190 4034 conditionis,
1244 3968 1591 4036 dirimendo;
1640 3968 1845 4040 quoda

240 4052 588 4109 sanctissimo
632 4056 885 4124 pontifice
940 4073 1281 4129 nequaquam
1331 4060 1683 4130 reprobatum
1714 4101 1730 4128 ,
1787 4068 1849 4119 ut

241 4150 397 4209 patet
426 4159 493 4201 ex
527 4149 755 4219 epistola
776 4150 844 4204 ad
872 4149 1246 4221 Fortunatam,
1268 4152 1683 4224 Neapolitanum
1706 4154 1848 4224 epis-

242 4255 442 4311 copum
477 4242 615 4315 (Lib.
649 4262 742 4313 vn,
773 4263 857 4317 ep.
889 4245 965 4316 1).
998 4244 1124 4315 Ejus
1153 4245 1409 4304 Ecclesiae
1453 4246 1683 4303 clericus
1711 4262 1847 4304 uxo-

247 4345 363 4383 rem
393 4347 423 4384 a
454 4348 554 4389 suo
599 4336 873 4391 consortio
900 4344 1227 4405 removerat,
1261 4337 1409 4408 quod
1447 4337 1538 4394 illa
1566 4337 1755 4394 fuisset
1784 4338 1849 4395 de

247 4423 418 4476 servili
444 4425 737 4480 conditione
756 4428 984 4497 pulsata.
1010 4427 1304 4486 Contendit
1322 4445 1453 4487 vero
1474 4431 1669 4487 mulier
1697 4430 1847 4502 ejec-

253 4519 306 4564 ta
334 4528 392 4568 se
420 4513 647 4571 liberam
677 4533 837 4587 esse;
869 4528 923 4575 et
949 4536 1219 4576 summum
1248 4523 1560 4592 pontificem
1584 4523 1735 4589 adiit,
1758 4538 1849 4579 ro-

249 4615 381 4700 gans
409 4604 527 4662 viro
555 4623 654 4664 suo
685 4611 915 4666 restitui.
957 4611 1225 4683 Benignas
1269 4630 1429 4670 aures
1458 4615 1688 4685 praebuit
1715 4630 1849 4686 sup-
1877 4639 1934 4700 D

251 4692 466 4761 plicanti
500 4697 618 4766 pius
646 4699 809 4756 Pater
835 4720 850 4768 ;
882 4718 1113 4775 cumque
1144 4707 1198 4764 in
1228 4722 1293 4761 ea
1318 4707 1463 4761 nulla
1500 4708 1700 4764 servilis
1730 4725 1845 4765 ma-

251 4786 366 4839 cula
412 4787 627 4845 inventa
668 4800 850 4861 esset,
878 4793 1038 4863 jussit
1066 4804 1123 4850 ut
1153 4796 1243 4853 ille
1286 4795 1527 4856 Clericus
1556 4798 1843 4870 conjugem

250 4874 448 4946 injuste
477 4881 813 4951 repudiatam
846 4886 1140 4955 reciperet;
1171 4889 1216 4943 si
1244 4905 1374 4946 vero
1419 4891 1700 4959 abnueret,
1731 4893 1843 4948 dis—

255 4970 427 5026 tricta:
454 4973 703 5031 vindicta:
747 4975 1122 5047 subjiceretur.
1171 4978 1322 5038 Unde
1365 4982 1536 5052 liquet
1581 4999 1689 5040 non
1738 4985 1845 5040 alia

251 5064 465 5119 ratione
509 5076 757 5124 coactum
805 5070 970 5126 fuisse
1020 5070 1281 5141 clericum
1313 5073 1465 5128 illum
1513 5073 1579 5129 ad
1618 5090 1845 5132 uxorem

251 5157 432 5215 denuo
458 5162 849 5232 accipiendam,
881 5180 1045 5234 quam
1072 5165 1198 5236 quia
1226 5164 1361 5222 falso
1384 5165 1559 5221 fuerat
1583 5166 1648 5221 de
1675 5168 1847 5226 servili

252 5253 551 5309 conditione
588 5257 816 5327 pulsata.
847 5256 1035 5326 Itaque
1064 5257 1109 5313 si
1147 5257 1416 5327 nupsisset
1445 5265 1505 5313 ut
1544 5257 1713 5315 libera
1736 5299 1751 5324 ,
1792 5267 1850 5315 et

252 5353 444 5418 postea
474 5348 705 5417 probata
734 5349 923 5407 fuisset
951 5350 1069 5413 eius
1095 5351 1334 5407 conditio
1363 5352 1593 5417 servilis,
1624 5360 1848 5423 propter

255 5440 582 5499 conditionis
605 5444 814 5512 vitium,
844 5445 1053 5501 irritum
1083 5444 1271 5502 fuisset
1298 5446 1716 5503 matrimonium.

798 5539 964 5609 273
991 5536 1221 5593 CAPUT
1283 5536 1398 5593 xu.

255 5627 450 5680 Διασκ.
475 5656 538 5666 —-
562 5637 605 5681 ί.
633 5632 889 5682 Corsorum
931 5633 1293 5684 idololatrarum
1335 5632 1608 5682 conversio.
1634 5657 1697 5669 -
1718 5630 1765 5680 2.
1793 5632 1856 5685 Et

320 5691 603 5742 Jndzeornm
638 5693 1085 5756 Agrigentinorum.
1109 5721 1169 5729 —
1192 5696 1240 5743 5.
1267 5694 1400 5743 Alios
1434 5694 1627 5743 Judmos
1674 5693 1855 5754 injuste

320 5759 488 5820 vexari
532 5757 763 5820 prohibet
789 5758 838 5805 S.
862 5758 1228 5818 Gregorius.—-
1268 5758 1316 5806 4.
1339 5757 1645 5820 Anastasium
1684 5758 1859 5806 Antio-

319 5818 545 5869 chenum‘
562 5821 707 5871 variis
730 5820 1155 5873 persecutionibus
1176 5830 1463 5884 oppressum
1486 5818 1778 5871 consolatur.
1795 5840 1861 5859 -—-
1899 5875 1911 5881 -

332 5931 361 5961 ιι
387 5920 522 5983 Vide
549 5933 710 5985 notas
737 5924 802 5983 ad
849 5925 992 5984 hanc
1017 5945 1105 6001 ep.

1948 3310 2100 3378 scopi
2145 3307 2213 3363 de
2263 3306 2371 3365 alio
2401 3306 2659 3375 episcopo
2687 3305 2741 3360 in
2765 3304 2956 3361 eadem
3000 3304 3175 3360 insula
3224 3300 3546 3364 ordinando,

1950 3415 2058 3455 non
2107 3399 2295 3470 procul
2337 3414 2368 3454 a
2399 3405 2586 3454 monte
2635 3412 2792 3466 quem
2824 3396 3038 3467 plurimi
3076 3395 3253 3451 adhuc
3278 3392 3551 3449 idolorum

1947 3492 2184 3549 cultores
2212 3489 2538 3547 incolebant.
2574 3487 2693 3545 Non
2714 3488 2769 3544 in
2798 3488 2914 3543 sola
2941 3485 3160 3542 Corsica
3189 3483 3468 3541 exsulabat
3495 3488 3554 3538 et

1946 3583 2194 3641 latitabat
2220 3581 2523 3638 idololatria
2564 3595 2688 3639 nam
2740 3596 2805 3635 ex
2838 3593 2923 3648 ep.
2960 3579 3056 3643 18,
3099 3577 3203 3632 hoc
3242 3590 3385 3632 anno
3413 3575 3551 3629 scri-

1949 3684 2042 3746 pta
2066 3674 2133 3731 ad
2157 3673 2462 3742 Agnellum,
2494 3670 2935 3727 Terracinensem
2958 3667 3086 3738 Ep.,
3116 3666 3370 3722 discimus
3394 3680 3555 3735 quos.

1948 3770 2076 3826 dam
2116 3768 2303 3825 hocin
2341 3780 2480 3837 pago
2522 3773 2651 3821 tunc
2690 3764 2913 3821 arbores
2962 3762 3138 3817 adhuc
3183 3759 3434 3815 coluisse.
3485 3755 3554 3811 Et

1949 3859 2171 3917 biennio
2229 3866 2355 3931 post
2418 3854 2816 3911 Brunichildem
2877 3852 3119 3920 reginam
3172 3850 3420 3911 hortatus
3469 3854 3556 3904 est

1952 3950 2097 4024 (Lib.
2147 3964 2224 4015 nt,
2256 3964 2339 4017 ep.
2372 3945 2463 4016 li)
2494 3953 2555 4002 ut
2580 3944 2647 4001 ab
2691 3942 2956 4001 idolorum
2996 3940 3141 3997 cultu
3170 3938 3273 3995 sibi
3311 3937 3555 3994 subditos

1950 4042 2180 4115 populos
2223 4046 2536 4101 coerceret;
2590 4033 2757 4101 Quia,
2809 4033 3014 4105 inquit,
3054 4030 3283 4101 pervenit
3325 4028 3392 4083 ad
3435 4041 3553 4092 nos,

1952 4133 2090 4209 quod
2114 4132 2263 4189 multi
2298 4128 2710 4187 Christianorum
2750 4134 2800 4183 et
2834 4124 2903 4183 ad
2941 4122 3206 4183 Ecclesia:
3254 4125 3555 4188 occurrant,

1953 4239 2022 4296 et,
2046 4226 2182 4290 quod
2207 4226 2308 4283 dici
2354 4225 2505 4292 nefas
2551 4229 2653 4287 est,
2705 4237 2738 4279 α
2767 4220 2980 4279 culturis
3003 4218 3295 4275 daemonum
3323 4231 3428 4271 non
3457 4210 3553 4267 ab-

1952 4323 2186 4380 scedant.
2222 4317 2503 4387 Quodnam
2526 4324 2671 4372 esset
2696 4312 3013 4371 idololatriae
3025 4325 3192 4381 genus
3214 4308 3445 4379 explicat
3469 4305 3557 4363 his

1954 4414 2134 4471 verbis
2167 4431 2179 4466 :
2206 4409 2439 4469 Cultores
2470 4409 2713 4464 arborum
2741 4424 2845 4465 non
2874 4406 3125 4470 existant,
3154 4401 3217 4457 de
3246 4399 3556 4455 animalium

1954 4502 2210 4574 capitibus
2256 4500 2518 4571 sacriﬁcia
2564 4515 2668 4557 non
2706 4496 3000 4555 exhibeant.
3045 4482 3193 4560 Quae
3219 4491 3274 4550 in
3315 4489 3459 4547 notis
3488 4486 3559 4541 ad

1957 4600 2103 4654 hunc
2124 4597 2303 4652 locum
2320 4594 2690 4664 exposuimus.
2709 4591 2827 4651 Alia
2840 4592 2895 4650 in
2908 4586 3138 4659 epistola
3151 4581 3419 4643 idolorum
3438 4579 3557 4635 cul-

1958 4688 2353 4758 toribusjungit
2368 4685 2641 4758 aruspices
2655 4693 2816 4754 atque
2833 4681 3120 4747 sortilegos
3137 4673 3329 4747 (Ibid.,
3343 4669 3524 4745 ep.65)
3537 4707 3554 4725 .

2023 4802 2078 4857 2.
2108 4801 2371 4857 Laetitiam
2402 4815 2500 4871 pro
2531 4796 2803 4854 conversis
2834 4792 3131 4848 idololatris
3170 4789 3385 4859 excepit
3424 4802 3558 4857 gau-

1949 4897 2101 4953 dium
2149 4895 2217 4950 de
2250 4893 2445 4948 Judaeis
2494 4886 2852 4957 Agrigentinls
2897 4884 2965 4939 ad
3013 4884 3169 4938 tidem
3198 4881 3559 4937 Christianam

1952 4989 2140 5045 venire
2176 4985 2554 5042 festinantibus
2583 4981 2724 5052 (Lib.
2754 4995 2878 5047 vni,
2908 4996 2990 5047 ep.
3024 4976 3136 5047 εἳ).
3169 4975 3246 5031 Ne
3279 4990 3410 5029 vero
3435 4974 3556 5029 lon-

1956 5080 2095 5151 giori
2124 5092 2275 5133 mora
2305 5074 2628 5130 desiderium
2655 5088 2840 5127 eorum
2883 5070 3287 5125 defervesceret
3315 5068 3460 5138 (nam
3480 5104 3495 5130 ,
3527 5079 3561 5120 a

1958 5185 2146 5227 mense
2172 5167 2330 5223 Junio
2358 5181 2466 5235 quo
2496 5181 2563 5221 ea
2580 5165 2649 5220 de
2670 5179 2727 5219 re
2754 5164 2953 5234 scripta
2978 5170 3061 5217 est
3090 5160 3317 5232 epistola
3341 5160 3399 5214 S.
3427 5156 3562 5212 Gre-

1957 5265 2095 5335 gorii
2124 5277 2296 5333 usque
2334 5261 2400 5315 ad
2446 5260 2747 5331 proximum
2789 5256 3021 5324 Pascha,
3051 5270 3243 5311 novem
3288 5252 3354 5307 ad
3383 5251 3561 5306 minus

1959 5370 2174 5411 menses
2196 5350 2691 5423 computabantur),
2724 5349 2946 5405 indulsit
2966 5364 3105 5419 papa
3134 5357 3191 5401 ut
3214 5352 3339 5400 ante
3363 5341 3562 5399 solem-

1964 5448 2189 5504 nitatem
2234 5445 2549 5501 Paschalem
2569 5486 2584 5511 ,
2619 5455 2642 5481 η
2671 5454 2821 5499 extra
2864 5459 3026 5513 quam
3057 5448 3114 5495 et
3143 5440 3335 5493 festum
3366 5435 3561 5491 Pente-

1958 5546 2138 5595 costes
2179 5537 2474 5607 bapt'smus
2503 5536 2616 5591 dari
2640 5552 2745 5591 non
2770 5536 2979 5591 solebat
3007 5533 3061 5587 in
3087 5529 3324 5585 Ecclesia
3350 5525 3561 5595 Latina,

1960 5628 2272 5685 lustralibus
2320 5628 2471 5701 aquis
2502 5628 2862 5700 ﬁngerentur,
2903 5624 3101 5684 indicta
3126 5622 3280 5697 prius
3327 5620 3563 5694 quadra-

1962 5724 2113 5793 ginta
2158 5721 2366 5781 dierum
2401 5727 2723 5783 abstinentia
2761 5733 2818 5780 et
2857 5720 3199 5793 poenitentia.
3224 5718 3467 5785 Cumque
3491 5728 3563 5772 ex

1963 5812 2073 5874 illis
2119 5814 2334 5889 plurimi
2381 5832 2643 5891 pauperes
2705 5822 2917 5886 essent,
2959 5815 3034 5871 ita
3077 5819 3139 5869 ut
3165 5809 3235 5869 ad
3278 5802 3564 5869 emendant

3185 6020 3257 6054 ..δ
