4130 6458
608 378 712 445 407

1079 384 1137 442 S.
1181 328 1505 442 GREGﬁRll
1543 358 1758 439 MAGNI
1796 366 1976 444 VITA,
2020 370 2115 431 EX
2152 367 2319 429 EJUS
2359 365 2669 427 SCRIPTIS
2707 365 3103 426 ADORNATA.
3145 368 3275 427 LIB.
3315 369 3405 427 lll.

3802 373 3918 438 ωε

601 509 707 566 sibi
738 518 761 545 ιι
807 507 1087 563 candidam
1130 511 1333 561 vestem
1383 519 1413 558 τι
1442 517 1632 560 recens
1671 498 1958 572 baptizatis
1994 492 2196 566 gestari
2222 491 2278 551 A
2301 495 2359 543 et
2392 501 2761 545 successorem
2796 487 2983 545 habuit
3011 488 3176 544 alium
3207 489 3551 545 Anastasium
3580 490 3796 551 dictum
3818 495 3918 567 ju-

600 600 837 668 solitam,
864 600 935 654 ob
962 601 1041 654 rei
1070 596 1377 653 domeStica:
1404 595 1694 663 angustias,
1736 606 1894 663 pares
1921 601 2042 644 esse
2079 597 2190 639 non

599 691 934 757 viderentur,
962 690 1120 759 jussit
1146 688 1377 748 Fantinn
1398 686 1666 742 defensori
1687 691 1744 739 ut
1772 680 2026 738 Ecclesiae
2053 676 2193 732 s'um-

598 781 778 851 ptihus
798 788 1244 849 compararentur
1264 781 1346 834 hae
1375 784 1574 843 vestes,
1608 788 1743 843 quas
1772 776 2013 866 egestate
2040 764 2191 866 labo-

598 869 845 923 rantibus
863 867 1188 924 distribuere
1208 876 1438 925 curaret.
1464 865 1680 923 lnterim
1712 862 2022 932 episcopum
2045 855 2198 924 Agri-

597 961 877 1030 geminum
921 963 1183 1017 monitum
1228 977 1347 1018 esse
1399 961 1597 1026 voluit,
1628 968 1686 1013 ut
1729 949 2197 1011 illosChristianaa

598 1049 873 1121 religionis
918 1053 1232 1108 candidatos
1283 1052 1702 1107 catechumenos
1744 1050 1977 1115 faceret,
2009 1057 2073 1099 ac
2100 1054 2196 1096 eos

595 1142 704 1197 ﬁde
746 1159 911 1212 quam
959 1144 1258 1214 suscepturi
1285 1152 1439 1200 erant
1473 1153 1684 1199 mature
1709 1141 1937 1204 docere,
1982 1148 2196 1194 necnon

598 1231 935 1301 Evangelica:
972 1235 1104 1304 legis
1143 1238 1425 1307 praeceptis
1462 1236 1706 1291 imbuere
1734 1233 1993 1290 sollicitus
2030 1231 2189 1287 foret.

672 1326 724 1378 ὅ.
758 1324 826 1379 Ut
855 1324 1062 1383 facilius
1089 1326 1300 1383 Iudaeos
1322 1328 1456 1383 alios
1481 1326 1767 1383 clementia
1788 1334 1845 1381 et
1878 1329 2193 1378 mansuetu-

599 1412 725 1469 dine
768 1415 833 1469 ad
875 1415 1039 1471 ﬁdem
1082 1418 1419 1488 pertraheret
1462 1417 1886 1491 sapientissimus
1929 1412 2192 1485 pontifex,

597 1504 877 1572 prohibuit
904 1520 972 1560 ne
999 1506 1131 1561 locis
1156 1506 1309 1576 juxta
1340 1507 1485 1575 leges
1526 1506 1627 1562 sibi
1654 1504 1927 1561 concessis
1955 1500 2195 1571 depelle-

598 1603 813 1661 rentur,
874 1605 965 1651 aut
1009 1598 1127 1652 aliis
1157 1598 1495 1653 afﬁcerentur
1536 1597 1763 1667 injuriis.
1810 1593 1869 1651 Id
1913 1593 2082 1663 liquet
2127 1606 2195 1647 ex

599 1670 829 1754 epistola
874 1686 1112 1756 Victori,
1159 1687 1542 1743 Panormitano
1571 1688 1860 1757 episcopo,
1890 1684 1943 1739 in
1966 1682 2195 1753 gratiam

599 1772 905 1829 Iudaeorum
944 1776 1045 1831 hac
1072 1775 1126 1831 in
1170 1777 1304 1832 urbe
1336 1776 1643 1846 degentium
1687 1775 1918 1845 scripta,
1958 1771 1987 1811 ι’
2030 1770 2192 1842 paulo

2301 582 2540 649 niorem;
2569 582 2663 652 qui
2689 598 2811 637 cum
2839 584 2905 639 ad
2934 598 3130 654 papam
3156 584 3457 655 scripsisset
3482 584 3552 642 de
3583 601 3684 643 sua
3712 603 3922 659 prove-

2296 675 2501 741 ctione,
2530 689 2594 729 ac
2619 672 2745 730 ﬁdei
2796 673 3183 744 professionem
3212 683 3271 730 ut
3297 677 3463 733 moris
3485 687 3604 734 erat
3645 679 3933 751 misisset,‘

2297 780 2620 837 responsum
2642 766 2711 822 ab
2731 765 2850 836 ipso
2879 766 3000 821 tulit
3019 775 3329 837 pergratum
3358 777 3414 823 et
3437 768 3721 827 charitatis
3748 774 3917 831 melle

2299 857 2594 914 conditum.
2640 857 2711 913 Ut
2757 860 2901 916 sedis
2928 860 3197 917 Anastasii
3223 861 3445 931 majoris
3491 879 3785 922 successor
3813 866 3919 926 fuit

2299 946 2393 1003 ille
2420 948 2749 1019 patriarcha,
2779 949 2854 1005 ita
2882 952 3044 1006 etiam
3084 952 3455 1009 molestiarum
3480 964 3537 1010 et
3562 959 3915 1027 persecutio-

2300 1055 2429 1095 num
2463 1058 2477 1095 :
2505 1056 2629 1096 nam
2657 1050 2780 1112 post
2806 1059 3000 1100 novem
3038 1046 3382 1116 episcopatus
3409 1061 3616 1111 annos.
3666 1051 3722 1105 in
3764 1050 3915 1107 sedi-

2300 1131 2450 1187 tione
2479 1141 2684 1204 martyr
2712 1135 3030 1191 occubuisse
3066 1135 3280 1191 dicitur.
3310 1136 3369 1191 In
3399 1138 3630 1210 epistola
3674 1139 3735 1196 S.
3770 1139 3914 1198 Gre-

2298 1222 2435 1296 gorii
2462 1221 2604 1297 (Lib.
2638 1239 2710 1290 ix,
2744 1242 2824 1296 ep.
2858 1224 2950 1295 49)
2979 1241 3085 1295 qua
3111 1227 3404 1297 respondet
3423 1227 3711 1287 Anastasio
3737 1247 3918 1301 nuper

2298 1322 2368 1377 ad
2394 1323 2579 1379 sedem
2637 1321 3026 1378 Antiochenam
3079 1333 3391 1394 assumpto,
3431 1325 3486 1380 id
3533 1342 3646 1397 prae
3694 1327 3915 1383 «cteris

2298 1414 2675 1470 observatione
2702 1412 2921 1486 dignum
2940 1456 2955 1483 ,
2979 1416 3545 1490 pseudo-Ephesinam
3577 1418 3854 1490 synodum
3882 1433 3915 1472 a

2298 1501 2630 1561 Nestorianis
2674 1506 2942 1573 habitam,
2983 1510 3038 1563 in
3065 1520 3170 1578 qua
3203 1507 3365 1577 impia
3394 1506 3631 1563 leestii
3662 1516 3719 1563 et
3749 1506 3913 1562 Pela-

2298 1592 2371 1661 gii
2398 1593 2652 1664 dogmata
2679 1607 2804 1653 sunt
2829 1601 3143 1670 approbata,
3168 1611 3297 1659 tunc
3316 1599 3511 1675 saepius
3545 1615 3645 1674 pro
3675 1602 3916 1671 ipsamet

2298 1687 2630 1743 oecumenica
2655 1689 2861 1760 synodo
2892 1689 3191 1761 Ephesina,
3219 1694 3582 1765 versipellium
3611 1691 3882 1751 διηπειίςο
3906 1720 3915 1733 ι

2298 1793 2418 1832 rum
2440 1778 2626 1836 fraude
2654 1780 2817 1838 fuisse
2844 1784 3140 1841 obtrusam.
3172 1785 3270 1842 Cui
3296 1788 3542 1843 erroriut
3560 1798 3905 1857 occurratur,

598 1873 725 1934 post
770 1867 1103 1936 superiorem
1137 1866 1204 1922 de
1231 1866 1426 1922 Judaeis
1460 1867 1806 1936 Agrigentum
1836 1861 2194 1919 incolentibus
2222 1858 2272 1920 B
2300 1872 2490 1928 suadet,
2536 1873 2879 1931 doctissimus
2924 1885 3107 1946 pater,
3152 1878 3207 1932 in
3244 1878 3454 1935 scriniis
3502 1880 3909 1951 ρηρὶριιλιιιιω

600 1958 667 2011 ad
696 1958 982 2015 Fantinum
1012 1961 1215 2017 directa
1237 1959 1374 2030 (Lib.
1406 1977 1520 2025 vm,
1552 1977 1631 2030 ep.
1657 1957 1768 2028 25).
1804 1956 1860 2012 Si
1889 1955 1982 2027 qui
2011 1961 2193 2010 tamen

598 2047 907 2105 Iudaeorum
928 2052 1318 2109 insolescerent
1344 2052 1601 2108 adversus
1622 2050 1981 2113 Christianos,
2007 2062 2195 2104 eorum

598 2142 880 2198 audaciam
910 2144 1156 2215 frangere
1205 2154 1261 2201 et
1308 2159 1570 2201 coercere
1609 2142 1932 2213 quantocius
1980 2146 2194 2207 satage—

600 2232 727 2298 bat;
759 2242 814 2288 et
842 2236 1127 2307 episcOpos
1157 2245 1219 2290 ut
1262 2236 1674 2306 eorum‘pravis
1712 2233 1949 2291 consiliis
1976 2232 2200 2288 resiste~

600 2334 725 2378 rent
751 2324 1071 2380 hortabatur
1102 2325 1287 2395 (lbid.,
1315 2344 1395 2397 ep.
1428 2325 1545 2395 21).

680 2413 728 2467 4.
788 2413 990 2469 Laetum
1028 2416 1095 2471 de
1138 2425 1218 2472 tot
1254 2417 1556 2475 inﬁdelibus
1604 2419 1672 2473 ad
1710 2417 1870 2473 ﬁdem
1921 2417 2198 2474 conversis

605 2503 854 2557 nuntium
895 2505 1179 2562 turbarunt
1221 2508 1523 2575 Anastasii,
1572 2509 1893 2565 Antiocheni
1936 2509 2194 2580 episcOpi,

607 2591 867 2661 epistolae,
902 2610 1015 2663 qua:
1042 2612 1136 2665 pro
1164 2599 1327 2651 verbis
1377 2599 1634 2669 lacrymas
1663 2599 1891 2669 ﬂuebant
1917 2599 2056 2670 (Lib.
2085 2615 2195 2667 Vill,

604 2697 685 2751 ep.
716 2682 804 2751 2).
834 2682 1006 2739 Amici
1031 2686 1273 2742 dolorem
1301 2688 1499 2753 lenire,
1543 2690 1889 2760 animumque
1926 2706 2065 2760 pene
2098 2691 2199 2745 sub

604 2768 992 2827 adversitatum
1021 2774 1260 2844 pondere
1280 2776 1617 2832 deﬁcientem
1638 2780 1848 2849 erigere
1870 2790 2098 2835 conatus
2117 2788 2201 2838 est

578 2900 579 2903 η
604 2853 914 2927 Gregorius.
958 2862 1003 2916 A
1030 2863 1224 2932 quibus
1253 2875 1379 2920 tunc
1412 2876 1700 2923 vexaretur
1730 2869 1817 2923 hic
1870 2870 2197 2940 patriarcha,

604 2964 715 3003 non
740 2952 1037 3021 explicatur
1065 2955 1119 3009 in
1160 2957 1388 3026 epistola
1418 2959 1779 3015 consolatoria
1823 2962 2017 3016 summi
2066 2978 2201 3031 pon-

604 3036 782 3093 tiﬁcis.
813 3039 1105 3099 Ilmreticos
1138 3051 1316 3100 tamen
1347 3046 1440 3115 qui
1484 3056 1611 3102 tunc
1641 3049 1694 3103 in
1722 3046 1941 3105 Oriente
1990 3064 2203 3120 grassa-

600 3129 800 3187 bantur
823 3133 1058 3202 plurimi,
1088 3137 1186 3191 sub
1230 3138 1394 3193 variis
1422 3138 1835 3209 Acephalorum,
1882 3139 2204 3197 Severiano-

602 3232 752 3287 rum,
802 3221 1301 3282 Theodosianorum
1361 3230 1696 3297 nominibus,
1768 3231 2198 3289 adversariorum
2229 3235 2274 3298 Ο

580 3312 722 3381 ejus
758 3316 1137 3385 antesignanos
1184 3321 1455 3377 exstitisse
1501 3324 1591 3378 vix
1632 3324 1961 3382 dubitamus.
2002 3327 2203 3384 Praeter

604 3414 1058 3463 commemoratos
1104 3410 1497 3479 heterodoxos,
1568 3414 1673 3468 alia
1732 3424 1977 3472 monstra
2031 3433 2205 3489 nuper

602 3495 1011 3553 consurrexisse
1050 3499 1293 3567 queritur
1330 3502 1766 3570 vigilantissimus
1809 3521 1983 3577 papa;
2032 3523 2204 3565 novos

603 3583 855 3640 videlicet
883 3602 1123 3656 errones,
1155 3592 1240 3659 qui
1266 3590 1590 3661 Prophetas,
1620 3594 1942 3668 Evangelia,
1986 3608 2035 3653 et
2065 3600 2204 3655 dicta

604 3670 828 3728 Patrum
853 3693 1101 3732 evacuare
1124 3680 1483 3737 moliebantur.
1512 3684 1620 3739 Sed
1647 3697 2003 3757 permanente,
2032 3689 2207 3758 inquit

572 3764 895 3837 .Gregorius
946 3771 1013 3827 ad
1060 3773 1430 3842 Anastasium,
1491 3779 1595 3831 vita
1648 3790 1828 3835 vestra:
1889 3783 2203 3849 sanctitatis,

603 3863 766 3933 279
783 3865 838 3917 in
858 3867 1163 3935 protectoris
1191 3871 1355 3924 nostri
1377 3872 1550 3941 gratia
1569 3888 1838 3941 speramus
1865 3874 2001 3945 quod
2027 3892 2205 3931 eorum

568 3984 571 3991 η
603 3969 697 4007 θνα
726 3955 876 4009 citius
905 3957 1260 4015 obmutescunt
1287 3978 1402 4034 qua:
1431 3973 1613 4019 contra
1650 3966 1967 4023 soliditatem
2014 3971 2205 4024 verita-

604 4044 670 4096 tis
699 4055 880 4111 aperta
905 4058 1058 4116 sunt;
1089 4053 1211 4120 quia
1238 4060 1288 4105 et
1325 4053 1603 4123 quamlibet
1650 4060 1786 4111 acuti
1814 4058 1981 4128 gladii
2007 4060 2207 4114 immit-

605 4145 813 4204 tuntur,
849 4157 965 4195 cum
994 4160 1179 4198 saxum
1220 4146 1439 4216 feriunt,
1494 4149 1651 4218 fracti
1689 4151 1945 4205 resiliunt.
1989 4152 2205 4221 Optima

574 4254 577 4255 ν
605 4245 738 4286 sane
764 4233 923 4298 ratio,
955 4250 1051 4290 cur
1083 4246 1158 4291 tot
1187 4238 1564 4295 haereticorum
1608 4241 1716 4297 tela
1745 4243 1800 4298 in
1827 4242 2085 4300 Ecclesiae
2114 4247 2206 4302 ﬁr-

570 4352 573 4355 λ
606 4317 903 4375 missimam
944 4332 1154 4393 petram
1200 4327 1436 4398 intorta,
1489 4337 1670 4387 retusa
1711 4332 1929 4387 tandem
1960 4334 2014 4388 in
2061 4334 2206 4405 ipsos

605 4410 895 4470 reciderint
921 4424 1193 4475 auctores.
1231 4421 1460 4480 Aliunde
1486 4439 1610 4494 spes
1648 4424 1937 4495 aﬁ'ulgebat
1964 4429 2204 4487 victoria:

602 4507 672 4563 de
732 4507 816 4563 his
865 4507 1117 4566 Ecclesia:
1161 4512 1406 4570 hostibus
1450 4519 1818 4587 reportandae,
1878 4522 2086 4579 scilicet
2136 4526 2204 4582 ab

601 4615 789 4703 eorum
830 4602 1132 4661 divisione:
1181 4605 1349 4675 Quia,
1394 4608 1566 4680 inquit
1613 4624 1832 4670 sanctus
1882 4616 2112 4685 Doctor,
2145 4619 2200 4677 in
2228 4624 2283 4685 D
2305 4655 2397 4708 per
2424 4602 2566 4707 άιέε,
2596 4648 2652 4693 ηε
2690 4640 2945 4709 ρνωάξπί,

602 4691 752 4760 ipsis,
782 4697 869 4765 qui
896 4713 930 4751 a
959 4705 1154 4756 sanctis
1180 4702 1410 4757 ecclesite
1429 4702 1666 4759 doctrina
1696 4705 1844 4762 divisi
1866 4719 2007 4779 sunt,
2030 4712 2204 4768 unitas

603 4799 707 4837 non
730 4794 826 4840 est.

674 4873 824 4930 Inter
852 4892 946 4935 eos
986 4883 1078 4951 qui
1125 4894 1311 4942 sancto
1362 4887 1646 4945 Anastasio
1690 4890 1883 4949 infensi
1921 4902 2111 4962 erant,
2139 4894 2198 4951 S.

570 5012 575 5015 .
603 4964 889 5060 Gregorius
936 4974 1217 5046 designare
1243 4982 1459 5039 videtur
1482 4985 1842 5054 patriarcham
1869 4987 1975 5045 ΟΡ.
1994 5030 2009 5057 ,
2038 5005 2202 5060 quem

603 5057 679 5112 ait
722 5059 991 5119 addidisse
1019 5082 1215 5137 onera,
1257 5087 1380 5128 cum
1426 5076 1709 5133 sublevare
1756 5057 2071 5149 debuisset;-
2100 5081 2200 5138 sub

601 5151 785 5206 ovium
816 5156 1009 5211 vestitu
1039 5159 1181 5216 intus
1208 5162 1367 5221 fuisse
1397 5167 1582 5237 lupum
1628 5185 1908 5243 rapacem;
1952 5185 2000 5229 et
2032 5178 2201 5231 solum

598 5262 710 5315 prie
736 5245 856 5300 aliis
884 5247 1070 5305 habere
1092 5259 1394 5327 appetiisse,
1419 5264 1553 5329 quod
1581 5265 1770 5336 dignus
1796 5285 1899 5322 non
1930 5271 2101 5340 fuerat
2123 5272 2201 5326 vel

598 5354 711 5393 cum
736 5339 983 5410 fratribus
1002 5342 1209 5413 habere,
1229 5350 1298 5404 ob
1318 5363 1631 5424 usurpatum
1648 5358 1856 5415 scilicet
1875 5339 2198 5422 meumenici

575 5430 921 5496 patriarcha:
961 5434 1197 5491 titulum.

564 5582 569 5587 ν
629 5612 638 5614 Α
666 5523 718 5580 5.
755 5525 921 5585 Paulo
944 5541 1067 5600 post
1088 5544 1337 5605 acceptas
1365 5553 1395 5593 a
1419 5538 1679 5610 Gregorio
1708 5544 1934 5614 litteras,
1968 5520 2196 5606 Anasta-

596 5612 707 5670 sius
738 5615 806 5671 ad
831 5622 1262 5693 tranquilliorem
1290 5635 1344 5682 et
1385 5630 1662 5687 meliorem
1697 5636 1859 5691 vitam
1906 5612 1930 5679 τέ
1964 5641 2196 5711 transiit,

670 5738 695 5813 ξ
727 5729 977 5813 ροηειιιεε⁸
995 5746 1177 5793 notam
1210 5741 1314 5813 527
1344 5743 1410 5797 ad
1442 5744 1658 5801 Librum
1698 5750 2192 5813 Sacramentorum.

671 5798 697 5881 ξ’
738 5801 886 5881 εῖρςεξΔ
908 5807 1067 5861 etiam
1095 5825 1180 5881 ep.
1214 5812 1246 5864 ϋ
1268 5813 1387 5868 libri
1417 5798 1687 5881 ιχέέέιίκῦδ.

674 5879 695 5907 ο
739 5867 1145 5938 De'Anastasio
1189 5867 1753 5961 legendusi’Evagri-us
1802 5894 1893 5951 lib.
1960 5913 2010 5953 ιν
2058 5897 2193 5957 llist.

2297 1961 2654 2020 Ecclesiarum
2706 1965 2996 2035 Romanae,
3044 1969 3454 2039 Alexandrinas,
3506 1972 3903 2045 Antiocheam,

2299 2062 2510 2117 sincera
2548 2062 2832 2132 Ephesinae
2876 2064 3072 2136 synodi
3119 2073 3239 2121 acta
3285 2065 3559 2137 perquiri;
3601 2066 3698 2122 ubi
3748 2067 3902 2124 vides

2298 2161 2543 2209 veterum
2588 2154 2833 2210 codicum
2882 2154 3040 2211 ﬁdem
3086 2163 3143 2212 et
3192 2158 3570 2213 auctoritatem
3608 2167 3901 2215 asserum.

2372 2243 2425 2297 6.
2474 2243 2885 2301 Tumultuantes
2932 2247 3192 2303 adversus
3239 2248 3579 2305 Anastasium
3612 2251 3903 2308 haereticos

2298 2349 2427 2391 mox
2454 2335 2686 2392 vidimus
2712 2337 2767 2392 in
2808 2336 3046 2395 Oriente.
3079 2339 3328 2396 Pacatior
3356 2349 3538 2397 autem
3576 2351 3699 2397 erat
3720 2340 3897 2415 Egy-

2299 2435 2425 2498 ptus
2452 2436 2508 2484 et
2528 2428 2889 2487 Alexandrina
2916 2429 3153 2487 Ecclesia
3183 2433 3283 2489 sub
3312 2432 3535 2505 Eulogio
3560 2435 3897 2506 patriarcha,

2300 2523 2395 2592 qui
2423 2523 2712 2593 plerosque
2735 2525 3019 2582 haereticos
3051 2524 3302 2583 Ecclesia:
3340 2528 3813 2595 reconciliaverat,
3847 2536 3904 2585 et

2301 2613 2648 2669 concordiam
2678 2614 2820 2671 inter
2863 2614 3047 2672 ﬁdeles
3092 2615 3353 2673 ﬁrmarat.
3406 2617 3534 2676 Haec
3583 2627 3647 2674 ut
3691 2620 3903 2691 accepit

2301 2702 2360 2759 S.
2386 2703 2941 2777 Gregoriusﬁarrepto
2968 2708 3177 2765 calamo
3197 2710 3379 2766 statim
3399 2711 3575 2768 amico
3594 2712 3902 2782 gratulatus

2304 2800 2415 2861 est,
2436 2796 2779 2867 vicissimque
2799 2798 2868 2854 de
2895 2800 3169 2856 conversis
3205 2816 3377 2872 nuper
3414 2802 3598 2872 Anglis
3630 2819 3758 2860 eum
3787 2820 3902 2863 cer-

2303 2891 2500 2946 tiorem
2528 2891 2675 2947 fecit.
2699 2892 2769 2947 At
2795 2893 2861 2948 de
2884 2893 2968 2949 his
2984 2893 3095 2962 jam
3116 2894 3365 2953 diximus.
3387 2894 3515 2952 Erat
3541 2897 3687 2954 inter
3705 2906 3904 2955 utrum-

2305 2997 2411 3051 que
2435 2983 2775 3039 sanctissima
2800 2986 3136 3042 consuetudo
3170 2988 3370 3045 mutuis
3394 2988 3714 3046 conﬁrmata
3733 2992 3905 3049 bene-

2306 3072 2442 3131 ﬁciis
2467 3082 2522 3130 et
2565 3068 3073 3147 ofﬁciis.'Eulogius
3102 3080 3399 3150 postularat
3424 3097 3455 3136 a
3483 3098 3701 3139 summo
3726 3085 3905 3154 ponti-

2306 3164 2437 3232 ﬁce,
2485 3174 2542 3218 ut
2582 3166 2682 3221 sibi
2736 3176 3037 3225 cunctorum
3082 3182 3375 3243 martyrum
3418 3183 3595 3251 gesta,
3650 3192 3770 3247 quia
3808 3177 3908 3245 pic

2304 3257 2567 3311 memoria:
2587 3256 2915 3313 Constantini
2933 3262 3243 3330 temporibus
3263 3263 3335 3317 ab.
3349 3261 3574 3321 Eusebio
3595 3263 3909 3322 Caesariensi

2305 3348 2520 3404 collecta
2547 3359 2668 3404 sunt
2710 3355 3100 3409 transmitteret.
3154 3356 3225 3410 At
3270 3355 3362 3413 ille
3406 3358 3688 3429 respondit
3735 3374 3799 3415 se
3842 3361 3909 3415 de

2306 3439 2410 3496 hac
2436 3437 2465 3478 ἀ
2491 3439 2795 3498 Eusebiana
2835 3445 3156 3503 collectione
3183 3446 3318 3503 nihil
3364 3462 3602 3518 unquam
3646 3460 3778 3506 ante
3820 3466 3910 3507 ac—

2306 3538 2519 3600 ceptam
2544 3530 2754 3601 Eulogii
2787 3535 3069 3604 epistolam
3116 3538 3367 3594 audiisse.
3416 3538 3578 3595 Addit
3635 3558 3651 3595 :
3690 3530 3910 3597 ‘Prartcr

2304 3622 2399 3677 illa
2426 3639 2542 3694 qua:
2565 3625 2622 3678 in
2646 3624 2881 3695 ejusdem
2901 3625 3113 3683 Eusebii
3136 3628 3286 3685 libris
3314 3632 3381 3685 de
3426 3634 3583 3704 gestis
3608 3644 3909 3690 sanctorum

2306 3726 2595 3789 martyrum
2622 3723 2971 3787 continentur,
3003 3723 3148 3778 nulla
3173 3726 3229 3779 in
3278 3724 3485 3781 archiva
3530 3726 3681 3797 hujus
3710 3738 3910 3784 nostris

2306 3809 2578 3878 Ecclesiae,
2617 3812 2693 3867 vel
2738 3814 2794 3867 in
2824 3812 3080 3871 Romana:
3115 3816 3257 3871 urbis
3306 3816 3626 3873 bibliothecis
3665 3836 3780 3873 esse
3821 3836 3910 3873 co-

2306 3905 2478 3976 gnovi,
2510 3906 2611 3960 nisi
2642 3922 2808 3976 pauca
2837 3907 3075 3976 quaedam
3121 3910 3176 3962 in
3216 3910 3372 3963 unius
3413 3911 3604 3965 codicis
3647 3911 3910 3965 volumine

2307 3996 2541 4051 collecta.
2575 3993 2692 4051 Nos
2719 4005 2889 4052 autem
2913 4014 3043 4067 pene
3081 4000 3309 4054 omnium
3334 4010 3621 4072 martyrum
3649 4002 3909 4057 distinctis

2306 4104 2400 4155 per
2436 4088 2545 4141 dies
2589 4088 2819 4158 singulos
2853 4088 3181 4159 passionibus
3226 4091 3443 4146 collecta
3487 4094 3541 4146 in
3586 4109 3692 4147 uno
3732 4093 3909 4147 codice

2308 4179 2521 4233 nomina
2563 4178 2831 4244 habemus,
2868 4188 3020 4251 atque
3062 4181 3378 4251 quotidianis
3427 4182 3605 4237 diebus
3633 4184 3691 4237 in
3727 4201 3907 4240 eorum

2306 4270 2636 4324 veneratione
2656 4271 2931 4325 missarum
2958 4274 3211 4327 solemnia
3249 4275 3472 4345 agimus.
3499 4272 3625 4329 Non
3659 4283 3832 4329 tamen
3854 4276 3907 4331 in

2276 4370 2279 4371 '
2307 4361 2486 4416 eodem
2514 4361 2771 4416 volumine
2790 4364 2903 4433 quis
2931 4364 3152 4435 qualiter
3173 4365 3242 4418 sit
3268 4380 3455 4435 passus
3494 4364 3759 4419 indicatur
3778 4408 3795 4434 ,
3818 4366 3906 4419 sed

2310 4456 2664 4511 tantummodo
2706 4474 2920 4521 nomen,
2948 4457 3118 4526 locus,
3158 4467 3209 4511 et
3235 4458 3342 4512 dies
3372 4460 3633 4529 passionis
3675 4459 3905 4528 ponitur.

2314 4545 2463 4601 Unde
2500 4548 2561 4617 ﬁt
2600 4555 2656 4600 ut
2690 4548 2838 4602 multi
2876 4564 2940 4601 ea:
2988 4550 3203 4604 diversis
3252 4550 3401 4603 terris
3450 4559 3602 4622 atque
3632 4549 3905 4619 provinciis

2977 4642 3208 4713 singulos
3241 4650 3620 4710 coqnoscantur
3655 4642 3905 4713 martyrio

2302 4734 2537 4788 coronati
2564 4731 2717 4803 (Lib.
2749 4748 2862 4795 VIII,
2889 4750 2970 4803 ep.
3000 4733 3114 4802 50).

2378 4824 2428 4878 7.
2462 4823 2561 4878 Hic
2591 4822 2856 4878 habemus
2882 4822 3252 4895 Martyrologii
3281 4825 3512 4881 Romani
3537 4824 3713 4896 prima
3740 4825 3906 4881 veluti

2301 4912 2623 4968 rudimenta.
2666 4913 2837 4983 Ipsius
2882 4915 3126 4970 meminit
3173 4917 3410 4987 synodus
3435 4915 3905 4974 Cloveshoviensis

2302 5020 2389 5059 an.
2423 5003 2521 5056 747
2545 5004 2755 5071 habita,
2786 5005 2841 5059 in
2870 5020 2975 5074 qua
3014 5006 3293 5062 decretum
3332 5017 3389 5062 ut
3426 5026 3518 5080 per
3537 5026 3721 5081 gyrum
3750 5010 3907 5065 totius

2305 5098 2429 5150 anni
2456 5096 2695 5151 natalitia
2718 5106 3015 5152 sanctorum
3036 5114 3140 5153 uno
3165 5098 3441 5172 eodemque
3466 5100 3551 5179 die
3570 5101 3729 5171 juxta
3757 5100 3905 5155 Mar-

2303 5189 2615 5259 tyrologium
2643 5186 2892 5243 Ecclesia:
2914 5186 3184 5258 Romanae,
3208 5207 3323 5246 cum
3343 5208 3439 5247 sua
3458 5192 3557 5247 sibi
3576 5195 3905 5249 conveniente

2302 5279 2595 5350 psalmodia
2627 5286 2676 5333 et
2727 5279 2986 5335 cantilena
3029 5291 3351 5338 venerentur.
3394 5283 3903 5358 Martyrologiorum

2303 5372 2454 5442 origo
2484 5388 2515 5426 a
2545 5372 2696 5428 fastis
2742 5371 3103 5429 Ecclesiarum
3148 5377 3443 5447 repetenda
3486 5378 3643 5434 nobis
3670 5379 3902 5435 videtur.

2301 5461 2537 5533 Singula:
2564 5463 2708 5518 enim
2735 5463 3005 5520 habebant
3046 5475 3341 5540 martyrum
3379 5486 3601 5527 suorum
3641 5471 3901 5528 aliorum-

2304 5567 2410 5623 que
2437 5564 2745 5609 sanctorum
2778 5556 3083 5627 catalogum
3109 5573 3338 5628 quorum
3360 5562 3413 5616 in
3440 5562 3758 5618 memoriam
3780 5562 3903 5617 festi

2304 5646 2719 5701 celebrabantur
2738 5647 2872 5703 dies.
2902 5647 3038 5705 Hinc
3057 5648 3357 5721 Cyprianus
3387 5670 3401 5709 :
3431 5652 3685 5729 Denique,
3704 5653 3901 5725 inquit,

2308 5758 2514 5833 Eccles.
2543 5778 2591 5816 c.
2622 5760 2682 5824 4,
2714 5769 2769 5815 et
2798 5761 2889 5815 lib.
2922 5778 2984 5833 v,
3013 5778 3133 5833 cap.
3167 5762 3215 5819 ὅ.

2380 5832 2402 5869 ιι
2434 5832 2574 5901 Lege
2614 5841 2771 5888 notas
2812 5833 2880 5892 ad
2920 5832 3059 5891 hanc
3082 5832 3389 5906 epistolam.
