4130 6454
282 394 387 450 109

776 392 835 449 S.
879 389 1208 448 GREGORH
1246 389 1465 447 MAGNI
1506 389 1686 457 VITA,
1717 387 1812 445 EX
1851 384 2019 444 EJUS
2057 381 2366 443 SCRIPTIS
2407 383 2810 444 ADORNATA.
2848 382 2979 443 LIB.
3018 384 3106 443 lli.

3466 388 3572 443 410

277 517 327 564 et
370 505 479 563 dies
505 522 682 564 eorum
709 505 890 578 quibus
916 508 1170 562 excedunt
1195 516 1459 571 annotate,
1490 514 1546 560 ut
1574 520 1880 561 commemo-
1904 507 1957 566 Α
1985 514 2153 571 raque
2187 500 2586 570 reperirentur,
2627 500 2782 572 quasi
2809 500 2866 557 in
2892 514 3057 556 unum
3086 513 3281 570 corpus
3320 498 3571 571 redacta,

275 599 509 653 rationes
563 614 738 653 eorum
773 599 908 652 inter
952 599 1232 653 memorias
1276 607 1562 668 martyrum
1616 594 1875 651 celebrare

273 691 531 760 possimus
573 688 698 761 (Ep.
739 688 834 757 1'2,
879 688 1086 744 Patrol.
1134 697 1258 744 tom.
1307 687 1439 758 IV).
1482 687 1558 741 De
1584 687 1689 742 hoc
1716 700 1876 755 argu-

272 788 462 836 mento
490 779 661 835 lector
689 778 959 835 studiosus
985 780 1233 835 consulat
1255 778 1545 833 Henricum
1579 776 1871 842 Valesium,

272 871 369 941 qui
389 868 717 940 singularem
741 868 909 925 edidit
931 868 997 923 de
1017 867 1398 939 Martyrologio
1420 865 1664 921 Romano
1685 863 1878 921 disser-

210 946 223 1031 ί
272 966 560 1033 tationem,
590 972 647 1020 et
696 963 807 1020 suis
836 964 890 1018 in
917 961 1207 1019 Eusebium
1235 960 1619 1017 Caesariensem
1647 967 1876 1015 annota-

214 1040 227 1107 ἶ
274 1056 514 1112 tionibus
551 1055 812 1123 attexuit;
860 1054 1264 1126 perpendatque
1292 1052 1531 1108 rationes
1559 1052 1752 1123 quibus
1774 1050 1875 1106 ad-

214 1134 224 1151 "
271 1157 486 1207 struere
511 1157 741 1206 conatur
758 1149 840 1205 vir
865 1149 1207 1205 doctissimus
1227 1148 1432 1204 nullum
1453 1164 1688 1219 unquam
1709 1147 1869 1206 fuisst

270 1247 557 1318 proprium
592 1262 658 1301 ac
702 1246 976 1316 peculiare
997 1244 1435 1322 Martyrologium
1464 1242 1716 1299 Ecclesite
1764 1241 1875 1297 Ro-

271 1353 452 1394 manae
484 1346 612 1395 ante
637 1340 767 1395 illud
792 1339 937 1409 quod
960 1338 1116 1408 jussu
1134 1336 1275 1393 Xisti
1296 1337 1340 1391 ν
1364 1335 1640 1393 Pontificis
1654 1334 1877 1391 maximi

272 1430 478 1486 editum
506 1439 590 1487 est
617 1431 722 1486 hoc
749 1430 930 1496 titulo,
959 1437 1015 1485 et
1041 1428 1259 1485 Baronii
1287 1428 1727 1484 annotationibus
1756 1425 1877 1480 illu-

270 1528 523 1577 stratum.
566 1519 842 1591 Praecipua
888 1520 1101 1576 ducitur
1141 1535 1211 1575 ex
1257 1530 1501 1575 veterum
1550 1519 1875 1588 scriptorum

278 1614 518 1680 silentio,
544 1630 665 1685 qua:
690 1623 871 1671 tamen
900 1614 1009 1669 ruit
1030 1613 1173 1669 lecto
1192 1612 1384 1680 synodi
1406 1610 1876 1668 Cloveshoviensis

274 1706 444 1762 allato
472 1722 637 1778 supra
664 1707 993 1763 testimonio.
1024 1706 1143 1762 Non
1174 1705 1443 1761 inliciatur
1470 1704 1685 1775 quidem
1716 1704 1877 1760 Vale-

270 1800 387 1855 sius
412 1799 709 1857 Ecclesiam
750 1801 1053 1857 Romanam
1084 1808 1140 1855 et
1167 1800 1300 1855 alias
1329 1800 1523 1855 saltem
1551 1800 1876 1869 insigniores

1976 593 2073 650 sed
2098 594 2280 648 dilatae
2308 592 2663 650 nihilominus
2686 601 2843 649 erant
2883 593 3018 649 actis
3051 590 3407 662 singularibus
3431 609 3575 651 mar-

1976 695 2189 758 tyrum,
2230 684 2467 740 maxime
2498 684 2555 739 in
2596 666 2778 753 Italia,
2814 694 2871 742 et
2895 685 3193 756 praesertim
3220 682 3407 739 Romae
3433 701 3577 740 uiar-

1980 777 2123 849 tyrio
2152 783 2557 833 coronatorum.
2589 775 2767 832 Taceo
2794 776 2864 831 de
2902 776 3175 833 veteribus
3200 775 3477 832 codicibus
3508 776 3575 832 ad

1984 873 2089 929 alia
2118 888 2278 944 quam
2303 872 2372 928 ad
2399 880 2696 943 martyrum
2718 871 2971 928 historias
2998 872 3412 942 pertinentibus,
3441 886 3577 941 quo-

1976 979 2096 1020 rum
2119 971 2333 1034 poterat
2354 978 2475 1019 esse
2505 962 2691 1019 Romae
2722 962 2956 1018 maxima
2985 963 3142 1034 copia
3170 980 3184 1017 :
3213 961 3284 1018 de
3314 962 3399 1021 his
3431 961 3577 1018 enim

1975 1056 2101 1111 silet
2125 1062 2343 1111 sanctus
2373 1054 2595 1109 Doctor.

2047 1144 2230 1201 Tertio
2258 1145 2386 1215 quid
2410 1152 2559 1201 vetat
2587 1145 2751 1200 etiam
2786 1154 2912 1212 post
2944 1144 3268 1201 sanctissimi
3295 1143 3575 1203 Pontiflms

1978 1239 2184 1295 obitum
2205 1240 2413 1311 multos
2429 1238 2645 1296 aliunde
2674 1240 2891 1296 codices
2918 1239 3146 1296 Romam
3169 1238 3333 1295 fuisse
3359 1240 3574 1310 allatos,

1977 1348 2115 1403 quos
2140 1349 2284 1389 nunc
2310 1334 2533 1389 laudare
2559 1350 2658 1390 nos
2685 1350 2791 1390 non
2819 1334 3066 1404 puderet,
3107 1333 3320 1388 etiamsi
3350 1350 3458 1390 non
3488 1350 3575 1391 es-

1977 1431 2101 1480 sent
2141 1421 2402 1493 Gregorio
2443 1424 2813 1493 antiquiores?
2852 1422 2968 1490 Qua
2998 1423 3200 1479 etenim
3228 1425 3575 1482 veneratione

1979 1513 2154 1583 dignae
2197 1522 2323 1569 sunt
2366 1513 2693 1569 membranae
2736 1513 3019 1583 plusquam
3056 1522 3275 1569 centum
3315 1528 3575 1569 annorum

1980 1622 2143 1677 supra
2188 1606 2371 1663 mille?
2416 1607 2568 1664 Nunc
2608 1606 2677 1663 ad
2720 1606 2959 1664 historiae
2998 1605 3343 1677 Gregoriante
3384 1606 3575 1664 seriem

1980 1715 2298 1757 revocemus
2329 1701 2574 1771 gradum.

2054 1795 2110 1849 9.
2141 1793 2348 1849 Bellum
2376 1794 2483 1849 hoc
2511 1809 2652 1849 anno
2680 1794 2735 1849 in
2775 1794 2924 1849 Italia
2952 1794 3219 1850 exarsisse
3246 1793 3423 1849 innuit
3455 1808 3579 1849 san-

269 1889 526 1947 habuisse
552 1906 650 1947 sua
692 1891 1007 1947 kalendaria
1036 1906 1275 1961 suosque
1318 1891 1519 1956 fastos,
1569 1892 1766 1960 quibus
1794 1892 1877 1947 in-
1908 1889 1953 1949 B
1981 1893 2101 1941 ctus
2128 1884 2448 1957 Gregorius.
2489 1885 2616 1940 dum
2649 1884 2815 1940 deﬂet
2839 1884 2981 1940 mala
3008 1899 3129 1954 quae
3156 1899 3187 1939 a
3222 1883 3579 1939 Barbarorum

267 1980 475 2050 scripta
522 1981 863 2051 propriorum
902 1989 1199 2050 martyrum
1243 1995 1309 2035 ac
1347 1988 1656 2035 sanctorum
1679 1980 1880 2049 episco-

266 2083 468 2139 porum
495 2069 717 2125 nomina
743 2069 1161 2125 continebantur
1178 2107 1195 2134 ,
1223 2069 1318 2124 sed
1348 2068 1656 2123 nullatenus
1682 2076 1877 2138 marty-

264 2160 500 2230 rologia,
525 2176 642 2232 qua:
660 2177 766 2217 non
794 2163 968 2227 unius,
1001 2160 1193 2232 inquit,
1221 2160 1319 2215 loci
1340 2160 1574 2231 propria,
1601 2158 1693 2213 sed
1722 2159 1876 2212 totius

268 2250 526 2308 Ecclesia:
574 2255 719 2324 fuere
767 2252 1089 2319 communia,
1138 2254 1323 2323 quippe
1375 2266 1489 2320 qua:
1536 2251 1690 2304 totius
1738 2248 1875 2304 orbis

271 2349 529 2411 martyres
558 2342 979 2413 confessoresque
1009 2341 1321 2411 generaliter
1349 2340 1683 2394 continerent.
1712 2340 1877 2395 Certe

269 2432 320 2487 si
358 2447 425 2488 ex
472 2432 635 2488 allata
684 2431 1001 2489 definitione
1065 2432 1493 2490 controversiam
1534 2431 1870 2499 dirimamus,

270 2520 515 2580 Valesius
565 2524 662 2581 lite
699 2540 922 2582 casurus
962 2525 1195 2581 videtur.
1246 2524 1457 2597 Quippe
1508 2540 1616 2581 non
1650 2524 1875 2594 alicujus

271 2614 567 2673 kalendarii
593 2619 839 2675 meminit
884 2618 943 2675 S.
992 2616 1312 2691 Gregorius,
1361 2619 1413 2673 in
1443 2634 1551 2689 quo
1577 2626 1875 2689 martyrum

271 2720 476 2768 tantum
532 2713 794 2770 Romana:
838 2730 1121 2786 passorum
1171 2714 1391 2770 nomina
1441 2714 1871 2781 continerentur,

269 2803 365 2859 sed
386 2804 587 2861 codicis
634 2806 691 2859 in
728 2822 827 2877 quo
869 2821 998 2877 pene
1024 2807 1254 2861 omnium
1302 2812 1590 2875 martyrum
1619 2803 1875 2857 distinctis

268 2913 361 2967 per
405 2896 637 2969 singulos
686 2898 793 2952 dies
859 2897 1189 2969 passionibus
1244 2896 1461 2951 collecta
1510 2896 1743 2950 nomina.
1803 2892 1877 2950 Ut

268 2995 453 3044 autem
494 2990 578 3060 agi
638 2990 707 3046 de
752 2990 1079 3061 martyribus
1124 2990 1324 3058 ubique
1386 2996 1651 3043 terrarum
1703 2986 1877 3057 passis

269 3078 621 3148 ostendatur,
649 3079 830 3137 subdit
878 3097 892 3134 :
950 3079 1019 3135 In
1050 3081 1229 3135 eodem
1267 3078 1637 3133 volumine.....
1663 3095 1871 3143 nomen,

268 3171 445 3240 locus,
489 3180 540 3227 et
568 3172 675 3228 dies
700 3173 960 3243 passionis
1004 3173 1234 3243 ponitur.
1286 3169 1437 3225 Unde
1457 3170 1520 3241 ﬁt
1548 3179 1602 3223 ut
1628 3170 1776 3223 multi
1809 3185 1875 3224 ea:

1980 1975 2169 2047 gladiis
2200 1977 2407 2047 perpeti
2436 1977 2728 2046 cogebatur
2755 1975 2904 2048 (Lib.
2936 1991 3171 2052 vm,.ep.
3207 1974 3294 2045 2).
3335 1975 3488 2045 Ipsos
3524 1974 3580 2029 in

1980 2067 2288 2129 Sardiniam
2308 2068 2716 2125 descensionem
2742 2068 2933 2124 fecisse
2962 2065 3235 2136 colligitur
3254 2080 3323 2121 ex
3350 2062 3578 2135 epistola

1979 2162 2228 2231 sequenti
2269 2160 2564 2217 indictione
2601 2159 2799 2230 scripta
2842 2156 2991 2231 (Lib.
3032 2174 3116 2226 1x,
3161 2174 3245 2228 ep.
3278 2156 3307 2210 1
3340 2165 3390 2211 et
3417 2152 3575 2227 seq.).

1976 2254 2186 2310 Idcirco
2218 2254 2450 2310 fortasse
2475 2253 2651 2309 voluit
2685 2253 2742 2308 S.
2781 2250 3077 2322 Gregorius
3103 2259 3164 2306 ut
3202 2249 3381 2306 nullus
3417 2250 3579 2306 etiam

1978 2345 2212 2402 clericus
2253 2361 2285 2401 a
2322 2345 2518 2415 vigiliis
2552 2353 2609 2401 et
2637 2343 2879 2401 excubiis
2917 2343 2985 2399 ad
3022 2343 3236 2399 urbium
3278 2340 3579 2397 custodiam

1978 2436 2299 2493 necessariis
2326 2441 2678 2491 excusaretur
2710 2452 2724 2487 :
2760 2433 3058 2503 eademque
3094 2432 3214 2502 lege
3254 2432 3579 2487 tenebantur

1976 2528 2229 2587 Monachi
2259 2528 2405 2601 (Lib.
2434 2531 2518 2597 ix,
2548 2546 2631 2600 ep.
2656 2527 2777 2599 75).
2810 2526 2930 2584 Non
2957 2527 3135 2582 minus
3162 2525 3311 2582 dolet
3337 2526 3421 2581 vir
3448 2540 3577 2580 san‘

1978 2632 2099 2680 ctus
2128 2624 2196 2680 de
2222 2622 2464 2692 iudicum
2494 2630 2549 2677 et
2578 2623 2990 2692 magistratuum
3016 2620 3349 2691 peruersitate
3387 2627 3443 2673 et
3478 2617 3578 2672 ini-

1977 2714 2208 2783 quitate,
2239 2729 2399 2784 quam
2420 2714 2489 2769 de
2508 2712 2793 2769 ferocitate
2814 2712 3070 2768 hostium.
3095 2710 3242 2765 inter
3262 2724 3410 2764 arma
3433 2708 3578 2763 enim

1976 2807 2263 2863 silentibus
2316 2806 2526 2877 legibus
2569 2805 2751 2860 omnia
2804 2804 2907 2861 sibi
2959 2804 3124 2858 licere
3173 2799 3575 2857 existimabant.

1977 2900 2319 2968 Gennadius,
2352 2898 2545 2955 Africa:
2576 2899 2869 2975 Patricius,
2900 2897 3156 2966 Paulum,
3182 2897 3493 2967 episcopum
3522 2893 3577 2951 in

1976 2991 2257 3057 Numidia,
2298 2991 2482 3047 multis
2527 2992 2595 3047 ab
2640 2990 2794 3046 annis
2827 2989 3081 3045 vexabat.
3113 2986 3357 3058 Cumque
3392 2984 3577 3042 sedem

1977 3086 2333 3157 apostolicam
2376 3084 2731 3155 appellasset,
2761 3083 2927 3140 variis
2972 3082 3255 3139 calumniis
3303 3078 3578 3151 impetitus

1977 3179 2209 3250 przesul,
2255 3178 2545 3248 quominus
2583 3176 2811 3232 Romam
2851 3174 3062 3231 veniret
3100 3172 3384 3230 obstiterat
3411 3161 3578 3242 patri-

267 3262 485 3317 dit'ersis
517 3265 665 3318 terris
713 3274 864 3335 atque
902 3263 1210 3334 provinciis,
1255 3279 1346 3333 per
1375 3262 1599 3316 dies.....
1638 3261 1871 3332 singulos

1979 3270 2111 3339 cius,
2142 3286 2312 3341 penes
2336 3284 2499 3340 quem
2528 3269 2582 3324 in
2605 3268 3072 3324 administratione
3096 3266 3256 3334 hujus
3284 3263 3580 3335 provinciae

268 3362 649 3424 cognoscantur
676 3355 928 3425 martyrio
983 3354 1237 3408 coronati.
1269 3350 1369 3406 llic
1394 3351 1521 3420 quid
1570 3351 1869 3407 sentiamus

268 3443 339 3500 de
365 3444 565 3501 Valesii
592 3447 847 3517 opinione
875 3446 1088 3517 aperire
1128 3458 1308 3515 operte
1332 3443 1566 3514 pretium
1606 3442 1871 3511 judicavi-

269 3552 423 3605 mus,
476 3554 545 3595 ne
591 3540 711 3609 quis
741 3540 881 3595 forte
925 3538 1175 3596 crederet
1211 3545 1395 3593 notam
1434 3535 1722 3605 quamdam
1750 3550 1871 3607 qua:

269 3629 485 3689 Valesio
500 3631 646 3689 favet
674 3634 973 3703 subjectam
1000 3632 1231 3688 laudata:
1258 3631 1500 3702 epistolae
1528 3647 1597 3686 ex
1628 3630 1871 3687 Gussan-

268 3723 446 3779 villzeo
475 3722 641 3781 fuisse
669 3741 701 3779 a
727 3725 883 3781 nobis
909 3725 1246 3794 adoptatam.
1270 3723 1422 3777 Absit
1444 3722 1587 3777 enim
1608 3730 1669 3776 ut
1690 3720 1874 3777 omnia

268 3830 392 3887 qua:
422 3817 478 3872 in
506 3816 868 3885 Gregorianas
918 3814 1175 3884 epistolas
1211 3812 1515 3870 observavit
1544 3812 1627 3867 vir
1656 3812 1871 3878 doctus,

267 3908 431 3966 nobis
478 3909 867 3980 approbentur.

343 4000 401 4057 8.
455 3998 618 4057 Certe
666 4000 771 4056 hoc
815 4000 939 4056 loco
986 3997 1348 4070 suspicionem
1396 3995 1571 4067 injicit
1616 3995 1683 4051 de
1710 4010 1875 4052 manu

272 4103 623 4151 exaratorum
680 4094 926 4151 codicum
993 4093 1157 4150 etiam
1229 4091 1619 4147 Vaticanorum
1676 4104 1875 4160 suppo-

270 4186 495 4255 sitione,
552 4201 712 4255 quam
768 4186 993 4242 diliuere
1032 4184 1204 4240 nostri
1236 4190 1319 4238 est
1359 4181 1538 4237 ofticii.
1573 4182 1662 4236 Ait
1692 4181 1872 4237 enim:

276 4276 461 4334 Romw
503 4278 645 4333 nulla
680 4280 759 4333 vel
814 4294 983 4349 pauca
1030 4286 1148 4331 tunc
1174 4277 1333 4347 fuisse
1376 4282 1663 4345 martyrum
1709 4281 1873 4345 gesta,

276 4372 449 4427 nullas
476 4372 540 4425 de
561 4380 852 4442 martyrum
892 4368 1219 4442 passionibus
1248 4367 1572 4421 narrationes
1592 4408 1609 4435 ,
1658 4364 1714 4419 id
1742 4373 1877 4419 certe

276 4472 355 4517 est
376 4462 629 4529 mirabile,
659 4475 707 4519 et
734 4464 879 4518 novis
910 4462 1208 4518 auctoribus
1246 4462 1332 4534 qui
1368 4458 1652 4514 Vaticanos
1678 4457 1878 4513 codices

276 4555 473 4626 passim
509 4557 769 4627 ingerunt,
798 4556 1201 4611 incommodum.

348 4644 600 4713 Atprimo
613 4654 831 4700 sanctus
844 4644 1368 4716 Gregoriusminime
1402 4645 1533 4701 dicit
1566 4660 1673 4701 non
1708 4643 1879 4700 exsti-

282 4737 410 4793 tisse
438 4738 491 4792 in
506 4738 724 4793 archivo
738 4737 995 4795 Ecclesiae
1008 4737 1264 4793 Romana:
1276 4738 1519 4794 codicem
1534 4738 1698 4809 280
1717 4752 1881 4808 quem

280 4829 385 4884 sibi
431 4830 818 4885 communicari
856 4830 1484 4902 postularatEulogius,
1525 4831 1617 4885 scd
1675 4838 1883 4886 tantum

279 4936 388 4977 non
415 4922 724 4990 inventum;
757 4921 898 4977 unde
935 4922 1118 4977 subdit
1147 4941 1160 4976 ε
1195 4920 1497 4986 ραωνεηιεε
1543 4923 1747 4995 quidem
1775 4939 1883 4977 non

278 5015 587 5081 invenimus,
611 5014 703 5069 sed
732 5014 902 5068 adhuc
924 5030 1027 5069 non
1068 5015 1382 5069 invenientes
1429 5016 1737 5082 quwrimus;
1759 5023 1810 5070 et
1836 5015 1882 5072 si

277 5106 541 5175 potuerint
567 5106 787 5160 inveniri
836 5104 1258 5160 transmittemus.
1756 5114 1759 5117 '

352 5193 601 5250 Secundo
627 5195 839 5251 etiamsi
866 5204 1166 5250 cunctorum
1195 5205 1483 5266 martyrum
1506 5204 1667 5267 gesta,
1693 5212 1875 5268 qum...

279 5280 611 5337 Constantini
635 5284 946 5355 temporibus
974 5284 1037 5338 ab
1068 5283 1293 5339 Eusebio
1324 5284 1632 5340 Cresariensi
1663 5286 1880 5341 collecta

280 5378 521 5447 fuerant,
554 5376 608 5431 in
638 5377 871 5433 archivis
898 5385 954 5433 et
980 5377 1322 5433 bibliothecis
1352 5377 1613 5433 Romanis
1644 5386 1772 5433 tunc
1799 5377 1882 5434 lo-

280 5480 408 5520 cum
442 5481 553 5522 non
597 5466 984 5532 obtinuissent,
1032 5467 1156 5523 inde
1201 5476 1409 5523 temere
1459 5468 1723 5537 colligitur
1762 5478 1883 5522 tunc

280 5556 469 5614 Romae
500 5558 645 5614 nulla
672 5560 749 5615 vel
780 5576 948 5639 pauca
978 5561 1140 5633 fuisse
1165 5573 1450 5632 martyrum
1483 5569 1629 5632 gesta
1648 5604 1662 5627 ,
1705 5560 1879 5616 nullas

282 5652 349 5706 de
369 5661 658 5725 martyrum
680 5653 1007 5724 passionibus
1030 5657 1379 5711 narrationes.
1407 5656 1628 5711 Fatetur
1650 5656 1880 5714 fortasse

280 5744 577 5814 Gregorius
596 5747 835 5802 caruisse
857 5762 955 5803 suo
971 5755 1214 5819 tempore
1229 5749 1583 5806 bibliothecas
1605 5750 1879 5808 Romanas

280 5838 631 5896 collectaneis
660 5839 715 5894 in
741 5838 935 5907 quibus
964 5847 1085 5895 acta
1113 5852 1410 5913 martyrum
1436 5844 1616 5898 omnia
1645 5850 1738 5899 aut
1764 5846 1879 5916 ple-

358 5946 385 5978 ι
416 5935 551 6022 Vide
578 5951 699 6011 quae
723 5951 886 6011 supra
910 5936 1143 6025 diximus
1165 5939 1261 6013 lib-
1290 5956 1347 6014 ιι,
1376 5956 1425 6003 c.
1451 5942 1504 6014 6,
1534 5959 1684 6005 num.
1713 5946 1763 6005 2.

1974 3377 2183 3418 summa
2223 3360 2343 3417 erat
2384 3360 2683 3416 auctoritas
2715 3357 2864 3429 (Lib.
2896 3375 2947 3413 vi
2968 3400 2983 3427 ,
3014 3374 3096 3429 ep.
3124 3353 3244 3426 65).
3293 3350 3582 3409 Consensit

1974 3469 2117 3526 papa
2166 3463 2227 3508 ut
2265 3452 2553 3523 episcopus
2581 3450 2649 3505 ad
2677 3451 2995 3506 comitatum
3021 3454 3272 3518 pergeret
3314 3453 3477 3514 atque
3512 3442 3582 3499 ad

1974 3547 2272 3616 Augusmm
2314 3558 2441 3600 suas
2481 3541 2716 3598 deferret
2756 3540 3007 3610 querelas
3038 3537 3187 3610 (Lib.
3218 3553 3323 3603 vn,
3369 3554 3453 3607 ep.
3487 3533 3578 3605 2).

1976 3638 2218 3693 Tandem
2248 3637 2449 3692 Paulus
2478 3636 2532 3691 in
2559 3634 2863 3691 Numidiam
2884 3634 3065 3689 redire
3084 3632 3267 3702 jussus
3287 3638 3392 3699 est,
3424 3638 3483 3684 ut
3511 3628 3581 3684 ab

1977 3731 2250 3801 episcopis
2270 3728 2430 3797 hujus
2454 3727 2743 3797 provinciae
2761 3726 3123 3795 judicaretur;
3150 3723 3304 3793 cujus
3324 3722 3584 3777 innocen-

1979 3824 2110 3877 tiam
2141 3835 2479 3889 cognoscens
2505 3818 2832 3887 Gregorius,
2866 3818 3034 3887 ipsius
3063 3830 3285 3871 causam
3316 3812 3585 3883 episcopis

1978 3911 2281 3973 Adeodato,
2315 3912 2407 3979 qui
2439 3916 2567 3963 tunc
2599 3916 2625 3945 ι
2658 3908 2952 3978 primatum
2980 3905 3226 3975 gerebat,
3257 3902 3583 3972 Maurentio,

1964 4010 2035 4063 et
2061 4000 2360 4072 praesertim
2384 3998 2648 4054 Columbo
2690 3996 3091 4053 commendavit
3129 3994 3280 4066 (Lib.
3314 4011 3434 4062 vin,
3463 4010 3583 4065 epp.

1980 4092 2052 4148 12
2078 4104 2127 4148 et
2152 4092 2276 4165 1'5);
2308 4092 2451 4147 hunc
2473 4091 2618 4147 enim
2640 4097 2869 4146 noverat
2894 4088 3154 4145 Ecclesiae
3173 4103 3205 4143 a
3232 4088 3392 4144 beato
3420 4086 3587 4143 Petro

1981 4186 2218 4243 fundata:
2234 4185 2680 4251 addictissimum,
2702 4192 2759 4240 et
2775 4184 2908 4239 recti
2924 4182 3349 4238 tenacissimum.
3375 4178 3587 4236 Nihilo-

1984 4276 2349 4333 tamenminus
2378 4276 2557 4346 ipsum
2583 4274 2763 4331 adhuc
2796 4274 3010 4330 munire
3038 4281 3194 4329 curat
3222 4278 3413 4329 contra
3442 4270 3588 4341 opti-

1981 4375 2188 4422 matum
2216 4365 2628 4421 sollicitationes
2656 4372 2713 4420 et
2734 4364 3019 4435 impulsus,
3050 4364 3245 4433 quibus
3272 4361 3391 4431 ejus
3418 4361 3591 4418 virtus

1982 4458 2299 4516 labefactari
2356 4458 2624 4529 potuisset
2650 4475 2662 4511 :
2694 4455 2861 4512 Nulla
2897 4474 3039 4529 ergo,
3072 4456 3271 4524 inquit,
3302 4471 3389 4509 vos
3417 4470 3499 4507 res
3522 4452 3588 4506 ab

1987 4555 2247 4626 aequitatis
2268 4553 2463 4618 studio,
2496 4554 2643 4607 nulla
2663 4551 2949 4621 suspendat
2976 4550 3207 4621 potentia
3228 4561 3587 4617 personarum.

1908 4670 1963 4730 D
1989 4645 2098 4701 Sed
2139 4647 2366 4701 innitens
2414 4646 2685 4715 prteceptis
2729 4642 3052 4704 Dominicis,
3102 4639 3275 4693 omnia
3311 4653 3429 4709 qua:
3470 4648 3589 4692 sunt

1988 4738 2288 4792 rectitudini
2318 4736 2557 4802 adversa,
2588 4743 2875 4789 contemne.
2902 4731 2968 4785 In
2993 4727 3327 4799 defendendis
3353 4728 3588 4799 partibus

1986 4832 2209 4905 justitite
2236 4837 2535 4885 constanter
2563 4828 2765 4881 insiste.
2803 4823 2942 4876 Odia
2976 4836 3070 4891 pro
3109 4820 3358 4887 veritate,
3403 4821 3447 4873 si
3488 4836 3589 4890 qua

1988 4934 2144 4991 sunt,
2178 4924 2431 4978 sustinere
2458 4937 2565 4975 non
2590 4934 2779 4972 renuas
2810 4932 2828 4969 :
2856 4923 2913 4969 ut
2942 4922 3085 4968 tanto
3126 4913 3379 4983 majorem
3411 4913 3467 4967 in
3496 4913 3592 4966 ad-

1989 5026 2144 5072 ventu
2172 5014 2537 5085 Redemptoris
2581 5010 2749 5066 nostri
2783 5010 3009 5080 fructum
3052 5006 3302 5061 mercedis
3330 5006 3588 5067 invenias,

1991 5117 2186 5184 quanto
2201 5110 2313 5180 ejus
2338 5106 2589 5161 mandata
2620 5121 2724 5159 non
2740 5103 3029 5176 negligens,
3051 5102 3109 5158 in
3131 5103 3357 5174 favorem
3370 5099 3593 5171 justitia:

1992 5213 2042 5259 et
2072 5201 2421 5273 defensionem
2450 5197 2785 5268 impenderis.

2070 5293 2156 5347 10.
2181 5290 2385 5347 Praeter
2404 5304 2747 5348 communem
2773 5286 3192 5344 sollicitudinem
3211 5298 3371 5354 quam
3389 5281 3455 5337 de
3478 5288 3589 5337 tota

1994 5386 2240 5444 Ecclesia
2265 5400 2456 5456 gerere
2483 5384 2716 5441 debebat
2742 5398 2986 5440 summus
3010 5379 3284 5452 pontifex,
3331 5372 3591 5443 singulari

1996 5479 2178 5537 studio
2206 5488 2262 5535 et
2293 5493 2422 5534 cura
2452 5476 2709 5533 Ecclesia:
2737 5474 3004 5531 Africana:
3032 5470 3344 5542 prospicere
3371 5463 3593 5519 teneba-

1996 5581 2119 5636 tur,
2170 5570 2315 5642 quod
2356 5586 2385 5624 a
2430 5570 2677 5625 Romana
2720 5583 2873 5622 suam
2909 5564 3150 5620 traheret
3195 5558 3489 5626 originem,
3534 5561 3596 5608 ut

1998 5658 2157 5714 docet
2193 5657 2249 5713 S.
2282 5654 2575 5725 Gregorius
2600 5653 2670 5709 ad
2703 5651 3070 5713 Dominicum,
3115 5642 3597 5710 Carthaginensem

1996 5747 2332 5818 episcopum,
2365 5746 2606 5803 scribens
2640 5761 2652 5798 ;
2688 5744 2920 5799 Scientes
2942 5738 3078 5791 unde
3097 5737 3150 5789 in
3178 5733 3442 5805 Africanis
3466 5746 3594 5803 par-

2000 5842 2134 5900 tibus
2170 5842 2447 5915 sumpserit
2476 5838 2740 5898 ordinatio
2778 5832 3119 5892 sacerdotalis
3143 5828 3446 5897 exordium,
3477 5824 3593 5883 latt-
