4130 6464
572 427 672 484 411

1061 426 1119 485 5.
1160 423 1488 484 GREGORH
1526 421 1744 483 MAGNI
1783 423 1968 492 Vl'l'A,
2011 424 2102 480 EX
2148 423 2310 482 EJUS
2348 423 2658 481 SCRIPTIS
2697 421 3091 480 ADORNATA.
3133 421 3264 480 LIB.
3306 421 3394 480 Ill.

3764 424 3881 482 ﬂ!

569 544 810 601 dabititer
837 544 991 616 agitis
1019 543 1156 615 quod
1177 544 1349 598 sedem
1377 541 2018 614 apostolicanudiligendo
2037 580 2052 606 ,
2087 542 2153 594 ad
2182 546 2234 606 Α
2260 542 2443 598 debeas
2480 560 2781 615 segregare,
2830 551 2981 614 atque
3011 558 3125 597 eam
3160 542 3440 597 secundum
3482 539 3582 596 Dei
3625 543 3882 600 timorem

567 637 723 709 oﬂicii
749 635 904 690 vestri
931 635 1187 706 originem
1224 634 1463 706 prudenti
1494 634 1852 689 recordatione
1895 635 2162 688 recurritis

568 728 707 803 (Lib.
738 745 844 793 νιιι,
876 745 959 798 ep.
985 728 1096 798 55).
1131 726 1267 782 llinc
1295 729 1363 783 ad
1393 723 1679 783 fovendam
1709 736 1950 781 mutuam
1982 728 2160 781 chari-

565 829 732 875 tatem
772 818 943 873 teneri
995 818 1272 888 utriusque
1312 817 1566 873 Ecclesiae
1615 819 1883 873 antistites
1934 818 2159 887 probat;

565 908 910 978 excurritque
940 908 1041 964 hac
1080 909 1368 964 occasione
1409 910 1462 963 in
1495 909 1682 964 laudes
1720 909 2028 975 charitatis,
2082 907 2164 965 his

564 1001 744 1082 verbis
781 1001 943 1071 plane
985 1001 1164 1056 aureis
1208 1019 1220 1054 :
1265 1000 1463 1072 Magna
1494 1012 1664 1056 autem
1694 1003 1964 1057 charitatis
2004 1003 2163 1056 virtus

563 1097 662 1160 est,
695 1090 880 1145 dilecte
908 1093 1089 1162 frater,
1120 1108 1234 1162 qua:
1259 1093 1574 1146 sinceritatis
1600 1109 1707 1147 sua:
1736 1093 1937 1147 vinculo
1962 1093 2164 1146 alterna

562 1192 740 1238 mutuo
779 1181 969 1252 affectu
1009 1182 1171 1236 corda
1209 1183 1545 1253 constringit,
1592 1192 1642 1236 et
1685 1200 1748 1236 ea
1787 1201 1818 1236 a
1850 1185 2034 1255 gratia:
2059 1200 2164 1238 non

561 1274 690 1329 sinit
720 1289 967 1344 compage
994 1272 1234 1339 dissolvi;
1267 1274 1528 1344 disjuncta
1560 1277 1859 1344 conjungit,
1896 1275 2044 1328 unita
2075 1291 2164 1327 cu-

565 1368 746 1436 stodit,
779 1375 828 1420 et
857 1368 1062 1437 ignotos
1082 1366 1180 1420 sibi
1210 1368 1437 1438 imagine
1460 1368 1628 1421 reddit
1655 1369 1885 1438 cognitos
1909 1385 1998 1436 per
2021 1384 2164 1422 amo-

551 1471 693 1512 rem.
739 1456 982 1527 Quisquis
1020 1458 1178 1528 igitur
1217 1457 1272 1511 in
1312 1457 1466 1528 hujus
1509 1458 1722 1512 cardine
1763 1468 1982 1512 mentem
2025 1460 2160 1528 figit,

565 1565 678 1602 eum
721 1547 784 1602 de
815 1564 1052 1618 superna
1080 1550 1268 1617 patrita
1297 1547 1593 1604 habitaculo
1627 1550 1897 1622 cujuslibet
1926 1551 2162 1604 adversi-

568 1646 688 1700 tatis
713 1645 956 1716 impulsio
985 1661 1088 1700 non
1116 1645 1285 1700 evellit
1316 1660 1335 1698 :
1365 1644 1611 1717 quoniam
1639 1661 1950 1714 quocumque
1977 1661 2029 1698 se
2052 1661 2162 1698 ver-

567 1739 716 1803 terit,
761 1754 793 1791 a
835 1739 1202 1792 mandatorum
1243 1739 1419 1793 limine
1458 1756 1560 1794 non
1587 1738 1788 1792 excedit
1817 1737 2044 1808 (Ibid.).
2085 1738 2162 1792 lta

563 1830 989 1900 sapientissimus
1027 1831 1116 1886 ille
1145 1830 1361 1901 pietatis
1391 1829 1710 1886 Christiana:
1745 1832 1999 1898 magister
2042 1846 2160 1885 ont-

2267 638 2594 707 presbyteris,
2626 636 2878 699 diaconis,
2912 653 2972 689 ac
3002 636 3159 703 clero,
3189 646 3244 689 ut
3267 636 3358 690 tibi
3384 635 3541 689 risum
3575 637 3755 706 fuerit,
3789 636 3883 691 di-

2266 739 2426 782 screte
2456 729 2684 783 dividere
2707 731 2815 782 :ita
2833 745 2958 782 sane
2985 738 3040 782 ut
3067 729 3340 798 unicuique
3371 731 3502 782 sicut
3520 730 3762 782 meritum
3790 729 3880 784 la-

2266 818 2406 873 boris
2439 821 2665 890 exegerit
2686 863 2699 885 ,
2733 821 2895 873 libera
2934 818 3022 872 tibi
3056 821 3154 884 sit,
3181 821 3336 890 juxta
3367 821 3504 890 quod
3526 822 3837 891 prcerideris
3857 859 3875 885 ,

2265 913 2520 983 largiendi
2549 913 2787 976 licentia;
2817 922 3067 984 quatenus
3096 922 3144 964 et
3174 911 3223 965 hi
3253 913 3339 984 qui
3377 925 3660 982 merentur,
3712 915 3880 969 etiam

2269 1004 2539 1072 temporali
2568 1021 2621 1056 se
2649 1005 2880 1057 sentiant
2911 1004 3006 1057 hoc
3037 1004 3302 1058 commodo
3337 1004 3596 1059 consolari
3617 1047 3632 1071 ,
3671 1014 3726 1060 et
3755 1007 3878 1074 alii,

2267 1096 2546 1166 adjuvante
2574 1095 2829 1161 Domino,
2871 1113 3047 1151 eorum
3079 1097 3148 1149 ad
3176 1098 3356 1151 melius
3389 1098 3710 1152 contendant
3752 1099 3878 1152 imi-

2267 1190 2460 1242 tatione
2485 1191 2736 1259 pro/icere
2768 1189 2907 1258 (Lib.
2937 1206 3008 1254 tx,
3037 1206 3118 1260 ep.
3151 1189 3265 1256 64).

2338 1279 2424 1333 15.
2459 1280 2590 1346 Qui,
2638 1279 2795 1350 justis
2833 1278 3216 1337 Catanensium
3265 1283 3587 1338 clericorum
3630 1285 3882 1354 querelis

2265 1373 2535 1444 pulsatus,
2587 1373 2725 1427 hanc
2763 1375 3084 1428 sententiam
3133 1375 3253 1430 tulit
3300 1386 3488 1430 contra
3529 1376 3882 1447 episcopum,

2266 1465 2578 1520 eorumdem
2608 1466 2914 1536 superbiam
2957 1474 3011 1520 et
3041 1467 3254 1521 inanem
3292 1466 3576 1535 gloriolam
3607 1468 3884 1537 repressit

2266 1564 2426 1635 paulo
2453 1572 2594 1634 post,
2627 1565 2696 1618 ob
2720 1572 3011 1634 usurpatos
3031 1562 3058 1602 ιι
3083 1579 3392 1635 campagos,
3427 1564 3568 1634 quod
3596 1573 3679 1620 est
3706 1579 3884 1634 genus

2265 1655 2618 1710 calceamenti
2648 1655 2713 1709 ad
2742 1672 2895 1710 usum
2929 1656 3270 1727 prmlatorum
3301 1657 3617 1712 solemniter
3650 1657 3882 1712 missam

2265 1747 2674 1803 celebrantium.
2700 1746 2766 1802 lis
2790 1749 2869 1802 uti
2891 1764 3010 1804 cum
3042 1749 3169 1804 solis
3195 1749 3248 1803 in
3271 1755 3381 1802 tota
3414 1746 3597 1802 Sicilia
3623 1747 3882 1804 diaconis

2268 1839 2624 1895 Messanensis
2654 1839 2911 1896 Ecclesia:
2932 1856 2961 1894 a
2985 1839 3244 1894 Romanis
3266 1839 3610 1910 pontificibus
3639 1855 3880 1896 conces-

564 1922 720 1978 nibus
741 1923 981 1996 epistolis
1009 1924 1119 1979 suis
1143 1925 1436 1993 exquisitas
1461 1933 1486 1960 ⁸
1509 1923 1850 1994 inspergebat
1871 1923 2164 1980 sententias
2197 1938 2242 2000 Β
2267 1947 2384 1987 sum
2415 1933 2543 1986 olim
2577 1931 2798 1997 fuisset,
2831 1931 3162 1992 Catanenses
3192 1939 3368 1986 tamen
3399 1930 3612 1985 diaconi
3645 1929 3877 1988 calcasti

563 2011 629 2068 de
659 2014 922 2069 charitate
944 2055 958 2080 ,
991 2012 1059 2070 de
1099 2015 1283 2070 mundi
1312 2022 1657 2084 contemptu,
1703 2013 1771 2069 de
1800 2013 2037 2068 adversis
2067 2030 2162 2084 pa-

565 2107 764 2163 tienter
783 2107 1036 2174 ferendis,
1065 2107 1132 2164 de
1162 2107 1336 2163 studio
1364 2123 1640 2164 sacrarum
1667 2107 1984 2172 litterarmn,
2019 2115 2073 2162 et
2095 2107 2163 2162 de

563 2199 772 2254 cmterls
802 2199 1091 2256 virtutibus
1126 2200 1192 2256 ad
1231 2199 1709 2256 cmlestem'vitam
1739 2199 2156 2272 pertinentibus;

473 2289 475 2292 ’
562 2301 737 2354 eoque
789 2288 954 2344 veluti
1011 2289 1124 2346 sale
1178 2289 1437 2364 quidquid
1486 2292 1751 2347 scriberet
1797 2291 2020 2346 condire
2067 2308 2161 2345 cu-

563 2377 718 2432 rabat

633 2465 721 2521 11.
753 2466 1048 2540 Episcopos
1067 2510 1081 2537 ,
1113 2469 1360 2542 aliosque
1389 2471 1557 2527 sacri
1583 2471 1895 2526 ministeriis
1918 2471 2159 2528 addictos

565 2573 593 2615 a
621 2560 766 2631 turpi
793 2560 945 2618 lucro
974 2570 1029 2618 et
1057 2563 1284 2619 avaritia
1316 2564 1484 2619 verbo
1523 2571 1578 2618 et
1613 2564 1865 2634 exemplo
1913 2573 2160 2620 avertere

565 2652 901 2723 potissimum
949 2653 1232 2723 satagebat
1277 2654 1646 2711 sanctissimus
1698 2651 1966 2710 Pontifex.
2024 2654 2150 2711 Hinc

565 2743 788 2800 moleste
826 2745 951 2800 tulit
992 2745 1234 2814 Donum,
1268 2746 1579 2817 episcopum
1606 2744 2030 2812 Messanensem,
2060 2762 2157 2816 pro

561 2833 836 2904 sepultura
867 2843 1075 2891 tantum
1105 2837 1338 2906 pretium
1367 2837 1641 2907 accepisse
1662 2875 1678 2902 ,
1721 2844 1782 2890 ut
1811 2836 1926 2905 ejus
1954 2837 2046 2904 qui
2071 2851 2158 2890 se-

563 2929 792 3005 pulturae.
824 2928 911 3000 jus
939 2938 1374 3001 comparaverat,
1433 2930 1675 2984 haeredes
1705 2930 1773 2984 ad
1803 2930 2038 2999 inopiam
2067 2943 2155 2984 re-

565 3020 706 3077 dacti
727 3021 1056 3078 viderentur.
1079 3021 1284 3078 Suadet
1304 3023 1466 3092 igitur
1485 3021 1744 3092 episcopo
1773 3029 1831 3074 ut
1854 3036 1972 3090 quae
1998 3034 2156 3075 acce-

564 3115 642 3184 pit
669 3114 949 3178 restituat,
993 3114 1225 3169 maxime
1267 3130 1389 3169 cum
1431 3129 1493 3168 ea
1533 3129 1650 3168 esse
1688 3112 1826 3181 juris
1865 3111 2025 3166 alieni
2056 3109 2156 3164 Pa-

564 3201 767 3271 lumbi,
813 3203 1056 3274 episcopi
1100 3203 1442 3266 Consentini,
1485 3202 1800 3278 testimonio‘
1838 3203 2157 3271 probaretur

2266 2025 2540 2094 catnpagis
2571 2024 2869 2094 procedere
2906 2031 3378 2094 pratsutnpserant.
3429 2019 3601 2088 Quem
3633 2031 3879 2075 temera-

2265 2117 2404 2171 rium
2437 2132 2628 2172 ausum
2657 2132 2854 2171 exosus
2882 2132 3021 2188 papa
3061 2116 3273 2186 scripsit
3303 2114 3369 2169 ad
3394 2112 3658 2169 Joannem
3705 2113 3877 2186 Syra-

2265 2225 2522 2265 cusanum
2554 2219 2612 2264 ut
2643 2223 2706 2264 ea
2745 2207 2813 2264 de
2841 2223 2902 2264 re
2945 2209 3273 2278 inquireret,
3315 2222 3379 2261 ac
3410 2215 3585 2260 utrum
3632 2221 3662 2260 a
3703 2222 3767 2262 se
3791 2205 3878 2268 vel

2265 2301 2492 2372 alicujus
2539 2302 2865 2356 auctoritate
2916 2301 2966 2355 id
3019 2301 3481 2374 przcsumpsissent
3524 2300 3876 2370 exploraret;

2263 2399 2561 2464 posteaque
2585 2393 2904 2448 decerneret
2926 2395 3040 2463 ipse
3065 2392 3191 2461 quid
3214 2392 3354 2448 facto
3376 2401 3516 2448 esset
3538 2407 3691 2462 (pus.
3727 2389 3875 2445 Nam

2260 2485 2307 2539 si
2338 2484 2677 2556 negligenter,
2710 2484 2900 2553 inquit,
2933 2502 2992 2538 ea
3021 2500 3134 2557 qua:
3162 2485 3296 2538 male
3323 2492 3644 2554 usurpantnr
3666 2484 3872 2538 omitti-

2261 2593 2394 2639 mus,
2429 2591 2663 2629 excessus
2686 2576 2820 2629 viam
2853 2575 2968 2630 aliis
3002 2576 3259 2645 aperimus
3290 2574 3427 2646 (Lib.
3460 2591 3571 2642 vttt,
3597 2591 3680 2645 ep.
3713 2573 3829 2642 27).

2335 2667 2422 2721 ii.
2456 2666 2923 2734 Quemadmodum
2955 2668 3187 2736 superbe
3218 2667 3618 2735 insolenterque
3647 2675 3872 2733 agentes

2261 2761 2570 2826 coercebat,
2607 2760 2680 2814 ita
2707 2761 2868 2814 etiam
2901 2760 3102 2813 utiliter
3125 2775 3220 2830 pro
3247 2757 3480 2813 Ecclesia
3509 2757 3871 2810 militantibus

2261 2851 2440 2906 debita
2477 2850 2698 2904 honoris
2743 2851 2961 2920 praemia
3010 2849 3308 2920 rependere
3347 2849 3645 2918 satagebat.
3696 2847 3870 2918 idque

2259 2940 2570 2997 defensores
2617 2941 2721 2996 hoc
2762 2957 2905 2994 anno
2936 2950 3060 2996 sunt
3092 2941 3337 3010 experti;
3380 2954 3502 2994 nam
3546 2947 3757 3009 septem
3800 2955 3869 2993 ex

2261 3035 2498 3102 ipsorum
2544 3031 2773 3100 collegio
2810 3031 3146 3098 regionarios
3176 3031 3484 3096 constituit,
3532 3031 3600 3085 ob
3644 3039 3868 3085 strenue

2259 3135 2507 3181 navatam
2552 3127 2603 3180 in
2641 3127 2816 3181 causis
2858 3124 3112 3180 Ecclesia:
3153 3135 3206 3180 et
3242 3123 3555 3195 pontificum
3587 3124 3868 3192 obsequiis

2259 3235 2479 3289 operam
2508 3217 2650 3287 (Lib.
2674 3234 2788 3284 vnt,
2808 3236 2890 3288 ep.
2914 3217 3025 3288 14).
3051 3217 3185 3271 Olim
3208 3233 3276 3271 ex
3298 3217 3426 3271 solis
3449 3216 3692 3271 diaconis
3713 3231 3867 3269 assu-

566 3295 707 3368 (Lib.
736 3311 846 3362 vm,
879 3313 962 3368 ep.
995 3296 1070 3366 5).
1104 3295 1219 3351 Etsi
1240 3311 1370 3351 vero
1393 3309 1500 3350 non
1523 3296 1809 3366 prohibeat
1831 3295 2030 3364 aliquid
2059 3309 2154 3361 pro

2265 3313 2548 3365 mehantur
2573 3310 2894 3379 regionarii;
2927 3319 3136 3380 postea,
3164 3308 3515 3377 quorumdam
3546 3306 3866 3378 pontiﬁcum

569 3387 845 3456 sepultura
877 3387 1146 3456 accipere,
1178 3387 1514 3458 l'ateaturque
1543 3388 1759 3455 antiqua
1785 3402 1851 3440 ex
1872 3394 2156 3440 consuetu-

569 3478 692 3532 dine
736 3476 787 3532 id
826 3478 1063 3542 factum;
1107 3478 1182 3530 ait
1212 3487 1389 3532 tamen
1438 3479 1492 3531 in
1531 3492 1627 3532 sua
1667 3477 1904 3532 Ecclesia
1935 3478 2157 3532 vetitum

569 3583 597 3623 ι
619 3583 679 3622 se
701 3567 885 3635 fuisse,
918 3583 1020 3622 nec
1042 3569 1289 3636 cuiquam
1319 3583 1593 3622 assensqu
1625 3584 1683 3622 se
1707 3569 2072 3638 przcbiturum,
2103 3576 2161 3621 ut

568 3661 682 3715 loca
708 3661 956 3716 humandi
982 3663 1213 3732 corporis
1242 3663 1405 3732 pretio
1427 3664 1627 3732 possint
1648 3663 1887 3730 adipisci.
1917 3659 2051 3725 Nos,
2078 3661 2161 3716 in-

569 3751 711 3822 quit,
743 3752 832 3824 qui
859 3752 1086 3822 episcopi
1111 3752 1360 3817 dicimur,
1389 3753 1454 3806 de
1483 3753 1761 3807 humandis
1781 3753 2014 3823 ﬁdelium
2039 3770 2159 3807 cor-

568 3840 774 3912 poribus
817 3858 980 3918 pensa
1018 3844 1191 3914 facere
1225 3842 1350 3914 quid
1385 3843 1665 3898 debemus?
1694 3842 1886 3899 Postea
1919 3845 2161 3904 scribens

568 3932 634 3986 ad
669 3931 1009 4000 Januarium,
1054 3933 1276 3989 indulsit
1311 3942 1518 3989 tantum
1567 3943 1624 3989 ut
1665 3951 1763 4005 pro
1811 3935 2162 3991 luminaribus

568 4025 905 4096 acciperetur
945 4027 1091 4098 quod
1125 4030 1351 4098 quisque
1391 4027 1587 4083 offerre
1631 4029 1812 4082 vellet.
1867 4027 1984 4082 Peti
2023 4045 2159 4095 vero,

568 4116 768 4186 inquit,
820 4129 909 4174 aut
955 4120 1154 4192 aliquid
1195 4122 1334 4192 exigi
1376 4123 1586 4175 omnino
1627 4121 1988 4191 prohibemus;
2029 4121 2162 4192 quod

569 4207 718 4260 valde
750 4208 1096 4278 irreligiosum
1132 4219 1241 4278 est,
1279 4227 1344 4264 ne
1384 4217 1474 4263 aut
1509 4211 1704 4264 uenalis
1735 4212 1985 4280 fortasse,
2029 4209 2165 4279 quod

571 4296 735 4361 absit,
768 4297 972 4350 dicatur
996 4298 1267 4367 Ecclesia,
1299 4309 1389 4354 aut
1416 4318 1502 4356 vos
1531 4301 1594 4354 de
1622 4303 1860 4356 humanis
1889 4302 2166 4356 videamini

570 4385 821 4442 mortibus
849 4390 1134 4460 gratulari,
1179 4392 1223 4445 si
1251 4407 1316 4446 ea:
1352 4408 1530 4446 eorum
1558 4392 1892 4447 cadaveribus
1916 4394 2166 4449 studentis

571 4491 798 4546 quierere
817 4476 1043 4549 quolibet
1068 4480 1222 4535 modo
1252 4483 1610 4552 compendium
1633 4482 1773 4555 (Lib.
1803 4501 1878 4553 ιχ,
1905 4502 1987 4551 ep.
2013 4485 2090 4556 5).

645 4567 730 4623 12.
779 4569 888 4626 Leo
924 4571 1243 4630 Catanensis
1281 4575 1565 4646 episcopus
1609 4577 1882 4633 ferebatur
1918 4588 2162 4650 quartam

2261 3402 2634 3470 concessione,
2665 3418 2730 3455 ex
2755 3401 2941 3456 schola
2968 3401 3300 3454 notariorum
3328 3408 3380 3453 et
3409 3398 3866 3453 subdiaconorum

2263 3494 2507 3548 nonnulli
2548 3493 2823 3548 constituti
2871 3501 3027 3557 sunt;
3078 3492 3289 3546 tandem
3335 3491 3402 3546 ad
3431 3490 3750 3546 defensores
3780 3490 3868 3546 hic

2262 3586 2438 3642 honor
2465 3587 2712 3656 pervenit
2738 3585 2794 3640 S.
2824 3585 3069 3654 Gregorii
3097 3585 3378 3640 bcneticio.

2339 3675 2422 3730 15.
2447 3674 2558 3730 Etsi
2585 3676 2690 3731 hoc
2713 3676 3012 3746 praesertim
3037 3691 3179 3729 anno
3201 3674 3260 3730 S.
3289 3674 3579 3744 Gregorius
3599 3682 3866 3744 quantum

2262 3766 2363 3822 sibi
2402 3781 2546 3821 curae
2584 3777 2765 3823 essent
2805 3783 2891 3822 res
2933 3768 3246 3822 monastica:
3279 3778 3302 3806 ο
3333 3768 3574 3837 plurimis
3616 3767 3868 3838 epistolis

2264 3858 2441 3927 palam
2469 3858 2684 3924 fecerit,
2726 3874 2898 3928 pauca
2931 3867 3108 3913 tamen
3141 3875 3208 3914 ex
3249 3859 3332 3914 his
3359 3859 3733 3915 delibabimus.
3775 3859 3868 3914 ln-

2266 3950 2417 4017 signe
2443 3965 2553 4020 pra:
2582 3951 2791 4006 cteteris
2820 3959 2902 4004 est
2938 3951 3273 4022 privilegium
3313 3966 3631 4006 concessum
3672 3964 3867 4005 mona-

2265 4041 2432 4095 sterio
2462 4049 2770 4095 sanctorum
2791 4039 3013 4096 Joannis
3041 4049 3097 4096 et
3126 4041 3386 4112 Stephani
3417 4043 3470 4097 in
3502 4043 3635 4096 urbe
3663 4040 3866 4097 Classi-

2267 4138 2390 4184 tana
2444 4132 2769 4198 constituto,
2827 4132 2894 4187 de
2937 4130 3054 4201 'quo
3099 4133 3314 4202 scripsit
3367 4132 3433 4187 ad
3482 4132 3865 4199 Marinianum,

2268 4222 2636 4278 Ravennatem
2666 4225 2978 4294 episcopum
3011 4224 3146 4294 (Lib.
3181 4243 3300 4291 vm,
3329 4242 3411 4297 ep.
3449 4225 3560 4296 15).
3593 4224 3729 4292 Quid
3761 4226 3869 4282 hoc

2268 4315 2546 4386 privilegio
2569 4325 2784 4371 cautum
2808 4325 2951 4372 esset
2975 4318 3026 4372 in
3050 4319 3277 4388 gratiam
3295 4320 3708 4386 monachorum,
3743 4317 3869 4375 inde

2267 4407 2638 4478 repetendum.

2341 4499 2417 4553 Ex
2447 4501 2692 4570 epistolis
2721 4501 2783 4555 51
2819 4509 2874 4555 et
2903 4500 2970 4555 54
3000 4501 3168 4571 liquet
3193 4500 3544 4558 Castelliense
3584 4511 3865 4559 monaste-

2266 4594 2402 4648 rium
2431 4593 2558 4648 olim
2587 4610 2616 4649 a
2643 4607 2840 4662 magno
2869 4593 3194 4649 Cassiodoro
3217 4591 3517 4660 fundatum,
3555 4611 3661 4649 non
3688 4595 3866 4650 solum

574 4659 843 4718 redituum
875 4663 1385 4727 ecclesiasticorum
1428 4676 1634 4738 partem
1677 4687 1784 4726 non
1824 4687 1893 4727 ex
1931 4673 2160 4743 integro,

2269 4689 2400 4739 tunc
2428 4699 2832 4754 perseverasse,
2867 4683 2958 4739 sed
2995 4685 3156 4740 etiam
3188 4683 3462 4750 floruisse,
3504 4685 3717 4756 aliaque
3748 4701 3868 4740 mo-

573 4752 671 4808 sed
707 4769 831 4810 cum
867 4757 1043 4828 aliqua
1089 4760 1442 4819 diminutione
1482 4766 1594 4821 suis
1635 4766 1845 4823 clericis
1889 4769 2160 4837 dividere,

572 4843 720 4912 quod
741 4847 1044 4916 cupiditatis
1069 4861 1443 4921 argumentum
1469 4864 1604 4911 erat.
1633 4855 1763 4913 Inde
1792 4859 2164 4931 acolythorum

573 4941 632 4990 et
659 4935 884 4993 aliorum
912 4939 979 4996 de
1008 4943 1152 4998 clero
1183 4945 1417 5015 querela:
1452 4947 1520 5002 ad
1551 4934 1744 5020 papam
1781 4960 2162 5020 pervenerunt.

576 5025 657 5083 Ex
691 5029 858 5085 tribus
879 5033 999 5088 aliis
1019 5035 1283 5093 bonorum
1307 5037 1561 5098 Ecclesia:
1583 5044 1918 5112 portionibus
1944 5061 2048 5099 una
2075 5061 2166 5101 ce-

573 5117 736 5174 debat
763 5122 998 5194 episcopo
1024 5136 1074 5181 et
1102 5129 1316 5198 familiar
1345 5133 1474 5202 ejus,
1527 5143 1736 5205 prapter
1766 5137 2166 5207 hospitalitatem

575 5221 623 5265 et
645 5213 1034 5282 susceptionem,
1064 5217 1170 5272 alia
1190 5223 1518 5289 pauperibus,
1551 5225 1661 5279 alia
1687 5226 1898 5297 denique
1920 5245 2165 5297 reparan-

575 5303 655 5358 dis
697 5303 926 5361 ecclesiis
967 5308 1266 5365 servabatur
1306 5312 1458 5383 (Lib.
1491 5331 1611 5382 vut,
1643 5333 1722 5386 ep.
1749 5315 1824 5385 7).
1874 5317 1942 5371 Ut
1983 5327 2162 5374 autem

573 5397 750 5451 omnis
797 5399 1137 5467 querelarum
1196 5402 1690 5474 calumniarumque
1744 5408 1797 5464 in
1849 5409 2161 5482 episcopum

481 5521 484 5524 ι
575 5489 854 5546 tolleretur
893 5494 1138 5563 occasio,
1193 5496 1307 5552 haec
1357 5498 1596 5553 decrevit
1642 5502 2066 5569 sapientissimus
2108 5516 2164 5562 et

570 5583 904 5648 aequissimus
923 5585 1084 5654 judex
1112 5604 1124 5640 :
1167 5587 1412 5643 Volumus
1433 5599 1489 5642 ut
1517 5591 1766 5662 quidquid
1791 5597 1950 5668 281
1979 5597 2162 5654 Eccle-

571 5672 667 5728 siae
691 5684 789 5731 tute
807 5693 871 5731 ex
893 5680 1058 5734 reditu
1078 5681 1155 5734 vel
1175 5679 1399 5752 quolibet
1420 5683 1523 5738 alio
1547 5686 1694 5740 titulo
1718 5690 1975 5758 fortassis-
1989 5707 2162 5746 acces-

572 5778 716 5837 serit,
733 5780 971 5842 quartam
987 5775 1174 5829 exinde
1191 5777 1479 5846 portionem
1495 5779 1607 5834 sine
1625 5781 1966 5841 diminutione
1985 5784 2162 5858 aliqua

648 5894 673 5964 ξ
698 5886 833 5964 Χῇᾲθ
859 5904 945 5957 ep.
975 5889 1040 5943 17
1063 5890 1224 5964 ³⁸0455
1245 5893 1342 5964 (lib.
1369 5893 1610 5964 ejusdem
1638 5913 1751 5954 vm.

648 5952 674 5992 δ
701 5955 833 6012 Vide
860 5952 1013 6014 notas
1039 5961 1104 6014 ad
1136 5952 1416 6020 laudatam.
1433 5981 1500 6036 ep

2270 4775 2507 4830 nasteria
2555 4777 2658 4832 sibi
2705 4781 2855 4832 unita
2895 4777 3210 4832 obtinuisse.
3255 4777 3388 4832 Nam
3430 4775 3594 4846 priori
3636 4776 3868 4846 epistola

2269 4866 2637 4938 Secundinus,
2667 4867 3160 4924 Tauromenitanus
3190 4871 3509 4940 episcopus,
3553 4869 3606 4923 in
3647 4867 3866 4937 Sicilia,

2271 4965 2522 5012 monetur
2550 4973 2620 5014 ne
2659 4959 2895 5029 patiatur
2939 4962 3323 5015 monasterium
3368 4976 3478 5015 sua:
3511 4959 3762 5014 dimcesis
3799 4957 3869 5012 ad

2270 5049 2648 5106 Castellienses
2676 5052 2968 5108 monachos
2997 5054 3303 5122 pertinens,
3345 5053 3398 5106 in
3441 5052 3591 5106 laica:
3620 5065 3868 5120 persome

2273 5149 2597 5212 potestatem
2629 5143 2832 5201 venire.
2865 5143 2980 5198 Alia
3009 5144 3236 5213 epistola
3272 5144 3327 5198 S.
3367 5143 3656 5212 Gregorius
3687 5143 3869 5196 incre-

2271 5248 2404 5303 pare
2454 5233 2663 5289 videtur
2697 5232 2990 5299 Joannem,
3034 5237 3345 5306 episcopum
3391 5235 3755 5297 Scillitanum,
3813 5234 3867 5286 in

2271 5324 2424 5393 cujus
2453 5325 2671 5380 civitate
2711 5328 2944 5396 positum
2975 5337 3093 5382 erat
3122 5327 3253 5381 illud
3285 5326 3637 5381 Castelliense
3679 5339 3869 5379 emno-

2269 5417 2436 5483 bium,
2469 5417 2611 5486 quod
2636 5417 2735 5488 ipsi
2757 5435 3014 5474 concessa
3036 5420 3310 5490 privilegia
3335 5419 3496 5488 longo
3519 5434 3620 5472 usu
3651 5415 3868 5472 ﬁrmata

2272 5515 2508 5562 tentaret
2533 5509 2881 5564 labefactare.
2921 5509 3033 5565 Hac
3075 5525 3142 5565 ex
3185 5509 3412 5580 epistola
3446 5515 3658 5564 constat
3687 5508 3865 5577 ipsum

2270 5599 2573 5655 Scillacium
2616 5600 2865 5656 Castrum
2905 5603 2958 5657 in
3008 5602 3126 5657 solo
3169 5602 3304 5672 juris
3342 5601 3656 5656 monasterii
3698 5600 3868 5654 luisse

2267 5692 2577 5764 fundatum,
2627 5696 2781 5766 cujus
2834 5697 3024 5753 incolae
3065 5695 3506 5753 Castelliensibus
3551 5694 3869 5768 persolvere

2268 5803 2488 5846 censum
2520 5787 2857 5844 tenebantur.

2347 5916 2369 5945 °
2398 5905 2534 5963 Vide
2554 5923 2677 5979 epp.
2709 5909 2762 5977 4,
2795 5909 2850 5978 8,
2881 5910 3048 5980 9,11,
3078 5909 3164 5977 15,
3193 5910 3284 5982 51,
3313 5907 3398 5966 54.
