4130 6452
256 407 362 465 415

745 405 802 461 s.
845 402 1167 461 GltEGUlill
1208 403 1420 459 MAGNI
1462 403 1640 470 vna,
1682 402 1776 458 ex
1818 399 1982 458 ωδε
2021 364 2325 458 suntpris
2363 390 2772 461 sponsus.
2799 403 2925 462 un.
2964 403 3056 464 tv.

3420 402 3532 461 414

255 549 2491 576 W

988 660 1335 744 LIBER
1391 653 1966 764 QUARTUS
2026 655 2180 737 ET
2236 654 2798 754 ULTIMUS.

887 824 1209 905 Quidquid
1242 829 1514 902 superest
1548 819 1826 882 historice
1858 819 2119 900 vitaeque
2153 820 2224 881 S.
2255 818 2554 902 Gregorii
2587 823 2894 890 exhibens.

665 1045 825 1118 232
854 1040 1083 1100 CAPUT
1127 1019 1415 1096 estnon.

251 1161 613 1216 Artem-nmis.
631 1185 696 1198 —-
721 1159 764 1207 i'.
789 1158 892 1206 Pax
913 1157 966 1206 fit
985 1155 1226 1205 Romanos
1248 1157 1382 1204 inter
1404 1161 1457 1204 et
1472 1153 1836 1215 Langobardos,

315 1228 570 1276 snnitente
626 1223 680 1272 S.
721 1220 981 1281 Gregorio.
1011 1245 1070 1255 —-
1103 1219 1151 1268 2.
1180 1217 1404 1266 Praedicit
1448 1229 1556 1281 eam
1593 1228 1690 1281 non
1733 1216 1836 1264 fore

317 1287 610 1334 diuturnam.
637 1286 761 1333 -5.
799 1279 987 1330 Bellum
1028 1281 1390 1340 redintegratur
1434 1279 1495 1340 ab
1530 1279 1838 1327 exercito.—

311 1349 360 1400 ι.
385 1347 685 1399 Scbismatici
713 1347 772 1396 ad
797 1344 1061 1394 Ecclesiam
1096 1339 1323 1391 redeunt.
1361 1339 1486 1398 Quid
1512 1352 1598 1400 pro
1633 1341 1750 1400 ipsis
1787 1341 1839 1387 in

315 1414 501 1462 unitate
530 1409 760 1459 Ecclesiae
783 1406 1121 1457 conﬁrmandis
1144 1405 1429 1466 praestiterit
1470 1402 1522 1451 S.
1550 1402 1836 1464 Gregorius.

315 1475 429 1520 —S.
456 1472 880 1522 Schismaticorum
905 1469 1240 1528 episc0porum
1266 1467 1517 1528 depravati
1546 1467 1835 1528 [nores—6.

313 1535 364 1584 Β.
388 1535 613 1595 Gregorii
646 1533 852 1595 charitas
887 1525 1001 1591 erga
1035 1530 1382 1595 sclirismal‘icos.
1401 1551 1462 1561 ——
1481 1525 1525 1574 7.
1543 1525 1626 1595 _De
1650 1528 1840 1595 Serun-

315 1599 449 1656 dino,
486 1590 720 1644 iiionacbo
742 1590 1084 1643 celeberrimo.
1109 1592 1286 1640 Scribit
1303 1595 1470 1656 contra
1491 1590 1583 1656 tria
1610 1590 1838 1656 capitula,

317 1662 410 1708 etsi
438 1651 633 1706 minime
671 1657 1027 1704 schismaticus.
1053 1680 1114 1689 —
1135 1655 1181 1700 8.
1207 1653 1474 1701 Secundini
1497 1651 1687 1698 humilis
1722 1665 1840 1701 con-

319 1722 478 1771 fessio.
526 1719 647 1769 Eum
689 1718 960 1766 consolatur
1003 1717 1053 1764 S.
1081 1716 1444 1777 Gregorius.—
1467 1713 1513 1760 9.
1543 1713 1592 1761 S.
1615 1713 1841 1762 Doctorls

315 1783 562 1832 sententia
593 1783 656 1830 de
679 1795 764 1828 usu
794 1789 842 1830 et
866 1779 997 1828 cultu
1022 1791 1264 1827 sacrarum
1300 1777 1562 1837 imaginum
1597 1777 1841 1836 expendi-

317 1853 408 1892 tur.
438 1845 510 1892 Ab
531 1843 761 1892 Ecclesiae
781 1842 994 1890 doctrma
1021 1854 1145 1889 nunc
1166 1847 1366 1901 rerepta
1394 1853 1486 1886 non
1513 1841 1840 1901 exorbitat,—

315 1906 393 1956 10.
421 1906 790 1966 Objectionibus
829 1905 1117 1966 occurritur.
1154 1901 1204 1966 S.
1235 1900 1512 1966 Gregorius
1543 1900 1841 1966 inepistolis

309 1971 372 2018 ad
397 1962 640 2018 Serenum
665 1966 887 2024 prohibet
910 1964 1064 2012 solum
1099 1977 1160 2010 ne
1191 1964 1481 2023 imaginibus
1507 1963 1657 2012 latriw
1681 1962 1840 2010 cultus

313 2031 570 2079 tribuatur.
594 2053 653 2063 —
679 2028 745 2074 il.
771 2025 954 2072 Laudat.
980 2027 1241 2084 imaginum
1268 2038 1408 2072 usum
1431 2063 1443 2086 ,
1469 2032 1694 2086 tanquam
1718 2025 1840 2073 anti-

311 2095 480 2153 quitus
517 2095 792 2153 receptum.
820 2087 916 2135 Sed
943 2100 1036 2153 non
1071 2086 1400 2134 adoratinnem
1428 2089 1620 2153 proprie
1645 2085 1838 2153 dictam.

311 2147 455 2202 4-12.
487 2147 711 2210 Ejusdem
739 2151 986 2200 veneratio
1010 2161 1129 2210 erga
1150 2155 1424 2198 sanctorum
1445 2148 1696 2212 reliquias.
1724 2147 1836 2208 (An.

311 2216 404 2267 598
427 2221 478 2264 et
501 2212 633 2275 599.)

311 2216 404 2267 598
427 2221 478 2264 et
501 2215 606 2265 599.

322 2323 374 2377 t.
405 2321 524 2379 tam
547 2336 578 2376 a
607 2320 769 2388 longo
792 2327 1037 2389 tempore
1061 2318 1119 2375 S.
1148 2318 1440 2390 Gregorius
1467 2319 1536 2380 de
1563 2334 1699 2390 pace
1722 2317 1833 2375 Ro-

1862 1045 1912 1101 Α
1941 1035 2156 1094 ducibus
2181 1054 2273 1108 per
2292 1037 2495 1094 diversa
2518 1038 2653 1106 loca,
2679 1046 2730 1095 et
2755 1039 2984 1095 maxime
3007 1041 3066 1096 in
3093 1039 3347 1102 Romanis
3367 1048 3538 1117 parti-

1939 1126 2032 1184 bus
2069 1129 2362 1185 constitutis
2390 1129 2670 1200 praecipiat
2699 1144 2892 1201 pacem
2919 1131 3050 1186 sicut
3087 1135 3394 1203 promissum
3420 1145 3536 1193 erat

1942 1219 2235 1276 custodire.
2265 1219 2537 1278 Metuebat
2557 1220 2700 1280 enim
2722 1235 2790 1278 ne
2811 1219 3209 1289 redintegrandi
3231 1225 3359 1280 belli
3381 1241 3537 1281 occa-

1941 1309 2150 1365 sionem
2177 1321 2507 1380 quaererent.
2536 1311 2725 1380 Neque
2753 1327 2922 1370 vanus
2951 1309 3051 1368 fuit
3081 1311 3271 1376 timor;
3303 1312 3538 1370 Ariulfus

1940 1401 2120 1467 enim,
2175 1402 2285 1458 dux
2337 1403 2783 1469 Beneventanus,
2843 1418 3037 1474 pacem
3088 1412 3426 1460 servaturum
3479 1421 3539 1460 se

1935 1491 2121 1563 jurare
2162 1494 2368 1562 noluit,
2412 1495 2516 1555 nisi
2557 1495 2812 1554 adhibitis
2849 1495 3012 1552 certis
3052 1495 3450 1552 conditionibus
3485 1497 3539 1551 in

1940 1586 2139 1655 quibus
2166 1586 2398 1646 latenter
2425 1603 2489 1646 ac
2515 1589 2740 1648 subdole
2769 1589 3232 1660 opportunitatem
3260 1589 3539 1660 quaerebat

1942 1678 2220 1738 Romanos
2292 1681 2542 1740 incautos
2600 1684 2670 1740 ob
2731 1683 2890 1739 ﬁdem
2945 1686 3125 1738 datam
3177 1681 3536 1755 opprimendi.

1941 1772 2314 1844 Suspicionem
2346 1775 2608 1845 augebat,
2654 1775 2801 1846 quod
2841 1774 3224 1843 Warnill‘rida,
3277 1791 3346 1830 ex
3387 1777 3542 1846 cujus

1943 1868 2166 1924 arbitrio
2191 1876 2246 1924 et
2282 1869 2511 1928 consilio
2533 1868 2771 1924 Ariulfus
2795 1879 2988 1924 cuncta
3018 1867 3281 1936 faciebat,
3328 1869 3542 1924 omnino

1935 1958 2119 2028 jarare
2141 1958 2476 2029 despexisset.
2515 1958 2621 2030 (Cf.
2651 1958 2808 2014 Paul.
2843 1957 2998 2014 Diac.
3032 1959 3072 2014 ι.
3099 1977 3151 2014 tv
3174 1958 3317 2015 Hist.
3342 1975 3387 2013 c.
3424 1959 3540 2030 15.)

2013 2045 2066 2102 2.
2110 2047 2228 2102 Alia
2251 2062 2319 2103 ex
2341 2059 2494 2118 parte
2519 2046 2782 2119 Agilulfus
2819 2057 2876 2106 et
2904 2049 3245 2118 Langobardi
3277 2050 3540 2118 urgebant

1943 2135 2263 2208 Gregorium
2285 2145 2342 2193 ut
2368 2147 2520 2211 pacto
2546 2139 2918 2208 subscriberet,
2947 2139 3092 2210 quod
3123 2141 3388 2210 negabat,
3416 2140 3540 2211 quia

1941 2227 2141 2284 medius
2181 2235 2237 2284 et
2265 2237 2549 2300 sequester
2586 2238 2705 2288 erat
2731 2244 2916 2300 regem
2946 2231 3092 2286 inter
3117 2247 3182 2286 ac
3218 2231 3538 2289 exarcbum.

1940 2315 2128 2390 Itaque
2169 2335 2293 2375 cum
2335 2329 2422 2378 res
2462 2320 2519 2378 in
2562 2321 2786 2394 ancipiti
2828 2329 3042 2391 essent,
3090 2322 3398 2394 bellumque
3441 2322 3542 2384 sub

246 2431 440 2474 manes
462 2414 602 2470 inter
618 2421 674 2469 et
694 2411 1074 2480 Langobardds
1100 2412 1343 2468 facienda
1365 2411 1841 2481 conlirmandaque
1865 2431 1916 2490 Α
1944 2411 2125 2482 specie
2176 2413 2326 2483 pacis
2375 2412 2730 2483 periculosius
2777 2414 3064 2472 imminere
3108 2415 3383 2471 videretur
3414 2435 3429 2471 :
3473 2431 3542 2472 ne

249 2507 552 2578 cogitabat;
583 2521 744 2574 quam
786 2513 845 2558 ut
882 2505 1194 2574 impetraret
1222 2506 1329 2576 egit
1360 2514 1471 2561 tum
1501 2505 1643 2576 apud
1670 2507 1840 2576 impe-

249 2609 508 2666 ratorem,
541 2607 651 2653 tum
680 2598 819 2667 apud
850 2596 1134 2664 Agilull‘um
1159 2614 1340 2668 regem
1367 2599 1588 2670 ejusque
1616 2616 1839 2659 uxorem

251 2690 694 2754 Theodelindam,
727 2689 904 2744 missis
933 2705 1037 2744 non
1066 2689 1239 2745 solum
1263 2691 1526 2760 epistolis,
1555 2691 1647 2746 sed
1673 2692 1839 2750 etiam

248 2781 458 2852 legatis.
499 2781 629 2836 Tam
663 2781 778 2836 utili
817 2781 1229 2852 necessarioque
1269 2782 1571 2852 reipublicm
1613 2783 1839 2838 consilio

248 2889 462 2945 semper
492 2873 774 2928 obstiterat
801 2871 1078 2928 Romanus
1109 2872 1400 2938 exarcbus;
1434 2873 1678 2942 quamvis
1708 2873 1838 2928 viri-

249 2963 352 3021 bus
385 2964 578 3034 impar,
609 2962 930 3032 aliundeque
953 2963 1082 3019 belli
1111 2973 1166 3018 et
1192 2964 1268 3018 rei
1297 2954 1543 3021 militaris
1574 2981 1682 3020 non
1710 2965 1841 3024 satis

250 3057 456 3126 peritus
480 3065 637 3121 esset,
668 3064 726 3110 ut
750 3071 780 3110 a
809 3054 1175 3124 Langobardis
1196 3054 1403 3112 Italiam
1433 3057 1702 3112 liberaret.
1736 3056 1842 3114 Nu-

249 3164 347 3219 per
372 3147 683 3204 Hunnorum
728 3164 823 3204 rcx
861 3149 929 3202 ab
958 3148 1223 3217 Agilull’o,
1256 3148 1544 3204 Mediolani
1575 3148 1798 3206 sedente
1822 3193 1838 3218 ,

251 3254 440 3312 pacem
493 3240 826 3309 impetrarat.
887 3238 1066 3295 Rebus
1117 3241 1298 3308 itaque
1350 3242 1665 3310 compositis
1717 3257 1839 3296 cum

251 3332 655 3387 bellicosissima
681 3341 858 3400 gente,
883 3329 1219 3400 Langobardi
1237 3331 1469 3388 ferocius
1490 3332 1842 3388 imminebant

252 3424 469 3479 urbibus
498 3424 676 3479 adhuc
704 3424 938 3478 intactis.
972 3422 1090 3478 Non
1121 3424 1192 3477 ita
1221 3423 1426 3494 pridem
1454 3423 1742 3479 Crotonam
1784 3424 1839 3477 in

253 3523 490 3570 extrema
521 3524 672 3586 parte
701 3513 865 3570 Italiae
897 3523 1289 3584 expugnarant,
1318 3515 1561 3572 abductis
1590 3516 1643 3569 in
1672 3515 1840 3585 capti-

251 3609 469 3664 vitatem
511 3609 736 3665 civibus.
777 3609 1094 3679 Nupcrrime
1135 3609 1435 3665 Sardiniam
1476 3609 1839 3680 populabundi

250 3702 586 3766 invaserant,
627 3704 770 3775 quod
816 3704 1054 3759 futurum
1099 3706 1485 3773 prmnuntiarat
1513 3703 1837 3772 Gregorius;

1941 2502 2078 2572 ignis
2106 2501 2296 2559 doloso
2324 2502 2494 2559 cineri
2534 2504 2844 2574 suppositus
2891 2513 3236 2574 erumperet,
3279 2503 3542 2566 Romanis

1940 2595 2075 2652 nihil
2115 2596 2223 2653 tale
2263 2597 2623 2666 cogitantibus
2648 2639 2663 2664 ,
2712 2596 2881 2652 suasit
2922 2594 3220 2665 Gregorius
3254 2604 3313 2651 ut
3341 2597 3395 2652 in
3427 2597 3542 2668 ipsa

1941 2705 2108 2760 pace,
2141 2689 2267 2746 belli
2294 2691 2627 2760 agitarentur
2654 2691 2914 2757 consilia;
2959 2689 3278 2761 scripsitque
3315 2705 3540 2760 praises-

1942 2783 2039 2837 tim
2067 2783 2136 2838 ad
2159 2781 2474 2839 Ianuarium
2501 2781 2864 2839 Caralitanum
2894 2783 3071 2853 primo
3097 2783 3166 2838 de
3193 2781 3539 2839 conciliandis
3629 2801 3637 2806 -

1943 2875 2085 2932 inter
2118 2890 2176 2946 se
2206 2875 2441 2931 hostium
2471 2883 2622 2931 metu
2650 2875 2846 2931 civium
2877 2875 3101 2941 animis,
3135 2876 3288 2945 quia,
3326 2874 3538 2945 inquit,

1943 2965 2038 3022 hoc
2067 2967 2294 3022 maxime
2313 2975 2559 3036 tempore,
2591 2967 2796 3038 quando
2821 2971 2888 3020 de
2907 2966 3052 3020 hoste
3073 2966 3297 3038 formido
3324 2974 3421 3034 est,
3454 2966 3537 3021 di-

1942 3064 2105 3120 visum
2149 3062 2395 3134 populum
2435 3061 2626 3117 habere
2667 3080 2771 3117 non
2811 3061 3020 3116 debetis.
3057 3061 3260 3116 Deinde
3304 3076 3436 3116 vero
3473 3060 3540 3116 de

1945 3155 2250 3212 Caralitana
2274 3156 2406 3212 urbe
2428 3155 2654 3223 aliisque
2681 3154 2866 3210 insulae
2887 3153 3020 3210 locis
3039 3151 3362 3209 muniendis.
3391 3151 3540 3208 Unde

1944 3265 2152 3306 necesse
2181 3257 2292 3312 est,
2324 3247 2530 3319 inquit,
2573 3256 2631 3302 ut
2674 3249 2977 3318 fraternitas
3006 3254 3205 3311 vestra,
3235 3247 3357 3300 dum
3385 3245 3538 3310 licet,

1943 3343 2200 3395 civitatem
2229 3357 2380 3394 suam
2426 3339 2502 3394 vel
2530 3339 2637 3393 alia
2669 3340 2782 3394 loca
2823 3340 3008 3410 fortius
3036 3339 3226 3392 muniri
3251 3336 3539 3408 provideat,

1944 3442 2096 3504 atque
2136 3432 2402 3486 immineat
2449 3440 2506 3484 ut
2536 3429 2859 3484 abundanter
2898 3430 2954 3484 in
3000 3429 3073 3484 eis
3113 3429 3324 3484 condita
3352 3444 3542 3497 procu-

1945 3533 2122 3578 rentur
2154 3539 2170 3576 :
2202 3533 2482 3593 quatenus,
2516 3522 2637 3576 dum
2665 3520 2830 3575 hostis
2858 3521 2982 3575 illuc
3012 3519 3122 3575 Deo
3151 3521 3248 3575 sibi
3277 3521 3414 3576 irato
3453 3537 3542 3575 ac-

1947 3615 2177 3678 cesserit,
2211 3631 2316 3668 non
2346 3614 2575 3669 inueniat
2600 3614 2735 3682 quod
2775 3613 2961 3679 (sedat,
2993 3613 3154 3683 283
3183 3612 3275 3666 sed
3297 3615 3540 3684 confusus

1947 3705 2209 3760 abscedat.
2239 3706 2349 3760 Sed
2386 3714 2435 3759 et
2469 3723 2563 3760 nos
2591 3723 2684 3776 pro
2715 3704 2854 3758 vobis
2881 3713 3127 3776 quantum
3155 3720 3424 3774 possumus
3455 3721 3540 3759 co-

250 3803 645 3863 monueratque
698 3804 808 3849 tum
863 3795 1235 3861 Gennadium,
1290 3794 1481 3850 Africae
1529 3794 1838 3864 praefectum
1868 3806 1914 3870 ο
1944 3799 2169 3868 gitamus
2192 3838 2205 3859 ,
2237 3807 2287 3850 et
2314 3798 2378 3849 iis
2407 3813 2622 3867 quorum
2652 3799 2898 3859 interest,
2929 3804 2986 3847 ut
3009 3811 3065 3848 se
3092 3794 3173 3847 ad'
3189 3795 3540 3848 obsistendum

252 3883 395 3955 (Lib.
421 3899 511 3949 vn,
543 3901 624 3955 ep.
648 3885 724 3954 5),
762 3894 868 3939 tum
890 3883 1223 3948 .Ianuarium,
1248 3883 1610 3942 Caralitanum
1631 3886 1840 3956 episco-

250 3995 376 4048 pum
411 3976 561 4045 (Lib.
584 3994 634 4034 tx
655 4016 670 4044 ,
697 3994 780 4047 ep.
804 3974 837 4029 4
865 3986 914 4032 et
943 3975 1056 4045 45),
1091 3985 1147 4030 ut
1175 3977 1358 4033 insulse
1383 3976 1681 4032 defensioni
1710 3993 1839 4047 pro-

249 4075 544 4146 spicerent.
592 4074 721 4140 Quis
752 4080 881 4128 tunc
920 4087 1082 4128 ausus
1110 4071 1298 4126 fuisset
1327 4085 1515 4141 pacem
1550 4071 1653 4127 sibi
1682 4072 1839 4142 polli-

251 4170 398 4226 ceri?
445 4170 516 4223 At
556 4168 698 4226 Deus
745 4168 799 4222 in
844 4165 996 4234 cujus
1044 4180 1207 4222 manu
1253 4173 1378 4220 sunt
1420 4164 1581 4220 corda
1628 4178 1837 4234 regum,

250 4258 538 4329 Agilulfum
579 4266 644 4312 ad
689 4274 836 4312 arma
867 4256 1186 4326 deponenda
1230 4265 1285 4312 et
1321 4256 1660 4326 accipiendas
1689 4255 1839 4326 pacis

251 4351 588 4409 conditiones
627 4367 658 4406 a
702 4365 838 4421 papa
878 4350 1085 4406 oblatas
1132 4348 1300 4405 ﬂexit.
1353 4347 1487 4420 Usus
1531 4350 1620 4404 ille
1664 4350 1838 4405 fuerat

251 4440 444 4511 Probi,
480 4453 504 4479 ⁸
533 4443 741 4498 abbatis
779 4443 1104 4510 ministerio,
1137 4457 1295 4512 quem
1319 4442 1429 4511 jam
1456 4451 1580 4497 ante
1608 4441 1836 4498 multum

254 4535 512 4606 temporis
540 4535 606 4590 ad
639 4550 818 4604 regem
859 4537 1203 4605 reginamque
1234 4537 1480 4602 miserat,
1521 4544 1581 4590 ut
1608 4535 1676 4590 de
1706 4550 1838 4605 pace

251 4637 468 4697 ageret,
518 4628 670 4684 irrito
717 4639 895 4685 tamen
944 4645 1157 4699 semper
1194 4638 1390 4686 conatu
1433 4629 1668 4700 quandiu
1707 4629 1840 4685 vixit

253 4721 530 4778 Romanus
571 4723 866 4790 exercitus,
915 4722 1083 4777 hostis
1124 4724 1271 4792 pacis
1306 4721 1697 4778 infensiSsimus
1762 4721 1886 4780 Eo'

252 4815 434 4881 itaque
471 4822 686 4869 mortuo
715 4828 836 4868 cum
867 4811 1156 4870 Callinicus
1197 4829 1294 4883 pro
1341 4814 1647 4884 reipublicae
1692 4815 1837 4876 bono

251 4906 443 4962 urcliu-s
469 4906 692 4962 allectus
730 4920 938 4960 summa
967 4921 1144 4960 rerum
1186 4907 1385 4976 potitus
1413 4918 1552 4964 esset
1585 4909 1634 4964 in
1664 4908 1836 4976 ltalia,

250 5013 377 5066 spes
428 4998 606 5053 denuo
649 4999 796 5070 pacis
835 4997 1189 5052 resarciendm
1231 4997 1445 5053 all‘ulsit.
1495 4998 1840 5070 Tandemque

249 5091 391 5148 facta
430 5101 511 5147 est
552 5093 829 5149 annitente
872 5093 1167 5162 praesertim
1209 5091 1524 5158 Theodoro,
1570 5095 1837 5153 Ravennzn

1944 3886 2057 3944 Deo
2099 3897 2311 3940 auctore
2348 3902 2651 3956 praeparare
2691 3884 2937 3949 debeant,
2979 3887 3302 3938 imminemus
3336 3902 3354 3938 :
3385 3887 3536 3956 quia,

1941 3979 2076 4040 sicut
2116 3995 2202 4034 uos
2249 3987 2456 4032 nostras
2488 3977 2844 4032 tributationes
2886 3986 3083 4030 uestras
3120 3977 3418 4046 attenditis,
3462 3978 3538 4032 ita

1942 4085 2138 4142 quoque
2165 4085 2258 4126 nos
2280 4078 2474 4125 vestras
2509 4067 2812 4141 aﬂlictiones
2839 4077 3046 4124 nostras
3075 4068 3312 4124 similiter
3331 4079 3539 4141 reputa-

1942 4179 2058 4220 ntus
2086 4160 2222 4232 (Lib.
2248 4177 2325 4226 ιι,
2357 4179 2438 4233 ep.
2466 4160 2543 4230 6).

2014 4253 2068 4313 5.
2101 4253 2275 4312 Metus
2299 4251 2366 4309 de
2395 4254 2547 4310 brevi
2572 4252 2753 4309 futuro
2781 4253 2925 4308 bello
2955 4269 3064 4309 non
3094 4251 3283 4309 fefellit
3311 4269 3535 4325 papam;

1944 4362 2068 4404 nam
2095 4346 2258 4416 paulo
2279 4354 2403 4416 post
2428 4345 2727 4415 recruduit,
2754 4354 2810 4401 et
2834 4345 3066 4403 ferocius
3083 4347 3342 4403 desaeviit.
3359 4347 3539 4419 Nuper

1943 4439 2208 4508 Agilulius
2253 4456 2434 4511 pacem
2478 4449 2778 4511 perpetuam
2807 4455 2930 4495 cum
2962 4439 3298 4496 Theoderico
3317 4478 3333 4504 ,
3364 4439 3536 4493 Fran-

1946 4551 2131 4592 corum
2169 4549 2296 4605 rege
2318 4573 2336 4600 ,
2379 4534 2659 4602 {cedusque
2687 4534 3062 4590 constituerat.
3095 4533 3228 4587 Tres
3255 4533 3417 4586 duces
3437 4572 3451 4597 ,
3483 4531 3536 4585 in

1945 4627 2029 4684 bis
2054 4626 2420 4683 Veronensem
2448 4634 2504 4681 et
2530 4625 2964 4694 Pergamensem,
2995 4625 3080 4680 cui
3101 4623 3211 4693 jam
3241 4623 3322 4677 bis
3345 4637 3537 4692 peper-

1947 4731 2125 4787 ccrat,
2172 4737 2293 4776 cum
2338 4719 2725 4785 rebellassent,
2763 4733 3054 4790 oppressos
3088 4716 3327 4785 jusserat
3363 4724 3538 4771 morte

1946 4814 2109 4880 allici,
2143 4823 2202 4870 ut
2229 4815 2332 4870 hac
2359 4815 2648 4870 severitate
2676 4819 2902 4867 (ueteres
2929 4811 2983 4864 in
3013 4809 3191 4866 ofﬁcio
3213 4811 3532 4867 contineret.

1947 4907 2025 4963 De
2047 4923 2180 4977 pace
2200 4906 2362 4975 paulo
2391 4914 2548 4960 antea
2569 4919 2695 4958 cum
2723 4903 3040 4958 Hunnorum
3061 4917 3187 4973 rege
3215 4903 3356 4958 facta
3375 4913 3537 4974 supra

1947 5002 2198 5056 diximus.
2223 4997 2349 5054 Haec
2371 4997 2706 5068 perpendens
2726 4994 3036 5067 Callinicus,
3058 4999 3128 5054 ob
3149 5006 3448 5068 reportatas
3469 4997 3537 5054 de

1948 5093 2159 5148 Sclavis
2179 5091 2432 5146 victorias
2456 5089 2596 5145 forte
2619 5091 2792 5154 ferox,
2823 5101 3174 5160 metuensque
3195 5105 3283 5158 ne,
3313 5092 3451 5147 liber
3468 5090 3536 5146 ab

251 5194 504 5240 curatore
525 5228 537 5252 ,
581 5202 739 5256 quem
781 5184 1081 5255 adjutorem
1108 5193 1363 5255 expertus
1395 5197 1478 5241 est
1507 5187 1558 5239 in
1591 5187 1840 5244 omnibus
1873 5199 1921 5259 υ
1949 5186 2202 5240 omnibus
2231 5183 2404 5250 bellis,
2432 5182 2696 5252 Agilullus
2721 5183 3020 5252 conjunctis
3039 5183 3239 5238 viribus
3261 5183 3313 5238 in
3339 5182 3536 5237 Roma-

251 5272 461 5332 Probus
484 5293 581 5347 pro
607 5292 737 5347 pace
765 5277 1098 5334 concilianda
1141 5277 1346 5346 legatus
1378 5277 1566 5350 (Ibid.,
1607 5297 1689 5349 ep.
1720 5280 1832 5351 98).

251 5367 342 5423 Pa:
366 5379 418 5425 ta
444 5371 885 5441 conditionesque
915 5372 1063 5440 pacis
1093 5371 1352 5440 Agilulfus
1379 5388 1470 5427 rex
1504 5373 1705 5440 optima
1735 5373 1839 5433 tide

246 5472 591 5520 εδει-διῃρηιο
613 5463 967 5527 confirmavit,
1000 5481 1104 5534 qua
1126 5464 1191 5519 de
1213 5480 1271 5518 re
1291 5464 1580 5532 Gregorius
1604 5476 1713 5520 tum
1737 5469 1838 5538 ipsi

250 5557 453 5628 gratias
481 5559 610 5626 egit,
645 5566 755 5612 tum
787 5556 1166 5613 Theodelindze
1193 5559 1411 5628 reginae,
1442 5575 1605 5628 quam
1633 5562 1839 5618 studio-

247 5646 364 5705 sius
406 5664 502 5718 pro
533 5647 817 5702 concordia
849 5648 1148 5714 laborasse,
1183 5666 1211 5704 a
1241 5650 1417 5706 Probo
1454 5652 1647 5708 abbate
1684 5668 1840 5709 acce-

251 5745 430 5810 perat.
479 5737 536 5792 In
581 5737 806 5808 episwla
845 5737 913 5792 ad
952 5738 1239 5809 Agilull'um
1281 5757 1405 5798 eum
1434 5752 1590 5814 rogat
1635 5754 1691 5801 ut
1730 5747 1840 5802 suis

1951 5292 2053 5332 nos
2074 5291 2142 5330 ex
2161 5274 2453 5344 improviso
2477 5275 2726 5342 irrueret,
2755 5274 2928 5346 ipsum
2949 5289 3217 5344 occupare
3237 5271 3532 5329 constituit.

1950 5368 2197 5426 Collecto
2224 5368 2407 5438 itaque
2435 5368 2697 5437 exercitu,
2727 5369 3018 5438 tractisque
3037 5368 3103 5423 ad
3127 5366 3335 5437 imperii
3357 5373 3538 5436 partes

1953 5463 2226 5522 nonnullis
2254 5463 2728 5533 Langobardorum
2757 5463 3011 5530 ducibus,
3058 5461 3304 5516 Parmam
3344 5459 3538 5514 urbem

1955 5559 2365 5615 munitissimam
2386 5558 2666 5614 obsidione
2686 5559 2854 5613 cinxrt
2882 5571 2945 5611 ac
2966 5554 3309 5625 expugnavit.
3335 5552 3540 5624 Captos

1953 5655 2009 5709 in
2060 5653 2163 5708 hac
2208 5652 2606 5722 expugnatione
2651 5651 3024 5706 Godiscalcum
3071 5647 3260 5702 ducem
3311 5653 3369 5703 et
3423 5643 3541 5715 ejus

1953 5762 2200 5813 uxorem,
2230 5746 2373 5818 regis
2409 5745 2592 5815 tiliam,
2624 5745 2935 5801 Ravennam
2963 5741 3116 5798 duxit
3142 5741 3428 5800 exarcbus.
3469 5740 3541 5798 At

327 5916 351 5946 η
382 5904 513 5974 Quis
537 5904 700 5961 fuerit
727 5902 821 5960 ille
846 5903 1051 5961 Probus
1073 5906 1238 5966 abbas
1261 5911 1451 5980 quaerit
1485 5911 1681 5970 Mabill.
1727 5915 1922 5973 Annal.
1955 5912 2241 5974 Benedict.
2269 5911 2363 5969 lib.
2394 5925 2468 5978 rx,
2502 5925 2650 5966 num.
2681 5907 2771 5978 26,
2803 5919 2923 5979 pag.
2953 5902 3076 5961 252.
