4130 6452
631 364 731 421 “5

1113 364 1173 423 S.
1215 364 1540 423 GREGORII
1578 367 1794 426 MAGNI
1831 367 2012 437 VITA,
2056 362 2150 421 EX
2188 360 2353 419 EJUS
2390 359 2696 419 SCRIPTIS
2736 357 3126 417 ADORNATA.
3169 357 3297 415 LIB.
3337 357 3405 414 IV

3814 360 3932 415 “6

625 482 825 537 illatam
856 479 959 537 sibi
984 478 1234 552 injuriam
1264 481 1451 538 ulcisci
1480 483 1706 553 cupiens
1728 481 1988 553 Agilull‘us
2007 481 2209 536 vicem-
2238 481 2291 540 Α
2316 474 2385 530 ad
2403 474 2803 531 schismaticum
2819 473 3151 544 episcopum,
3179 471 3272 543 qui
3291 471 3359 528 de
3374 470 3550 528 reditu
3568 470 3639 529 ad
3658 469 3929 528 Ecclesia

622 588 729 643 que
754 572 1058 641 rependere
1076 613 1090 640 ,
1123 588 1247 629 cum
1279 582 1490 629 tentare
1514 574 1653 629 velle
1683 574 2035 641 Cremonam,
2065 572 2215 629 Man-

560 652 571 657 ’
619 673 765 720 tuam
787 703 804 730 ,
849 663 1088 719 Montem
1119 663 1297 720 Silicis
1326 666 1381 720 in
1408 680 1538 736 agre
1579 664 1837 722 Patavine
1874 666 2211 731 simulasset,

620 755 799 826 ipsum
826 756 1053 813 adorsus
1078 766 1160 812 est
1185 756 1485 825 Patavium,
1518 774 1625 828 quo
1651 759 1852 827 petitus
1882 758 2069 813 urbem
2096 757 2214 815 solo

617 848 882 920 mquavit;
932 849 1243 920 praesidium
1284 859 1466 907 tamen
1510 850 1820 908 Ravennam
1864 864 1925 908 se
1969 853 2211 924 recepit,

613 939 801 1012 populi
828 948 1006 995 autem
1038 956 1164 1011 pars
1192 943 1427 997 maxima
1457 942 1525 998 ad
1551 942 1669 999 loca
1694 943 2025 1000 Venetorum
2052 946 2211 1017 palu-

613 1032 745 1088 stria
789 1032 1163 1104 confugerunt.
1211 1034 1290 1089 Ne
1338 1036 1574 1092 obsessis
1619 1052 1780 1107 opem
1830 1036 1971 1094 ferre
2026 1048 2211 1107 posset

612 1129 904 1195 exarehus,
926 1146 1025 1186 rex
1044 1132 1331 1203 imperavit
1357 1132 1561 1188 Ariulle
1587 1140 1643 1188 et
1661 1131 2024 1202 Langebardis
2046 1130 2209 1187 Etru-

609 1221 749 1276 riam
780 1223 1179 1290 obtinentibus,
1222 1231 1282 1277 ut
1320 1223 1549 1279 Romam
1578 1224 1855 1293 ipsamque
1896 1222 2208 1279 Ravennam

609 1312 882 1368 continuis
907 1314 1315 1371 excursionibus
1343 1315 1691 1370 lacesserent.
1732 1314 1948 1369 Interim
1980 1316 2207 1382 Avares,

609 1392 1087 1471 Langobardei'um
1143 1414 1199 1461 et
1225 1405 1548 1461 Sclavorum
1595 1407 1766 1476 copiis
1809 1406 2010 1474 juncti,
2063 1405 2207 1461 ferro

608 1492 845 1564 igneque
892 1495 1149 1552 Histriam
1196 1506 1499 1555 vastavere.
1550 1498 1773 1555 Patavio
1811 1508 2000 1570 capto,
2051 1499 2205 1556 Mens

606 1582 786 1640 Silicis
833 1598 1195 1658 expugnatur,
1244 1599 1301 1645 et
1336 1590 1443 1644 duo
1489 1590 1966 1659 Langobardorum
2016 1591 2202 1659 duces,

605 1673 956 1733 Tridentinus
984 1695 1049 1735 ac
1076 1679 1463 1750 Forejuliensis
1483 1726 1497 1750 ,
1531 1683 1623 1751 qui
1653 1698 1684 1737 a
1714 1697 1841 1752 rege
1871 1683 2200 1752 deibcerant,

606 1767 820 1821 veniam
849 1769 920 1824 ob
951 1770 1208 1826 violatam
1244 1772 1402 1828 tidem
1435 1782 1653 1842 petunt,
1698 1783 1861 1843 atque
1890 1778 1943 1830 in
1975 1777 2199 1845 gratiam

2317 567 2597 623 catholica:
2628 566 2889 621 unitatem
2928 572 2984 620 et
3021 564 3089 619 ad
3116 566 3391 635 propriam
3419 564 3632 637 plebem
3659 578 3791 620 eum
3822 562 3928 618 ad-

2316 669 2584 716 moneret.
2629 658 2856 729 Scripsit
2893 657 3057 712 etiam
3097 656 3388 727 Gregorips
3428 656 3494 711 ad
3529 656 3689 727 hujus
3722 656 3927 711 insula:

2315 748 2667 816 habitatores,
2699 747 2921 804 laudans
2947 762 3188 802 amorem
3210 747 3428 801 unitatis
3447 762 3555 816 quo
3584 746 3923 815 ﬂagrabant,

2317 851 2373 899 et
2401 842 2469 897 de
2498 842 2564 898 iis
2587 857 2707 913 quze
2742 841 3040 897 Mariniane
3065 841 3355 912 scripserat
3392 856 3488 897 eos
3527 842 3799 897 certiores
3837 842 3925 895 fa-

2314 935 2484 991 ciens.
2518 934 2696 990 Pauca
2718 950 2787 991 ex
2809 935 2911 991 hac
2933 934 3163 1006 epistola
3190 934 3340 1003 quasi
3367 934 3618 989 llescules
3644 934 3921 1005 quosdam

2313 1028 2651 1098 excerpenda
2668 1029 2936 1096 duximus,
2965 1038 3020 1085 et
3034 1028 3385 1099 apponenda;
3408 1028 3727 1084 mulcebunt
3744 1030 3918 1094 enim,

2313 1130 2368 1177 et
2393 1122 2595 1189 odore,
2628 1131 2684 1179 et
2723 1132 2943 1194 aspectu
2971 1142 2982 1176 :
3016 1122 3329 1193 Redemptor
3354 1132 3558 1191 noster,
3591 1122 3919 1193 inquit,.....

2311 1214 2386 1267 sic
2412 1215 2529 1269 imis
2550 1231 2752 1269 summa
2779 1216 3067 1287 conjungit,
3097 1224 3153 1267 ut
3178 1217 3290 1285 ipse
3308 1216 3363 1268 in
3386 1215 3678 1291 tetemitate
3704 1230 3924 1284 perma-

2312 1325 2468 1375 nens,
2515 1310 2591 1363 ita
2628 1309 2930 1379 temporalia
2978 1309 3177 1362 occulto
3216 1309 3463 1362 instinctu
3500 1310 3585 1379 pia
3636 1310 3922 1361 consulem

2311 1400 2665 1454 moderatione
2694 1401 2937 1470 disponat
2958 1417 2973 1453 :
2991 1410 3240 1470 quatenus
3266 1400 3329 1453 de
3351 1400 3462 1470 ejus
3488 1416 3645 1453 manu
3670 1401 3921 1470 antiquus

2310 1490 2474 1545 hostis
2509 1491 2802 1545 nullatenus
2838 1493 3009 1561 rapiat
3037 1508 3164 1561 quos
3191 1500 3311 1544 ante
3343 1492 3536 1545 saecula
3570 1492 3710 1544 intra
3744 1491 3921 1543 sinuin

2310 1585 2492 1637 matris
2516 1582 2765 1638 Ecclesia:
2791 1584 3161 1638 coadunandos
3183 1602 3294 1639 esse
3320 1586 3593 1654 prwscivit.
3626 1582 3800 1647 Nam,
3824 1584 3921 1637 etsi

2309 1677 2577 1746 quisquam
2608 1692 2784 1730 eorum
2812 1676 2947 1730 inter
2974 1693 3099 1747 quos
3129 1676 3470 1746 corporaliter
3492 1675 3666 1746 degit,
3699 1674 3920 1743 ﬂatibus

2310 1778 2499 1834 motus,
2531 1769 2599 1822 ad
2621 1778 2817 1841 tempus
2843 1780 2897 1823 ut
2927 1770 3124 1841 palmes
3150 1770 3351 1835 titubet,
3374 1770 3529 1824 radix
3556 1781 3733 1823 tamen
3762 1779 3918 1822 recta:

605 1858 956 1928 recipiuntur.
1004 1861 1083 1916 lta
1128 1863 1354 1919 turbata:
1398 1865 1548 1935 pacis
1581 1865 1843 1935 religione
1881 1868 2207 1951 sacramenti
2237 1869 2285 1930 B
2312 1868 2465 1939 fidei,
2497 1886 2611 1939 qua:
2636 1886 2702 1923 ex
2726 1870 2923 1924 occulto
2955 1868 3156 1938 prodit,
3190 1868 3362 1921 diuino
3376 1866 3574 1937 judicio
3595 1868 3777 1921 virens
3803 1882 3917 1917 ma-

606 1951 771 2019 paule
811 1962 970 2009 antea
1006 1957 1224 2012 sancitm
1261 1966 1316 2014 et
1345 1969 1675 2015 consecrata:
1702 1962 1994 2019 Callinicus
2022 1979 2211 2034 poenas

603 2042 764 2097 dedit.
796 2044 915 2116 (Cf.
946 2046 1103 2103 Paul.
1129 2048 1285 2105 Diac.
1318 2050 1464 2107 Hist.
1494 2051 1663 2125 Lang.
1699 2054 1791 2109 lib.
1824 2072 1896 2125 IV,
1931 2074 2081 2129 capp.
2112 2059 2204 2115 21,

603 2130 672 2186 24
693 2143 742 2188 et
769 2133 883 2207 25.)

678 2223 733 2278 4.
786 2225 845 2281 ld
884 2241 1046 2296 quam
1074 2231 1303 2289 moleste
1331 2234 1515 2290 tulerit
1543 2235 1601 2290 S.
1634 2235 1955 2307 Gregorius,
1987 2241 2078 2308 qui
2108 2256 2207 2311 pro

603 2326 735 2382 pace
780 2315 918 2370 adeo
968 2318 1342 2390 laboraverat,
1390 2340 1663 2395 quamque
1711 2342 1895 2384 amare
1938 2330 2206 2399 jactu-am

603 2402 744 2459 illius
773 2402 981 2461 ﬂeverit
1009 2408 1097 2463 hic
1127 2412 1274 2479 pacis
1305 2414 1529 2481 angelus
1548 2456 1562 2481 ,
1612 2415 1821 2472 facilius
1850 2429 1933 2473 est
1962 2422 2207 2490 cogitare

601 2506 759 2564 quam
808 2497 987 2552 verbis
1035 2514 1330 2569 exponere.
1384 2504 1637 2561 Dolorem
1693 2510 1961 2581 tantisper
2016 2512 2206 2568 lenivit

601 2586 802 2642 reditus
829 2586 897 2641 ad
925 2586 1224 2646 Ecclesiam
1255 2603 1279 2630 ει
1308 2592 1610 2664 Capritantc
1639 2598 1853 2667 insulae,
1884 2616 2004 2670 qua:
2030 2603 2202 2660 schis-

602 2678 729 2731 mati
776 2692 877 2752 pro
926 2679 1099 2735 tribus
1147 2684 1397 2754 capitulis
1445 2686 1680 2743 conﬂato
1731 2689 1821 2745 diu
1878 2692 2198 2749 adhzeserat.

601 2767 1051 2839 Quandoquidem
1088 2770 1411 2844 Capritanos
1451 2778 1518 2834 ad
1563 2780 1796 2836 schisma
1826 2782 2143 2852 ejurandum
2170 2800 2202 2839 a

600 2858 863 2954 Callinico
904 2863 1169 2935 impulsos
1205 2867 1452 2924 audierat
1479 2886 1618 2943 papa
1640 2915 1655 2941 ,
1701 2874 1804 2945 ipsi
1830 2878 2030 2945 gratias
2056 2879 2204 2954 egit,

601 2951 939 3027 laudavitque
952 2960 1237 3015 consilium
1255 2960 1323 3016 de
1334 2966 1655 3022 revocandis
1672 2968 1739 3022 ad
1752 2969 1928 3024 sinum
1945 2951 2201 3027 Ecclesiai

600 3044 996 3118 dissidentibus,
1030 3060 1085 3107 et
1111 3056 1562 3114 tumultuantibus
1582 3062 1796 3131 populis
1824 3064 1927 3119 sibi
1949 3065 2196 3123 subditis.

601 3136 681 3194 Ne
704 3149 883 3197 tamen
910 3144 965 3198 in
995 3143 1101 3200 hoc
1127 3148 1404 3218 proposito
1433 3162 1843 3224 perseveraret,
1873 3156 2090 3213 obstare
2117 3159 2199 3213 vi-

2316 1969 2436 2024 net;
2467 1976 2581 2030 quw
2608 1970 2815 2030 accepto
2847 1968 3071 2030 tempore
3105 1961 3329 2029 fructum
3357 1959 3420 2012 de
3447 1975 3502 2011 se
3530 1967 3800 2011 ostentare
3824 1973 3915 2009 ra-

2313 2052 2415 2105 leat
2444 2054 2530 2123 qui
2558 2052 2767 2106 latebat.
2796 2050 2948 2115 Quod
2970 2054 3024 2105 in
3050 2051 3188 2107 vobis
3211 2068 3347 2105 nunc
3368 2067 3432 2105 ca:
3460 2051 3723 2104 desiderio
3749 2060 3914 2104 vestro

2312 2152 2509 2212 gestum
2530 2159 2640 2196 esse
2650 2144 2858 2212 superni
2873 2152 3129 2214 respectus
3154 2142 3501 2196 illustratione
3522 2143 3910 2213 cognoscimus,

2312 2233 2400 2302 qui
2444 2233 2887 2288 scliismaticorum
2933 2234 3069 2287 inter
3104 2251 3231 2303 quos
3275 2232 3518 2286 habitatis
3563 2232 3911 2302 pertinaciam

2310 2325 2599 2394 refutantes
2618 2363 2632 2389 ,
2665 2324 2947 2378 coadunari
2979 2325 3095 2378 ovili
3128 2324 3399 2378 Dominico
3429 2334 3595 2376 mente
3623 2324 3911 2393 promptis-

2309 2417 2444 2470 sima
2470 2416 2583 2486 ipsa
2613 2418 2686 2470 rei
2715 2418 3016 2487 operatione
3044 2416 3361 2469 monstratis.
3393 2412 3586 2478 Quibus
3612 2415 3755 2467 enim
3786 2415 3909 2466 scis-

2310 2526 2433 2563 sura
2464 2509 2732 2579 displicet,
2775 2526 2931 2563 sanos
2959 2525 3013 2562 se
3042 2508 3168 2561 velle
3197 2524 3307 2561 esse
3336 2516 3617 2573 testantur,
3649 2516 3700 2560 et
3728 2521 3910 2574 repro-

2308 2602 2487 2658 banles
2516 2621 2761 2670 errorem,
2803 2606 3073 2659 ostenditis
3102 2622 3189 2659 vos
3218 2622 3395 2659 amare
3419 2606 3553 2677 quod
3582 2613 3785 2659 rectum
3812 2614 3906 2671 est,

2304 2696 2467 2751 vitare
2496 2696 2631 2767 quod
2676 2697 2875 2750 devium
2907 2695 3102 2767 (Ibid.,
3131 2714 3211 2767 ep.
3240 2695 3363 2767 97).
3412 2696 3488 2751 De
3528 2696 3650 2752 aliis
3691 2696 3906 2751 Histria:

2305 2788 2518 2859 populis
2539 2789 2631 2860 qui
2661 2790 2893 2845 schisma
2916 2789 3287 2856 deseruerant,
3318 2790 3493 2859 agitur
3513 2790 3567 2843 in
3590 2790 3713 2844 aliis
3737 2789 3904 2858 pluri-

2306 2883 2409 2937 mis
2433 2882 2658 2951 hujusce
2680 2882 2809 2951 anni
2830 2881 3071 2951 epistolis
3092 2880 3279 2951 (1bid.,
3301 2899 3418 2952 epp.
3446 2881 3532 2947 63,
3558 2881 3648 2947 94,
3670 2880 3761 2943 95,
3788 2882 3903 2952 99).

2304 2970 2363 3026 In
2413 2971 2516 3027 illis
2565 2972 2631 3025 ad
2677 2971 2976 3027 Ecclesiam
3024 2972 3342 3029 revocandis
3377 2973 3619 3028 eluxerat
3666 2975 3903 3030 maxime

2305 3062 2561 3131 Gulfaris,
2590 3064 2832 3134 magistri
2858 3064 3110 3130 militum,
3142 3063 3396 3130 studium,
3425 3063 3491 3119 de
3513 3080 3622 3134 quo
3654 3064 3757 3135 ipsi
3778 3081 3901 3135 gra-

2304 3156 2539 3222 tulatur,
2571 3164 2626 3210 et
2653 3157 2852 3225 gratias
2881 3156 2992 3225 agit
3020 3156 3290 3228 piissimus
3318 3162 3532 3226 pastor;
3568 3170 3809 3225 eumque
3833 3155 3901 3210 ad

599 3230 824 3288 debatur
847 3235 1021 3303 jussio
1048 3236 1292 3295 Mauricii
1326 3242 1588 3309 Augusti,
1618 3262 1714 3314 pro
1750 3248 2197 3304 schismaticorum
2223 3258 2271 3321 ο
2304 3250 2762 3320 perseverantiam
2803 3258 2859 3305 et
2892 3251 2961 3305 ad
2998 3250 3394 3321 protectienem
3423 3266 3455 3305 a
3489 3249 3787 3308 schismate
3817 3265 3901 3305 re-

599 3321 900 3393 defensione
922 3328 991 3379 ad
1011 3329 1179 3398 ipsum
1211 3335 1551 3399 transmissa;
1581 3335 1675 3390 sed
1697 3351 1817 3391 eam
1841 3339 1913 3393 ita
1937 3340 2202 3411 interpre-

599 3419 741 3504 tatur
772 3415 1064 3485 Gregorius
1097 3436 1121 3483 λ
1146 3418 1297 3483 Quod
1328 3433 1499 3478 autem
1523 3427 1791 3497 exemplar
1803 3428 2060 3498 jussionis
2088 3448 2201 3504 quia

600 3501 667 3555 ad
696 3520 783 3557 vos
818 3522 913 3575 pro
946 3509 1388 3566 schismaticorum
1419 3513 1721 3587 defensione
1751 3523 2062 3576 transmissa
2100 3501 2198 3592 est,

599 3591 721 3647 milii
748 3596 953 3651 ostendi
973 3598 1228 3669 voluistis,
1259 3620 1479 3673 pensare
1508 3607 1729 3664 sollicite
1753 3611 2051 3669 dulcissima
2074 3591 2202 3671 mihi

599 3694 762 3780 vestra
803 3688 1110 3745 excellentia
1153 3692 1329 3749 debuit
1370 3712 1389 3751 :
1436 3700 1557 3770 quia
1605 3705 1834 3771 quamvis
1874 3706 2045 3775 jussio
2081 3710 2199 3780 ipsa

598 3774 841 3850 subrepta
874 3790 980 3849 est,
1015 3800 1119 3839 non
1149 3794 1323 3841 tamen
1352 3789 1407 3843 in
1435 3807 1499 3845 ea
1526 3792 1667 3848 vobis
1696 3774 2010 3867 prwceptum
2036 3774 2113 3855 est
2140 3810 2199 3854 ut

597 3871 851 3926 uenientes
874 3873 945 3927 ad
965 3878 1212 3932 unitatem
1238 3877 1492 3938 Ecclesia:
1514 3885 1797 3956 repellatis,
1830 3890 1924 3943 sed
1946 3900 2001 3943 ut
2026 3894 2197 3948 venire

596 3962 823 4018 uolentes
845 3965 940 4019 hoc
970 3968 1166 4027 incerto
1191 3982 1416 4045 tempore
1438 3978 1650 4032 minime
1670 3984 2011 4050 compellatis.
2045 3984 2196 4042 Unde

594 4070 794 4109 necesse
823 4069 900 4112 est
924 4069 980 4113 ut
1009 4061 1117 4116 [uec
1143 4064 1259 4133 ipsa
1288 4068 1536 4137 piissimis
1566 4071 1962 4141 imperatoribus
1994 4079 2191 4133 nostris

598 4160 887 4218 suggerere
907 4152 1094 4219 festiue
1123 4154 1350 4210 debeatis
1380 4174 1398 4211 :
1430 4168 1680 4230 quatenus
1710 4174 2023 4233 cognoscant
2057 4168 2195 4235 quod

597 4254 776 4291 eorum
820 4245 1129 4310 temporibus
1179 4247 1496 4304 schismatici
1536 4268 1651 4306 cum
1684 4257 2050 4326 omnipotentis
2092 4258 2193 4315 Dei

596 4327 783 4421 solatio
825 4339 874 4383 et
916 4330 1091 4386 labore
1130 4346 1324 4402 vestro,
1374 4356 1471 4393 sua
1506 4352 1688 4411 sponte
1729 4351 1911 4401 reverti
1942 4351 2181 4421 festinant

595 4420 611 4487 ί
621 4415 735 4472 Lib.
767 4436 840 4486 1x,
876 4438 958 4491 ep.
989 4421 1065 4494 9).
1091 4424 1149 4480 ln
1176 4428 1369 4483 eadem
1396 4432 1463 4486 ad
1487 4436 1777 4491 exarchum
1800 4415 2029 4509 epistola
2059 4460 2193 4499 con-

594 4514 856 4607 queritun
877 4516 933 4571 S.
981 4516 1301 4589 Gregorius,
1334 4531 1446 4580 tum
1483 4526 1551 4580 de
1592 4529 1796 4600 majore
1826 4534 1944 4603 ejus
1973 4536 2186 4607 demus,

2306 3340 2596 3397 deuntibus
2623 3341 3037 3413 impendendam
3065 3341 3402 3397 adhortatur.

2380 3434 2430 3490 5.
2463 3437 2565 3503 Qui
2585 3451 2651 3492 ex
2678 3436 3032 3492 schismaticis
3058 3436 3159 3491 illis
3180 3436 3247 3490 ad
3272 3436 3413 3492 ovile
3438 3436 3642 3492 reversi
3664 3435 3897 3500 fuerant,

2306 3528 2369 3582 de
2406 3530 2662 3598 pravitate
2700 3530 3055 3599 episcoporum
3102 3527 3315 3584 Histria:
3351 3529 3517 3584 multa
3554 3530 3851 3584 narrabant
3882 3548 3897 3585 :

2303 3634 2423 3688 qua:
2460 3627 2517 3672 ut
2544 3617 2801 3675 Mauricio
2829 3620 3141 3690 imperatori
3171 3619 3565 3690 signiﬁcarent,
3599 3620 3900 3675 medelam-

2302 3724 2410 3779 que
2439 3709 2774 3780 ﬂagitarent,
2809 3710 3334 3781 Constantinopolim
3356 3726 3416 3767 se
3436 3710 3816 3774 contulerunt,
3847 3718 3899 3765 et

2302 3801 2573 3869 Anatolio,
2616 3802 2760 3857 sedis
2789 3803 3101 3872 apostolica:
3130 3798 3337 3872 legato,
3371 3801 3741 3859 commendari
3774 3817 3899 3872 pes-

2302 3899 2559 3953 tularunt.
2582 3896 2640 3953 Id
2658 3913 2778 3953 cum
2793 3897 2894 3952 illis
2913 3896 3179 3966 denegare
3196 3912 3303 3952 non
3326 3904 3509 3967 posset
3524 3896 3899 3953 sanctissimus

2302 3987 2570 4057 Pontifex,
2599 3989 2815 4058 scripsit
2837 3988 3087 4043 Anatolio
3110 3996 3170 4043 ut
3198 3989 3299 4057 eis,
3332 3988 3475 4043 salva
3506 3990 3726 4055 ratione,
3762 4002 3896 4058 pra:-

2298 4080 2455 4136 beret
2486 4080 2761 4135 auxilium.
2795 4078 2910 4134 Non
2934 4080 3215 4136 dubitabat
3234 4081 3379 4135 enim
3400 4081 3529 4152 quin
3556 4080 3821 4137 haereticis
3841 4090 3897 4135 et

2297 4172 2685 4238 schismaticis,
2736 4171 2880 4226 haud
2918 4187 3074 4228 secus
3105 4188 3169 4228 ac
3214 4173 3452 4241 caeteris,
3493 4187 3708 4243 aequum
3738 4171 3895 4229 reddi

2295 4266 2521 4322 deberet
2547 4266 2686 4338 (Lib.
2720 4284 2796 4336 1x,
2829 4285 2912 4339 ep.
2943 4267 3056 4339 66).

2371 4360 2423 4414 6.
2474 4358 2589 4416 lloc
2615 4376 2745 4417 sane
2774 4363 2992 4433 proprio
3021 4362 3270 4433 probavit
3304 4362 3582 4433 exemplo,
3632 4375 3761 4431 erga
3791 4361 3895 4417 Co-

2298 4454 2500 4508 mensis
2529 4452 2787 4510 Ecclesize
2820 4454 3079 4522 clericos,
3125 4456 3218 4525 qui
3256 4455 3323 4510 ab
3361 4452 3602 4511 Ecclesia
3644 4453 3891 4511 Romana

2294 4554 2665 4616 secesserant,
2717 4555 2777 4601 ut
2824 4544 3179 4602 Histricorum
3229 4548 3462 4603 schisma
3507 4555 3887 4618 sequerentur.

592 4612 701 4713 iam
730 4606 798 4713 ille
827 4604 1039 4713 δυειίιξο
1069 4613 1219 4713 cuius
1251 4616 1477 4713 cgnsilio
1506 4619 1784 4689 utebatur;
1816 4626 1908 4694 qui
1931 4627 2184 4684 nimirum
2213 4652 2268 4713 ι)
2292 4604 2671 4705 Constantius,
2726 4638 3141 4695 Mediolanensis
3182 4604 3651 4710 archiepiscopus,
3710 4640 3891 4695 studio

593 4709 697 4786 non
723 4698 951 4755 obscure
982 4701 1249 4761 liazretieis
1273 4707 1524 4769 favebant
1548 4723 1709 4786 atque
1733 4718 2107 4777 schismaticis.

661 4785 984 4882 Quia‘hujus
1027 4796 1214 4852 insula:
1244 4802 1564 4876 episcopus,
1609 4819 1893 4881 postquam
1925 4815 2185 4882 petitione

593 4876 770 4978 oblata
798 4877 1061 4978 Callinico
1090 4892 1393 4958 postularat
1421 4906 1482 4951 ut
1501 4876 1765 4958 sibi—cum-
1803 4876 1948 4960 omni
1979 4909 2182 4978 popqu

593 4969 659 5023 ad
684 4972 941 5029 unitatem
967 4975 1216 5039 Ecclesiae
1245 4991 1443 5047 reverti
1473 4992 1687 5063 liceret,
1719 5008 1957 5055 mentem
1980 4969 2184 5061 deinde

592 5072 891 5165 armaverat
924 5079 981 5125 et
1022 5088 1080 5128 se
1109 5075 1174 5130 ad
1201 5080 1575 5143 schismatices
1610 5089 1807 5147 iterum
1851 5097 2178 5165 contulerat,

590 5150 791 5257 placuit
841 5174 994 5257 papae
1042 5172 1101 5218 ut
1148 5166 1495 5245 Marinianus,
1546 5177 1831 5238 Ravennas
1873 5150 2179 5257 episcopus:

588 5239 893 5343 Capritanae
914 5250 1166 5313 Ecclesia:
1187 5262 1462 5324 ordinaret
1482 5271 1818 5343 episcopum,
1840 5239 1929 5343 qui
1948 5278 2014 5331 ad
2028 5239 2181 5335 sitan;

586 5340 1298 5443 metropoli-mnpertineret,
1348 5340 1529 5418 donec
1570 5340 1809 5423 Histrici
1836 5340 2072 5443 episcopi
2112 5375 2181 5432 ad

587 5424 747 5531 ﬁdem
772 5435 1091 5534 catholicam
1122 5447 1437 5519 rediissem,
1466 5470 1695 5524 quorum
1725 5424 1933 5519 scilicet
1961 5424 2181 5534 prbvin-

586 5525 1059 5628 c‘it‘entribuebatur
1095 5534 1266 5595 insula
1295 5542 1585 5614 Capritana
1635 5549 1783 5619 (Lib.
1816 5570 1869 5609 ιχ
1890 5601 1902 5623 ,
1948 5525 2031 5628 ep.
2063 5558 2173 5621 10).

587 5608 1127 5715 liihiletamenminus
1165 5642 1291 5688 ante
1332 5640 1457 5693 novi
1497 5642 1734 5715 episcopi
1782 5608 2174 5708 erdinatrienein

584 5712 757 5762 Visum
780 5722 862 5766 est
887 5717 1287 5785 sapientissime
1314 5725 1577 5800 Pontlﬂci,
1610 5712 1997 5798 utinitteretur
2024 5746 2175 5814 prius

2290 4732 2614 4788 sacerdotali
2656 4746 2751 4787 eos
2791 4741 3076 4788 monuerat
3114 4741 3171 4787 ut
3213 4733 3281 4787 ad
3326 4732 3584 4789 Ecclesiae
3623 4733 3888 4788 unitatem

2289 4824 2552 4879 redirent.
2591 4823 2660 4877 At
2689 4822 2765 4877 illi
2794 4823 3190 4893 responderunt
3227 4838 3286 4879 se
3328 4840 3359 4879 a
3407 4823 3589 4879 multis
3635 4823 3890 4893 injuriam

2291 4928 2514 4983 passes,
2543 4921 2598 4968 et
2622 4915 2920 4983 praesertim
2947 4914 3015 4969 ab
3044 4912 3285 4969 Ecclesia
3316 4914 3561 4970 Romana
3579 4956 3596 4981 ,
3627 4930 3749 4984 qua:
3778 4929 3890 4969 sua:

2288 5002 2547 5061 Ecclesia:
2582 5005 2839 5075 praedium
2867 5005 3135 5075 quoddam
3167 5016 3482 5077 usurparat,
3512 5006 3695 5077 potius
3723 5006 3891 5078 285

2288 5098 2392 5153 hac
2419 5098 2597 5168 iniqua
2628 5115 2848 5169 prorsus
2881 5101 3070 5169 agendi
3099 5100 3312 5155 ratione
3339 5116 3371 5156 a
3400 5102 3767 5158 Romanorum
3796 5117 3887 5158 so-

2290 5190 2487 5245 cietate
2508 5191 2718 5261 repelli,
2742 5207 2904 5262 quam
2925 5193 3188 5247 charitate
3211 5193 3373 5249 allici.
3397 5192 3526 5250 Haec
3545 5204 3605 5249 ut
3624 5196 3837 5266 accepit
3852 5210 3887 5251 ι

2290 5281 2608 5339 Constantio
2636 5283 2953 5353 Gregorius,
2984 5287 3261 5357 respondit
3289 5289 3690 5358 possessionem
3720 5304 3886 5359 quam

2288 5378 2391 5435 sibi
2420 5379 2654 5434 ablatam
2685 5380 2979 5436 Comenses
3020 5382 3382 5439 causabantur
3420 5392 3611 5438 contra
3658 5381 3887 5439 rationis

2289 5472 2535 5530 ordinem
2566 5473 2706 5528 ultra
2734 5473 2961 5529 detineri
3007 5490 3066 5530 se
3105 5476 3324 5530 minime
3359 5493 3675 5546 passurum,
3720 5493 3765 5531 sn
3804 5491 3885 5532 eis

2284 5566 2407 5633 jure
2445 5572 2804 5635 competeret,
2856 5568 3102 5636 quamvis
3130 5568 3196 5622 ad
3240 5569 3676 5624 communionem
3706 5569 3883 5625 redire

2286 5654 2593 5723 diﬂerrent,
2626 5657 2749 5722 sed,
2782 5658 2998 5725 cognita
3027 5660 3286 5727 veritate,
3338 5661 3550 5715 restitui
3577 5660 3877 5730 jussurum.

2287 5744 2459 5803 Porro
2487 5749 2534 5802 si
2548 5749 2617 5802 ad
2632 5752 2881 5805 unitatem
2894 5750 3143 5806 Ecclesia:
3166 5769 3219 5807 se
3240 5754 3604 5821 converterint,
3621 5751 3883 5824 praedium

658 5847 689 5880 ι
711 5841 773 5902 ln
808 5846 1000 5909 intimo
1044 5868 1263 5917 recessu
1303 5866 1467 5925 maris
1494 5866 1781 5944 Adriatici,
1822 5890 1933 5937 non
1960 5877 2125 5949 longe
2152 5894 2191 5943 a
2215 5879 2399 5947 littere
2423 5883 2713 5954 provincia:
2734 5884 3121 5959 Forojuliensis
