4130 6448
228 402 342 462 ᾹᾸἾ

703 397 766 456 s.
804 392 1134 453 GREGORII
1171 393 1389 453 MAGNI
1426 375 1747 467 Virilis}:
1785 346 1954 458 Eius
1991 394 2303 459 SCRIPTIS
2341 387 2740 463 ADORNATA.
2780 404 2913 463 LIB.
2954 389 3058 463 1v.

3407 413 3474 471 41
3484 415 3519 470 8

226 517 298 573 de
323 529 432 587 quo
454 519 573 570 erat
597 511 992 579 controversia,
1020 510 1266 581 quamvis
1288 510 1392 567 illis
1412 527 1523 567 non
1550 519 1825 584 compete—
1849 517 1906 578 Α
1932 513 2064 571 inde
2091 516 2303 573 discant
2350 519 2569 575 nimiam
2598 523 2665 577 de
2694 537 2792 578 suo
2818 531 2965 580 statu
3002 530 3345 581 securitatem
3390 525 3530 601 abji-

226 616 335 675 ret,
365 608 597 662 libenter
622 618 1025 660 concessurum.

300 700 353 754 7.
394 697 797 762 Schismaticis,
848 696 927 751 uti
952 694 1063 764 jam
1094 693 1348 763 diximus,
1392 709 1668 751 accensert
1714 710 1823 751 non

226 792 430 848 debere
458 787 825 844 Secundinum
854 787 1178 841 monachum
1210 786 1301 857 qui
1330 794 1508 842 tamen
1538 785 1700 839 trium
1731 799 1823 840 ca-

223 884 523 956 pitulorum
550 878 883 936 damnationi
915 894 1023 933 non
1053 885 1424 943 consenserat,
1472 876 1557 931 vel
1584 890 1651 931 ex
1682 876 1821 946 epis-

225 976 335 1031 tola
388 975 491 1028 hoc
538 986 681 1026 anno
728 970 795 1024 ad
843 970 1017 1039 ipsum
1066 969 1267 1038 scripta
1315 970 1447 1023 satis
1486 968 1819 1037 intelligitur.

222 1068 367 1138 (Lib.
400 1084 453 1121 ix
478 1107 493 1133 ,
525 1083 608 1135 ep.
641 1062 752 1133 52).
786 1062 975 1131 Magna
1000 1072 1115 1117 erat
1142 1060 1433 1116 Secundini
1461 1062 1601 1116 fama
1627 1102 1641 1127 ,
1684 1076 1821 1132 prte-

219 1160 409 1216 sertim
437 1158 491 1212 in
522 1157 644 1212 aula
672 1156 815 1227 regis
842 1154 1324 1225 Langobardorum
1349 1198 1364 1223 ,
1397 1163 1452 1210 et
1481 1156 1621 1225 apud
1651 1154 1823 1211 Theo-

218 1250 496 1306 delindam
540 1264 748 1304 summa
778 1248 1070 1303 auctoritas
1094 1289 1110 1315 ,
1142 1248 1210 1302 ob
1261 1248 1426 1317 ipsius
1462 1248 1821 1304 eruditionem

218 1355 283 1401 et
325 1344 690 1401 sanctitatem.
713 1340 869 1397 Unde
909 1341 1081 1396 voluit
1115 1341 1302 1410 regina
1343 1349 1404 1395 ut
1448 1339 1615 1396 ﬁlium
1663 1358 1818 1397 suum

217 1437 575 1493 Adaloaldum
607 1451 637 1490 e
680 1433 827 1490 fonte
865 1449 1020 1490 sacro
1049 1435 1385 1504 susciperet,
1419 1432 1586 1490 Paulo
1634 1449 1819 1490 rerum

216 1528 750 1598 Langobardicarum
779 1526 1043 1595 scriptore
1072 1533 1206 1580 teste
1250 1525 1415 1597 (Hist.
1452 1524 1621 1597 Lang.
1654 1525 1690 1579 l.
1733 1542 1815 1593 1v,

215 1637 272 1675 c.
305 1619 415 1689 26),
443 1618 584 1689 apud
613 1634 771 1688 quem
798 1625 1026 1672 vocatur
1052 1629 1077 1655 ιι
1106 1616 1393 1683 Secundus,
1428 1634 1601 1673 servus
1626 1617 1820 1673 Christi

214 1716 291 1771 de
312 1715 572 1769 Tridento.
598 1712 655 1767 In
677 1712 1029 1783 inscriptione
1061 1712 1303 1782 epistola:
1327 1711 1523 1768 dicitur
1544 1712 1813 1779 inclusus;

220 1816 285 1862 et
311 1821 379 1862 ex
407 1805 650 1875 epistola:
676 1805 817 1861 serie
843 1803 932 1858 ubi
973 1803 1342 1858 monomachus
1388 1803 1716 1873 appellatur,
1745 1804 1814 1858 ob

1925 621 2069 675 cere,
2119 619 2175 665 et
2222 624 2291 666 ex
2337 625 2401 667 ea
2432 614 2578 668 nasci
2628 615 2844 670 solitam
2888 616 3194 672 socordiam
3244 629 3523 691 excutere,

1922 703 2227 774 majorique
2276 714 2467 761 contra
2518 702 2750 765 latentes
2787 709 2957 766 hostis
3003 711 3227 769 insidias
3257 714 3527 772 excubare

1923 789 2224 859 vigilantia.

1994 882 2048 937 9.
2090 884 2160 938 At
2204 884 2258 939 in
2292 884 2398 941 ﬁne
2426 886 2653 943 laudata:
2694 890 2936 961 epistolae
2982 896 3220 951 occurrit
3265 896 3417 954 locus
3443 895 3511 954 de

1921 978 2263 1050 imaginibus,
2315 983 2469 1053 cujus
2515 985 2800 1042 occasione
2828 989 2960 1058 quid
3009 992 3243 1048 senserit
3269 993 3324 1047 S.
3372 990 3501 1049 Gre-

1923 1071 2108 1140 gorius
2136 1072 2203 1127 de
2231 1088 2505 1131 sacrarum
2534 1076 2829 1147 imaginum
2855 1095 2953 1135 usu
2980 1090 3035 1136 et
3062 1083 3210 1138 cultu
3240 1084 3519 1153 inquiren-

1922 1162 2050 1239 dum
2101 1172 2157 1220 et
2196 1166 2611 1235 expendendum
2660 1185 2965 1227 censemus.
3027 1172 3332 1231 Postularat
3394 1179 3516 1249 pius

1921 1255 2219 1313 monachus
2248 1273 2278 1313 a
2320 1260 2576 1329 pontiﬁce
2604 1270 2818 1319 sanctas
2865 1262 3144 1333 imagines,
3178 1267 3266 1321 cui
3309 1284 3519 1326 morem

1920 1358 2115 1415 gerens
2148 1350 2295 1405 misit
2326 1353 2582 1407 surtarias
2605 1353 2734 1408 duas
2763 1354 3045 1427 imaginem
3074 1354 3174 1410 Dei
3204 1356 3513 1426 Saluatoris,

1921 1449 1971 1494 et
1993 1450 2189 1498 sancta:
2210 1442 2309 1498 Dei
2331 1447 2598 1516 genitricis
2625 1447 2676 1499 Μ
2686 1448 2836 1516 urite,
2860 1448 3227 1522 beatorumque
3252 1453 3520 1519 apostolo-

1920 1548 2035 1586 rum
2064 1534 2209 1587 Petri
2251 1543 2300 1589 et
2337 1535 2494 1590 Pauli
2523 1540 2866 1592 continentes.
2917 1538 3323 1596 Praemonuerat
3352 1542 3517 1598 disci-

1921 1624 2105 1695 pulum
2140 1625 2207 1680 de
2237 1642 2337 1680 usu
2368 1626 2658 1697 imaginum
2690 1628 2772 1684 his
2800 1629 2979 1684 verbis
3005 1647 3017 1685 :
3062 1630 3229 1685 Valde
3257 1631 3404 1686 nobis
3436 1641 3524 1686 tua

1919 1718 2199 1788 postulatio
2227 1722 2466 1791 placuit:
2512 1725 2633 1793 quia
2680 1724 2829 1777 illum
2860 1733 2964 1780 toto
2993 1727 3171 1796 corde,
3216 1735 3324 1783 tota
3351 1729 3523 1783 inten-

1921 1808 2057 1861 tione
2086 1812 2272 1881 qnazris
2291 1849 2306 1874 ,
2340 1811 2485 1882 cujus
2526 1812 2804 1884 imaginem
2843 1831 2954 1885 pra:
2982 1816 3142 1870 oculis
3173 1816 3359 1872 habere
3385 1819 3522 1873 desi-

209 1900 518 1956 solitariam
536 1913 697 1967 quam
725 1896 939 1952 colebat
966 1896 1341 1964 vitam,liquet
1369 1896 1542 1965 ipsum
1570 1910 1675 1949 non
1707 1910 1818 1950 coe-
1849 1900 1896 1959 B
1924 1900 2098 1967 deras,
2130 1913 2184 1955 ut
2214 1912 2262 1958 te
2301 1905 2428 1958 visio
2470 1906 2757 1974 corporalis
2787 1907 3090 1979 quotidiana
3117 1909 3302 1962 reddat
3329 1912 3522 1964 excrci-

208 1993 457 2048 nobitam
484 2033 497 2057 ,
543 1992 638 2045 sed
668 1990 948 2045 cremitam
974 1996 1027 2043 et
1044 1979 1438 2042 'anachoretam
1468 1987 1652 2041 fuisse.
1685 1985 1810 2055 Ejus

207 2094 403 2141 autem
434 2084 751 2139 reclusionis
777 2082 1038 2138 districtio
1062 2089 1210 2135 tanta
1238 2096 1343 2137 non
1367 2089 1503 2145 erat,
1534 2088 1592 2135 ut
1618 2096 1648 2135 c
1675 2080 1809 2136 cella

204 2177 402 2247 egredi
446 2192 550 2231 non
582 2176 786 2242 liceret,
818 2183 911 2229 aut
939 2176 1103 2229 etiam
1132 2174 1198 2229 de
1225 2174 1554 2244 gravissimis
1582 2174 1811 2242 negotiis

208 2276 471 2323 tractare.
522 2265 735 2322 Profert
781 2266 1121 2321 Mabillonius
1183 2266 1489 2335 exemplum
1537 2264 1808 2335 Sigobcrti

208 2360 415 2417 reclusi
456 2359 597 2431 apud
627 2359 683 2414 S.
727 2357 1071 2429 Dionysium,
1102 2358 1156 2411 in
1210 2371 1340 2425 agro
1391 2357 1674 2424 Parisiaco,
1718 2358 1809 2426 qui

208 2467 341 2508 cum
367 2450 645 2515 Grimone,
662 2449 856 2504 abbate
877 2448 1189 2503 Corbeiensn
1205 2449 1270 2503 ad
1286 2448 1601 2516 Gregorium
1616 2464 1809 2519 papam

208 2558 286 2597 eo
316 2542 533 2597 nomine
560 2549 827 2609 quartum,
859 2556 889 2593 a
931 2539 1148 2605 Carolo,
1182 2539 1511 2596 Francorum
1543 2541 1807 2611 principe,

210 2636 417 2690 missus
456 2641 539 2689 est
583 2634 743 2703 (Ann.
778 2632 991 2698 Bened.,
1015 2651 1137 2705 pag.
1166 2632 1313 2702 252).
1346 2632 1478 2688 Cum
1504 2633 1678 2688 adhuc
1703 2634 1811 2689 ha:-

211 2735 368 2782 reret
402 2726 489 2797 pia
527 2726 733 2794 regina,
785 2733 840 2781 et
884 2725 1076 2780 adduci
1121 2742 1226 2781 non
1257 2726 1519 2796 potuisset
1565 2726 1811 2797 Gregorii

212 2815 681 2870 adhortationibus
721 2821 815 2868 aut
858 2815 1107 2884 precibus
1152 2825 1211 2869 ut
1250 2815 1409 2869 trium
1451 2816 1810 2886 capitulorum

214 2908 622 2963 damnationem
663 2908 1081 2978 amplecteretur
1100 2950 1115 2976 ,
1144 2908 1481 2963 Secundinus
1509 2951 1522 2975 ,
1566 2909 1657 2978 qui
1687 2925 1811 2965 clm

214 3000 340 3070 ipsa
370 3001 511 3055 idem
540 3001 823 3067 sentiebat,
860 3001 1099 3056 libellum
1126 3002 1341 3071 scripsit
1369 3017 1477 3071 quo
1508 3018 1659 3056 suam
1692 3013 1808 3057 tue-

215 3090 385 3145 batur
413 3091 750 3156 sententiam,
782 3092 1099 3161 rogavitque
1140 3090 1458 3161 Gregorium
1490 3092 1814 3148 Theodelin-

217 3182 311 3247 da,
341 3189 400 3236 ut
426 3182 494 3237 ad
521 3182 727 3251 singula
757 3182 924 3238 libelli
953 3183 1020 3237 ad
1047 3198 1107 3237 se
1136 3199 1165 3237 a
1195 3183 1505 3239 Secundino
1535 3183 1684 3238 missi
1708 3198 1811 3239 res-

218 3277 486 3349 ponderet
529 3287 864 3346 argumenta.
897 3276 1226 3347 Deprecatus
1257 3286 1341 3334 est
1386 3278 1527 3334 hunc
1572 3279 1812 3339 laborem

218 3364 513 3436 Gregorius
554 3368 623 3423 ob
666 3369 916 3438 podagrae
957 3368 1174 3424 dolores
1198 3370 1289 3438 qui
1320 3385 1442 3425 eum
1488 3369 1817 3426 decumbere

226 3459 513 3528 cogebant,
530 3460 670 3514 etab
696 3460 841 3514 omni
873 3460 1243 3515 lucubratione
1270 3461 1473 3515 feriari.
1502 3460 1609 3515 Sed
1634 3463 1677 3516 si
1705 3478 1817 3516 om-

220 3548 485 3619 nipotente
523 3548 632 3604 Deo
696 3550 1043 3621 disponente,
1104 3554 1441 3618 convaluero,
1494 3552 1696 3622 inquit,
1745 3554 1816 3608 ad

218 3650 405 3693 cuncta
462 3658 577 3711 qua:
640 3642 765 3695 mihi
814 3643 1023 3713 scripsit
1074 3643 1509 3714 (Secundinus)
1561 3645 1815 3700 subtiliter

218 3731 540 3801 respondebo
589 3732 729 3803 (Lib.
778 3750 907 3801 xw,
945 3752 1028 3804 ep.
1063 3734 1173 3805 12).
1225 3734 1285 3789 Id
1336 3744 1513 3789 tamen
1558 3746 1815 3805 praestare

217 3824 560 3879 sanctissimo
592 3824 807 3879 Doctori
847 3840 1122 3880 nunquam
1166 3827 1320 3881 licuit
1344 3829 1413 3882 ob
1456 3828 1699 3883 assiduas
1729 3829 1813 3883 in-

218 3915 525 3970 ﬁrmitates.

289 4006 342 4061 8.
376 4006 475 4061 Diu
495 4014 621 4062 ante
646 4007 881 4063 libellum
905 4008 1069 4077 hunc,
1100 4010 1153 4065 in
1175 4024 1283 4079 quo
1312 4010 1378 4064 de
1408 4008 1513 4065 ﬁde
1543 4010 1813 4081 rebusque

215 4096 600 4154 ecclesiasticis
628 4098 940 4169 disputabat
966 4100 1087 4170 pius
1115 4100 1205 4156 ille
1231 4101 1546 4166 monachus,
1580 4102 1811 4172 scripse-

213 4198 304 4246 rat
330 4191 395 4245 ad
443 4192 501 4246 S.
549 4190 887 4260 Gregorium,
922 4192 991 4247 ab
1033 4193 1149 4262 ipso
1180 4193 1457 4264 postulans
1504 4194 1724 4261 erudiri,
1756 4202 1813 4251 et

214 4295 406 4343 contra
455 4288 623 4343 hostis
676 4288 894 4344 insidias
923 4288 1039 4357 ejus
1084 4289 1301 4344 monitis
1330 4288 1547 4343 muniri.
1599 4288 1714 4357 Qua
1754 4290 1809 4346 in

111 4362 117 4367 ’
216 4380 446 4449 epistola
492 4380 681 4435 humili
729 4388 1019 4450 aperuerat
1068 4381 1427 4446 confessione,
1476 4395 1535 4435 se
1564 4382 1808 4450 quamvis

1917 2001 2119 2046 latum:
2166 2003 2222 2046 ut
2252 1995 2373 2048 dum
2415 1998 2671 2066 picturam
2706 1998 2847 2051 illius
2872 1999 3032 2063 vides,
3067 1999 3137 2053 ad
3166 2000 3313 2054 illum
3342 2003 3518 2055 animo

1914 2084 2233 2151 inardescas,
2282 2085 2427 2156 cujus
2486 2088 2762 2158 imaginem
2810 2087 2978 2143 videre
3007 2089 3293 2143 desideras.
3337 2089 3401 2143 Et
3433 2091 3519 2144 in-

1913 2172 2022 2229 fra:
2057 2175 2181 2231 Scio
2222 2178 2424 2249 quidem
2474 2178 2611 2249 quod
2665 2178 2947 2249 imaginem
2999 2178 3296 2234 Saluatoris
3351 2182 3518 2236 nostri

1912 2282 2015 2320 non
2068 2267 2182 2321 ideo
2233 2269 2386 2337 petis,
2443 2280 2499 2323 ut
2528 2271 2675 2341 quasi
2724 2270 2891 2324 Deum
2917 2271 3081 2336 colas,
3112 2272 3203 2325 sed
3244 2274 3306 2326 ob
3336 2290 3510 2328 recor-

1914 2354 2172 2428 dationem
2227 2358 2328 2426 ﬁlii
2376 2357 2474 2412 Dei
2520 2362 2573 2414 in
2598 2360 2725 2430 [ejus
2776 2377 2954 2415 amore
2992 2364 3322 2430 recalescas,
3370 2365 3517 2435 cujus

1914 2458 1961 2502 te
2000 2450 2276 2521 imaginem
2329 2452 2499 2506 videre
2554 2453 2841 2508 desideras.
2904 2453 2976 2508 Et
3024 2472 3119 2510 nos
3158 2458 3366 2527 quidem
3413 2474 3519 2513 non

1912 2540 2059 2610 quasi
2099 2551 2219 2595 ante
2271 2542 2589 2597 divinitatem
2633 2553 2754 2599 ante
2800 2544 2949 2598 illam
2986 2549 3378 2616 prosternimur,
3425 2549 3518 2603 sed

1910 2631 2058 2684 illum
2104 2633 2389 2688 adoramus
2418 2651 2566 2705 quem
2611 2652 2701 2705 per
2738 2637 3019 2707 imaginem
3066 2647 3157 2691 aut
3184 2648 3385 2701 natum,
3427 2646 3516 2692 aut

1912 2740 2139 2793 passum,
2165 2726 2257 2778 sed
2276 2729 2401 2779 etin
2424 2727 2607 2780 throno
2626 2727 2888 2781 sedentem
2910 2728 3265 2783 recordamur.
3290 2728 3362 2782 Et
3391 2730 3514 2783 dum

1913 2814 2060 2867 nobis
2088 2816 2203 2883 ipsa
2225 2817 2430 2886 pictura
2452 2818 2602 2888 quasi
2626 2816 2885 2885 scriptura
2901 2818 2969 2871 ad
2991 2819 3296 2872 memoriam
3317 2816 3517 2873 Filium

1911 2905 2011 2961 Dei
2030 2908 2245 2973 reducit,
2279 2911 2509 2963 animum
2538 2918 2772 2964 nostrum
2794 2918 2883 2963 aut
2912 2910 2976 2964 de
2999 2913 3381 2966 resurrectione
3411 2912 3511 2966 lw-

1915 3000 2102 3071 tiﬁcat,
2126 3009 2217 3054 aut
2237 3002 2301 3056 de
2326 3004 2570 3073 passione
2595 3002 2866 3057 demulcet.
2901 3001 2997 3057 Hic
3016 3002 3279 3058 habemus
3300 3018 3515 3059 onmem
3557 3001 3567 3011 ’

1914 3092 1981 3146 de
2027 3108 2126 3146 usu
2154 3093 2407 3163 cultuque
2437 3093 2728 3162 imaginum
2767 3091 3024 3148 Ecclesiae
3070 3093 3353 3149 catholicae
3382 3094 3512 3149 doc-

1915 3181 2111 3236 trinam
2142 3199 2156 3249 ;
2187 3191 2242 3236 et
2268 3184 2440 3253 ipsam
2468 3190 2594 3237 ante
2620 3182 2739 3237 illas
2766 3182 3206 3253 prostrationem.
3231 3181 3419 3252 Neque
3445 3182 3515 3238 de

1842 3287 1887 3349 ρ
1919 3271 2023 3325 hac
2068 3283 2221 3341 parte
2253 3273 2482 3327 laudata:
2529 3273 2775 3343 epistolae
2831 3272 3062 3343 amplius
3091 3271 3471 3341 disputandum
3494 3312 3512 3341 ,

1920 3372 2205 3433 postquam
2224 3378 2344 3418 eam
2359 3361 2620 3432 Gregorio
2644 3362 2843 3419 nostris
2863 3363 2919 3417 in
2940 3362 3084 3419 notis
3102 3361 3510 3419 vindicavimus.

1920 3452 2190 3511 Prmterea
2219 3456 2362 3511 idem
2391 3455 2552 3511 docet
2573 3454 2946 3512 sanctissimus
2966 3453 3129 3510 Pater
3148 3455 3269 3511 aliis
3297 3456 3353 3510 in
3380 3455 3515 3513 locis

1918 3548 2250 3604 indubitatis.
2298 3549 2358 3603 ln
2401 3550 2630 3620 epistola
2677 3548 2747 3603 ad
2792 3548 3105 3604 Januarium
3150 3550 3313 3620 paulo
3353 3558 3515 3607 antea

1918 3641 2209 3711 scripserat
2251 3650 2368 3695 uta
2410 3656 2684 3712 synagoga
2712 3640 3020 3697 Iudaeorum
3063 3656 3193 3697 crux
3235 3647 3292 3696 et
3335 3641 3513 3712 imago

1918 3730 2015 3786 Del
2043 3732 2335 3800 genitricis,
2382 3749 2498 3785 cum
2527 3750 2587 3786 ea
2610 3750 2711 3802 qua
2734 3732 2950 3802 dignum
2971 3740 3047 3787 est
3066 3733 3397 3787 veneratione
3417 3748 3512 3787 au-

1917 3821 2187 3877 ferrentur
2214 3822 2354 3893 (Lib.
2387 3840 2461 3890 ιι,
2490 3841 2573 3894 ep.
2600 3824 2695 3891 6).‘

2014 3914 2102 3969 iO.
2171 3914 2357 3986 Neque
2404 3931 2534 3971 vero
2580 3931 2699 3987 qua:
2758 3916 2919 3986 paulo
2982 3924 3106 3986 post
3165 3916 3380 3988 scripsit
3444 3917 3513 3973 ad

1915 4004 2196 4072 Serenum,
2264 4007 2575 4077 episcopum
2632 4007 3041 4075 Massiliensem,
3084 4009 3345 4079 imagines
3386 4009 3510 4079 qui-

1914 4096 2035 4151 dem
2064 4112 2174 4152 non
2204 4111 2325 4153 esse
2343 4094 2689 4167 frangendas,
2728 4107 2907 4154 autex
2946 4099 3187 4155 ecclesiis
3222 4097 3510 4169 projicien-

1919 4186 2036 4251 das,
2078 4188 2186 4243 imo
2246 4188 2426 4259 potius
2492 4189 2548 4243 in
2595 4190 2812 4260 templis
2855 4190 3171 4256 habendas,
3222 4198 3280 4244 ut
3329 4190 3383 4245 hi
3422 4191 3510 4263 qui

1913 4279 2109 4334 litteras
2138 4282 2393 4348 nesciunt,
2434 4282 2619 4336 saltem
2663 4282 2719 4335 in
2748 4281 3029 4352 parietibus
3073 4283 3293 4337 videndo
3333 4282 3511 4353 legant

1910 4387 2023 4442 quae
2049 4371 2217 4443 legere
2243 4373 2299 4426 in
2345 4372 2608 4427 codicibus
2636 4390 2741 4428 non
2783 4374 2997 4439 valent;
3030 4383 3087 4429 at
3124 4374 3347 4429 minime
3376 4373 3507 4428 ado-

213 4473 675 4542 quinquagenario
705 4473 997 4542 majorem,
1026 4474 1351 4543 juvenilibus
1395 4473 1568 4529 adhuc
1597 4473 1808 4529 deside-

1913 4462 2108 4518 randas
2135 4480 2150 4531 ;
2182 4450 2314 4529 inec,
2348 4462 2587 4533 inquam,
2633 4466 3037 4522 venerationem
3066 4465 3385 4535 imaginibus
3413 4463 3507 4518 de-

212 4564 311 4620 riis
342 4565 510 4619 teneri
541 4572 596 4619 et
624 4564 923 4633 subiacere.
956 4565 1335 4633 Molestissime
1365 4564 1419 4620 id
1450 4565 1711 4621 ferentem
1743 4581 1807 4621 ac

1913 4557 2074 4612 bitam
2106 4572 2212 4612 non
2242 4556 2441 4612 tollunt
2479 4566 2575 4612 aut
2614 4558 2949 4628 impugnant,
2981 4558 3077 4613 sed
3105 4558 3363 4611 damnant
3388 4556 3504 4611 ico-

210 4670 355 4727 pene
396 4656 573 4710 animo
617 4656 1035 4724 despondentem
1084 4656 1241 4725 erigit
1276 4655 1635 4726 peritissimus
1677 4656 1801 4710 vitm
1835 4684 1884 4743 θ
1910 4649 2169 4716 nolatras,
2204 4664 2299 4704 eos
2327 4649 2579 4705 videlicet
2607 4649 2699 4719 qui
2728 4651 3016 4721 imaginem
3047 4650 3194 4721 quasi
3224 4647 3390 4702 Deum
3418 4664 3506 4703 σου

208 4749 448 4806 celestis
474 4750 747 4818 magister,
781 4748 854 4803 illi
885 4749 1215 4818 respondens
1244 4750 1438 4805 mirum
1472 4765 1576 4805 non
1607 4762 1726 4803 esse
1755 4748 1802 4803 si

208 4838 443 4906 majores
482 4839 703 4893 insidias
741 4838 919 4893 callidi
960 4839 1131 4894 hostis
1170 4841 1425 4909 patiatur,
1475 4840 1565 4909 qui
1595 4837 1801 4907 majora

207 4937 399 4986 contra
427 4944 548 4983 eum
578 4929 715 4985 bella
758 4930 1112 4999 praeparavit:
1164 4929 1329 4985 Tanto
1369 4932 1554 5002 quippe
1580 4930 1667 4983 ille
1712 4930 1801 4984 de-

205 5021 458 5093 captionis
488 5023 755 5077 molimina
785 5022 1050 5075 ardentius
1091 5024 1335 5094 exquirit,
1382 5023 1574 5093 inquit,
1608 5030 1800 5094 quanto

208 5120 255 5164 te
281 5110 474 5164 cmlesti
500 5112 685 5181 patriar
714 5111 990 5181 ferventius
1020 5111 1223 5164 inhiare
1253 5114 1581 5181 cognoscit...
1614 5109 1678 5162 Et
1706 5128 1798 5165 nos

203 5202 409 5274 quidem
447 5203 534 5274 qui
561 5202 695 5257 inter
723 5204 953 5258 homines
992 5204 1205 5258 vivimus
1231 5245 1245 5271 ,
1276 5220 1411 5273 swpe
1440 5220 1531 5273 per
1571 5204 1798 5257 homines

203 5308 236 5345 a
262 5292 454 5347 callido
498 5294 642 5348 hoste
689 5304 961 5348 tentamur.
1019 5293 1122 5348 Vos
1176 5304 1346 5348 autem
1389 5296 1473 5366 qui
1502 5296 1633 5349 viam
1682 5297 1798 5349 vitte

199 5384 492 5453 prtesentis,
538 5393 686 5439 extra
726 5387 988 5439 hominum
1018 5387 1360 5458 frequentiam
1403 5385 1609 5450 ducitis,
1654 5394 1796 5440 tanto

197 5474 404 5544 majora
433 5477 718 5530 certamina
747 5478 856 5547 pati
894 5494 1100 5531 necesse
1126 5486 1222 5545 est,
1250 5486 1443 5549 quanto
1485 5478 1552 5531 ad
1576 5494 1663 5532 vos
1686 5479 1797 5547 ipse

195 5566 539 5621 tentationunt
588 5570 834 5639 magister
882 5572 1101 5624 accedit.
1155 5569 1365 5626 Cretera
1418 5571 1610 5625 omitto
1667 5585 1797 5625 sane

194 5660 412 5729 eximia,
446 5668 501 5716 et
528 5662 762 5718 maxime
808 5677 839 5717 a
884 5662 1161 5719 Monachis
1189 5664 1404 5720 assidue
1447 5663 1668 5733 legenda
1689 5704 1703 5731 ,
1737 5668 1792 5719 ut

1912 4741 2045 4807 lunt,
2093 4749 2151 4795 ut
2180 4756 2341 4811 supra
2381 4740 2610 4810 legimus
2653 4741 2705 4794 in
2750 4740 2979 4811 epistola
3011 4739 3081 4792 ad
3118 4738 3501 4794 Secundinum.

1910 4832 1967 4887 id
2012 4833 2180 4904 liquet
2219 4848 2287 4888 ex
2332 4824 2461 4903 ipsis
2505 4831 2751 4901 Gregorii
2795 4832 2862 4885 ad
2908 4831 3171 4886 Serenum
3220 4832 3504 4890 scribentis

1907 4926 2123 4981 verbis:
2160 4925 2489 4980 Fraternitas
2518 4932 2689 4979 vestra
2728 4923 2979 4995 quosdam
3003 4926 3290 4996 imaginum
3310 4927 3496 4980 adora-

1910 5025 2043 5071 tores
2069 5016 2345 5085 aspiciens,
2377 5014 2584 5069 easdem
2610 5015 2665 5067 in
2696 5014 2927 5069 ecclesiis
2966 5016 3219 5087 imagines
3247 5019 3500 5090 confregit

1906 5116 2059 5175 atque
2099 5106 2333 5175 projecit.
2385 5104 2454 5158 Et
2493 5106 2699 5174 quidem
2740 5106 2905 5161 zelum
2936 5124 3042 5174 vos,
3086 5125 3150 5162 ne
3190 5110 3312 5181 quid
3344 5127 3498 5165 manu

1909 5198 2103 5268 factum
2133 5195 2345 5249 adorari
2365 5204 2556 5263 posset,
2588 5194 2828 5251 [rubuisse
2856 5198 3202 5267 laudavimus,
3228 5200 3319 5254 sed
3350 5202 3494 5270 fran-

1902 5302 2020 5356 gere
2046 5285 2253 5339 easdem
2280 5286 2532 5357 imagines
2576 5301 2681 5341 non
2702 5286 2941 5343 debuisse
2968 5290 3277 5345 indicamus.
3306 5289 3492 5347 Subdit

1900 5392 2018 5448 quae
2043 5378 2155 5448 jam
2184 5394 2251 5434 ex
2289 5387 2445 5449 parte
2473 5380 2774 5447 retulimus,
2822 5381 3085 5451 imagines
3113 5383 3323 5437 litteras
3366 5394 3489 5437 nes-

1900 5473 2157 5529 cientium
2200 5473 2413 5529 codices
2442 5488 2582 5543 esse,
2613 5474 2667 5529 in
2696 5475 2890 5544 quibus
2919 5476 3105 5545 legant
3144 5483 3201 5530 et
3238 5473 3446 5529 discant
3471 5514 3490 5544 ,

1899 5583 2019 5639 qua:
2049 5583 2117 5623 ex
2139 5569 2287 5623 libris
2316 5568 2594 5623 addiscere
2623 5585 2731 5625 non
2756 5577 3002 5639 possunt.

1970 5661 2107 5717 Cum
2134 5661 2368 5717 Serenus
2397 5661 2818 5718 admonitionem
2850 5661 3041 5717 summi
3070 5658 3306 5731 pastoris
3337 5658 3485 5715 insu-

264 5832 291 5861 ι
328 5822 477 5878 Idem
522 5821 721 5896 Paulus
750 5820 909 5896 docet
937 5821 1112 5891 ipsum
1142 5824 1423 5896 historiam
1458 5822 1931 5895 Langobardorum
1976 5822 2363 5896 compendiose
2388 5822 2753 5879 elucubrasse.
2788 5821 2881 5877 lib.
2915 5837 2971 5877 m
2995 5860 3010 5888 ,
3044 5822 3112 5878 de
3139 5820 3456 5895 GestisqLan

192 5896 380 5964 gobar.
410 5907 529 5963 cap.
562 5890 653 5959 50,
684 5901 740 5949 et
767 5892 859 5946 iii).
901 5890 972 5957 iv,
1003 5909 1121 5963 cap.
1156 5894 1244 5951 42.
