4130 6476
583 363 691 435 ιη

1049 364 1111 422 S.
1149 358 1481 419 GREGORII
1520 357 1741 418 MAGNI
1778 330 1967 429 Vl'l‘d,
2008 357 2104 416 EX
2143 357 2310 417 EJUS
2349 359 2658 422 SCRIPTIS
2694 363 3098 425 ADORNATA.
3126 366 3273 426 LIB.
3311 366 3409 429 IV.

3769 372 3883 432 ω

585 500 684 557 per
708 482 1003 548 habuisset,
1050 458 1210 535 aliam
1259 479 1306 536 is
1335 478 1622 550 epistolam
1650 477 1869 550 scripsit
1898 520 1913 547 ,
1951 492 2058 550 qua
2083 474 2168 549 ip-
2196 480 2251 543 Α
2347 478 2435 535 12.
2464 478 2524 539 S.
2555 480 2805 552 Gregorii
2833 498 2986 540 mens
3014 498 3141 554 erga
3162 485 3367 541 cultum
3396 493 3707 543 sanctarum
3741 500 3885 546 una~

581 577 692 633 sius
732 584 936 630 temere
966 573 1161 628 factum
1193 571 1371 628 acrius
1400 570 1733 644 increpavit:
1769 570 2058 637 Perlatum,
2086 570 2170 625 in-

579 670 712 743 quit,
736 666 808 723 ad
834 686 929 724 nos
949 669 1142 740 fuerat,
1163 666 1300 739 quod
1321 667 1706 724 inconsiderato
1737 668 1848 724 zelo
1874 683 2166 735 succensus,

578 771 878 820 sanctorum
914 760 1167 832 imagines
1215 759 1307 815 sub
1351 761 1448 815 hac
1503 761 1652 831 quasi
1695 760 2057 821 excusatione,
2107 773 2171 812 ne

576 856 792 912 adorari
825 851 1137 916 debuissent,
1181 854 1521 924 confregeris.
1559 852 1630 906 Et
1667 852 1871 926 quidem
1912 851 2034 921 quia
2079 865 2169 905 eas

576 947 788 1004 adorari
810 948 1054 1001 vetuisses
1077 947 1287 1001 omnino
1316 946 1665 1010 laudavimus,
1705 945 1922 1027 fregisse
1942 960 2059 997 uero
2085 958 2171 995 re-

574 1039 956 1113 prehendimus.
986 1038 1107 1108 Dic,
1136 1042 1319 1109 frater,
1351 1056 1383 1093 a
1405 1057 1503 1109 quo
1533 1040 1728 1112 factum
1755 1035 2024 1093 sacerdote
2057 1034 2161 1090 ali-

574 1132 780 1206 quando
809 1134 971 1207 285
1012 1133 1247 1188 auditum
1286 1140 1363 1186 est
1391 1131 1528 1203 quod
1557 1131 1746 1198 fecisti.
1783 1127 1844 1184 Si
1871 1146 1974 1183 non
1998 1125 2165 1191 aliud,

575 1225 650 1281 vel
675 1224 809 1279 illud
839 1234 887 1278 te
911 1241 1013 1278 non
1042 1223 1215 1277 debuit
1236 1239 1497 1289 revocare,
1539 1221 1866 1291 ut.despectis
1894 1220 2010 1274 aliis
2051 1220 2169 1291 fra-
2194 1238 2201 1245 ο

575 1315 758 1382 tribus,
788 1313 957 1369 solum
986 1321 1036 1367 te
1063 1323 1302 1367 sanctum
1329 1319 1379 1366 et
1407 1328 1518 1366 esse
1555 1310 1788 1365 crederes
1837 1306 2171 1381 sapientem?

575 1406 731 1461 Aliud
772 1413 848 1460 est
887 1405 1026 1459 enim
1071 1405 1327 1472 picturam
1361 1390 1614 1467 adorare,
1644 1401 1791 1456 aliud
1836 1418 1928 1474 per
1956 1402 2171 1469 picturae

577 1499 847 1554 historiam
874 1498 999 1570 quid
1026 1498 1096 1570 sit
1135 1495 1465 1551 adorandum
1504 1494 1787 1549 addiscere.
1826 1493 1970 1548 Infra
2010 1493 2171 1549 docet

577 1600 879 1647 vetustatem
902 1606 1010 1645 non
1027 1588 1145 1646 sine
1166 1586 1380 1643 ratione
1396 1587 1657 1657 imagines
1671 1585 1973 1641 admisisse.
2016 1585 2171 1642 Unde

575 1684 650 1740 ait
675 1683 865 1739 Sereni
887 1682 1093 1739 facinus
1119 1680 1491 1751 gravissimum
1515 1678 1567 1733 in
1589 1677 1829 1733 Ecclesia
1856 1676 2170 1732 scandalum

574 1789 884 1844 generasse,
929 1775 1003 1829 ita
1040 1780 1098 1828 ut
1137 1772 1371 1827 maxima
1391 1770 1622 1843 ﬁliorum
1656 1770 1771 1840 ejus
1794 1785 1920 1841 pars
1957 1769 2025 1824 ab
2052 1767 2169 1838 ejus

574 1868 955 1927 communione
982 1882 1042 1922 se
1069 1865 1460 1936 suspendisset.
1505 1861 1736 1917 Proinde
1770 1862 2054 1926 hortamur,
2087 1858 2169 1913 in-
2202 1875 2249 1935 Β

574 1960 707 2032 quit,
738 1968 792 2013 ut
812 1958 890 2014 vel
910 1974 1047 2012 nunc
1065 1953 1275 2011 studeas
1304 1971 1413 2009 esse
1441 1954 1713 2020 sollicitus,
1734 1961 1885 2025 atque
1911 1951 1973 2005 ab
1996 1951 2093 2004 hac
2119 1958 2168 2005 te

572 2055 979 2126 prwsumptione
1006 2063 1325 2117 compescas,
1348 2056 1398 2101 et
1427 2063 1602 2100 eorum
1634 2045 1835 2099 animos
1864 2059 1989 2116 quos
2019 2060 2049 2097 a
2080 2051 2169 2096 tua

570 2145 856 2216 tlisjunctos
884 2142 1082 2197 unitate
1109 2137 1399 2212 cognostis,
1442 2146 1660 2207 paterna
1699 2134 1769 2189 ad
1797 2143 1846 2188 te
1872 2132 2166 2200 dulcedine,

570 2236 709 2289 omni
741 2233 948 2298 adnisa,
973 2230 1214 2301 omnique
1237 2228 1410 2283 studio
1438 2245 1677 2282 revocare
1703 2228 1934 2299 festines.
1971 2225 2171 2281 Convo-

571 2325 726 2380 candt
747 2326 887 2379 enim
913 2330 1033 2380 sunt
1056 2321 1275 2390 dispersi
1304 2318 1555 2374 Ecclesiae
1595 2318 1715 2389 ﬁlii,
1738 2319 1910 2387 eisque
1941 2317 2173 2389 Scriptu-

571 2433 645 2473 ηε
665 2432 832 2471 sacrae
857 2424 933 2469 est
952 2413 1257 2467 testimoniis
1275 2409 1667 2477 ostendendum,
1687 2412 1807 2480 quia
1825 2427 1976 2464 omne
1986 2420 2171 2463 manu-

572 2510 766 2580 {actum
813 2505 1026 2561 adorari
1074 2520 1179 2559 non
1227 2505 1383 2570 licet;
1434 2504 1682 2575 quoniam
1740 2505 1987 2574 scriptum
2036 2512 2112 2559 est
2149 2517 2169 2557 :

572 2600 852 2656 Dominum
896 2596 1060 2653 Deum
1115 2606 1257 2651 tuum
1301 2595 1565 2662 adorabis,
1613 2604 1662 2650 et
1700 2594 1780 2650 illi
1828 2595 1927 2650 soli
1980 2597 2169 2651 servies

572 2691 722 2763 (Luc.
766 2706 842 2759 iv,
884 2689 963 2764 8).
996 2689 1068 2744 Ac
1107 2688 1295 2744 deinde
1322 2686 1761 2761 subjungendum,
1790 2689 1910 2760 quia
1937 2689 2171 2760 picturas

570 2785 855 2857 imaginum
874 2799 988 2854 qua:
1007 2781 1078 2836 ad
1104 2780 1505 2851 aediﬁcationem
1519 2779 1744 2851 imperiti
1763 2779 1942 2852 populi
1962 2779 2173 2852 fuerant

570 2877 745 2951 facta,
769 2883 827 2929 ut
851 2875 1137 2929 nescientes
1159 2873 1379 2941 litteras,
1407 2873 1577 2943 ipsam
1600 2870 1875 2926 historiam
1897 2871 2176 2926 intenden-

571 2979 644 3027 te:
668 2967 791 3036 quid
820 2976 992 3021 actum
1034 2968 1103 3022 sit
1132 2965 1410 3030 discerent,
1455 2966 1578 3038 quia
1608 2965 1862 3020 transisse
1891 2965 1946 3020 in
1979 2965 2175 3019 adora-

569 3065 760 3120 tionem
780 3043 982 3118 videras
1007 3078 1025 3116 :
1055 3060 1251 3115 idcirco
1292 3068 1578 3116 commotus
1606 3075 1682 3126 es,
1713 3068 1771 3112 ut
1798 3076 1888 3113 eas
1917 3059 2174 3130 imagines

571 3156 746 3229 frangi
767 3156 1075 3227 praciperes
1095 3150 1232 3225 (Lib.
1263 3166 1339 3219 χι,
1356 3169 1440 3224 ep.
1474 3150 1584 3222 l5).
1610 3149 1691 3205 Ex
1718 3148 1805 3206 his
1834 3158 2051 3206 constat
2084 3168 2097 3202 :

641 3248 731 3304 11.
755 3246 956 3312 Primo,
974 3245 1033 3303 S.
1056 3245 1378 3318 Gregorium
1401 3244 1648 3301 laudasse
1669 3244 1960 3314 imaginum
1985 3260 2160 3313 usum,

570 3348 824 3410 tauquam
869 3336 1166 3405 antiquitus
1224 3336 1279 3391 in
1323 3333 1565 3391 Ecclesia
1614 3343 1915 3405 receptum.
1980 3335 2167 3408 Neque

569 3438 754 3487 tamen
777 3434 1030 3500 putamus
1049 3426 1118 3481 ab
1139 3425 1269 3496 ipsis
1292 3424 1570 3495 religionis
1594 3422 1913 3481 Christiana:
1936 3426 2165 3482 incuna-

570 3520 731 3587 bulis,
776 3533 922 3577 nunc
967 3516 1197 3589 empisse
1240 3531 1419 3586 usum,
1467 3531 1589 3572 cum
1641 3524 1696 3572 et
1741 3514 1938 3575 Iudaeis
1964 3532 2167 3587 (recens

569 3612 848 3672 conversis
895 3611 1200 3683 potuissent
1254 3609 1517 3682 imagines
1569 3623 1689 3665 esse
1746 3608 2051 3679 oﬂensioni,
2111 3619 2169 3667 et

569 3701 813 3762 Gentiles
833 3715 1005 3773 nuper
1022 3700 1198 3758 factos
1225 3697 1560 3758 Christianos
1590 3699 1658 3754 ad
1679 3697 2041 3756 idololatriam
2074 3716 2166 3758 re-

568 3808 786 3852 vocare.
810 3792 918 3848 Sed
941 3791 1029 3847 ubi
1048 3792 1166 3847 sine
1186 3791 1429 3863 periculo
1447 3796 1744 3863 potuerunt
1758 3790 1950 3861 recipi,
1982 3789 2167 3859 statim

568 3887 699 3945 visae
726 3894 854 3945 sunt
878 3886 938 3941 in
967 3883 1222 3943 Ecclesiis
1249 3884 1486 3941 maxime
1515 3883 1582 3940 ad
1618 3892 1889 3952 ornatum,
1924 3894 1979 3940 et
2008 3884 2076 3941 ad
2102 3885 2168 3940 il-

568 3979 909 4036 literatorum
935 3976 1318 4047 eruditionem,
1348 3984 1409 4032 ut
1435 3976 1597 4032 docet
1621 3985 1841 4041 sanctus
1869 3974 2127 4034 Paulinus
2148 4018 2165 4046 ,

568 4073 809 4131 Nolanus
853 4072 1142 4143 episcopus
1189 4070 1283 4141 (In
1312 4067 1504 4126 Natali
1530 4067 1588 4141 9,
1617 4070 1681 4126 de
1704 4069 1767 4128 S.
1794 4068 2044 4141 Felice.),
2074 4070 2167 4143 qui

569 4173 766 4238 quarto
792 4163 991 4220 saeculo
1014 4162 1261 4219 ﬂorebat.

637 4255 911 4324 Secundo,
933 4264 1182 4312 sanctum
1199 4254 1479 4311 doctorem
1496 4267 1595 4326 per
1616 4252 1988 4309 adorationem
2004 4269 2169 4325 quam

570 4360 719 4409 vetat
734 4349 1056 4421 imaginibus
1076 4348 1340 4417 exhiberi,
1365 4348 1667 4418 intelligere
1686 4363 1997 4421 supremum
2018 4350 2169 4405 illum

569 4444 775 4504 cultum
802 4442 907 4500 soli
934 4441 1045 4498 Deo
1075 4440 1335 4497 debitum.
1365 4440 1519 4497 Unde
1547 4440 1765 4497 adducit
1791 4441 2167 4515 hoc'Scriptu-

568 4555 645 4597 rae
667 4535 1062 4604 testimonium,
1093 4532 1377 4589 Dominum
1405 4532 1573 4591 Deum
1594 4543 1737 4589 tuum
1765 4533 2032 4602 adorabis,
2055 4543 2165 4592 etc.

568 4630 640 4688 Et
665 4630 800 4688 intra
822 4641 1068 4699 querens
1092 4626 1328 4696 aliquam
1352 4625 1542 4682 Sereni
1566 4626 1709 4683 facto
1737 4626 2164 4693 excusationem,

569 4722 649 4779 ait
673 4737 784 4779 non
810 4719 917 4776 alio
940 4717 1168 4776 consilio
1186 4716 1388 4774 fractas
1416 4717 1484 4773 ab
1506 4732 1593 4786 eo,
1625 4726 1681 4773 et
1710 4717 1981 4790 projectas
2003 4716 2168 4775 fuisse

570 4815 852 4885 imagines,
884 4826 1049 4884 quam
1075 4826 1145 4867 ne
1173 4810 1546 4881 adorerentur,
1570 4810 1716 4881 quod
1742 4810 1855 4881 jam
1881 4825 1912 4864 a
1928 4810 2164 4866 nonnul-

569 4906 637 4964 lis
663 4906 959 4963 admissum
987 4905 1325 4961 observarat.
1351 4903 1513 4959 Certe
1538 4906 1678 4961 inter
1699 4902 1891 4959 Gentes
1923 4902 2163 4973 degebat

544 4986 830 5066 Serenus,
875 5005 936 5053 ut
973 4996 1049 5051 ait
1085 4994 1145 5052 S.
1183 4994 1479 5066 Gregorius
1520 4993 1662 5067 (Lib.
1694 5011 1768 5057 xt,
1819 5012 1901 5065 ep.
1943 4993 2053 5066 15).
2106 4993 2167 5049 In

571 5090 759 5146 Galliis
807 5089 912 5146 hoc
936 5102 1053 5143 sevo
1101 5087 1298 5145 multas
1344 5087 1521 5143 adhuc
1550 5085 1872 5142 idololatria:
1910 5086 2166 5155 reliquias

571 5182 888 5254 superstites
930 5178 1096 5235 fuisse
1126 5178 1236 5250 jam
1284 5176 1706 5233 observavimus.
1741 5173 1877 5229 Hinc
1934 5174 2166 5230 nonnul-

568 5280 656 5339 los
673 5285 801 5335 ante
824 5275 1086 5347 imagines
1114 5280 1416 5346 prostratos
1440 5269 1628 5327 videns
1648 5269 1997 5328 Massiliensis
2019 5270 2161 5340 epis-

571 5385 763 5443 copus,
786 5376 993 5426 temene
1007 5364 1273 5437 judicavit
1295 5379 1392 5420 eos
1413 5360 1673 5432 imagines
1696 5368 1952 5432 tanquam
1994 5361 2164 5418 Deum

570 5462 796 5531 colere;
828 5476 894 5517 ac
912 5457 1109 5532 majori
1131 5457 1461 5519 temeritate,
1483 5468 1604 5523 qua:
1632 5453 1699 5509 ad
1728 5454 2166 5510 communionem

570 5554 693 5627 ejus
720 5553 1070 5611 deserendam
1099 5550 1392 5624 plerosque
1419 5546 1695 5618 compulit,
1736 5547 1953 5603 easdem
1984 5547 2167 5618 imagi-

573 5661 671 5704 nes
690 5647 848 5713 l‘regit
874 5652 932 5702 et
956 5641 1204 5717 proiecit.

577 5827 589 5839 ο
649 5770 675 5798 ἰ
711 5760 844 5841 Vide
874 5760 1071 5841 litt“,
1101 5756 1258 5827 epist.
1307 5754 1409 5823 '50;
1458 5753 1548 5809 lib.
1601 5771 1692 5821 vu,
1741 5755 1899 5825 epist.
1930 5754 2028 5823 26;
2071 5755 2164 5812 lib.

572 5828 658 5895 ix,
756 5831 841 5886 ist.
874 5828 997 5881 im.

652 5843 947 5954 heblanditie
992 5897 1049 5952 in
1094 5909 1262 5966 regno
1310 5893 1633 5966 Burgundiae
1677 5904 1827 5953 extra
1866 5896 2011 5968 quod
2056 5911 2164 5954 non

2273 569 2458 648 ginum
2479 573 2698 643 agnosci
2718 588 2935 645 quoque
2956 584 3136 645 potest
3154 592 3220 632 ex
3241 576 3500 646 singulari
3520 580 3884 637 veneratione

2273 682 2437 739 quam
2494 669 2664 725 sacris
2720 670 2963 740 reliquiis
3010 671 3371 727 exhibendam
3421 671 3620 743 ubique
3670 672 3879 743 docet;

2272 760 2436 815 etiam
2465 760 2646 819 linteis
2676 770 2732 818 et
2752 765 2967 834 pannis,
2999 774 3023 801 η
3054 766 3146 836 qui
3174 780 3339 837 super
3365 774 3678 823 sanctorum
3706 783 3880 839 apos-

2271 852 2508 908 tolorum
2538 863 2631 908 aut
2677 864 2973 927 martyrum
3003 857 3236 912 tumulos
3279 857 3440 927 positi
3480 857 3729 926 luerunt,
3785 869 3883 916 aut

2272 942 2556 998 similibus.
2590 942 2694 1011 Qui
2735 945 2837 1001 sub
2862 945 2980 1014 ejus
3006 945 3287 1016 disciplina
3320 948 3550 1004 instituti
3579 959 3742 1004 erant
3768 949 3883 1004 Au-

2272 1032 2520 1101 gustinus
2566 1034 2791 1105 ejusque
2837 1035 2991 1101 socii,
3042 1052 3166 1093 cum
3206 1037 3594 1095 Doroberniam
3644 1041 3882 1110 ingressi

2272 1132 2417 1191 sunt,
2469 1124 2548 1179 uti
2590 1141 2753 1196 supra
2805 1128 3159 1195 narravimus,
3212 1145 3430 1187 crucem
3475 1139 3532 1187 et
3579 1120 3905 1203 imaginem

2272 1215 2570 1275 Salvatoris
2599 1235 2698 1290 pro
2725 1235 2880 1277 sacro
2908 1222 3107 1279 vexillo
3136 1223 3390 1294 praeferre
3418 1224 3833 1281 constituerunt
3860 1244 3879 1293 ;

2274 1316 2333 1364 ut
2385 1311 2619 1381 publice,
2661 1322 2922 1382 quantum
2961 1315 3027 1370 iis
3055 1316 3281 1383 cultum,
3309 1329 3565 1388 quantam
3595 1318 3883 1374 deferrent

2273 1404 2657 1469 reverentiam,
2712 1413 3059 1462 testarentur.
3112 1408 3181 1462 At
3232 1423 3352 1478 quae
3399 1425 3431 1463 a
3474 1408 3760 1480 discipulis
3790 1411 3883 1469 hic

2273 1492 2413 1550 facta
2442 1494 2689 1566 legimus,
2737 1497 3003 1554 doctrina:
3042 1499 3283 1569 magistri
3312 1508 3437 1557 sunt
3465 1511 3877 1571 argumentum.

2890 1610 3121 1668 CAPUT
3159 1611 3224 1669 ιι.

2273 1700 2465 1767 Ancon.
2486 1703 2618 1767 —‘i.
2644 1704 2868 1767 Cyriacus
2889 1706 3038 1754 abbas
3060 1706 3109 1753 in
3135 1703 3336 1754 Galliam
3361 1703 3559 1767 legatus
3581 1704 3883 1755 mittitur.—

2335 1763 2381 1829 2.
2411 1763 2850 1829 Massiliam'venit,
2878 1769 2957 1815 ubi
3003 1780 3029 1815 a
3053 1767 3245 1816 Sereno
3286 1763 3715 1829 male‘exceptus.
3745 1795 3807 1805 —
3832 1772 3882 1820 5.

2340 1825 2461 1877 lnde
2486 1829 2751 1892 Arelatem.
2780 1825 2854 1877 De
2882 1829 3156 1892 privilegiis
3181 1829 3525 1892 abiapjostolica
3551 1825 3675 1879 sede
3704 1832 3769 1878 ad
3796 1844 3883 1881 re-

2336 1902 2453 1950 gum
2479 1890 2851 1953 postulationem
2873 1890 3138 1941 concessis.
3154 1917 3215 1928 -——
3236 1891 3287 1941 ι.
3318 1890 3575 1942 Desiderio
3597 1892 3882 1945 Viennensi

2338 1952 2548 2017 pro‘suze
2565 1952 2801 2004 Ecclesia:
2825 1953 3093 2017 privilegiis
3114 1952 3404 2017 supplicanti
3421 1954 3538 2015 quid
3557 1957 3880 2017 responderit

2337 2013 2389 2064 S.
2416 2012 2700 2078 Gregorius.
2726 2040 2788 2051 —
2822 2012 2868 2066 5.
2898 2012 3043 2065 Usum
3083 2012 3452 2065 dalataticarutn
3477 2012 3667 2077 Aregio
3691 2018 3880 2078 γερω-

2337 2079 2476 2139 censi
2498 2079 2803 2128 concedit.—-
2818 2079 2865 2129 6.
2890 2078 2951 2128 Et
2974 2079 3170 2139 pallium
3191 2079 3393 2139 Syagrio
3418 2080 3881 2139 Augustoduneusi.

2337 2138 2525 2206 Quibus
2546 2138 3043 2206 σουόίιίοιιῇὺιιες-τξῖ.
3067 2140 3297 2203 Epistulae
3323 2138 3673 2206 ad_Galitarum
3700 2155 3877 2206 reges,

2335 2205 2399 2248 de
2424 2205 2743 2252 emendandis
2761 2202 2880 2253 cleri
2902 2202 3132 2252 Gallicani
3156 2202 3468 2264 corruptelis.
3492 2202 3876 2262 Quo'succeSsuL

2336 2287 2398 2329 τ
2419 2264 2467 2313 8.
2494 2265 2569 2314 De
2593 2265 2955 2329 Maurienneusi
2984 2269 3230 2329 episcopo.
3249 2293 3310 2301 —
3328 2267 3379 2315 9.
3405 2266 3595 2329 (Syriaci
3615 2265 3881 2329 legatioin

2338 2325 2779 2389 Hispaniam—10.
2804 2327 2940 2377 Felix
2968 2325 3081 2377 tu'nc
3106 2325 3347 2390 Hispania:
3370 2325 3546 2390 status.
3572 2326 3647 2375 De
3675 2325 3879 2379 tilaudio

2340 2388 2479 2463 regni
2503 2391 2801 2463 administro
2842 2404 2869 2463 a_
2910 2403 3031 2452 papa
3072 2388 3298 2463 laudato;
3313 2417 3379 2463 τι
3406 2390 3487 2463 il.
3506 2388 3877 2463 Argumentum

2341 2451 2561 2512 epistolae
2605 2454 2669 2523 ad
2704 2451 2995 2526 Leandrum
3025 2454 3234 2563 scriptas.
3264 2452 3418 2525 Pallio
3460 2454 3689 2525 donatur.
3708 2480 3773 2487 —
3803 2453 3878 2527 ιζ.

2343 2513 2618 2578 Herbarum
2644 2527 2783 2578 regis
2804 2528 3101 2578 encomtum.
3146 2515 3333 2578 lesputt
3355 2528 3611 2578 pecuniam
3635 2530 3665 2564 a
3688 2512 3878 2566 Judans

2339 2576 2744 2639 oblatam—i3.
2782 2576 2973 2627 Eximia
3013 2578 3121 2638 regi
3168 2576 3280 2627 data
3320 2576 3518 2627 monita.
3565 2578 3668 2639 (An
3710 2579 3879 2628 Met

2341 2638 2477 2703 599.)

2350 2744 2402 2798 1.
2435 2743 2677 2800 Ecclesia
2705 2742 2983 2799 Gallicana
3000 2742 3263 2813 Gregorio
3287 2753 3474 2801 nostro
3499 2758 3720 2815 semper
3747 2745 3878 2800 cha-

2278 2838 2513 2904 rissima,
2532 2838 2639 2894 hoc
2656 2838 2955 2909 praesertim
2982 2853 3125 2893 anno
3150 2846 3433 2910 paternam
3456 2836 3626 2910 ipsius
3647 2845 3879 2909 experta

2279 2940 2363 2988 est
2386 2932 2827 2988 sollicitudinem.
2870 2931 3005 2986 Cum
3040 2932 3182 2987 enim
3210 2931 3279 2988 de
3307 2932 3470 2987 variis
3494 2932 3644 2987 vitiis
3669 2940 3727 2987 et
3750 2947 3878 2989 cor-

2278 3026 2505 3095 ruptelis
2532 3026 2586 3079 in
2618 3025 2643 3063 δ
2673 3022 2845 3080 Gallia
2885 3022 3252 3093 grassantibus
3278 3025 3480 3081 certior
3505 3022 3682 3081 factus
3705 3036 3877 3092 esset,

2280 3134 2388 3173 non
2415 3118 2548 3173 satis
2566 3118 2754 3173 habuit
2774 3118 2843 3173 de
2866 3118 2951 3174 his
2973 3117 3326 3174 emendandis
3345 3130 3500 3186 reges
3516 3118 3877 3189 etepiscopos

2279 3213 2593 3278 admonere,
2637 3212 2733 3269 sed
2773 3214 2937 3269 etiam
2974 3212 3211 3282 legatum
3257 3226 3326 3268 eo
3372 3212 3695 3268 mittendum
3744 3212 3876 3268 exis

2274 3304 2518 3359 timavit:
2571 3303 2683 3373 qui,
2734 3310 2793 3358 ut
2819 3304 3141 3375 quantocius
3173 3302 3462 3359 concilium
3503 3304 3879 3360 celebraretur

2272 3397 2340 3450 ad
2356 3396 2469 3452 haec
2485 3395 2799 3463 resecanda,
2825 3386 3048 3452 strenue
3071 3396 3213 3467 apud
3234 3397 3505 3468 principes
3520 3411 3585 3453 ac
3605 3398 3880 3453 antistites

2273 3499 2459 3559 ageret
2489 3488 2630 3562 (Lib.
2662 3505 2735 3557 ix,
2766 3508 2848 3561 ep.
2884 3489 2987 3545 £05
3015 3498 3070 3545 et
3100 3490 3247 3563 120).
3277 3490 3329 3547 Is
3359 3490 3458 3547 fuit
3485 3490 3749 3564 Cyriacus
3787 3493 3881 3548 ab-

2272 3580 2372 3637 bas
2399 3579 2457 3637 S.
2488 3581 2718 3636 Andreae
2746 3581 2812 3635 ad
2835 3580 3047 3636 Clivum
3074 3580 3289 3651 Scauri,
3317 3582 3409 3652 qui
3441 3582 3588 3653 prius
3615 3582 3671 3637 in
3698 3580 3879 3639 Sardi

2275 3684 2420 3740 niam
2449 3685 2646 3742 missus
2675 3682 2849 3740 fuerat
2886 3693 2945 3740 ut
2974 3684 3030 3739 in
3066 3696 3085 3723 ο
3119 3682 3591 3740 Barbaricinurum
3634 3698 3877 3738 conver-

2275 3777 2429 3832 sione
2454 3774 2619 3832 Felici
2650 3775 2905 3847 episcopo
2935 3775 3313 3831 collaboraret.
3347 3772 3497 3830 Unde
3524 3771 3879 3843 intelligimus

2274 3877 2535 3938 quantum
2578 3866 2798 3924 ﬂoreret
2819 3876 2933 3923 tum
2976 3867 3119 3923 istud
3168 3864 3472 3924 Romanum
3516 3867 3574 3923 S.
3623 3864 3879 3937 Gregorii

2274 3961 2697 4028 monasterium;
2745 3976 2813 4016 ex
2843 3976 2951 4032 quo
2988 3960 3241 4017 videlicet
3282 3960 3475 4017 eodem
3516 3969 3767 4032 tempore
3796 3968 3881 4017 tot

2275 4056 2536 4125 assumpti
2579 4061 2705 4110 sunt
2752 4054 2904 4109 verbi
2953 4054 3093 4111 sacri
3142 4069 3418 4125 praecones
3458 4052 3529 4109 ad
3575 4052 3877 4124 Anglorum

2274 4146 2687 4203 conversionem
2720 4147 2905 4214 missi;
2935 4156 2992 4203 et
3017 4148 3160 4204 sedis
3199 4146 3510 4219 apostolica:
3538 4147 3750 4218 legatus
3792 4149 3880 4204 de-

2275 4238 2449 4294 lectus
2477 4247 2579 4305 est,”
2631 4242 2722 4311 qui
2748 4246 2861 4294 tum
2906 4240 2959 4294 in
2987 4238 3196 4308 Galliis,
3226 4247 3342 4295 tum
3369 4240 3425 4296 in
3453 4237 3728 4311 Hispaniis
3757 4253 3879 4309 gra-

2274 4332 2489 4386 vissima
2522 4332 2736 4402 negotia
2764 4316 3141 4403 pertractaret.
3174 4329 3279 4405 (Cf.
3308 4330 3517 4390 Habill.
3548 4349 3676 4390 ann.
3706 4332 3877 4390 Bene-

2275 4422 2399 4477 dict.
2434 4423 2524 4477 tib.
2555 4439 2629 4491 lx,
2661 4439 2716 4494 p.
2750 4422 2903 4495 256.)

2269 4512 2272 4520 λ
2350 4513 2401 4571 Ξ.
2433 4515 2690 4588 Cyriacus
2719 4517 2900 4571 multis
2930 4531 3081 4588 papae
3111 4517 3352 4588 epistolis
3390 4517 3647 4585 munitus,
3688 4514 3882 4574 Messi

2274 4608 2403 4665 liam
2451 4610 2682 4681 primum
2723 4610 2873 4665 venit
2926 4611 3198 4666 maritimo
3246 4612 3459 4679 itinere,
3503 4610 3593 4667 ubi
3643 4612 3883 4669 salutato

2273 4702 2482 4759 Sereno
2512 4703 2768 4773 episcopo
2799 4702 3017 4757 nomine
3060 4701 3345 4773 pontiﬁcis,
3386 4703 3593 4759 litteras
3636 4702 3704 4759 de
3746 4703 3873 4760 free

2273 4792 2420 4849 tione
2445 4792 2738 4861 imaginum
2766 4792 3209 4847 commonitorias
3232 4792 3428 4862 ’dedit,
3456 4802 3686 4865 quarum
3717 4808 3887 4865 supra

2274 4884 2619 4941 meminimus
2674 4882 2827 4954 (Cap.
2858 4883 2908 4951 l,
2942 4901 2997 4939 n.
3046 4882 3157 4954 10).
3192 4882 3457 4953 Legatum
3504 4885 3572 4939 ab
3616 4888 3885 4958 episcopo

2274 4996 2382 5035 non
2406 4993 2468 5034 ea
2491 4993 2592 5048 qua
2617 4993 2716 5049 par
2736 4985 2855 5033 erat
2876 4978 3142 5033 cbaritate
3171 4993 3236 5033 ac
3257 4979 3561 5055 reverentia
3590 4990 3887 5052 exceptum

2273 5072 2440 5126 fuisse
2471 5070 2595 5128 inde
2625 5069 2967 5140 conjicimtts,
3009 5068 3176 5140 quod,
3210 5078 3269 5123 ut
3291 5069 3516 5125 liberius
3544 5070 3886 5131 stomatharl
3986 5110 3991 5111 ν

2276 5164 2483 5230 liceret,
2516 5163 2729 5219 tinxerit
2757 5160 2995 5219 Serenus
3034 5160 3340 5233 pontificias
3367 5163 3577 5220 litteras
3596 5178 3628 5219 a
3653 5164 3886 5236 Cyriaco

2279 5257 2379 5314 sibi
2407 5256 2636 5324 oblatas,
2669 5256 3040 5327 suppositilias
3068 5271 3208 5313 esse.
3256 5256 3406 5313 lianc
3452 5256 3575 5313 falsi
3617 5259 3884 5331 suspicio-

2272 5365 2395 5405 nem
2434 5348 2612 5418 legato
2656 5346 2971 5417 injuriosam
3014 5349 3250 5417 graviter
3291 5358 3480 5420 postea
3509 5349 3790 5424 redarguit
3817 5350 3881 5408 S.

2271 5442 2584 5515 Gregorius,
2617 5443 2691 5499 ita
2735 5443 2980 5499 scribens
3008 5441 3078 5497 ad
3118 5441 3381 5499 Serenum
3409 5462 3421 5497 :
3464 5442 3551 5498 Ea;
3580 5444 3673 5500 illo
3703 5456 3884 5503 autem

2270 5540 2406 5614 quod
2433 5540 2496 5594 de
2521 5540 2726 5612 scriptis
2758 5542 2972 5608 nostris,
2999 5557 3113 5614 qua:
3136 5538 3206 5593 ad
3227 5546 3275 5594 te
3300 5540 3554 5606 misimus,
3601 5539 3882 5611 dubitasti,

2470 5656 2626 5712 quam
2652 5639 2725 5693 sis
2754 5641 2992 5695 incautus
3036 5647 3305 5712 apparuit.
3338 5637 3482 5695 Nam
3520 5642 3564 5697 si
3601 5640 3878 5712 diligenter

2275 5755 2670 5831 extendebatur
2697 5754 2906 5824 Cyriaci
2947 5756 3165 5831 legatio,
3198 5768 3251 5815 et
3280 5758 3506 5831 Syagrio
3534 5756 3736 5816 collata
3774 5773 3876 5829 po-

2273 5826 2826 5898 testascogettdaruut
2856 5826 3207 5898 synodorum.

2353 5906 2374 5934 ο
2415 5895 2551 5951 Vide
2581 5897 2671 5953 lib.
2705 5912 2779 5965 tv,
2812 5895 2934 5968 epp.
2965 5898 3057 5969 Ἡ,
3087 5899 3177 5972 25,
3209 5900 3294 5957 26.
