4130 6494
569 419 680 477 425

1054 416 1114 473 S.
1156 412 1486 473 GREGORII
1523 410 1739 469 MAGNI
1777 410 1962 473 VlTA,
2006 406 2099 465 EX
2140 404 2302 463 EJUS
2340 403 2651 464 SCRIPTIS
2692 407 3089 466 ADORNATA.
3130 409 3242 465 LIB
3280 409 3373 467 IV.

3761 420 3882 477 ιει

564 546 687 591 rum
718 546 1115 605 praeproperam
1152 531 1554 604 provectionem
1585 528 1652 584 ad
1681 526 2007 594 sacerdotia,
2035 539 2157 579 mu-
2186 528 2235 587 Α
2264 535 2379 587 rex,
2432 522 2605 579 noluit
2654 523 2887 594 amplius
2936 522 3254 581 Taurinensi
3300 526 3523 584 subesse
3574 528 3880 605 Episcopo,

566 625 757 683 lierum
785 642 907 682 cum
936 628 1150 683 clericis
1192 626 1687 689 cohabitalionem;
1732 637 1944 678 necnon
1993 636 2161 693 syno-

563 715 758 773 dorum
784 733 904 789 quae
926 718 1214 788 quotannis
1240 718 1426 773 haberi
1457 716 1685 781 debent,
1718 715 2021 785 neglectum
2048 732 2063 781 ;
2096 715 2163 770 de

563 810 760 883 quibus
788 811 1128 868 eliminandis
1154 812 1207 867 in
1232 813 1464 869 concilio
1493 812 1902 868 deliberandum
1925 820 2113 868 censet
2141 829 2155 865 :

564 902 812 971 alteram,
844 917 951 972 qua
978 904 1126 974 prius
1154 904 1339 972 gratiis
1375 904 1510 959 actis
1533 903 1603 960 ob
1630 911 1879 957 navatam
1910 901 2164 971 Augusti-

563 1006 639 1047 no
682 1006 925 1062 operam,
954 993 1054 1064 ipsi
1082 1004 1106 1030 ει
1137 992 1286 1063 pallii
1316 1009 1471 1047 usum
1500 993 1777 1059 concedit,
1813 992 2161 1061 decernitque

564 1093 626 1139 ut
671 1081 916 1140 Ecclesia
964 1086 1464 1153 Augustoduuensis
1510 1086 1742 1156 primum
1785 1086 1838 1140 in
1882 1083 2161 1155 provincia

562 1172 746 1229 locum
772 1182 899 1244 post
939 1172 1351 1243 Lugdunensem
1393 1175 1655 1231 obtineat.
1686 1174 1889 1230 Deinde
1933 1174 2159 1246 Syagrio

561 1270 819 1335 tanquam
858 1267 1173 1337 apostolicae
1217 1268 1361 1323 sedis
1400 1269 1546 1323 vices
1579 1269 1784 1338 gerenti
1814 1284 1998 1324 curam
2029 1284 2160 1324 con-

560 1358 847 1428 greganda:
894 1358 1099 1430 Synodi
1141 1360 1450 1416 demandat.
1496 1360 1686 1430 Magna
1714 1370 1830 1416 erat
1855 1362 2016 1431 hujus
2045 1362 2160 1432 epi-

560 1451 715 1521 scopi
748 1452 907 1523 287
950 1452 1242 1507 auctoritas
1286 1453 1429 1523 apud
1475 1453 1870 1509 Brunichildem
1917 1454 2159 1523 reginam

565 1542 790 1614 ejusque
810 1551 1039 1613 nepotes
1063 1543 1458 1600 Theodericum
1488 1554 1543 1600 et
1566 1545 2021 1601 Theodebertum.
2051 1547 2161 1603 Nec

564 1636 869 1704 immerito,
899 1651 1025 1691 nam
1054 1637 1337 1692 sacerdotis
1370 1654 1577 1703 nomen,
1618 1636 1840 1692 Joannis
1868 1638 2160 1707 regionarii

561 1726 898 1799 aliorumque
931 1728 1227 1782 multorum
1260 1729 1590 1795 testimonio,
1619 1729 1775 1783 etiam
1804 1728 2031 1783 moribus
2054 1730 2157 1782 im-

561 1817 750 1895 plebat.
789 1818 908 1874 Jam
962 1819 1175 1890 pridem
1230 1827 1348 1874 erat
1397 1834 1465 1875 ex
1520 1834 1626 1889 quo
1680 1819 2037 1875 Brunichildis
2089 1819 2159 1874 de

2267 615 2391 685 quia
2424 618 2536 671 lucc
2562 616 2689 671 urbs
2710 626 2829 672 erat
2848 617 2901 670 in
2928 617 3406 686 Langobardorum
3428 621 3653 678 ditione.
3680 622 3877 697 Itaque

2264 710 2547 780 proprium
2569 710 2771 765 habere
2791 710 2957 781 coepit
2984 712 3303 782 episcopum
3324 713 3453 769 urbs
3477 724 3501 751 ο
3525 713 3876 786 Maurienna,

2265 800 2360 868 qui
2416 801 2592 876 primo
2647 800 3052 857 Tarentasiensi
3104 806 3527 876 metropolitano
3574 809 3875 869 attributus

2263 896 2365 953 est,
2404 868 2594 959 poslea
2624 888 2940 959 Viennensi,
2966 890 3111 960 quod
3139 868 3302 948 hodie
3324 905 3662 965 perseverat.

2335 982 2389 1037 9.
2422 983 2652 1053 Cyriaco
2690 984 2832 1054 apud
2871 982 3142 1055 Hispanos
3168 985 3377 1043 felicius
3423 988 3624 1060 legatio
3650 993 3821 1049 cessit
3850 1012 3871 1050 :

2261 1076 2465 1131 etenim
2489 1075 2606 1145 ipso
2628 1076 2926 1142 annitente,
2953 1084 3013 1130 ut
3031 1092 3131 1147 par
3151 1087 3235 1133 est
3256 1078 3504 1149 credere,
3527 1082 3874 1141 celebratum

2260 1177 2345 1224 est
2372 1168 2477 1224 hoc
2498 1184 2640 1225 anno
2669 1168 2911 1226 kalendis
2948 1169 3266 1227 Novembris
3294 1171 3697 1232 Barcinonense
3735 1192 3873 1234 con-

2262 1261 2467 1328 cilium,
2499 1261 2651 1331 cujus
2678 1277 2803 1317 cum
2828 1271 3063 1332 quatuor
3085 1264 3194 1319 sint
3222 1271 3431 1321 tantum
3462 1281 3735 1337 canones,
3758 1272 3869 1328 duo

2262 1354 2615 1410 simoniacam
2644 1356 2820 1412 labem
2851 1357 3203 1425 insectantur,
3230 1360 3422 1416 tertius
3444 1361 3706 1419 adversus
3725 1380 3870 1436 pm

2266 1456 2507 1503 maturas
2528 1447 2931 1521 Neophytorum
2953 1451 3323 1509 ordinationes
3340 1454 3589 1510 conditus
3616 1465 3725 1511 est.
3749 1456 3869 1517 Hoc

2263 1539 2503 1605 nomine,
2533 1549 2595 1595 ut
2622 1540 2876 1610 diximus,
2908 1542 3279 1613 intelliguntur
3308 1545 3454 1616 laici,
3483 1546 3577 1615 qui
3618 1548 3869 1606 nondum

2265 1630 2476 1686 assidua
2507 1633 2895 1689 exercitatione
2919 1634 3158 1705 probati,
3191 1635 3411 1705 auspice
3440 1636 3667 1703 ambitu,
3700 1654 3869 1696 διεπαι-

2262 1720 2363 1776 lari
2392 1730 2660 1792 potestate
2689 1724 2850 1794 duce,
2876 1726 2946 1781 ad
2973 1726 3295 1796 sacerdotia,
3318 1735 3375 1783 et
3403 1728 3472 1784 ad
3500 1729 3647 1800 ipsos
3682 1733 3867 1802 prosi-

2264 1812 2365 1870 lire
2392 1815 2663 1871 audebant
2689 1818 3049 1888 episcopatus.

561 1912 726 1983 pallio
776 1912 878 1983 ipsi
928 1913 1278 1969 concedendo
1326 1913 1467 1983 apud
1514 1928 1711 1983 papam
1763 1921 1967 1982 egerat.
2015 1912 2155 1980 Quid
2186 1904 2236 1965 B
2304 1906 2422 1962 .lO.
2452 1904 2602 1960 Felix
2624 1914 2750 1962 tunc
2777 1916 2895 1962 erat
2924 1908 3191 1979 Hispania:
3212 1916 3384 1965 status
3411 1910 3511 1967 sub
3538 1909 3868 1973 Recbaredo

561 2010 743 2058 autem
771 2017 946 2059 causa:
991 2004 1181 2070 fuerit,
1214 2010 1275 2057 ut
1304 2005 1506 2059 tardius
1552 2006 1657 2059 hoc
1684 2004 1893 2059 honore
1921 2004 2155 2059 donare-

561 2100 668 2157 tur,
697 2093 842 2149 disce
868 2108 937 2149 ex
986 2094 1201 2149 laudata
1232 2110 1360 2149 mox
1387 2095 1453 2150 ad
1482 2095 1726 2151 eamdem
1766 2096 2009 2167 reginam
2036 2096 2155 2166 epi-

559 2184 720 2241 stola.
744 2183 859 2242 lmo
888 2186 1104 2256 quando
1127 2186 1207 2241 illi
1238 2186 1427 2242 utendi
1452 2186 1617 2257 pallio
1647 2187 1712 2243 ad
1743 2202 1899 2243 sacra
1944 2195 2158 2242 tantum

560 2275 844 2332 missarum
907 2276 1174 2331 solemnia
1233 2278 1558 2333 celebranda
1614 2287 1942 2350 potestatem
1998 2280 2155 2347 fecit,

561 2367 759 2438 adjecit
796 2367 1163 2425 conditionem
1195 2388 1209 2423 :
1247 2368 1433 2439 Quod,
1465 2371 1672 2442 inquit,
1702 2374 1779 2427 ita
1808 2372 1900 2427 tibi
1928 2374 2158 2429 dandum

560 2474 672 2515 esse
698 2459 1031 2527 decrevimus,
1056 2462 1102 2514 si
1123 2464 1273 2532 prius
1294 2479 1387 2534 per
1406 2465 1593 2535 synodi
1614 2464 1966 2536 deﬁnitionem
1987 2484 2159 2523 emen-

562 2552 691 2606 dare
716 2554 1019 2623 promiseris
1047 2570 1162 2626 qua:
1179 2556 1482 2627 corrigenda
1503 2559 1884 2616 mandavimus.
1902 2560 1967 2616 Et
1987 2563 2154 2618 infra:

566 2641 719 2698 Unde
744 2646 867 2715 quia
892 2647 1392 2713 prwcellentissimos
1422 2651 1562 2720 ﬁlios
1590 2660 1796 2708 nostros
1828 2653 2159 2712 Francorum

561 2750 711 2807 reges
748 2752 994 2808 magnam
1017 2736 1156 2792 vobis
1203 2742 1434 2796 novimus
1473 2743 1801 2799 dilectionem
1841 2748 2156 2817 impendere,

560 2832 704 2888 omni
732 2849 822 2887 vos
856 2834 1027 2889 studio
1056 2836 1296 2907 omnique
1340 2853 1494 2909 agere
1521 2840 1710 2892 annisu
1740 2855 1945 2895 necesse
1981 2851 2079 2911 est,
2102 2851 2161 2897 ut

562 2924 699 2995 quod
722 2924 787 2979 de
805 2927 1003 2996 synodo
1025 2929 1391 3000 congreganda
1410 2932 1791 2999 mandavimus,
1813 2935 2159 3005 fraternitatis

563 3024 748 3071 vestra:
790 3019 1060 3089 vigilantia
1102 3022 1447 3093 compleatur,
1480 3030 1634 3095 atque
1683 3026 1859 3080 omnia
1897 3028 2006 3081 illic
2047 3044 2160 3100 qua:

560 3125 657 3180 pro
683 3111 973 3167 animarum
1010 3113 1177 3168 salute
1204 3116 1504 3184 scripsimus
1535 3126 1843 3172 censeantur
1864 3136 1881 3181 ;
1906 3128 2160 3192 quatenus

565 3220 659 3274 per
687 3204 799 3271 hoc,
832 3215 883 3260 et
937 3223 1026 3262 vos
1072 3207 1237 3262 zelum
1265 3217 1509 3273 vestrum,
1541 3218 1592 3263 et
1637 3211 1859 3279 qualiter
1885 3212 2025 3268 vobis
2050 3215 2159 3269 illi-

2261 2010 2391 2066 rege
2430 1998 2658 2069 optimo,
2690 2000 2781 2069 qui
2806 2000 2872 2055 ad
2902 1997 3054 2070 regni
3085 2002 3169 2056 sui
3197 2000 3723 2060 administrationem
3768 2006 3868 2061 ad-

2257 2087 2467 2157 jutores
2494 2090 2814 2145 adhibuerat
2853 2092 3051 2162 probos
3076 2093 3223 2149 viros
3249 2108 3265 2161 ;
3298 2094 3352 2149 in
3382 2095 3466 2151 his
3492 2094 3784 2155 Claudium
3809 2108 3870 2156 et

2262 2177 2591 2246 Leandrum,
2641 2180 3014 2252 llispalensem
3065 2185 3412 2255 episcopum,
3448 2188 3517 2242 de
3558 2204 3668 2258 quo
3717 2206 3868 2262 saepe

2256 2269 2368 2341 jam
2399 2273 2603 2329 dictum
2633 2283 2736 2329 est.
2770 2275 3022 2335 Claudius
3050 2294 3181 2335 vero
3210 2281 3331 2349 quis
3377 2289 3434 2337 et
3473 2283 3647 2352 qualis
3691 2294 3861 2351 esset,

2261 2379 2370 2420 non
2397 2374 2575 2436 potest
2602 2368 2793 2422 melius
2822 2371 3041 2439 agnosci
3070 2388 3232 2441 quam
3262 2388 3331 2428 ex
3376 2371 3711 2445 Gregoriana
3750 2379 3869 2448 epi-

2262 2458 2401 2513 stola
2432 2458 2585 2528 cujus
2615 2459 2755 2513 lator
2792 2459 2887 2515 fuit
2912 2460 3168 2534 Cyriacus
3198 2482 3211 2517 :
3246 2463 3384 2529 Quia
3422 2470 3671 2540 unguenti
3719 2487 3870 2525 more

2264 2547 2515 2603 bonorum
2544 2551 2749 2620 fragrat
2778 2552 2971 2620 Opinio,
3001 2564 3183 2609 vestra:
3214 2553 3409 2612 Gloria:
3456 2558 3518 2612 de
3548 2556 3869 2615 Occidenta-

2262 2643 2398 2698 libus
2434 2643 2665 2712 partibus
2698 2646 2958 2716 hucusque
2988 2650 3117 2705 odor
3154 2654 3388 2707 tetendit.
3422 2654 3579 2725 Cujus
3625 2660 3868 2726 profecto

2263 2751 2407 2789 aura:
2436 2738 2691 2792 suavitate
2717 2754 3004 2809 respersus,
3039 2742 3253 2797 multum
3284 2747 3453 2815 fateor
3481 2763 3629 2817 quem
3660 2751 3868 2805 nescie-

2264 2826 2383 2882 bam
2408 2828 2592 2897 dilexi,
2626 2838 2779 2903 atque
2806 2833 2948 2887 intra
2988 2835 3158 2889 sinum
3191 2837 3362 2891 cordis
3392 2840 3587 2893 amoris
3627 2858 3789 2895 manu
3819 2852 3870 2897 te

2264 2922 2415 2990 rapui
2444 2936 2463 2975 :
2495 2938 2587 2975 nec
2609 2922 2725 2993 jam
2757 2940 2872 2977 eum
2923 2926 3156 2979 nesciens
3203 2927 3502 2995 diligebam,
3531 2931 3678 3000 cujus
3726 2931 3869 2986 bona

2266 3025 2623 3080 cognoveram.
2660 3009 2764 3076 Qui
2791 3014 2929 3067 enim
2974 3015 3099 3068 mihi
3126 3034 3319 3087 magna
3359 3017 3646 3073 intentione
3686 3031 3865 3088 notus,

2265 3102 2356 3156 sed
2382 3107 2613 3174 corporis
2644 3104 2838 3159 visione
2882 3116 3055 3161 manet
3109 3109 3423 3179 incoqnitus,
3457 3110 3520 3164 de
3548 3126 3607 3165 eo
3652 3116 3867 3182 procul-

2268 3192 2421 3248 dubio
2474 3197 2723 3250 veraciter
2762 3197 2931 3251 dicere
2977 3216 3209 3268 possum,
3243 3202 3365 3272 quia
3406 3218 3682 3272 personant
3722 3206 3866 3260 illius

561 3295 669 3349 cita
707 3295 1017 3367 displiceant
1043 3298 1347 3364 ostendatis,
1376 3308 1425 3352 et
1472 3316 1565 3354 nos
1607 3300 1806 3355 utiliter
1850 3304 2155 3373 providisse,

2265 3286 2393 3349 scio,
2426 3286 2517 3339 sed
2547 3286 2755 3341 domum
2796 3290 2985 3345 nescio.
3022 3291 3221 3362 Magna
3249 3304 3421 3347 autem
3467 3304 3652 3349 vestrae
3688 3297 3868 3352 laudis

561 3387 652 3457 qui
692 3396 914 3443 vestram
957 3390 1149 3445 adhoc
1178 3407 1288 3460 prce
1328 3392 1526 3446 cteteris
1572 3408 1854 3461 personam
1890 3397 2155 3467 elegimus,

565 3477 832 3533 videamur
858 3479 998 3552 (Lib.
1032 3497 1105 3548 lx,
1134 3500 1217 3553 ep.
1252 3482 1363 3553 11).

638 3568 692 3623 7.
725 3569 802 3625 De
840 3572 1031 3632 eodem
1060 3584 1378 3642 argumento
1419 3580 1712 3649 scripserat
1750 3596 1891 3652 papa
1921 3596 2044 3638 cum
2094 3583 2161 3638 ad

566 3658 998 3729 Brunichildem,
1030 3670 1144 3719 tum
1192 3665 1259 3720 ad
1282 3680 1437 3735 reges
1468 3666 1859 3727 Theodericum
1900 3681 1956 3727 et
1984 3672 2162 3730 Theo—

564 3750 850 3809 debertum
883 3753 1023 3824 (Lib.
1071 3771 1147 3823 ιχ,
1192 3774 1310 3828 epp.
1346 3757 1449 3813 109
1494 3766 1544 3814 et
1582 3760 1729 3830 110).
1779 3762 1997 3817 Summa
2045 3764 2163 3834 ejus

564 3836 926 3912 Epistolarum
966 3852 1084 3915 est,
1112 3847 1313 3903 multos
1350 3863 1447 3919 per
1484 3851 1768 3907 simoniam
1800 3854 2075 3919 ordinari,
2106 3864 2163 3911 et

564 3946 635 3990 ex
664 3935 816 3993 laicis
851 3948 1075 4009 repente
1121 3939 1238 3996 fieri
1278 3942 1583 4014 episcopos.
1633 3944 1907 4015 Synodum
1936 3946 2004 4002 ad
2044 3947 2161 4003 haec

566 4029 899 4085 emendanda
928 4033 1190 4089 celebrari
1218 4046 1443 4102 curent;
1476 4036 1805 4107 insuperque
1827 4040 2161 4095 constituant

566 4133 637 4175 ne
656 4119 851 4176 Judazis
872 4122 1178 4179 Christiana
1208 4125 1369 4182 liceat
1405 4126 1605 4183 habere
1630 4129 1919 4199 mancipia.
1962 4129 2041 4185 De
2066 4147 2159 4202 sy-

569 4209 714 4265 nodo
760 4211 1083 4268 celebranda
1124 4215 1318 4270 iterum
1363 4216 1576 4286 scripsit
1620 4218 1818 4276 multas
1845 4217 1872 4257 δ
1903 4220 2161 4290 epistolas

570 4298 784 4356 duobus
821 4303 977 4357 annis
1007 4303 1223 4375 elapsis.

640 4389 939 4448 Concilium
970 4401 1151 4450 tamen
1181 4411 1280 4466 pro
1308 4397 1640 4468 extirpandis
1668 4408 1724 4455 et
1766 4402 2102 4461 eliminandis
2129 4419 2162 4461 e

567 4482 715 4542 clero
742 4481 1022 4541 Gallicano
1051 4487 1356 4557 hujusmodi
1386 4490 1724 4559 corruptelis,
1758 4494 1904 4562 quod
1933 4498 2161 4552 sanctis-

568 4576 709 4632 simo
752 4572 995 4646 pontifici
1024 4577 1161 4633 adeo
1191 4577 1342 4633 cordi
1369 4586 1518 4647 erat,
1548 4581 1753 4636 nullum
1783 4583 1865 4639 his
1902 4587 2161 4656 tempori-

2265 3376 2420 3430 datur
2449 3380 2694 3443 assertio,
2736 3382 2872 3452 quod
2902 3384 3174 3437 excellenti
3214 3383 3500 3440 Gothorum
3545 3389 3652 3458 regi
3694 3398 3871 3445 vestra

2266 3466 2448 3522 Gloria
2498 3471 2675 3525 sedulo
2720 3473 2988 3528 adhterere
3027 3476 3323 3543 perhibetur
3352 3495 3371 3531 :
3397 3480 3517 3549 quia
3556 3482 3680 3533 dum
3710 3484 3870 3538 malis

2266 3559 2388 3614 boni
2414 3577 2616 3630 semper
2645 3564 2973 3632 displiceant,
3017 3565 3178 3621 bonos
3222 3584 3309 3623 vos
3362 3585 3471 3623 esse
3518 3578 3716 3623 certum
3761 3584 3868 3641 est,

2265 3654 2352 3725 qui
2382 3655 2515 3709 bono
2541 3657 2809 3726 placuistis
2834 3656 2973 3727 (Lib.
3001 3674 3071 3725 rx,
3092 3677 3171 3731 ep.
3205 3659 3349 3731 120).
3378 3661 3572 3717 Postea
3596 3664 3869 3733 optimum

2266 3747 2440 3802 virum
2471 3748 2537 3802 ad
2566 3752 3025 3818 perseverantiam
3058 3754 3338 3822 hortatur;
3367 3764 3422 3810 et
3452 3756 3506 3810 in
3533 3756 3630 3811 line
3652 3759 3872 3826 episto-

2266 3837 2331 3891 la:
2359 3840 2703 3895 commendat
2734 3840 3039 3913 Cyriacum,
3081 3852 3136 3896 ut
3160 3846 3382 3914 peractis
3413 3863 3526 3917 qua:
3552 3849 3596 3901 ei
3622 3850 3871 3920 injuncta

2265 3939 2433 3998 erant,
2467 3934 2613 3987 nulla
2641 3951 2757 3987 eum
2787 3936 3053 3989 remeandi
3081 3952 3228 3990 mora
3254 3939 3585 4009 prcepediret.
3620 3939 3699 3994 De
3726 3941 3868 3995 dua-

2264 4020 2365 4078 bus
2386 4023 2504 4079 aliis
2533 4025 2775 4095 epistolis
2803 4026 2870 4080 ab
2899 4026 3004 4082 hoc
3033 4026 3211 4096 legato
3232 4028 3286 4083 in
3308 4028 3619 4099 HiSpaniam
3644 4030 3865 4100 delatis,

2266 4130 2372 4170 una
2396 4117 2462 4170 ad
2489 4115 2816 4184 Leandrum,
2849 4118 3017 4174 altera
3045 4134 3174 4175 vero
3205 4120 3273 4175 ad
3295 4122 3469 4191 ipsum
3494 4137 3711 4192 regem,
3742 4139 3871 4195 quae

2265 4223 2398 4265 sane
2426 4218 2552 4265 sunt
2577 4212 2805 4277 eximiae,
2841 4220 3021 4268 tacere
3042 4228 3152 4269 non
3180 4222 3266 4269 est
3288 4215 3581 4284 integrum.

2336 4300 2424 4356 11.
2464 4301 2524 4357 In
2553 4304 2720 4373 priori
2760 4303 3051 4374 Gregorius
3086 4306 3223 4361 mire
3251 4306 3437 4362 laudat
3480 4308 3689 4364 litteras
3727 4325 3872 4381 quas

2264 4407 2437 4462 nuper
2466 4408 2496 4448 a
2526 4404 2717 4450 sancto
2749 4396 2867 4451 viro
2895 4404 3203 4467 acceperat.
3236 4397 3390 4465 Boni,
3424 4398 3619 4467 inquit,
3646 4401 3869 4471 sapien-

2267 4490 2437 4552 tesque
2479 4485 2603 4552 viri,
2651 4502 2768 4539 cum
2815 4486 3069 4557 legeretur
3108 4487 3245 4557 (haec
3277 4488 3529 4558 epistola)
3559 4490 3870 4559 adfuerunt,

2266 4591 2481 4645 quorum
2532 4579 2708 4632 statim
2755 4579 2950 4633 viscera
3004 4581 3060 4633 in
3110 4582 3555 4651 compunctionem
3606 4593 3872 4638 commota

570 4667 674 4723 bus
702 4668 945 4724 habitum
974 4669 1031 4724 in
1061 4666 1247 4725 Galliis
1284 4669 1531 4740 legimus,
1562 4670 1790 4730 fortasse
1836 4677 1981 4747 quod
2024 4677 2161 4750 Sya-
2189 4665 2243 4726 D
2270 4680 2410 4726 sunt.
2442 4669 2605 4738 Coepit
2632 4671 2844 4741 quisque
2884 4672 3076 4726 amoris
3122 4687 3281 4725 manu
3308 4672 3365 4725 in
3392 4688 3485 4727 suo
3513 4673 3668 4727 corde
3699 4682 3745 4728 te
3774 4692 3872 4729 ra-

570 4759 689 4829 grio
732 4759 833 4815 sibi
873 4761 1098 4830 prtelato
1145 4762 1413 4832 episcopi,
1461 4765 1865 4838 metropolitani
1902 4770 2156 4839 maxime,

570 4848 947 4919 obtemperare
974 4851 1418 4909 detractaverint.

636 4938 690 4992 8.
737 4939 855 4993 Non
892 4938 1187 4998 feliciorem
1215 4945 1423 5001 exitum
1459 4948 1646 5004 habuit
1675 4951 1820 5021 quod
1860 4955 2162 5023 postularat

569 5030 637 5086 ab
676 5030 866 5085 iisdem
900 5033 1117 5102 regibus
1139 5050 1240 5106 pro
1284 5038 1529 5097 Ursicino
1550 5083 1565 5109 ,
1598 5041 1917 5101 Taurinensi
1947 5048 2159 5117 cpisco-

567 5136 660 5193 po,
706 5123 981 5191 nimirum,
1020 5134 1081 5181 ut
1119 5127 1235 5198 ejus
1280 5128 1533 5189 Ecclesiae
1579 5133 1869 5191 subtracta:
1910 5140 2160 5207 quaedam

566 5213 841 5285 parochias
896 5216 1308 5278 restituerentur
1358 5223 1541 5294 (Ibid.
1598 5241 1716 5296 epp.
1740 5224 1855 5290 115
1895 5237 1946 5282 et
1995 5230 2155 5302 116).

568 5304 946 5365 Controversia
973 5313 1271 5381 praesertim
1312 5322 1431 5369 erat
1470 5316 1538 5369 de
1580 5312 2075 5376 Mauriennensibus
2104 5329 2162 5377 et

565 5395 1007 5470 Segusiensibus;
1062 5418 1200 5475 quas
1246 5420 1370 5462 cum
1422 5416 1740 5477 occupasset
1791 5408 2158 5468 Guntramnus

520 5584 531 5589 -
583 5605 599 5615 _
638 5544 668 5615 fl
696 5534 872 5615 Supra
892 5537 1423 5615 obseryavimusnon
1450 5540 1698 5615 omnibus
1722 5545 2156 5615 metropolitanis

567 5605 930 5679 datum’olim
978 5611 1218 5679 pallium.
1271 5610 1455 5677 Neque
1508 5611 1614 5666 illis
1660 5615 1788 5669 solis
1834 5605 2155 5673 concessum

564 5678 760 5751 probat
794 5678 1113 5751 exemplum
1162 5679 1390 5751 Syagrii.
1445 5679 1694 5739 Plurimis
1743 5686 1904 5740 etiam
1959 5686 2154 5743 Siciliae

567 5748 853 5816 episcopis,
888 5758 979 5801 aut
1007 5748 1356 5816 Syracusanis
1381 5761 1473 5806 aut
1502 5751 1897 5813 Panormitanis
1923 5771 2150 5815 conces-

567 5831 685 5891 sum
700 5818 915 5891 legitur
938 5820 992 5871 in
1019 5818 1361 5891 Gregorianis
1384 5824 1640 5891 epistolis.

643 5886 669 5925 δ
700 5886 834 5942 Vide
863 5886 960 5941 lib.
988 5903 1063 5955 ιι,
1089 5889 1156 5944 ab
1179 5905 1265 5960 ep.
1291 5892 1358 5947 ad
1384 5886 1473 5949 63.

2264 4779 2406 4835 pere,
2434 4763 2553 4832 quia
2584 4762 2637 4814 in
2658 4760 2754 4813 illa
2790 4760 3011 4829 epistola
3052 4770 3153 4816 tua:
3189 4762 3376 4816 mentis
3405 4761 3731 4818 dulcedinem
3758 4782 3872 4820 non

2264 4862 2377 4911 erat
2398 4853 2599 4916 audire,
2628 4852 2721 4907 sed
2745 4868 2974 4907 cernere.
3003 4854 3430 4909 Accendebantur
3457 4863 3507 4909 et
3535 4857 3871 4913 mirabantur

2265 4946 2477 5017 singuli,
2506 4954 2658 5017 atque
2686 4945 2798 5015 ipse
2828 4946 2965 5017 ignis
2988 4945 3311 5001 audientium
3339 4947 3751 5013 demonstrabat,
3774 4968 3871 5022 qut

2266 5038 2437 5108 fuerat
2470 5035 2628 5089 ardor
2657 5035 2894 5090 dicentis.
2928 5034 3059 5102 Quae
3099 5050 3232 5091 sane
3272 5051 3527 5107 magnum
3566 5038 3869 5108 deperdita:

2265 5126 2422 5197 hujus
2468 5127 2709 5198 epistolae
2762 5125 3087 5183 desiderium
3135 5134 3416 5196 generant.
3471 5127 3645 5183 Unum
3694 5130 3746 5184 in
3799 5146 3869 5185 ea

2264 5217 2536 5288 vituperat
2577 5215 2821 5287 pontifex
2867 5215 3196 5272 incredibilis
3243 5217 3595 5284 humilitatis,
3626 5226 3684 5274 et
3711 5218 3867 5276 dolet

2265 5307 2333 5363 ab
2363 5308 2537 5363 amico
2566 5308 2859 5378 scriptum;
2892 5306 3144 5362 nimirum
3167 5308 3328 5362 vitam
3346 5325 3498 5363 suam
3526 5312 3727 5365 cunctis
3747 5328 3869 5368 esse

2263 5401 2586 5457 imitabilem.
2638 5400 2732 5457 llis
2768 5408 3097 5472 provocatur
3144 5401 3213 5458 ad
3240 5402 3509 5475 lacrymas
3548 5404 3616 5460 de
3663 5406 3872 5464 amissa

2339 5556 2361 5585 ο
2395 5544 2542 5598 Dicta
2573 5550 2760 5613 postea
2787 5557 2908 5597 cum
2938 5542 3053 5613 ipsa
3092 5542 3233 5613 valle
3262 5542 3320 5597 S.
3353 5542 3589 5599 Joannes
3620 5544 3689 5600 de
3720 5545 3877 5604 Mau-

2259 5616 2465 5680 rienna,
2499 5612 2980 5685 ob'rmiraculorum
3010 5612 3067 5667 S.
3096 5612 3318 5685 Joannis
3344 5614 3601 5685 Baptistae
3630 5616 3875 5673 celebri-

2260 5694 2423 5740 tatem
2449 5688 2552 5740 hoc
2579 5684 2631 5756 in
2651 5686 2797 5756 locg,
2824 5684 2914 5739 ubi
2929 5684 3176 5756 insignes
3196 5684 3312 5754 ejus
3334 5684 3551 5756 exstant
3579 5685 3871 5756 reliquiae;

2257 5757 2326 5811 dc
2355 5756 2549 5825 quibus
2577 5755 2701 5810 vide
2726 5754 2888 5824 Greg.
2919 5755 3121 5812 Turon.
3144 5755 3240 5811 lib.
3282 5772 3302 5812 ι
3324 5757 3392 5813 de
3422 5754 3574 5813 Glor.
3610 5754 3777 5813 Mart.
3814 5754 3871 5816 ε.

2262 5826 2332 5881 14
2358 5838 2412 5882 et
2441 5841 2558 5895 seq.
