4130 6452
254 409 365 462 «ίὲῗὶ

744 406 803 462 8.
845 402 1175 462 GREGORII
1213 406 1432 464 MAGNI
1473 404 1658 475 VlTA,
1701 408 1789 464 EX
1838 408 2000 468 Ε]υὸ
2028 410 2337 471 SCRIPTIS
2371 415 2773 475 ADORNATA.
2814 420 2946 477 LIB.
2988 421 3081 481 iV.

3432 429 3542 486 426

250 526 457 597 prioris
497 526 620 581 vitae
666 526 1051 597 tranquillitate
1070 566 1086 591 ,
1130 527 1435 599 adeptoque
1480 528 1795 597 pontificatu
1830 546 1842 581 :
1876 530 1927 591 Α
1953 529 2237 584 admiretur
2266 532 2406 602 ipsa,
2428 550 2581 604 quam
2610 539 2716 592 sint
2741 555 2933 612 magna
2960 555 3077 611 qua:
3096 540 3237 612 fecit.
3261 540 3393 608 Quae
3419 548 3542 605 dum

252 618 423 684 Quasi
467 623 624 688 enim,
667 621 857 689 inquit,
896 635 1140 691 prospero
1187 621 1317 690 flatu
1350 621 1685 692 navigabam,
1737 638 1852 676 cum

250 712 600 781 tranquillam
626 712 784 765 vitam
806 713 863 765 in
890 712 1205 767 monasterio
1234 716 1491 766 ducerem.
1526 712 1635 767 Sed
1654 714 1856 782 procel-

249 804 377 859 losis
410 804 582 859 subito
622 804 845 859 motibus
889 813 1164 876 tempestas
1191 816 1401 870 exorta,
1433 808 1503 860 in
1529 823 1624 860 sua
1650 816 1853 877 pertur-

248 897 467 952 batione
503 916 585 953 me
624 901 816 969 rapuit,
868 909 916 953 et
962 902 1357 971 prosperitatem
1402 901 1606 955 itineris
1649 903 1850 957 amisi:

247 991 373 1062 quia
420 994 593 1063 quiete
631 993 835 1061 perdita
872 994 1059 1047 mentis
1099 993 1434 1064 naufragium
1464 994 1673 1064 pertuli.
1714 990 1851 1048 Ecce

247 1096 391 1134 nunc
434 1083 490 1135 in
532 1082 686 1136 undis
712 1099 915 1146 versor,
948 1097 998 1136 et
1045 1091 1147 1136 tua:
1191 1083 1577 1138 intercessionis
1618 1084 1849 1141 tabulam

246 1188 452 1244 qutero,
483 1183 541 1226 ut
569 1175 653 1245 qui
683 1176 801 1229 navi
841 1175 1046 1247 integra
1071 1176 1207 1230 dives
1237 1179 1499 1246 pervenire
1527 1194 1631 1232 non
1656 1180 1845 1246 merui,

248 1265 441 1320 saltem
471 1274 590 1337 post
609 1267 803 1321 damna
831 1267 903 1322 ad
930 1267 1075 1322 littus
1094 1285 1188 1339 per
1212 1269 1443 1323 tabulam
1463 1271 1687 1325 reducas
1705 1270 1844 1343 (Lib.

248 1371 325 1423 rx,
359 1374 447 1425 ep.
482 1356 632 1428 121).

320 1450 380 1507 1η
404 1452 519 1508 ﬁne
544 1453 785 1523 epistolae
812 1451 1078 1524 significat
1102 1457 1325 1512 missum
1355 1457 1425 1511 ad
1454 1458 1755 1513 Leandrum
1777 1474 1845 1515 ex

244 1540 304 1596 S.
345 1541 496 1598 Petri
522 1543 898 1601 benedictione
927 1547 1167 1616 pallium,
1198 1547 1341 1617 quod
1372 1558 1426 1604 et
1456 1552 1688 1622 antiqua:
1717 1568 1845 1608 con-

243 1634 549 1701 suetudini,
580 1644 635 1691 et
662 1636 826 1707 ipsius
854 1640 1106 1708 gravitati
1142 1656 1206 1696 ac
1244 1641 1503 1709 bonitati,
1536 1652 1592 1699 et
1628 1645 1843 1701 Recha-

243 1729 362 1783 redi
392 1731 557 1799 regis,
590 1733 681 1800 qui
721 1731 863 1788 hunc
888 1732 1153 1790 honorem
1202 1751 1301 1790 suo
1346 1735 1398 1791 in
1442 1735 1547 1793 fide
1576 1740 1842 1795 catholica

243 1819 391 1887 patri
434 1829 495 1875 et
530 1822 785 1890 magistro
812 1825 1038 1880 concedi
1077 1834 1327 1894 rogarat,
1351 1827 1568 1897 optimis
1602 1830 1842 1886 moribus

238 1906 367 1978 jure
398 1908 700 1966 debebatur
723 1911 862 1982 (Lib.
890 1930 965 1978 rx,
1007 1932 1089 1985 ep.
1122 1914 1271 1985 122).

316 2021 411 2076 l9...
442 2022 502 2077 In
525 2024 752 2093 epistola
776 2039 882 2095 qua
906 2034 929 2062 ε·
948 2026 1143 2082 litteris
1164 2043 1194 2082 a
1214 2042 1343 2097 rege
1366 2031 1602 2102 acceptis
1620 2048 1846 2103 respon-

241 2112 339 2168 det
370 2111 433 2168 S.
474 2112 783 2183 Gregorius,
830 2133 937 2173 non
985 2119 1166 2175 minus
1210 2120 1385 2177 elucet
1426 2139 1632 2179 summa
1681 2126 1844 2181 animi

241 2202 529 2260 demissio.
562 2205 693 2260 Nam
731 2217 1017 2278 postquam
1049 2209 1115 2266 de
1138 2213 1412 2269 conversis
1450 2214 1517 2268 ad
1549 2215 1708 2271 tidem
1752 2232 1845 2273 ca-

243 2294 511 2351 tholicam
560 2296 860 2355 Recharedi
910 2318 1075 2371 opera
1126 2306 1373 2361 omnibus
1426 2306 1647 2378 Gothis,
1697 2314 1845 2380 prius

245 2385 505 2455 Arianis,
556 2391 878 2447 exclamavit
915 2404 1134 2465 stupens
1178 2416 1190 2450 :
1239 2398 1372 2453 Haec
1422 2409 1499 2455 est
1554 2403 1842 2460 immutatio

247 2477 483 2535 dextera:
510 2483 698 2537 excelsi
729 2484 899 2556 (Psal.
927 2502 1105 2553 Lxxvr,
1140 2488 1265 2557 il);
1290 2490 1466 2545 subdit
1495 2509 1512 2545 :
1538 2495 1683 2564 cujus
1707 2497 1844 2551 enim

244 2571 329 2625 vel
347 2588 570 2627 saxeum
596 2583 772 2645 pectus
801 2584 947 2632 tanto
976 2579 1073 2633 hoc
1100 2597 1253 2651 opere
1280 2584 1504 2654 cognito,
1537 2602 1641 2639 non
1669 2588 1845 2641 statim

246 2658 303 2715 in
324 2664 691 2733 omnipotentis
719 2666 819 2722 Dei
854 2667 1113 2736 laudibus,
1140 2681 1291 2745 atque
1318 2676 1371 2728 in
1403 2684 1502 2730 tua:
1530 2678 1845 2734 excellentia:

248 2772 429 2811 amore
460 2759 764 2814 mollescat?
811 2762 940 2817 Hcec
986 2781 1082 2829 me,
1116 2767 1302 2835 fateor,
1329 2785 1443 2839 qua:
1469 2785 1562 2839 per
1603 2785 1689 2823 vos
1727 2779 1844 2823 acta

249 2855 391 2911 sunt,
418 2865 559 2920 saepe
586 2853 998 2908 convenientibus
1024 2856 1151 2925 ﬁliis
1183 2860 1310 2912 meis
1339 2860 1527 2926 dicere,
1569 2877 1703 2929 swpe
1730 2879 1843 2916 cum

247 2938 325 2991 eis
353 2942 557 3007 pariter
577 2943 825 2998 admirari
850 2932 1089 3001 delectat.
1116 2947 1165 3001 Η
1174 2966 1247 3003 (ec
1269 2967 1349 3003 me
1371 2952 1669 3022 plerumque
1686 2954 1843 3008 etiam

249 3035 437 3083 contra
479 3048 558 3085 me
598 3035 857 3103 excitant,
888 3038 1024 3108 quod
1071 3040 1338 3115 pigerego
1381 3050 1429 3095 et
1475 3044 1673 3096 inutilis
1723 3051 1843 3097 tunc

247 3117 411 3173 inerti
440 3123 546 3176 otio
569 3133 763 3195 torpeo,
797 3128 1000 3197 quando
1028 3129 1082 3183 in
1114 3133 1407 3186 animarum
1435 3134 1595 3205 288
1623 3151 1841 3206 congre-

250 3213 551 3282 gationibus
594 3234 687 3287 pro
734 3221 876 3274 lucro
906 3221 1124 3275 ctelestis
1162 3226 1347 3292 patria:
1375 3241 1520 3297 reges
1548 3226 1837 3282 elaborant.

250 3299 392 3366 Quid
420 3308 600 3377 itaque
628 3325 720 3380 ego
748 3312 802 3363 in
847 3311 939 3365 illo
977 3314 1239 3367 tremendo
1280 3319 1517 3371 examine
1554 3319 1723 3388 judici
1754 3338 1840 3375 ve-

248 3392 413 3448 nienti
445 3397 676 3453 dicturus
704 3416 836 3465 sum,
866 3403 911 3455 si
953 3411 1073 3457 tunc
1120 3405 1242 3458 illuc
1288 3423 1472 3461 vacuus
1519 3425 1721 3474 venero,
1754 3411 1843 3465 ubi

250 3495 339 3541 tua
379 3490 692 3545 excellentia
739 3511 916 3567 greges
964 3505 1082 3565 post
1124 3515 1179 3552 se
1225 3499 1458 3571 ﬁdelium
1504 3502 1671 3569 ducet,
1716 3522 1841 3576 quos

244 3580 401 3635 modo
415 3581 504 3635 'ad
531 3598 663 3639 uera:
687 3586 813 3656 ﬁdei
865 3590 1090 3658 gratiam
1137 3608 1230 3659 per
1277 3594 1563 3647 studiosam
1600 3604 1649 3649 et
1677 3599 1843 3651 conti-

245 3684 409 3723 nuam
441 3674 865 3741 praedicationem
897 3680 1056 3731 traxit
1095 3678 1235 3750 (Lib.
1265 3698 1339 3746 1x,
1367 3702 1448 3753 ep.
1480 3685 1626 3757 “2).

318 3759 521 3818 Postea
550 3765 749 3832 gratias
768 3767 878 3834 agit
898 3782 997 3837 pro
1022 3772 1333 3826 muneribus
1352 3775 1511 3841 regiis
1538 3776 1604 3829 ad
1624 3777 1840 3833 beatum

246 3850 473 3908 Petrum
503 3855 679 3910 missis
707 3856 785 3926 (in
813 3858 895 3911 his
924 3868 1042 3913 erat
1071 3862 1211 3915 calix
1242 3865 1493 3934 aureus),
1528 3874 1584 3920 et
1610 3871 1844 3925 maxime

246 3942 441 4001 laudat
481 3960 664 4016 regem
706 3949 775 4004 ob
805 3950 1061 4020 rejectam
1102 3953 1373 4025 ingentem
1414 3961 1655 4025 pecuniae
1694 3977 1842 4016 sum-

247 4050 419 4103 mam,
446 4051 608 4107 quam
638 4037 807 4094 Judaei
835 4041 1165 4111 obtulerant,
1193 4055 1252 4100 ut
1280 4046 1455 4115 legem
1482 4056 1672 4105 contra
1699 4053 1843 4122 ipsos

249 4126 415 4185 latam
461 4130 714 4199 refigeret
746 4152 757 4187 :
791 4148 898 4204 quo
928 4134 1104 4202 facto,
1147 4153 1279 4195 auro
1309 4143 1670 4198 innocentiam
1708 4163 1845 4215 prae-

250 4221 391 4284 tulit,
424 4229 482 4275 et
518 4222 777 4278 Davidem
803 4226 1086 4285 aemulatus
1106 4240 1209 4297 est,
1237 4231 1346 4288 imo
1375 4236 1667 4303 superavit.
1708 4237 1843 4293 Nam

245 4314 293 4367 si
309 4315 373 4367 ab
396 4326 605 4370 armato
633 4335 752 4389 rege
778 4321 831 4373 in
854 4322 1170 4392 sacriﬁcium
1181 4322 1280 4379 Dei
1301 4342 1447 4381 uersa
1468 4337 1544 4382 est
1565 4346 1699 4401 aqua
1720 4348 1844 4386 con-

251 4412 466 4475 temma,
498 4424 766 4478 pensemus
813 4413 964 4480 quale
1006 4416 1322 4485 sacriﬁcium
1362 4420 1703 4490 omnipotenti
1734 4422 1844 4479 Deo

250 4512 341 4551 rex
368 4500 573 4567 obtulit,
593 4503 679 4573 qui
702 4520 795 4573 pro
823 4521 998 4560 amore
1017 4508 1159 4562 illius
1189 4526 1292 4565 non
1316 4527 1524 4583 aquam,
1546 4513 1638 4567 sed
1657 4532 1844 4570 aurum

251 4591 874 4666 accipere_cuntempsit?
921 4596 1133 4669 Itaque,
1165 4602 1244 4672 ﬁli
1290 4606 1739 4674 excellentissime,
1773 4611 1843 4679 ﬁ-

254 4682 436 4738 denter
464 4686 654 4755 dicam,
681 4690 802 4759 quia
830 4690 1004 4745 libasti
1026 4711 1209 4750 aurum
1239 4695 1484 4767 Domino,
1507 4702 1643 4770 quod
1662 4713 1846 4758 contra

252 4789 367 4830 eum
386 4777 579 4833 habere
601 4781 833 4836 noluisti.
870 4784 1071 4856 Magna
1097 4800 1217 4842 sunt
1245 4791 1372 4859 liceo,
1403 4802 1454 4847 et
1484 4797 1849 4867 omnipotentis

255 4864 354 4921 Dei
383 4869 531 4924 laudi
560 4870 833 4927 tribuenda
864 4873 1005 4944 (Lib.
1035 4894 1109 4944 ix,
1141 4897 1223 4950 ep.
1257 4880 1369 4954 61).

329 4978 417 5036 15.
463 4958 677 5049 Quanto
704 4987 1079 5054 praestantiora
1103 5000 1257 5045 erant
1281 5008 1397 5062 qua:
1418 4995 1484 5051 de
1506 4997 1691 5067 juveni
1720 5015 1850 5071 rege

258 5074 512 5128 narrabat
543 5075 853 5147 Gregorius,
887 5087 1037 5135 tanto
1066 5082 1240 5152 majus
1268 5084 1580 5144 imminebat
1606 5106 1635 5145 a
1657 5108 1848 5163 super-

260 5163 359 5221 biae
385 5168 577 5238 spiritu
606 5172 926 5240 periculum.
957 5171 1141 5245 Neque
1168 5178 1324 5243 enim,
1350 5177 1539 5247 inquit,
1568 5180 1847 5242 latrunculi

257 5257 313 5312 in
358 5262 442 5316 via
485 5278 667 5334 capere
710 5267 929 5321 viatores
972 5285 1164 5323 vacuos
1210 5280 1475 5342 expetunt,
1508 5274 1600 5328 sed
1646 5294 1731 5331 eos
1760 5281 1845 5350 qui

259 5354 374 5407 auri
393 5356 604 5409 vascula
647 5358 723 5411 vel
759 5361 963 5429 argenti
993 5362 1186 5433 ferunt.
1228 5362 1415 5433 Itaque
1443 5373 1633 5423 contra
1670 5369 1847 5427 dolosi

260 5440 429 5502 hostis
463 5447 690 5506 latentes
730 5453 952 5510 insidias
981 5470 1105 5511 eum
1132 5457 1343 5514 eximiis
1377 5462 1597 5520 monitis
1620 5473 1677 5520 et
1702 5481 1842 5536 prte-

260 5541 428 5607 ceptis
466 5546 815 5601 muniendum
870 5549 1098 5616 putavit.
1143 5550 1297 5623 Swpe
1340 5570 1590 5627 namque,
1644 5557 1841 5627 inquit,

259 5632 517 5705 malignus
546 5639 757 5705 spiritus
786 5646 842 5691 ut
870 5639 1006 5696 bona
1028 5642 1261 5700 destruat
1280 5646 1462 5718 quibus
1487 5650 1632 5719 prius
1659 5651 1845 5707 adver-

262 5723 367 5775 sari
395 5742 497 5781 non
543 5729 724 5796 valuit,
768 5730 839 5784 ad
866 5736 1128 5803 operantis
1167 5747 1389 5795 mentem
1437 5751 1553 5811 post
1582 5755 1845 5813 peractam

264 5820 611 5877 Operationem
650 5823 819 5887 venit,
862 5840 1074 5896 eamque
1121 5830 1293 5884 tacitis
1341 5832 1741 5901 cogitationibus
1788 5836 1841 5889 in

266 5906 560 5970 quibusdam
588 5914 693 5966 suis
727 5912 963 5972 laudibus
1003 5921 1229 5986 excutit;
1262 5922 1333 5975 ita
1371 5932 1425 5975 ut
1459 5924 1670 5997 decepta
1698 5944 1840 5981 mens

506 6016 778 6068 ιἰτιιοι..
820 6009 1075 6071 LXXV.
1354 6004 1361 6013 ’

1952 640 2044 688 per
2093 625 2347 678 occultum
2393 635 2641 684 tumorem
2687 633 2827 703 apud
2878 635 3204 705 semetipsum
3254 639 3541 708 emtollitur,
3628 646 3633 649 “

1952 715 2064 785 ejus
2086 718 2171 787 qui
2197 717 2388 772 donum
2411 720 2610 790 tribuit,
2645 727 2815 793 gratia
2850 726 3222 794 privatur......
3256 727 3392 795 Quid
3419 750 3542 806 ergo

1951 809 2005 863 in
2028 810 2107 864 his
2136 812 2394 881 agendum
2413 823 2511 881 est,
2534 815 2635 869 nisi
2664 826 2722 869 ut
2743 818 3000 890 malignus
3024 822 3238 890 spiritus
3260 840 3376 879 cum
3398 826 3543 883 nobis

1952 902 2021 955 ad
2048 903 2349 960 elevandam
2374 916 2594 961 mentem
2632 908 2831 963 reducit
2857 909 2992 965 bona
3036 930 3151 983 qute
3197 916 3414 986 egimus,
3446 937 3540 975 nos

1952 1009 2151 1065 semper
2179 998 2249 1050 ad
2276 1001 2581 1054 memoriam
2610 1002 2751 1055 mala
2784 1012 2967 1057 nostra
2998 1022 3292 1063 revocemus
3315 1025 3333 1064 :
3356 1020 3541 1079 quate-

1951 1103 2047 1141 nus
2068 1097 2118 1142 et
2143 1100 2325 1145 nostra
2353 1108 2724 1164 cognoscamus
2743 1109 2855 1148 esse
2878 1111 2993 1166 qua:
3020 1100 3281 1165 peccando
3304 1103 3539 1173 fecimus,

1951 1186 2001 1230 et
2021 1179 2182 1234 solius
2210 1183 2576 1252 omnipotentis
2605 1183 2705 1239 Dei
2732 1201 2969 1253 munera,
3003 1203 3119 1241 cum
3144 1203 3357 1258 peccata
3380 1195 3542 1250 decli-

1950 1286 2134 1331 namus
2154 1275 2178 1329 θ

2019 1362 2126 1419 Pro
2155 1368 2394 1438 acceptis
2440 1383 2470 1423 a
2520 1383 2648 1440 rege
2694 1371 3006 1429 muneribus
3052 1388 3233 1430 sacras
3286 1376 3543 1447 reliquias

1948 1454 2193 1523 rependit
2222 1456 2280 1511 S.
2314 1457 2624 1527 Gregorius.
2658 1461 2841 1530 Longe
2862 1464 3125 1533 ampliora
3159 1466 3302 1521 dona
3331 1467 3545 1523 Recha-

1948 1546 2110 1602 redus
2136 1549 2359 1605 miserat
2378 1550 2468 1605 diu
2490 1560 2647 1607 antea
2676 1568 2776 1623 per
2800 1555 3008 1625 legatos
3034 1557 3127 1625 qui
3156 1566 3311 1612 erant
3333 1558 3543 1614 abbates

1946 1652 2013 1691 ex
2049 1643 2409 1707 monasteriis;
2441 1651 2495 1695 at
2518 1645 2825 1714 quibusdam
2869 1647 3094 1717 scopulis
3142 1666 3302 1718 prope
3348 1649 3544 1705 Massi-

1946 1729 2072 1783 liam
2098 1732 2429 1800 inltwrentes,
2475 1736 2559 1789 vix
2586 1752 2709 1790 suas
2751 1746 3027 1805 potuerunt
3071 1742 3275 1795 animas
3325 1741 3545 1798 liberare

1949 1822 2090 1894 (Lib.
2119 1841 2194 1889 ix,
2227 1844 2310 1897 ep.
2341 1826 2454 1898 6i).
2483 1828 2588 1885 Sed
2622 1830 2691 1885 de
2720 1827 3049 1900 Gregoriana
3090 1833 3157 1888 ad
3186 1834 3329 1890 hunc
3356 1848 3541 1903 regem

1874 1913 1922 1974 Β
1949 1920 2177 1987 epistola
2207 1923 2337 1978 satis
2355 1962 2371 1989 ,
2400 1924 2634 1980 maxime
2660 1940 2784 1981 cum
2808 1927 2861 1981 in
2890 1929 3036 1984 notis
3064 1930 3130 1984 ad
3179 1930 3380 2000 ipsam,
3425 1932 3543 2003 ejus

1950 2013 2268 2070 excellentia
2296 2018 2724 2074 commendetur.

2563 2128 2793 2185 CAPUT
2828 2131 2917 2187 ΠΙ.

1946 2216 2291 2285 nomn—Lf.
2321 2220 2590 2285 Gregorius
2630 2231 2893 2285 aegrotans,
2932 2224 3053 2273 nihil
3095 2228 3301 2278 remittit
3321 2229 3387 2278 de
3429 2241 3546 2279 cura

2012 2281 2752 2351 pastoralis—:2.'Crementius
2780 2281 3048 2351 Byzacenae
3072 2292 3336 2348 provinciae
3363 2295 3545 2351 primas

2009 2343 2071 2391 ad
2113 2344 2220 2403 ejus
2258 2345 2503 2411 judicium
2532 2344 2771 2406 confugit.
2795 2343 2856 2382 έ-
2878 2349 2939 2411 75.
2966 2343 3455 2411 Metropolitanor'um
3497 2356 3547 2402 in

2006 2416 2109 2452 sum
2139 2408 2397 2473 provinciae
2427 2407 2980 2473 episeopos‘auctoritas.
3006 2434 3068 2445 —
3086 2407 3144 2473 {ti
3160 2410 3408 2473 Vagantes
3433 2415 3547 2463 abs-

2007 2479 2107 2537 que
2120 2469 2500 2537 “metropolitani
2532 2468 2731 2537 licentia
2768 2473 3023 2537 episcOpos
3051 2472 3110 2520 ad
3136 2468 3440 2524 eos'remitti
3463 2478 3547 2537 jn-

2008 2528 2094 2597 bet
2119 2528 2170 2577 S.
2190 2528 2485 2597 Gregorius.
2512 2531 2638 2597 -Α5.
2667 2528 3167 2597 Ρρτρξίιτὶυόὶοὶοιυωη
3195 2537 3245 2583 in
3272 2528 3545 2597 episcopos,

2008 2590 2056 2637 in
2081 2584 2489 2641 condemn'atione
2517 2594 2735 2653 episcopi
2764 2584 3187 2643 Melitensis.——6.
3215 2584 3546 2646 Defensorum

2006 2653 2219 2720 otbqium
2257 2658 2554 2720 usurpantes
2594 2658 2885 2720 puniuntur._
2904 2682 2966 2691 --
2987 2659 3034 2705 7.
3059 2656 3269 2706 Humilis
3288 2663 3548 2720 responsio

2008 2713 2059 2782 S_.
2089 2712 2321 2782 Gregorii
2362 2712 2423 2782 ad
2468 2712 2671 2782 injustas
2708 2716 3105 2782 querelas—8.
3148 2719 3206 2782 in
3245 2712 3393 2767 variis
3438 2723 3546 2782 ejus

2008 2775 2227 2841 decretis
2246 2781 2427 2841 quanta
2462 2775 2960 2841 eluceatpruidentia.
2977 2804 3041 2815 -—-
3061 2781 3108 2829 9.
3136 2780 3324 2838 Quanta
3351 2775 3541 2841 ejus'de

2009 2837 2258 2886 monachis
2275 2836 2634 2887 sollicitudo.—-
2652 2836 2725 2888 10.
2751 2840 2802 2887 8.
2830 2836 3292 2891 (Σοιυωὺεηυέθυω
3316 2836 3544 2894 consulit.

2009 2899 2124 2954 (An.
2145 2898 2238 2947 598
2263 2907 2313 2947 et
2338 2899 2471 2958 599.)

1998 3000 2071 3071 ¹1.
2101 2998 2217 3055 Etsi
2244 3009 2584 3072 compertum
2629 3002 2894 3059 habemus
2923 3004 3027 3059 hoc
3056 3004 3357 3074 praesertim
3400 3022 3547 3061 anno

1944 3094 2266 3162 Gregorium
2306 3093 2519 3149 infirma
2548 3110 2705 3150 usum
2752 3110 2873 3151 esse
2908 3097 3251 3165 valetudine,
3281 3114 3347 3154 ac
3375 3100 3549 3169 poda-

1944 3198 2038 3254 gra
2067 3184 2376 3252 laborasse,
2405 3201 2701 3257 numquam
2730 3196 2912 3243 tamen
2962 3198 3244 3245 strenuum
3273 3206 3333 3246 se
3379 3192 3549 3260 magis

1871 3289 1918 3352 α
1946 3275 2183 3331 ostendit
2204 3277 2259 3330 in
2291 3280 2649 3349 exsequendis
2676 3294 2796 3350 quae
2820 3282 2902 3335 sui
2923 3290 3079 3335 erant
3102 3280 3285 3350 ofﬁcii,
3309 3283 3386 3337 uti
3416 3300 3548 3353 pro-

1946 3366 2078 3421 bant
2126 3374 2209 3423 tot
2256 3368 2421 3423 variis
2456 3370 2523 3425 de
2553 3372 2784 3439 negotiis
2835 3372 2903 3426 ad
2934 3373 3172 3427 universi
3215 3389 3355 3443 pene
3402 3375 3549 3431 orbis

1946 3453 2237 3512 Christiani
2266 3459 2552 3530 episcopos
2578 3460 2646 3515 ab
2676 3476 2743 3516 eo
2772 3462 2987 3530 scripue
3016 3463 3259 3533 epistolae
3296 3462 3439 3535 (Lib.
3471 3481 3546 3526 ix.

1944 3562 2025 3616 ep.
2055 3546 2153 3601 121
2179 3565 2193 3613 ;
2227 3547 2344 3602 Lib.
2377 3564 2433 3615 x,
2464 3566 2547 3619 ep.
2573 3549 2664 3623 55)
2701 3569 2713 3604 :
2747 3553 2883 3607 adeo
2911 3562 2969 3606 ut
2995 3555 3276 3625 perpensis
3307 3571 3425 3624 quae
3450 3573 3549 3626 pro

1945 3634 2188 3693 Ecclesia
2217 3646 2273 3693 et
2296 3640 2576 3708 republica
2618 3642 2785 3708 gessit
2811 3642 2993 3697 dicere
3035 3645 3217 3711 libeat,
3249 3653 3549 3713 :cgrotante

1946 3724 2225 3796 Gregorio,
2252 3742 2468 3797 semper
2489 3731 2719 3785 valuisse
2749 3747 2812 3785 ac
2840 3733 3071 3801 viguisse
3098 3736 3429 3805 pontificem.

2018 3817 2071 3869 2.
2100 3817 2358 3872 Extrema
2398 3834 2464 3873 ex
2496 3818 2699 3886 Africa,
2726 3822 2980 3876 nimirum
3018 3840 3087 3878 ex
3114 3826 3394 3894 Byzacena
3425 3842 3551 3895 pro-

1945 3908 2121 3963 vincia
2150 3908 2493 3963 Crementius
2534 3910 2700 3979 ipsius
2729 3913 2930 3981 primas
2978 3915 3046 3967 ad
3091 3931 3243 3985 papa:
3287 3916 3549 3984 judicium

1918 4032 1925 4037 -
1949 3998 2169 4053 tandem
2200 3998 2493 4066 confugere
2517 4006 2738 4055 coactus
2768 4009 2869 4055 est.
2896 4001 2943 4057 ls
2971 4002 3039 4057 de
3062 4004 3296 4073 quodam
3318 4006 3548 4062 crimine

1947 4092 2124 4147 fuerat
2149 4101 2436 4148 accusatus
2456 4135 2472 4159 ,
2504 4102 2559 4147 et
2607 4094 2901 4163 imperator
2930 4110 3050 4149 eum
3088 4095 3242 4165 juxta
3288 4100 3551 4155 canonica

1947 4191 2151 4239 statuta
2196 4183 2442 4239 voluerat
2489 4200 2521 4239 a
2551 4184 2797 4240 Romano
2851 4187 3107 4256 pontifice
3149 4186 3412 4257 judicari,
3457 4190 3552 4248 sed

1949 4274 2266 4331 Theodorus
2311 4276 2568 4345 magister
2616 4278 2865 4343 militum,
2907 4280 3146 4350 acceptis
3196 4281 3385 4337 decem
3434 4284 3550 4337 auri

1947 4365 2116 4432 libris,
2149 4366 2347 4422 obstitit
2376 4374 2433 4420 ut
2456 4368 2667 4422 minime
2697 4369 2863 4439 ﬁeret.
2896 4370 3133 4438 Urgebat
3159 4379 3340 4426 tamen
3365 4374 3551 4442 Augu-

1948 4468 2065 4516 stus
2093 4468 2155 4515 ut
2191 4475 2332 4531 papa
2363 4462 2736 4515 transmitteret
2764 4462 2995 4532 aliquem
3013 4504 3029 4529 ,
3058 4474 3107 4517 et
3131 4465 3383 4535 quidquid
3418 4475 3550 4518 esset

1950 4555 2257 4610 canonicum
2295 4557 2509 4623 faceret.
2543 4554 2881 4611 Crementius
2910 4557 3094 4624 itaque
3134 4571 3167 4609 a
3195 4556 3304 4609 suis
3330 4556 3551 4625 collegis

1870 4670 1926 4731 ι)
1950 4655 2005 4699 et
2026 4646 2363 4716 coepiscopis
2387 4646 2682 4716 impetitus,
2707 4648 2941 4702 instante
2963 4646 3176 4702 aliunde
3197 4647 3546 4718 imperatore,

1952 4737 2097 4792 misit
2126 4738 2180 4792 in
2208 4736 2444 4791 Siciliam
2477 4738 2763 4793 Martinum
2788 4739 3171 4794 scholasticum
3196 4740 3261 4794 ad
3282 4738 3546 4798 Joannem

1950 4825 2372 4898 Syracusanum,
2399 4842 2558 4897 quem
2590 4829 2797 4883 sciebat
2824 4825 3087 4898 Gregorio
3110 4832 3471 4899 gratissimum
3494 4842 3551 4889 et

1951 4920 2293 4986 familiarem,
2321 4927 2381 4973 ut
2405 4934 2471 4973 eo
2492 4918 2708 4973 favente
2736 4919 2942 4975 facilius
2967 4931 3153 4991 posset
3173 4939 3384 4981 summo
3409 4942 3549 4997 pon-

1954 5008 2083 5065 tifici
2112 5010 2397 5078 obrepere.
2432 5007 2793 5064 Profitebatur
2821 5010 2908 5065 hic
2935 5013 3137 5081 primas
3157 5030 3215 5070 se
3237 5018 3548 5087 apostolicze

1955 5098 2069 5155 sedi
2098 5098 2403 5168 subjectum
2434 5112 2581 5164 esse;
2615 5098 2708 5153 sed
2755 5099 2975 5155 dubium
3022 5113 3139 5159 erat
3184 5113 3362 5160 utrum
3413 5123 3549 5178 pure

1956 5178 2025 5248 an
2057 5194 2198 5249 ficte.
2232 5192 2387 5259 Quod
2414 5201 2592 5247 autem
2623 5208 2682 5249 se
2708 5192 2923 5251 dicebat
2943 5197 3057 5253 sedi
3083 5201 3390 5269 apostolicm
3421 5202 3547 5253 suh-

1949 5286 2079 5357 jici,
2131 5288 2175 5342 si
2218 5304 2319 5358 qua
2349 5287 2501 5359 culpa
2546 5290 2601 5342 in
2640 5291 2893 5362 episcopis
2934 5294 3219 5359 invenitur,
3265 5295 3437 5363 inquit
3482 5296 3538 5349 S.

1955 5378 2174 5444 Doctor,
2192 5381 2364 5434 nescio
2386 5381 2500 5452 quis
2521 5382 2567 5435 ei
2583 5383 2851 5454 episcopus
2866 5384 3127 5457 subjectus
3148 5403 3254 5441 non
3276 5389 3360 5441 sit.
3381 5388 3545 5457 (Vide

1955 5471 2046 5525 lib.
2074 5488 2152 5540 Ix,
2181 5489 2264 5543 ep.
2300 5470 2416 5542 59.)

2026 5564 2365 5621 Crementius
2407 5565 2636 5639 ejusque
2672 5576 2930 5639 patronus
2965 5570 3225 5625 Martinus
3262 5570 3545 5626 scholasti-

1951 5668 2076 5722 cus,
2123 5662 2183 5709 ut
2237 5656 2645 5728 Byzacenorum
2698 5661 3077 5731 episc0porum
3139 5662 3544 5718 criminationes

1948 5748 2157 5806 facilius
2184 5750 2454 5808 diluerent
2482 5763 2539 5809 et
2569 5754 2621 5807 in
2647 5769 2744 5811 eos
2767 5764 3096 5823 regererent,
3122 5755 3191 5811 de
3214 5756 3347 5827 ipsis
3367 5758 3543 5814 varias

1947 5842 2197 5910 querelas
2247 5842 2315 5898 ad
2346 5859 2613 5901 summum
2656 5845 2966 5916 pontificem
2996 5847 3239 5905 detulere
3264 5866 3279 5916 ;
3309 5852 3547 5907 maxime

1948 5934 2090 6002 quod
2120 5950 2185 5989 ex
2222 5933 2325 5990 illis
2355 5935 2519 6006 aliqui
2549 5938 2663 5992 sine
2693 5938 2937 6008 primatis
2965 5940 3045 5993 sui
3079 5940 3323 6012 epistolis
3354 5944 3419 5999 ad
3448 5957 3545 5999 co-

3090 6034 3159 6091 ilt-
3408 6038 3409 6041 “
