4130 6488
523 413 626 469 487
984 409 1044 467 S.
1080 402 1417 466 GREGORH
1455 407 1666 464 IAGM
1710 406 1889 476 VITA,
1929 404 2025 461 EX
2064 402 2228 462 EJUS
2262 402 2570 461 SCRIPTIS
2609 402 3005 463 ADORNATA.
3049 404 3179 463 LIB.
3222 405 3310 460 ιν.
3688 404 3803 459 428

517 525 1023 599 mihtm'prabecti
1044 534 1248 593 essent,
1277 534 1343 583 οι
1376 535 1679 587 conventus
1724 526 1942 583 illicitos
1967 525 2106 581 cele-
2130 528 2185 588 Δ
2210 524 2541 592 instituerat,
2571 541 2732 597 quam
2780 526 3135 596 perscriptam
3184 525 3252 582 ad
3281 538 3551 581 summum
3586 523 3813 593 [inutili-

516 625 756 681 δῖναι.
800 621 860 675 id
895 621 1117 677 mittime
1159 622 1261 677 sibi
1290 623 1507 692 probari
1551 623 1877 693 signiﬁcavit
1902 620 2109 691 Grego-
2212 633 2331 674 cem
2382 621 2603 678 miserat
2652 629 2864 691 postea.
2914 620 3030 687 Qua
3078 620 3217 675 lecta
3271 618 3566 687 Gregorius
3612 615 3813 673 Joanni

481 717 648 800 frius,
696 722 758 770 at
808 713 867 770 in
918 714 1023 769 hoc
1078 713 1297 783 negotio
1346 716 1670 771 sententiam
1716 715 1861 772 ferre
1886 715 2107 770 noluit:

519 804 677 873 Quia,
728 805 926 877 inquit,
978 822 1260 862 causarum
1304 809 1453 880 origo
1505 810 1585 865 vel
1635 810 1861 882 qualitas
1897 810 2109 864 onmino

514 897 662 957 nobis
684 898 869 968 ignota
891 908 998 967 est,
1032 909 1059 937 ⁸
1092 901 1438 970 pronuntiare
1473 903 1671 963 aliquid
1717 903 1975 974 definitive
2002 919 2107 959 non

514 1007 823 1062 possumus;
848 1008 937 1060 ne,
962 993 1104 1065 quod
1131 995 1539 1065 reprehensibile
1566 997 1721 1050 nimis
1749 1006 1843 1063 est,
1866 997 1933 1050 de
1958 996 2108 1050 rebus

514 1099 619 1140 non
649 1084 776 1141 bene
802 1086 1026 1157 cognitis
1073 1088 1310 1158 proferre
1336 1090 1647 1143 sententiam
1675 1088 1939 1142 videamur
1965 1086 2105 1158 (Lib.

515 1187 589 1237 vt,
616 1191 699 1245 ep.
729 1174 844 1246 58).
873 1162 1106 1244 Scripsit
1146 1190 1276 1231 vero
1304 1176 1373 1231 ad
1394 1176 1657 1232 Joannem
1686 1177 2106 1248 Syracusanum,

513 1264 681 1336 ipsius
731 1266 952 1322 arbitrio
1000 1268 1325 1338 permissum
1374 1284 1438 1323 ea
1484 1269 1552 1324 de
1599 1285 1658 1325 re
1700 1269 1931 1338 colloqui
1983 1284 2104 1325 cum

514 1355 765 1423 lartino,
799 1366 855 1414 et
888 1359 1017 1430 quid
1058 1359 1205 1416 facto
1231 1368 1378 1417 esset
1408 1376 1545 1431 opus
1582 1360 1843 1429 judicare.
1873 1358 2105 1414 Causam

512 1450 805 1508 Crementii
861 1459 1047 1521 postea
1110 1451 1165 1506 in
1215 1451 1423 1523 synodo
1473 1451 1767 1523 Byzacente
1816 1451 2107 1520 provinciae

513 1544 769 1614 agitatam
798 1560 899 1600 nos
928 1545 1089 1600 docet
1119 1545 1348 1614 epistola
1378 1544 1449 1599 52
1473 1545 1595 1601 libri
1624 1561 1697 1600 xu
1717 1585 1732 1611 ,
1764 1544 1831 1600 ad
1858 1544 2107 1600 eamdem

508 1639 775 1712 synodum
801 1640 1020 1711 scripta.

579 1735 635 1791 5.
668 1734 748 1789 Ex
777 1736 996 1805 querela
1021 1733 1315 1790 Crementii
1345 1735 1413 1790 de
1442 1750 1556 1791 suae
1575 1734 1868 1806 provinciae
1889 1734 2107 1803 episco-

509 1829 593 1899 pis
636 1828 753 1883 sine
798 1843 894 1883 sua
940 1829 1155 1883 licentia
1186 1837 1242 1884 et
1290 1827 1484 1885 litteris
1531 1829 1991 1885 commendatitiis
2035 1826 2106 1881 ad

2211 712 2488 783 rescripsit
2512 732 2525 767 :
2556 713 2693 779 Quia
2719 716 2855 769 tanti
2880 715 3133 785 facinoris
3158 715 3286 768 ultio
3316 712 3463 769 nulla
3490 711 3639 767 debet
3669 711 3814 766 dila-

2214 806 2351 860 tione
2378 806 2603 875 differri,
2655 808 2961 879 fraternitas
3009 814 3180 862 vestra
3227 814 3329 862 tres
3375 805 3455 860 vel
3496 814 3718 877 quatuor
3745 803 3815 858 de

2213 899 2461 970 fratribus
2491 918 2552 955 ac
2580 901 3040 958 consacerdotibus
3068 901 3262 955 nostris
3291 898 3393 955 sibi
3432 897 3709 963 adhibeat,
3754 902 3813 951 ut

2208 990 2338 1061 ipsis
2381 1006 2578 1063 quoque
2605 990 2949 1064 prementibus
2977 991 3231 1062 pradicta
3270 1005 3332 1043 ac
3375 990 3649 1060 satisfacto
3677 987 3812 1041 veri-

2212 1088 2335 1148 tate,
2367 1083 2672 1152 praedictum
2701 1082 2960 1137 Lucillum
2988 1084 3054 1137 de
3074 1084 3397 1154 episcopatus
3420 1080 3622 1143 ordine,
3655 1096 3813 1150 quens

2212 1176 2564 1246 hujuscemodi
2594 1177 2803 1232 sceleris
2832 1180 3076 1249 contagio
3122 1176 3433 1241 maculavit,
3464 1173 3669 1229 studeat
3695 1176 3811 1228 sine

2210 1265 2546 1339 ambiguitate
2572 1269 2829 1338 deponere
2856 1268 3002 1341 (Lib.
3031 1285 3084 1325 Ix
3101 1308 3117 1335 ,
3146 1286 3230 1338 ep.
3262 1266 3376 1339 63).
3408 1266 3662 1323 Criminis
3688 1265 3809 1335 epi-

2209 1360 2361 1429 scopi
2392 1362 2593 1416 conscii
2636 1372 2692 1417 et
2733 1362 3022 1433 participes
3057 1378 3177 1418 esse
3224 1361 3550 1416 dicebantur
3587 1359 3811 1430 quidam

2208 1453 2325 1508 sive
2352 1452 2567 1510 diaconi
2597 1455 2713 1511 sive
2754 1456 3087 1528 presbyteri;
3117 1470 3276 1527 quos,
3312 1454 3590 1525 praemissa
3618 1452 3808 1511 sedula

2208 1545 2553 1616 indagationo
2591 1548 2637 1604 si
2675 1550 2756 1605 rei
2782 1550 3154 1620 reperiantur,
3179 1549 3298 1605 vult
3326 1546 3569 1619 pontifex
3607 1549 3676 1604 ab
3702 1547 3812 1604 ho-

2208 1639 2359 1695 noris
2385 1641 2470 1695 sni
2502 1642 2668 1710 gradu
2700 1642 2855 1711 dejici
2875 1684 2889 1709 ,
2922 1651 2979 1698 et
3016 1644 3071 1698 in
3113 1642 3444 1699 monasteria
3472 1640 3810 1712 paenitentia

2208 1746 2369 1788 causa
2406 1734 2640 1790 detrudi.
2668 1736 2821 1801 Quod
2848 1745 3059 1806 spectat
3088 1737 3156 1791 ad
3183 1736 3374 1804 laicos,
3405 1734 3649 1803 ejusdem
3679 1747 3813 1805 pec-

2208 1826 2313 1879 cati
2362 1826 2624 1882 societate
2669 1828 2988 1889 maculatos.
3022 1829 3265 1885 decernit
3305 1844 3431 1893 eos,
3457 1830 3543 1899 qui
3581 1828 3656 1881 rei
3695 1842 3810 1881 esse

510 1919 849 1985 Comitatus,
880 1921 989 1975 hoc
1017 1928 1099 1977 est
1128 1922 1193 1975 ad
1228 1921 1404 1976 aulam
1436 1921 1721 1991 profectis,
1754 1921 1912 1975 datur
1937 1920 2099 1975 intel-
2132 1935 2181 1995 Β
2208 1920 2510 1987 claruerint,
2544 1919 2812 1975 Dominici
2840 1926 3084 1991 corporis
3114 1937 3177 1977 ac
3211 1920 3487 1990 sanguinis
3516 1919 3812 1989 participa-

508 2011 599 2080 ligi
625 2021 886 2080 quantum
920 2021 1047 2066 tunc
1077 2028 1106 2065 a
1138 2013 1245 2067 suis
1276 2013 1712 2082 metropolitanis
1738 2022 1833 2067 aut
1860 2014 2106 2083 primati-

505 2103 606 2158 bus
635 2102 935 2172 penderent
964 2117 1151 2157 eorum
1178 2103 1525 2171 suﬁ‘raganei.
1566 2103 1710 2159 Idem
1749 2105 2010 2174 probatur
2036 2120 2104 2159 ex

505 2194 610 2250 alia
640 2193 695 2249 S.
727 2192 973 2264 Gregorii
1014 2194 1240 2264 epistola
1270 2194 1532 2251 Sardiniae
1574 2197 1842 2266 episcopis
1873 2198 2099 2264 directa,

505 2304 610 2360 qua
641 2286 814 2359 arguit
842 2296 953 2342 tum
982 2302 1079 2343 eos
1122 2289 1214 2359 qui
1256 2288 1395 2343 diem
1430 2291 1695 2359 paschalis
1726 2290 2028 2347 festivitatis
2072 2308 2103 2345 a

505 2398 605 2439 suo
646 2381 989 2453 Metropolim
1031 2398 1137 2437 non
1181 2383 1543 2452 dignabantur
1593 2384 1893 2450 addiscere,
1941 2389 2104 2457 289

503 2481 620 2527 tum
653 2472 777 2527 illos
813 2473 905 2545 qui
948 2488 1045 2544 pro
1074 2475 1475 2541 emergentibus
1500 2473 1757 2530 Ecclesiae
1783 2490 1896 2530 suae
1925 2477 2103 2531 causis

507 2568 859 2622 transmarina
890 2576 1160 2637 petentes,
1188 2568 1303 2624 sine
1350 2568 1431 2624 sui
1477 2568 1882 2639 metropolitani
1919 2573 2100 2640 cogni-

507 2661 643 2714 tione
686 2660 769 2715 vel
810 2660 1070 2730 epistolis,
1103 2660 1241 2715 sicut
1289 2675 1557 2715 canonum
1604 2662 1737 2716 ordo
1788 2661 2100 2726 constituit,

505 2754 775 2809 audebant
801 2751 1097 2809 ambulare.
1132 2750 1425 2807 Hortamur
1448 2768 1596 2823 ergo,
1628 2752 1821 2820 inquit,
1854 2754 2103 2823 fraterni-

506 2854 660 2900 tatem
707 2852 960 2910 vestram,
1002 2853 1057 2898 ut
1104 2845 1371 2916 antiquam
1414 2843 1771 2899 Ecclesiarum
1814 2852 2101 2897 vestrarum

503 2939 925 2993 consuetudinem
967 2947 1298 3009 exsequentes
1320 2977 1333 2999 ,
1370 2947 1474 2990 tam
1504 2937 1567 2990 de
1603 2937 1933 3003 suscipienda
1964 2933 2101 2987 Pas-

501 3032 642 3086 chali
679 3032 1101 3097 denuntiatione,
1131 3046 1285 3101 quam
1326 3030 1531 3083 etiamsi
1562 3029 1835 3099 quemdam
1876 3039 2101 3081 vestrum

499 3143 593 3197 pro
646 3128 816 3180 causis
864 3124 1089 3196 propriis
1144 3119 1431 3192 ubicunque
1478 3120 1783 3191 compulerit
1830 3118 2101 3174 ambulare

500 3220 812 3281 necessitas,
847 3216 911 3269 ab
952 3216 1130 3270 eodem
1160 3214 1555 3283 metropolitano
1602 3223 1768 3268 vestro
1818 3212 2099 3267 secundum

2206 2014 2357 2068 tione
2384 2014 2697 2083 privandos,
2732 2014 2947 2071 indictis
2988 2016 3207 2086 insuper
3247 2015 3445 2068 litaniis
3475 2021 3523 2067 et
3552 2013 3807 2067 orationi-

2208 2107 2319 2159 bus.
2355 2105 2381 2142 ι)
2418 2104 2655 2176 Tempus
2680 2105 2846 2174 hujus
2888 2106 3217 2179 pmnitentia:
3254 2103 3614 2160 deﬁniendum
3644 2102 3809 2157 relin-

2206 2198 2325 2265 quit
2350 2197 2573 2252 Joannis
2622 2197 2877 2259 arbitrio;
2921 2213 3079 2267 quem
3108 2196 3366 2251 admonet
3410 2193 3720 2264 providere,
3750 2199 3812 2247 ut

2210 2289 2276 2344 iis
2328 2290 2420 2359 qui
2471 2290 2659 2344 mortis
2713 2298 3038 2359 urgerentur
3095 2287 3335 2358 periculo
3392 2287 3647 2341 viaticum
3700 2300 3810 2340 non

2211 2388 2461 2449 negetur.
2516 2379 2574 2433 in
2622 2381 2802 2435 locum
2847 2380 3043 2448 dejecti
3092 2378 3330 2449 episcopi
3380 2393 3502 2434 cum
3551 2376 3812 2433 suﬁectus

2206 2483 2351 2529 esset
2379 2472 2644 2542 Trajanus
2674 2474 2839 2530 abbas
2865 2472 3177 2529 monasterii
3209 2469 3559 2542 Syracusani,
3590 2468 3649 2524 S.
3676 2467 3813 2525 Gre-

2204 2566 2390 2635 gorius
2438 2566 2693 2634 praecepit
2742 2564 2844 2635 ipsi
2896 2564 3109 2620 restitui
3140 2579 3170 2616 a
3212 2561 3422 2617 Lucilio
3460 2569 3518 2616 et
3564 2575 3596 2615 a
3644 2558 3813 2617 Petro

2206 2657 2326 2727 ejus
2357 2654 2465 2711 ﬁlio
2494 2672 2584 2712 res
2623 2655 2877 2713 Ecclesia:
2924 2654 3217 2711 Melitensis
3256 2654 3414 2724 cujus
3460 2650 3807 2723 deprmdator

2204 2748 2261 2804 fu
2286 2752 2385 2802 ’ταί
2412 2749 2714 2818 ﬂagitiosus
2762 2749 2851 2803 hic
2896 2748 3214 2819 episcopus,
3248 2761 3354 2800 non
3384 2752 3565 2801 rector
3593 2752 3689 2799 aut
3714 2758 3814 2813 part

2207 2853 2287 2899 ter
2314 2843 2455 2914 (Lib.
2485 2860 2543 2911 x,
2574 2861 2657 2914 ep.
2687 2842 2764 2912 l).
2792 2842 2951 2897 Petiit
2974 2858 3145 2897 novus
3173 2840 3462 2910 episcopus
3489 2845 3550 2892 ut
3569 2845 3808 2907 quatuor

2209 2944 2305 2991 aut
2328 2936 2573 3005 quinque
2610 2935 2906 2990 monachos
2938 2950 2975 2988 re
3015 2948 3114 2988 suo
3158 2931 3489 2987 monasterio
3536 2944 3815 2989 assumere

2205 3030 2308 3086 sibi
2340 3030 2525 3085 liceret
2555 3071 2571 3097 ,
2602 3045 2740 3099 quos
2782 3027 3060 3097 adjutores
3090 3034 3145 3081 et
3172 3025 3514 3081 convictores
3556 3024 3809 3091 haberet;

2208 3122 2356 3194 quod
2378 3124 2482 3177 etsi
2506 3137 2724 3192 {equum
2744 3120 3070 3190 judicaverit
3094 3119 3535 3189 sapientissimus
3547 3117 3808 3188 pontilex,

2209 3223 2391 3271 tamen
2434 3215 2555 3270 illos
2611 3215 2913 3270 concedere
2958 3213 3176 3284 propria
3224 3211 3550 3267 auctoritate
3594 3210 3808 3275 noluit;

498 3309 752 3363 indictam
778 3306 918 3362 vobis
950 3306 1183 3377 regulam
1213 3314 1383 3374 petere
1421 3306 1684 3359 licentiam
1716 3304 1973 3368 debeatis,
2006 3321 2099 3359 nec
2129 3324 2176 3384 C
2204 3309 2301 3364 sed
2344 3308 2400 3363 id
2446 3307 2670 3365 Joannis
2719 3306 2971 3377 permisit
3012 3305 3274 3373 arbitrio,
3306 3319 3376 3360 ne
3410 3302 3532 3373 jura
3573 3300 3810 3373 episcopi

499 3418 617 3456 eum
643 3409 950 3470 postponere
968 3400 1023 3451 in
1048 3399 1222 3469 aliquo
1243 3400 1607 3468 prwsumatis;
1642 3411 1853 3472 excepto
1875 3402 1941 3466 si,
1965 3401 2104 3472 quod

499 3503 608 3543 non
633 3495 890 3557 Optamus,
924 3495 1106 3541 contra
1133 3488 1368 3540 eumdem
1397 3488 1851 3558 metropolitanum
1880 3499 2103 3545 vestrum

500 3581 688 3635 habere
726 3597 815 3635 vos
866 3579 1062 3650 aliquid
1093 3594 1265 3633 cauam
1309 3580 1609 3651 contingat,
1643 3589 1699 3633 ut
1736 3579 1798 3633 ob
1829 3582 1924 3636 hoc
1964 3582 2103 3637 sedis

498 3677 799 3749 apostolica
814 3674 1075 3747 judicium
1104 3674 1383 3746 requiratis
1415 3672 1556 3747 (Lib.
1592 3691 1667 3739 1x,
1690 3691 1772 3744 ep.
1805 3672 1883 3745 8).

568 3776 624 3830 4.
675 3776 854 3846 Vagos
909 3775 1195 3845 episcopos
1244 3772 1682 3844 metropolitanis
1730 3772 2103 3830 inobedientes

500 3871 631 3946 ipsis
649 3868 804 3926 reddi
828 3864 1201 3944 praecipiebat,
1234 3876 1294 3921 ut
1321 3865 1497 3936 dignis
1520 3863 1868 3921 afﬁcerentur
1902 3867 2096 3936 poenis.

501 3961 657 4019 Unde
683 3960 870 4018 scribit
897 3958 1125 4031 Syagrio
1149 3956 1494 4013 Theodorum
1539 3956 1850 4027 quemdam,
1884 3957 2098 4027 episco-

496 4070 629 4126 pum
675 4055 906 4109 dioecesis
959 4049 1409 4117 Mediolanensis,
1441 4049 1532 4120 qui
1576 4047 1908 4119 disciplinam
1951 4048 2099 4103 Con-

498 4144 686 4200 stantii
727 4142 1121 4213 archiepiscopi
1167 4140 1411 4195 devitans
1442 4139 1758 4194 morabatur
1802 4141 1855 4193 in
1901 4139 2095 4208 Gallia,

499 4233 908 4303 diligentissime
957 4231 1342 4302 requirentium
1396 4238 1451 4283 et
1499 4229 1562 4283 ad
1618 4232 2099 4302 metropolitanum

499 4340 659 4382 suum
686 4320 1076 4380 reducendum.
1098 4319 1260 4377 Jubet
1280 4319 1467 4375 eadem
1494 4319 1545 4373 in
1577 4320 1804 4390 epistola
1830 4320 2097 4379 Menatem

499 4431 717 4489 quoque
738 4414 1072 4486 episcopum,
1102 4413 1166 4468 de
1194 4412 1399 4467 dioecesi
1436 4410 1686 4466 Romana:
1715 4410 1984 4477 Ecclesia,
2010 4412 2096 4469 cui

498 4512 845 4583 episcopatus
887 4522 1086 4564 nomen
1123 4522 1230 4561 non
1281 4504 1513 4575 amplius
1552 4506 1606 4559 in
1648 4505 1844 4559 honore
1883 4515 2019 4573 erat,
2067 4523 2098 4562 c

498 4601 687 4660 Galliis
715 4601 867 4675 pelli,
902 4609 958 4658 et
986 4600 1214 4656 Romam
1244 4600 1567 4666 transmitti;
1600 4607 1652 4651 ut
1683 4601 1776 4653 sub
1803 4617 1861 4654 ea
1886 4619 1986 4670 qua
2016 4600 2095 4654 di-

2212 3400 2461 3459 minuere
2487 3399 2785 3456 videretur.

2279 3496 2334 3555 ὅ.
2364 3496 2481 3553 Hoc
2528 3498 2648 3568 ipso
2695 3510 2842 3552 anno
2897 3492 3192 3563 aequissimi
3246 3489 3518 3562 pontilicis
3570 3489 3808 3546 vindicta

2209 3590 2411 3647 exarsit
2441 3590 2497 3645 in
2524 3604 2618 3646 eos
2663 3589 2757 3658 qui
2785 3586 3140 3643 defensorum
3186 3598 3383 3640 nomen
3412 3592 3470 3641 et
3511 3583 3811 3640 auctorita-

2208 3691 2318 3737 tem
2349 3680 2613 3739 asciscere
2643 3680 2745 3735 sibi
2781 3677 3057 3735 audebant
3093 3677 3145 3731 in
3177 3674 3382 3732 Sicilia.
3415 3675 3494 3732 De
3527 3676 3601 3732 iis
3630 3676 3811 3745 inqui,

2210 3774 2394 3831 rendis
2421 3781 2478 3829 et
2506 3771 2821 3829 coercendis
2845 3769 2915 3826 ad
2950 3768 3262 3825 Romanum
3302 3766 3644 3825 defensorem
3673 3768 3811 3823 scri-

2208 3868 2336 3940 psit.
2357 3867 2494 3935 Quia
2514 3881 2646 3923 vero
2670 3880 2813 3921 unus
2834 3880 2901 3920 ex
2922 3863 3028 3920 illis
3041 3862 3338 3919 Martianus
3356 3861 3596 3927 nomine,
3612 3859 3810 3918 Joanni

2210 3964 2469 4034 episcopo
2495 3960 2807 4032 patrimonii
2832 3958 3062 4014 Romani
3085 3972 3270 4012 curam
3300 3964 3525 4027 gerente
3550 3955 3809 4011 obedien»

2206 4056 2340 4111 tiam
2370 4055 2629 4111 exhibere
2660 4054 2963 4123 distulerat,
2994 4059 3375 4108 contumacem
3409 4060 3432 4089 ο
3461 4050 3519 4105 in
3554 4048 3807 4106 exsilium

2210 4150 2484 4221 deportari
2521 4147 2696 4215 jubet.

2281 4242 2336 4296 7.
2368 4241 2470 4309 Qui
2510 4241 2761 4295 inﬂexam
2794 4247 3142 4310 erectumque
3168 4246 3405 4294 mentem
3436 4238 3490 4292 in
3519 4237 3605 4292 his
3632 4238 3805 4292 omni-

2208 4336 2308 4389 bus
2331 4333 2547 4402 jndiciis
2568 4330 2887 4387 exercendis
2913 4330 3171 4398 ostendit,
3194 4345 3358 4402 quam
3381 4328 3598 4384 demissi
3624 4338 3800 4382 tamen

2207 4432 2355 4481 esset
2398 4424 2565 4479 animi
2612 4424 2881 4494 probavit,
2929 4422 3162 4478 maxime
3203 4419 3581 4492 respondendo
3609 4416 3804 4473 Joanni

2207 4515 2550 4588 Syracusano
2582 4516 2692 4585 jam
2722 4530 2867 4586 saepe
2915 4521 3343 4570 commemorato
3368 4553 3386 4580 ,
3418 4512 3485 4567 de
3529 4510 3803 4566 nonnullis

2207 4608 2443 4679 querelis
2468 4618 2656 4664 contra
2696 4624 2774 4674 se,
2803 4614 2864 4663 ut
2891 4624 2921 4662 a
2948 4606 3160 4662 Joanne
3207 4604 3485 4666 audierat,
3520 4602 3803 4674 publicatis

498 4713 656 4768 gnum
703 4704 817 4752 erat
862 4695 1190 4751 observantia
1226 4696 1539 4766 refrenatus,
1589 4694 1864 4749 steculares
1902 4713 2094 4764 mores,
2130 4724 2179 4785 ι)
2208 4701 2350 4776 (Lib.
2374 4719 2449 4770 ιι,
2481 4720 2564 4774 ep.
2596 4702 2708 4774 12).
2740 4702 2798 4756 In
2825 4700 3137 4756 ordinandis
3164 4698 3488 4769 quibusdam
3516 4698 3709 4752 ritibus
3736 4695 3803 4750 ad

500 4789 568 4842 ad
590 4786 969 4845 sacerdotalem
988 4789 1215 4844 studeret
1245 4795 1539 4841 convertere
1560 4789 1867 4858 gravitatem
1898 4788 2090 4861 (Ibid,

501 4902 583 4955 ep.
619 4883 768 4954 115).

572 4973 625 5029 5.
658 4972 853 5030 Forma
878 4973 1203 5043 judiciorum
1232 4973 1285 5028 in
1318 4974 1604 5045 episcopos
1648 4989 1795 5042 reos,
1828 4973 2089 5030 describi-

501 5077 587 5123 tur
616 5066 671 5121 iu
696 5065 925 5138 epistola
947 5066 1011 5120 ad
1035 5065 1299 5120 Joannem
1333 5065 1640 5136 episcopum
1665 5063 2085 5136 Syracusanum.

430 5234 431 5237 η
502 5160 785 5216 Commota
810 5158 1031 5228 querela
1050 5157 1310 5213 adversus
1330 5156 1613 5226 Lucillum,
1633 5157 1828 5237 Melitae
1857 5158 2090 5216 civitatis

428 5244 435 5332 ξ
500 5251 814 5322 episcopum
833 5288 850 5315 ,
878 5248 1114 5304 Joannes
1141 5247 1543 5317 inquisitionem
1574 5249 1641 5304 de
1671 5230 1839 5319 ipsius
1868 5251 2089 5305 crimine

572 5422 597 5449 λ
624 5409 825 5467 Eadem
856 5410 1142 5482 prudentia
1171 5412 1351 5469 elucet
1380 5411 1431 5466 in
1464 5428 1548 5482 ep.
1583 5409 1652 5462 ‘29
1696 5410 1787 5482 lib.
1817 5427 1870 5475 x,
1901 5414 1991 5467 ubi
2022 5413 2090 5468 de

498 5497 659 5539 causa
690 5481 934 5553 Pompeii
955 5484 1195 5553 episcopi
1224 5486 1417 5553 agitur.
1448 5481 1509 5536 In
1533 5499 1595 5537 ea
1634 5481 1847 5536 videtur
1870 5486 2089 5539 minime

535 5556 732 5611 rebare
755 5554 1149 5611 confessionem
1177 5555 1413 5610 criminis
1445 5554 1729 5609 tormentis
1750 5556 2083 5621 extorqueri.

558 5642 664 5690 azc,
721 5626 927 5699 inquit,
977 5636 1118 5699 gesta
1171 5644 1282 5681 esse
1327 5632 1565 5699 poterant
1621 5625 1689 5678 ad
1736 5626 2086 5699 definiendum

498 5696 710 5764 idonea,
739 5700 784 5752 si
798 5696 1035 5752 accusati
1075 5715 1135 5751 ea
1184 5697 1438 5765 confessio
1467 5706 1799 5766 sequeretur;
1834 5696 1876 5751 si
1914 5709 2086 5751 tamen

496 5769 731 5842 eamdem
769 5771 1143 5842 confessionem
1169 5766 1442 5842 subtilitas
1471 5769 1726 5821 examinis
1762 5784 1827 5823 ex
1874 5769 2088 5823 occultis

496 5838 729 5911 eliceret,
762 5848 812 5895 et
846 5836 953 5895 non
991 5840 1213 5910 afflictio
1256 5836 1526 5911 vehentem
1572 5849 1925 5911 extorqueret,
1974 5857 2090 5911 quae

498 5908 792 5988 frequenter
830 5912 925 5967 hoc
970 5908 1110 5980 agit,
1153 5917 1209 5961 ut
1258 5909 1439 5963 noxios
1480 5927 1590 5964 sese
1636 5908 1791 5982 fateri
1832 5908 2089 5985 cogantur

498 5985 655 6031 etiam
682 5981 905 6031 innoxii.

498 5994 655 6032 suam
682 5997 905 6035 mnam.

2206 4796 2430 4851 missam
2478 4794 2900 4863 pertinentibus,
2948 4791 3270 4860 Gregorium
3320 4789 3803 4845 consuetudinibus

2209 4888 2467 4944 Ecclesia:
2497 4885 3109 4955 Constantinopolitanae
3158 4883 3473 4939 obsecutum
3505 4897 3625 4937 esse
3663 4894 3804 4949 regie

2204 4984 2472 5047 ferebant,
2497 4980 2589 5052 qui
2607 4979 2740 5036 falso
2771 4994 2870 5050 pro
2891 4978 3133 5035 Ecclesia
3159 4976 3401 5033 Romana
3424 4973 3543 5031 zelo
3570 4972 3800 5044 abrepti,

2204 5074 2323 5144 ejus
2351 5074 2616 5129 honorem
2668 5072 2927 5126 mutuatis
2969 5070 3036 5125 ab
3090 5069 3331 5125 interiori
3378 5067 3614 5124 Ecclesia
3647 5082 3801 5123 cere-

2200 5166 2401 5223 moniis
2441 5166 2629 5221 lassum
2659 5164 3045 5223 causabantur.
3080 5162 3159 5218 Ad
3187 5161 3306 5217 haec
3332 5160 3626 5231 respondet
3655 5158 3801 5214 Pon-

2201 5258 2336 5316 tilex
2376 5259 2680 5316 humilitate
2710 5274 2871 5331 quam
2916 5256 3181 5329 dignitate
3227 5255 3587 5327 praestantior,
3624 5254 3798 5325 primo

2276 5415 2303 5452 δ
2334 5414 2410 5469 De
2440 5410 3002 5469 excommunicatione
3043 5409 3315 5481 episcopi,
3358 5406 3796 5480 presbyterorum

2205 5495 2259 5542 et
2286 5484 2637 5541 diaconorum
2680 5484 2821 5538 nulla
2870 5481 2928 5536 ﬁt
2956 5483 3190 5548 mentio,
3224 5481 3352 5552 quia
3400 5495 3622 5552 suorum
3670 5492 3797 5552 gra-

2200 5558 2367 5612 duum
2398 5557 2701 5625 privatione
2731 5554 3061 5610 sufﬁcientes
3091 5549 3280 5625 pinnas
3305 5552 3542 5625 dabunt.
3572 5549 3799 5625 Quando

2198 5623 2427 5693 aderant
2479 5627 2801 5696 sufﬁcientia
2862 5626 3100 5680 criminis
3153 5623 3393 5696 indicia,
3450 5624 3799 5696 presbyteros

2205 5698 2449 5769 aliosque
2480 5696 2708 5769 clericos
2736 5695 2798 5769 ‘in
2816 5696 3138 5769 “districtam
3164 5692 3463 5769 custodiam
3481 5692 3678 5762 conjici
3704 5692 3797 5763 ju—

2198 5764 2375 5826 bebat
2396 5768 2455 5822 S.
2482 5764 2746 5822 Pontifex.
2777 5766 2910 5821 Vide
2937 5765 3027 5821 lib.
3055 5782 3111 5835 Χ,
3142 5780 3232 5835 ep.
3257 5765 3310 5820 4.

2283 5854 2303 5879 υ
2336 5839 2470 5894 Vide
2491 5839 2584 5894 lib.
2618 5856 2671 5893 xi
2701 5838 2800 5908 Ep.
2832 5838 2921 5902 71,
2949 5846 3004 5893 et
3034 5839 3124 5909 lib.
3157 5854 3251 5893 xm
3277 5853 3364 5909 ep.
3399 5837 3485 5909 45,
3516 5836 3608 5909 ubi
3634 5836 3797 5909 etiam

2208 5914 2269 5966 ﬁt
2298 5911 2499 5967 mentio
2538 5925 2713 5979 paena:
2741 5907 2917 5973 exsilii
2958 5908 3187 5979 inﬂictae
3216 5907 3646 5977 aut’innigendae
3683 5907 3795 5962 cle-

2208 5982 2353 6046 ricis,
2383 5979 2512 6049 ipsis
2539 5977 2754 6049 quoque
2784 5979 3052 6052 episcopis
3081 5980 3137 6037 in
3166 5977 3283 6037 foro
3302 5979 3702 6047 ecclesiastico.
