4130 6448
391 408 495 464 429

850 406 911 461 S.
952 402 1277 461 GREGUltll
1318 403 1531 459 MAGNI
1573 402 1755 468 VITA,
1800 401 1888 459 EX
1932 402 2096 460 EJUS
2134 402 2437 469 SCRIPTIS
2476 404 2870 469 ADOBNATA.
2912 404 3042 473 LIB.
3085 405 3173 469 ιγ.

3553 410 3661 467 450

384 542 445 583 se
474 526 674 583 nullius
700 524 921 581 alterius
950 523 1203 580 Ecclesiae
1240 523 1377 578 ritus
1420 523 1477 578 in
1521 523 1604 577 his
1630 536 1746 591 quae
1771 519 1973 577 consti-
2000 522 2052 585 Α
2074 535 2225 587 num,
2259 530 2317 577 ut
2344 522 2413 579 ad
2446 523 2622 593 ipsum
2661 524 2995 593 confugeret,
3026 524 3152 604 dum
3176 524 3235 587 in
3262 524 3451 587 Galliis
3478 529 3666 601 exagi-

384 625 489 675 tuit
528 619 792 673 imitatum
831 632 989 681 esse;
1030 616 1270 671 secundo
1298 630 1357 670 se
1385 630 1490 670 non
1534 614 1735 684 pudere
1762 611 1970 668 imitari

386 710 647 782 quidquid
694 710 821 764 boni
869 709 921 762 in
968 707 1313 763 inferioribus
1349 706 1608 762 Ecelesiis
1652 704 1915 774 repererit.
1948 719 1967 756 ς

386 805 590 859 Stultus
620 812 695 858 est
723 804 891 867 enim,
922 802 1125 873 inquit,
1159 804 1243 873 qui
1273 803 1330 855 in
1356 817 1419 855 eo
1444 817 1500 855 se
1526 800 1750 870 primum
1788 799 1971 854 edisti-

384 908 512 965 mat,
536 908 592 953 ut
616 898 749 955 bona
772 915 885 969 qua!
905 898 1107 963 viderit,
1131 897 1330 951 discere
1348 904 1664 951 contemnat.
1689 893 1819 962 ρυω
1841 910 1974 954 sane

387 1001 493 1048 tam
524 994 765 1064 sapiente
791 992 1048 1063 pontifice
1076 999 1201 1047 sunt
1230 993 1559 1060 dignissima.

458 1084 511 1139 8.
541 1085 726 1140 Sancti
757 1086 856 1139 viri
879 1100 1087 1138 summa
1118 1084 1400 1154 prudentia
1434 1086 1728 1154 prtesertim
1754 1085 1973 1154 enituit,

389 1179 442 1233 in
471 1179 553 1233 his
579 1192 697 1246 quae
726 1179 981 1231 adversus
1014 1175 1227 1230 Iudaeos
1274 1177 1638 1245 negotiatores
1671 1177 1970 1243 constituit,

387 1287 455 1327 ne
482 1270 748 1342 mancipia
793 1268 1096 1324 Christiana
1138 1269 1268 1337 ipsis
1296 1270 1531 1324 retinere
1575 1270 1787 1339 liceret,
1830 1270 1973 1340 quod

388 1364 617 1419 maxime
654 1362 943 1432 cupiebant
972 1370 1025 1416 et
1066 1361 1229 1415 variis
1258 1362 1462 1416 artibus
1491 1362 1736 1417 obtinere
1763 1377 1976 1433 qumre-

386 1458 547 1522 bant;
572 1454 666 1509 sed
681 1469 867 1509 omnes
885 1453 1042 1507 elusit
1056 1453 1139 1507 vir
1153 1453 1648 1523 perspicaeissimus
1675 1461 1733 1511 et
1754 1455 1807 1509 in
1838 1455 1973 1509 mira

385 1549 726 1618 simplicitate
756 1546 1152 1618 sagacissimus.
1180 1544 1436 1615 Ejusdem
1475 1547 1773 1617 prudentia:
1800 1549 1972 1619 depu-

387 1642 605 1696 tandum
636 1640 810 1711 quod,
840 1639 941 1695 etsi
964 1639 1078 1695 suis
1116 1639 1476 1710 eleemosynis
1506 1640 1684 1694 nullos
1714 1641 1974 1695 terminos

387 1734 657 1805 praescribi
688 1732 907 1795 sineret,
950 1729 1251 1785 decreverit
1280 1738 1461 1785 tamen
1492 1730 1636 1785 haud
1663 1731 1974 1801 patiendum

384 1836 443 1881 ut
464 1839 719 1881 concessa
752 1838 846 1893 per
870 1822 1074 1891 aliquot
1102 1837 1273 1877 annos
1296 1823 1351 1875 in
1378 1822 1803 1894 eleemosynam,
1827 1830 1974 1892 post-

2074 622 2300 680 taretur,
2349 615 2421 671 ob
2464 616 2763 685 singulares
2814 616 3077 694 quosdam
3118 615 3437 679 Sueuorum
3488 620 3660 693 ritus,

2068 706 2307 763 maxime
2334 708 2390 763 in
2431 708 2797 765 celebratione
2824 708 3105 768 Pasebatis
3128 725 3360 780 quorum
3390 720 3507 773 erat
3535 716 3667 771 reti-

2072 804 2440 860 nentissimus.
2464 803 2538 859 Ea
2560 805 2628 860 de
2649 822 2814 862 causa
2839 807 3051 878 scripsit
3092 808 3159 863 ad
3187 816 3430 877 nostrum
3456 806 3665 881 Grego-

2070 895 2212 951 rium
2245 895 2385 965 (Lib.
2414 892 2500 963 'tx,
2527 914 2611 970 ep.
2642 897 2789 969 19.7).
2822 898 3043 956 Summa
3072 899 3190 971 ejus
3216 901 3457 972 epistola:
3479 908 3583 966 est,
3607 901 3665 958 in

2073 988 2436 1045 celebratione
2460 988 2718 1053 Pascha,
2749 989 2955 1060 rejecto
2980 991 3204 1048 Victorii
3230 993 3416 1067 cyclo,
3445 991 3669 1051 Scottos

2073 1099 2193 1139 rum
2222 1099 2428 1139 morem
2453 1085 2915 1157 amplectendam,
2945 1086 3030 1141 cui
3071 1086 3353 1144 Anatolius
3380 1089 3448 1143 ab
3476 1088 3665 1144 Hiero-

2075 1194 2239 1250 nymo
2268 1179 2517 1235 laudatus
2562 1180 2714 1235 favit.
2743 1178 2993 1236 Consulit
3037 1180 3200 1236 etiam
3245 1182 3302 1238 S.
3345 1181 3668 1253 Gregorium

2074 1268 2141 1323 de
2170 1270 2466 1341 episcopis,
2499 1278 2594 1326 aut
2638 1286 2736 1342 per
2761 1272 3048 1327 simoniam
3089 1273 3373 1337 ordinatis,
3402 1283 3497 1328 aut
3542 1279 3669 1345 post

2074 1360 2285 1431 lapsum
2335 1370 2581 1433 tempore
2627 1362 2980 1431 diaconatus;
3023 1380 3234 1421 necnon
3273 1366 3341 1420 de.
3389 1366 3666 1421 monachis

2075 1453 2459 1508 monasterium
2487 1468 2644 1509 suum
2669 1454 3064 1513 deserentibus.
3098 1457 3305 1512 Laudat
3333 1456 3528 1511 librum
3559 1457 3667 1514 Re-

2075 1543 2213 1612 gulae
2254 1541 2578 1613 Pastoralis,
2615 1546 2855 1617 petitque
2902 1549 3271 1620 expositiones
3312 1550 3366 1604 in
3412 1547 3672 1605 Ezechie-

2076 1634 2181 1689 lem
2222 1643 2279 1690 et
2322 1635 2376 1690 in
2424 1633 2669 1692 Cantica.
2717 1637 2874 1692 Anno
2907 1641 3153 1709 sequenti
3191 1641 3434 1696 habitum
3481 1650 3565 1696 est
3614 1642 3671 1697 in

2075 1722 2247 1779 Gallia
2268 1727 2557 1781 concilium
2580 1727 2635 1781 in
2656 1743 2765 1798 quo
2786 1727 3097 1786 Scottorum
3118 1732 3255 1788 ritus
3274 1748 3305 1787 a
3328 1731 3671 1791 Columbano

2076 1816 2393 1871 observatus
2424 1818 2759 1889 proscriptus
2794 1820 2913 1875 fuit.
2947 1819 2988 1874 E
3017 1820 3189 1877 Gallia
3223 1824 3406 1893 pulsus
3445 1823 3675 1880 sanctis-

382 1933 445 1973 ea
478 1916 628 1990 quasi
670 1915 909 1971 debitum
938 1914 1065 1982 quid
1093 1914 1437 1980 exigerentur
1468 1912 1609 1983 (Lib.
1642 1929 1725 1979 ix,
1747 1930 1829 1983 ep.
1859 1913 1971 1983 36).
2001 1922 2050 1982 Β
2077 1911 2243 1965 simus
2284 1912 2467 1973 abbas,
2512 1912 2580 1965 ad
2628 1913 2914 1981 Agilulfum
2965 1913 3440 1986 Langobardorum
3487 1931 3673 1987 regem

381 2009 717 2077 Quamquam
774 2020 838 2059 ea
887 2019 1007 2072 qua:
1064 2006 1133 2056 ad
1181 2003 1434 2057 Ecclesiae
1481 2002 1603 2071 jura
1651 2005 1974 2073 perveniunt

381 2103 609 2156 alienari
636 2100 771 2168 legis
796 2098 935 2152 ratio
978 2113 1085 2151 nou
1127 2096 1425 2166 permittat,
1456 2107 1511 2149 ut
1540 2097 1654 2165 ipse
1682 2095 1742 2151 S.
1773 2096 1975 2151 Doctor

381 2194 638 2264 praefatur
660 2192 714 2245 in
738 2190 966 2260 epistola
1008 2188 1073 2243 ad
1101 2188 1402 2243 Romanum
1434 2188 1802 2254 defensorem,
1836 2198 1973 2245 tem-

382 2285 673 2357 perandam
705 2293 883 2337 tamen
926 2281 1216 2350 aliquando
1247 2280 1381 2349 legis
1422 2282 1582 2351 hujus
1628 2282 1972 2337 severitatem

381 2375 593 2430 censuit
637 2374 834 2427 intuitu
885 2371 1270 2425 misericordiae
1315 2368 1503 2440 (Ibid.,
1553 2389 1636 2437 ep.
1675 2370 1788 2440 9.6).
1823 2369 1972 2437 Qua-

382 2474 605 2539 propter
630 2468 883 2520 donatam
912 2464 979 2518 ab
1004 2462 1287 2518 Amtnonia
1319 2461 1574 2517 Romana:
1596 2461 1849 2517 Eeclesim
1876 2462 1973 2517 (lo-

380 2573 563 2622 mum,
615 2556 875 2611 Calixeno
932 2554 1046 2623 ejus
1101 2554 1285 2623 nepoti
1336 2561 1653 2622 paupertate
1708 2554 1973 2608 laboranti

379 2648 764 2717 restituijussit
789 2665 802 2699 :
826 2646 1059 2700 maxime
1079 2660 1201 2700 cum
1232 2645 1587 2699 contenderet
1616 2645 1791 2699 aviam
1820 2660 1971 2698 suam

381 2740 543 2809 hujus
564 2740 757 2793 domus
783 2736 1081 2791 alienandis
1104 2734 1305 2790 nullam
1328 2734 1582 2789 habuisse
1611 2741 1971 2804 potestatem;

383 2832 484 2887 etsi
516 2832 567 2886 id
596 2830 816 2885 minime
848 2829 1123 2899 probaret.

455 2924 716 2980 Eumdem
761 2924 1063 2978 Romanum
1114 2923 1217 2976 alia
1267 2922 1545 2977 admonuit
1573 2923 1799 2994 epistola
1829 2922 1969 2994 (Lib.

382 3030 460 3082 ιι,
484 3032 566 3085 ep.
604 3012 717 3081 27),
750 3022 962 3068 caveret
985 3028 1055 3067 ne
1093 3013 1452 3085 patrocinium
1477 3012 1733 3069 Ecclesia:
1765 3013 1973 3069 facilius

382 3106 741 3178 impendenda
772 3105 1065 3173 ﬂagitiosus
1095 3104 1425 3170 delenderet,
1459 3120 1522 3160 ac
1552 3105 1628 3159 sic
1660 3105 1814 3159 iieret
1838 3119 1972 3159 eon-

384 3200 527 3253 scius
548 3213 731 3253 eorum
756 3198 1055 3253 facinorum
1078 3215 1089 3249 :
1116 3195 1257 3251 unde
1281 3211 1382 3251 nec
1404 3195 1702 3250 litterarum
1730 3210 1969 3259 suarum,

382 3290 426 3343 si
451 3305 584 3359 quas
614 3290 751 3345 forte
781 3288 1245 3345 commendatitias
1275 3288 1491 3342 incaute
1519 3286 1774 3351 dedisset,
1798 3290 1973 3343 ratio—
1996 3308 2045 3370 ρ

386 3398 507 3437 nem
536 3381 700 3436 ullam
744 3380 929 3435 haberi
975 3380 1145 3433 voluit
1176 3376 1365 3451 (Ibid.,
1412 3395 1495 3449 ep.
1526 3378 1637 3447 69).
1669 3377 1821 3432 Nunc
1849 3378 1974 3433 bre-

384 3474 523 3529 viter
550 3473 970 3545 perstringamus
989 3486 1109 3541 qua:
1132 3472 1185 3525 in
1216 3471 1421 3525 ordinis
1443 3471 1726 3526 monastiei
1747 3470 1971 3538 gratiam

388 3566 490 3621 hoc
514 3580 658 3620 anno
687 3564 754 3619 ab
784 3563 1089 3635 mquissimo
1118 3570 1272 3633 patre
1302 3563 1519 3618 decreta
1544 3571 1688 3616 sunt.

458 3656 511 3712 9.
545 3655 725 3712 Primo
773 3656 981 3710 irritum
1022 3653 1315 3709 declaravit
1366 3662 1747 3708 testamentum
1793 3652 1975 3722 cujus-

387 3749 511 3802 dam
542 3748 848 3810 abbatissae,
882 3755 937 3800 et
965 3762 1084 3813 qua:
1126 3745 1244 3798 aliis
1274 3744 1462 3799 illicite
1500 3744 1725 3812 legarat,
1768 3742 1978 3797 restitui

390 3835 507 3903 ejus
532 3838 862 3890 monasterio
895 3834 1053 3902 jussit
1081 3852 1092 3885 :
1130 3831 1301 3899 Quia,
1332 3834 1535 3902 inquit,
1574 3832 1979 3903 ingredientibus

390 3927 762 3980 monasterium
817 3925 1143 3977 convertendi
1196 3925 1407 3994 gratia,
1460 3924 1674 3977 ulterius
1722 3922 1866 3975 nulla
1904 3931 1982 3974 est

394 4019 616 4072 testandi
666 4018 908 4083 licentia,
942 4016 1152 4072 etiamsi
1196 4016 1511 4070 monachica
1557 4014 1717 4070 vestis
1766 4029 1873 4068 non
1912 4013 1982 4069 sit

392 4118 667 4180 assumpta
696 4108 837 4180 (Lib.
862 4124 939 4176 1x,
965 4124 1047 4178 ep.
1072 4107 1149 4179 7}.
1181 4106 1258 4161 De
1284 4107 1367 4161 his
1389 4106 1611 4175 legenda
1642 4106 1761 4160 libri
1787 4104 1982 4161 decimi

393 4204 619 4274 epistola
652 4203 845 4272 prima.

467 4298 719 4353 Secundo
757 4296 1183 4352 controversiam
1213 4296 1357 4349 inter
1382 4294 1676 4349 Antonium
1707 4295 1987 4350 subdiaco-

395 4406 521 4445 num
550 4404 707 4443 suum
738 4389 1015 4458 cujusdam
1050 4383 1373 4442 xenodochii
1414 4387 1790 4456 praepositum,
1814 4388 1987 4459 i290

397 4490 450 4534 et
480 4480 771 4535 Domitium
801 4479 1177 4550 presbyterum
1200 4488 1253 4533 et
1275 4478 1523 4533 abbatem
1549 4479 1858 4533 monasterii
1886 4478 1985 4533 SS.

398 4573 609 4626 Maximi
634 4581 689 4626 et
709 4572 929 4640 Agathie
958 4571 1281 4641 composuit,
1305 4579 1363 4625 et
1385 4584 1504 4641 quae
1528 4570 1667 4624 inter
1692 4570 1812 4624 illos
1834 4578 1987 4640 pacta

398 4672 551 4717 erant
580 4664 915 4719 confirmavit
942 4661 1079 4734 (Lib.
1114 4679 1188 4725 1x,
1221 4678 1301 4733 ep.
1325 4661 1438 4734 20).

469 4753 650 4807 Tertio
681 4752 909 4807 Massam
934 4752 1166 4807 Veneris
1196 4754 1263 4807 ab
1293 4753 1545 4808 Ecclesiae
1570 4754 1825 4809 Romanae
1848 4765 1989 4810 acto-

401 4845 547 4899 ribus
606 4844 804 4914 injuste
857 4852 1174 4911 occupatam
1240 4844 1388 4897 rewldi
1447 4844 1605 4913 jussit
1658 4846 1991 4901 monasterio

398 4939 571 4993 sancti
599 4937 762 4993 Marci
792 4938 931 5007 apud
966 4936 1243 5006 Spoletum
1277 4936 1415 5007 (Lib.
1448 4955 1523 5000 1x,
1547 4956 1630 5007 ep.
1659 4939 1773 5009 50).

473 5032 679 5097 Quarto
706 5044 826 5083 cum
850 5035 1073 5097 questus
1102 5037 1247 5083 esset
1266 5027 1604 5093 Valentinus,
1638 5032 1922 5101 presbyter
1940 5039 1996 5085 et

406 5122 586 5188 ubbas,
619 5120 917 5176 monachos
943 5134 971 5172 a
1000 5134 1057 5173 se
1087 5118 1336 5187 exigente
1370 5119 1525 5187 culpa
1562 5128 1583 5155 ⁸
1613 5121 1996 5173 communione

401 5214 644 5283 privatos
662 5253 683 5283 ,
710 5212 765 5267 in
792 5211 1010 5268 dioecesi
1042 5209 1333 5280 Spoletana
1380 5210 1727 5265 nihilominus
1755 5211 1821 5265 ad
1847 5226 1996 5266 com-

405 5304 718 5360 munionem
748 5303 940 5373 recipi,
963 5302 1021 5357 S.
1042 5300 1335 5371 Gregorius
1353 5299 1714 5371 Chrysantho,
1738 5302 1997 5371 episcopo

405 5396 724 5468 Spoletano,
753 5397 988 5467 scripsit,
1022 5410 1091 5449 ne
1122 5393 1555 5463 confugientibus
1578 5394 1641 5447 ad
1667 5394 1784 5462 ejus
1809 5392 1996 5448 Eccle-

406 5490 542 5545 siam
565 5489 845 5545 monachis
868 5488 1307 5544 communionem
1344 5486 1632 5541 indiscrete
1667 5486 1821 5540 reddi
1848 5492 2001 5556 pate-

408 5591 560 5637 retur
588 5581 729 5652 (Lib.
776 5598 854 5647 tx,
902 5597 985 5651 ep.
1037 5580 1151 5649 57).
1205 5579 1280 5633 De
1328 5579 1620 5649 privilegiis
1670 5580 1998 5635 monasterio

410 5673 715 5729 Arelatensi
744 5672 1015 5728 concessis
1045 5672 1276 5726 diximus
1306 5670 1481 5741 capite
1512 5670 1795 5740 superiori.

483 5765 572 5821 10.
603 5764 769 5819 Fama
806 5778 1027 5817 summae
1070 5763 1186 5832 ejus
1213 5761 1558 5831 benignitatis
1589 5762 1640 5814 in
1683 5760 2001 5825 monachos,

414 5855 624 5926 impulit
668 5854 897 5910 fortasse
941 5852 1353 5908 celeberrimum
1402 5852 1653 5907 abbatem
1706 5848 1999 5905 Columba-

2076 2005 2333 2074 perrexit,
2384 2013 2439 2058 et
2488 2004 2544 2058 in
2574 2004 2693 2075 ejus
2720 2007 2926 2062 ditione
2972 2006 3238 2064 Bobiense
3284 2009 3673 2065 monasterium

2076 2095 2487 2149 celeberrimum
2519 2098 2846 2152 construxit.
2877 2097 2990 2153 Cur
3033 2108 3211 2154 autem
3245 2101 3297 2154 in
3329 2115 3495 2169 regno
3524 2100 3671 2156 Lan-

2074 2186 2436 2254 gobardorum
2487 2188 2671 2243 sedem
2720 2187 2886 2258 ﬁgere
2927 2190 3405 2261 maluerit,quam
3456 2192 3507 2246 in
3553 2192 3675 2249 aliis

2078 2279 2241 2335 Italia:
2284 2280 2439 2348 locis,
2479 2281 2532 2335 id
2568 2281 2711 2337 forte
2741 2283 2795 2336 in
2826 2297 2989 2338 causa
3018 2283 3155 2350 fuit,
3182 2287 3325 2356 quod
3358 2285 3497 2356 apud
3529 2284 3677 2341 Lan:

2074 2370 2342 2439 gobardos
2397 2378 2581 2426 nosset
2639 2371 3042 2428 damnationem
3096 2373 3258 2428 trium
3313 2364 3675 2445 capitulorum

2076 2476 2182 2514 non
2212 2475 2331 2515 esse
2358 2468 2654 2531 receptam.
2697 2461 2833 2517 Huic
2869 2463 3014 2517 enim
3045 2462 3376 2519 damnationi
3416 2467 3674 2523 adversa-

2073 2556 2234 2611 batur
2282 2556 2400 2624 pius
2444 2556 2660 2610 aliunde
2710 2558 2908 2623 abbas,
2947 2564 3008 2612 ut
3053 2573 3122 2612 ex
3172 2557 3286 2627 ejus
3326 2559 3555 2630 epistola
3607 2560 3675 2615 ad

2075 2647 2409 2703 Bonifacium
2456 2646 2523 2700 IV
2568 2647 2756 2717 liquet.
2806 2647 2913 2720 (Cf.
2964 2649 3159 2703 Annal.
3201 2648 3469 2706 Benedict.
3512 2652 3551 2707 Ι.
3594 2668 3672 2722 Ix,

2075 2757 2128 2809 ν’
2163 2738 2315 2812 256')
2690 2808 2921 2865 CAPUT
2958 2810 3048 2866 IV.

2072 2902 2270 2953 Ancon.
2290 2928 2355 2967 7-
2377 2904 2424 2952 1.
2454 2903 2678 2963 Gregorii
2714 2904 2761 2952 in
2787 2903 3153 2967 inﬁrmitatibus
3194 2907 3430 2967 patientia
3462 2917 3516 2957 et
3550 2913 3677 2960 assi-

2137 2968 2263 3033 duus
2289 2965 2441 3033 labor.
2466 2970 2596 3033 -—“2.
2624 2966 2727 3024 Qua
2753 2965 3332 3033 sollicitudiueexortam
3352 2971 3679 3033 Agnoitarum

2140 3028 2366 3092 heresim
2406 3030 2683 3092 opprimere
2725 3034 2927 3075 conatus
2968 3027 3047 3077 sit.
3090 3028 3275 3078 Laudat
3311 3027 3485 3092 scripta
3512 3037 3679 3085 sancti

2138 3089 2329 3149 Eulogii
2368 3090 2603 3138 adversus
2635 3089 2759 3137 illos.
2785 3092 3013 3139 Occurrit
3039 3094 3193 3139 errori
3219 3089 3440 3142 nascenti
3465 3095 3678 3144 Thessa-

2130 3152 2327 3217 lonicae.
2348 3175 2407 3217 -_——
2428 3155 2475 3199 5.
2505 3150 2675 3217 Sclati
2694 3154 2743 3202 in
2770 3151 2957 3217 Italiam
2998 3154 3293 3217 irrumpunt.
3323 3155 3483 3204 Ρδιίίυ
3508 3158 3566 3205 ad
3591 3171 3680 3206 an-

2138 3213 2497 3279 nunrjuducite
2521 3224 2630 3279 cum
2657 3213 3004 3279 Langobardis.
3024 3240 3084 3249 —
3105 3213 3356 3265 L'Eorum
3382 3220 3488 3279 regi
3522 3220 3680 3267 nasci-

2138 3283 2218 3324 tur
2242 3276 2389 3324 ﬂlius.
2443 3276 2867 3336 Langobardorum
2912 3284 3077 3325 vestes
3127 3286 3177 3326 et
3222 3281 3396 3326 cultus.
3422 3276 3481 3314 -ἰ-
3503 3279 3549 3327 5.
3576 3284 3681 3329 Au-

2236 3344 2314 3388 tus
2362 3350 2477 3386 reos
2519 3340 2901 3398 repetundarum
2946 3339 3100 3398 punit.
3150 3339 3293 3398 Asyla
3339 3342 3388 3389 in
3434 3342 3677 3393 ccclesiis.

2128 3396 2372 3461 ‘Gregorii
2399 3412 2485 3461 pro
2510 3396 2678 3448 amicis
2716 3396 2955 3448 accusatis
2994 3396 3279 3451 sollicitudo:
3303 3428 3360 3436 —
3385 3404 3430 3453 6.
3456 3400 3680 3455 Judicem

2143 3464 2203 3512 ad
2242 3463 2555 3513 clementiam
2581 3462 2787 3510 ﬂectere
2826 3466 3049 3511 conatur.
3068 3486 3131 3498 —
3151 3464 3200 3512 7.
3219 3464 3438 3514 Amicum
3470 3466 3679 3515 fortunis

2144 3535 2348 3576 exutum
2390 3526 2691 3587 consolatur,
2736 3528 2803 3587 et_
2829 3522 3127 3587 liberalitate
3171 3535 3381 3574 recreat.
3450 3527 3677 3585 Ejusdem

2143 3588 2475 3649 consolatorim
2496 3584 2684 3635 littera!
2699 3584 2755 3634 ad
2778 3584 3152 3635 DominicUm.—
3182 3590 3226 3636 8.
3250 3584 3505 3649 Prosperis
3532 3590 3681 3637 rebus

2143 3655 2347 3700 utentes
2370 3648 2428 3695 ad
2454 3661 2623 3697 earum
2642 3653 2973 3709 contemptum
3000 3649 3311 3697 aceeudit.—
3330 3648 3385 3696 9.’
3403 3650 3679 3698 Amicorum

2145 3716 2259 3760 vitia
2299 3711 2496 3759 minime
2520 3709 2811 3770 dissimulat.
2829 3734 2889 3745 -ι
2910 3710 2986 3758 10.
3014 3709 3310 3759 Fortunatus
3332 3710 3685 3770 Neapolitanus

2147 3774 2405 3834 episcopus
2446 3773 2663 3834 moritur.
2705 3769 2973 3834 ])e_ip._sius
3007 3784 3294 3834 successore
3330 3769 3686 3834 diu‘deliberat

2145 3829 2341 3880 sanctus
2362 3829 2651 3890 Gregorius.
2675 3855 2735 3863 —
2758 3830 2835 3877 1i.
2864 3830 3048 3878 Ducem
3071 3832 3344 3891 Campaniae
3386 3830 3449 3879 ob
3476 3840 3681 3880 vexatos

2146 3894 2411 3943 monachos
2434 3894 2617 3953 arguit.
2644 3890 2761 3953 (An.
2788 3892 2880 3941 599
2911 3898 2963 3941 et
2984 3892 3119 3951 600.)

2157 4000 2209 4053 1.
2242 3998 2485 4067 Gregorii
2516 3999 2861 4069 aegritudines
2885 4000 2938 4054 in
2967 4000 3082 4054 dies
3110 4001 3592 4069 iugravescebant;
3624 4011 3684 4056 at

2084 4094 2267 4149 dicere
2308 4102 2524 4163 poterat
2575 4108 2698 4148 cum
2746 4092 3010 4164 Apostolo
3043 4112 3054 4145 :
3087 4091 3217 4147 Cum
3262 4094 3521 4163 inﬁrmor,
3562 4103 3684 4147 tunc

2089 4200 2269 4259 potens
2294 4204 2406 4242 sum
2448 4184 2536 4258 (II
2578 4186 2703 4241 Cor.
2747 4202 2858 4253 xu,
2902 4186 3013 4256 l0).
3056 4186 3330 4240 Summam
3381 4186 3547 4240 animi
3597 4185 3684 4240 sui

2086 4281 2446 4349 mqualitatem
2488 4280 2632 4334 inter
2677 4287 2760 4333 tot
2806 4278 3116 4333 morborum
3168 4277 3437 4330 cruciatus
3479 4276 3683 4343 optime
3730 4276 3751 4293 '

2091 4372 2377 4427 adumbrat
2423 4371 2507 4427 his
2550 4371 2620 4425 ad
2671 4370 2901 4424 amicum
2943 4368 3225 4437 Eulogium
3270 4366 3450 4422 verbis
3481 4383 3495 4418 :
3525 4364 3682 4431 Ecce,

2090 4466 2282 4534 inquit,
2302 4466 2413 4535 jam
2436 4462 2699 4517 biennium
2718 4478 2847 4532 pene
2866 4459 3100 4531 expletur
3119 4458 3255 4529 quod
3278 4457 3464 4509 lectulo
3488 4465 3683 4531 teneor,

2095 4558 2347 4627 tantisque
2387 4556 2633 4627 podagra:
2661 4555 2925 4609 doloribus
2962 4553 3196 4622 afﬂigar,
3226 4558 3283 4599 ut
3311 4550 3396 4600 vix
3424 4547 3477 4598 in
3509 4546 3685 4598 diebus

2097 4652 2239 4720 festis
2268 4666 2425 4717 usque
2455 4650 2524 4703 ad
2547 4651 2790 4704 horarum
2814 4648 2969 4701 trium
2993 4644 3215 4713 spatium
3236 4655 3447 4710 surgere
3465 4639 3684 4706 valeam,

2093 4743 2369 4797 missarum
2409 4743 2663 4796 solemnia
2705 4740 2981 4793 celebrare.
3013 4736 3140 4789 Mox
3181 4741 3349 4786 autem
3388 4749 3501 4785 cum
3542 4734 3685 4803 gravi

2095 4837 2260 4908 pellor
2297 4836 2476 4890 dolore
2521 4833 2851 4893 decumbere,
2882 4840 2935 4879 ut
2966 4827 3248 4879 cruciatum
3300 4840 3461 4877 meum
3493 4824 3686 4892 possim

2088 4933 2499 4995 interrumpente
2549 4926 2737 4996 gemitu
2791 4922 3031 4975 tolerare.
3091 4918 3189 4982 Qui
3236 4918 3386 4972 dolor
3427 4918 3688 4971 interdum

2097 5022 2225 5074 milii
2252 5021 2417 5073 lentus
2445 5027 2543 5081 est,
2574 5015 2835 5069 interdum
2855 5014 3064 5065 nimius.
3099 5010 3207 5065 Sed
3228 5029 3251 5062 r.
3264 5027 3389 5082 eque
3421 5012 3493 5062 ita
3522 5011 3688 5062 lentus

2100 5120 2156 5163 ut
2182 5110 2410 5174 recedat,
2443 5123 2599 5181 neque
2625 5109 2701 5159 ita
2740 5106 2930 5158 nimius
2959 5112 3013 5155 ut
3040 5104 3340 5172 interﬁciat.
3375 5100 3525 5155 Unde
3547 5098 3609 5169 ﬁt
3634 5110 3690 5152 ut

2102 5203 2186 5272 qui
2229 5200 2456 5273 quotidie
2480 5200 2534 5251 in
2562 5207 2725 5251 morte
2750 5212 2897 5260 sum,
2928 5196 3153 5267 quotidie
3190 5193 3417 5265 repellar
3444 5209 3476 5244 η
3505 5201 3691 5245 morte.

2103 5292 2217 5347 Nec
2252 5291 2466 5353 mirum,
2509 5292 2628 5361 quia
2676 5298 2915 5358 peccator
2968 5286 3140 5359 gravis
3186 5288 3303 5340 talis
3349 5283 3692 5352 corruptionis

2102 5401 2307 5439 carcere
2352 5385 2442 5438 diu
2488 5394 2663 5437 teneor
2700 5386 2949 5461 inclusus.
2998 5380 3147 5436 Unde
3196 5378 3473 5449 compellor
3516 5375 3695 5428 excla-

2102 5494 2247 5534 mare
2277 5478 2474 5532 :Educ
2501 5478 2566 5532 de
2589 5494 2797 5531 carcere
2824 5480 3052 5539 animam
3083 5490 3246 5530 meam
3266 5515 3279 5537 ,
3324 5473 3392 5525 ad
3436 5471 3693 5538 conﬁten-

2110 5570 2230 5623 dum
2256 5570 2451 5623 nomini
2501 5580 2584 5623 tuo
2612 5568 2783 5639 (Psal.
2826 5583 2981 5633 CXLI,
3014 5564 3090 5637 8).
3126 5564 3235 5618 Sed
3263 5563 3381 5633 quia
3431 5560 3555 5627 meis
3600 5560 3694 5613 hoc

2112 5660 2345 5731 precibus
2376 5661 2540 5713 adhuc
2571 5660 2797 5713 obtinere
2827 5676 2925 5712 non
2958 5672 3177 5719 mereor,
3212 5670 3336 5723 rogo
3366 5658 3699 5735 υεδιζᾳεθρῃ-

2111 5755 2305 5809 ctitatis
2334 5744 2501 5810 oratio
2530 5754 2783 5821 summi/ii
2808 5746 3535 5817 intercessionisAadjtttorium
3561 5759 3700 5814 ργα-
3772 5778 3777 5785 -

2111 5850 2249 5918 beat,
2278 5865 2454 5921 meque
2480 5866 2513 5902 a
2540 5848 2735 5918 peccati
2765 5855 2814 5899 et
2851 5844 3195 5912 corruptionis
3234 5842 3462 5913 pondere
3484 5830 3702 5919 liberum

488 5980 513 6007 ⁸
545 5969 623 6026 De
651 5965 1212 6028 excommunicatione
1242 5968 1626 6023 monachorum
1649 5983 1749 6038 pro
1774 5965 1967 6033 culpis,
2002 5965 2224 6020 consule
2244 5964 2378 6033 Reg.
2400 5964 2571 6019 sancti
2600 5960 2871 6017 Benedicti
2902 5976 3059 6035 capp.
3084 5956 3174 6024 25,
3204 5957 3301 6019 24,
3321 5957 3409 6023 ‘25,
3432 5957 3499 6010 26
3522 5962 3576 6013 et
3603 5955 3692 6013 27.
