4130 6472
520 436 616 489 4⁸51

981 427 1039 481 S.
1080 421 1411 482 GREGORII
1447 415 1660 476 MAGNI
1701 415 1887 483 VITA,
1930 411 2025 469 EX
2065 408 2232 469 EJUS
2269 406 2576 466 SCRIPTIS
2616 400 3010 459 ADORNATA.
3051 398 3180 454 LIB.
3224 377 3329 452 IV.‘

3696 386 3801 439 452

514 548 700 604 reddat
746 546 801 599 in
836 542 985 598 illam
1030 557 1183 613 quam
1226 540 1352 593 bene
1392 538 1556 592 nostis
1593 533 1881 589 libertatem
1920 531 2100 603 gloria:
2127 532 2181 593 Α
2204 528 2501 583 inebriatus
2534 523 2836 579 eructabat.
2871 518 3030 574 Certe
3076 514 3274 572 sufﬁcit
3307 506 3650 613 Gregoriana.
3685 505 3804 559 haec

514 643 742 712 filiorum
771 636 869 690 Dei
899 632 1040 705 (Lib.
1070 650 1125 698 x,
1158 649 1240 702 ep.
1275 630 1387 698 55).
1418 627 1614 684 Estivi
1644 626 1851 682 calores
1888 623 1979 692 qui
2029 622 2097 676 ad

511 730 763 803 podagras
791 725 1062 781 cruciatus
1109 721 1437 791 mitigandos
1466 719 1712 775 conferre
1755 730 1915 787 posse
1946 715 2097 769 vide-

511 823 734 887 bantur,
762 816 907 887 quod
936 814 1047 886 apti
1095 819 1278 869 essent
1326 812 1393 866 ad
1437 810 1657 865 noxium
1700 815 1756 863 et
1797 805 2098 862 morbidum

512 913 792 967 humorem
832 904 1253 977 dispellendum,
1281 902 1498 959 aliunde
1526 899 1743 970 corpori
1780 898 1895 967 ejus
1945 896 2102 951 valde

513 1002 773 1060 contrarii
817 1007 998 1067 erant,
1030 1007 1090 1054 ut
1111 999 1228 1068 ipse
1255 997 1331 1051 ait
1358 994 1541 1063 (Hom.
1573 993 1642 1047 ’54
1685 994 1741 1046 in
1784 990 2012 1061 Evang.,
2042 1006 2097 1043 η.

512 1095 566 1166 1)
595 1113 608 1161 ;
640 1093 764 1163 quia.
808 1092 969 1147 lentis
997 1098 1052 1145 et
1079 1088 1351 1145 continuis
1393 1086 1626 1140 febribus
1652 1082 1926 1137 urebatur.
1953 1080 2102 1135 Alius

510 1183 869 1256 proculdubio
917 1182 1160 1253 pontifex
1210 1178 1342 1233 nihil
1384 1175 1530 1231 aliud
1557 1174 1799 1243 cogitans
1839 1186 2000 1242 quam
2035 1170 2103 1225 de

512 1278 758 1334 levandis
786 1273 1163 1337 incommodis,
1195 1272 1263 1326 de
1289 1268 1606 1325 adhibendis
1632 1265 1882 1321 remediis
1916 1279 2101 1318 accer-

510 1368 799 1439 sendisque
826 1366 1080 1431 medicis,
1111 1363 1183 1418 ad
1220 1376 1406 1417 eorum
1434 1368 1621 1414 nutum
1664 1356 1897 1426 negotiis
1925 1356 2100 1410 eccle-

511 1461 742 1517 siasticis
769 1459 1016 1513 nuntium
1060 1454 1389 1518 remisisset,
1438 1463 1733 1519 omnesque
1760 1446 2105 1517 pontiﬁcatus

511 1567 670 1608 curas
702 1551 918 1607 vicariis
947 1546 1284 1605 credidisset.
1318 1544 1435 1599 Non
1475 1544 1669 1600 desunt
1710 1541 1933 1597 summis
1961 1540 2103 1593 anti-

509 1642 726 1698 stitibus
756 1650 812 1697 et
852 1639 1150 1710 episcopis,
1183 1636 1277 1706 qui
1317 1634 1607 1691 succedere
1637 1632 1787 1688 oneri
1819 1631 2101 1701 pastorali,

492 1733 625 1789 sive
673 1749 740 1788 ex
787 1732 1070 1792 charitate,
1110 1730 1223 1783 sive
1272 1741 1340 1781 ex
1385 1725 1679 1794 cupiditate
1725 1724 1982 1777 ambiant.
2036 1722 2103 1776 At

509 1822 880 1879 sanctissimus
908 1820 1102 1875 Pastor
1148 1816 1388 1871 omnium
1420 1813 1615 1868 Christi
1644 1811 1855 1875 ovium,
1886 1811 1937 1864 in
1970 1810 2102 1865 alie-

2202 618 2446 687 epistola,
2499 618 2565 670 ad
2617 614 2970 683 Agnoitarum
3017 610 3227 665 somnia
3272 601 3604 667 refellenda;
3636 599 3692 653 in
3735 613 3802 653 ea

2200 712 2345 766 enim
2389 698 2693 767 occurritur
2730 705 3013 768 omnibus,
3044 701 3187 757 unde
3233 696 3449 754 Christo
3477 691 3804 762 qualiscum-

2200 817 2307 872 que
2356 798 2660 870 ignorantia
2708 803 2892 867 posset
2937 792 3141 861 afﬁngi.
3191 790 3267 844 De
3321 788 3429 843 hoc
3480 788 3801 853 argumento

2201 891 2473 947 scribendi
2529 888 2873 945 occasionem
2923 886 3191 941 habuerat
3236 879 3580 936 doctissimus
3632 890 3801 946 papa.

2202 982 2411 1053 Quippe
2440 989 2566 1035 ante
2594 978 2871 1035 biennium
2897 972 3335 1045 Jerosolymitani
3362 970 3579 1043 quidam
3610 982 3802 1022 mona-

2203 1074 2292 1130 chi
2317 1071 2847 1141 Constantinopolim
2878 1074 3167 1131 venerant,
3197 1072 3252 1119 et
3293 1080 3357 1119 ea
3387 1064 3456 1118 de
3485 1060 3803 1134 quaestione,

2205 1179 2263 1223 ut
2291 1166 2562 1234 conjicere
2592 1164 2741 1226 licet,
2774 1160 3083 1215 Anatolium
3112 1163 3312 1212 sanctis
3335 1153 3479 1209 sedis
3508 1149 3806 1222 apocrisia-

2203 1264 2341 1318 rium
2373 1260 2792 1326 interrogarant.
2825 1254 2895 1308 At
2938 1253 3027 1307 ille
3054 1251 3316 1306 diaconus
3342 1244 3675 1317 respondere
3701 1242 3808 1299 dis.

2206 1352 2335 1407 tulit
2362 1350 2537 1404 donec
2563 1345 2879 1416 Gregorium
2912 1340 3290 1399 consuluisset.
3322 1337 3438 1404 Cui,
3478 1335 3653 1405 inquit
3690 1333 3807 1402 ipse

2205 1446 2271 1499 ad
2322 1442 2623 1511 Eulogium,
2653 1456 2746 1510 ego
2796 1447 2915 1490 ante
2945 1436 3154 1507 longum
3199 1444 3395 1502 tempus
3439 1446 3594 1497 quam
3636 1436 3807 1481 vestra

2205 1536 2398 1603 scripta
2425 1534 2735 1601 susciperem
2754 1572 2769 1595 ,
2802 1536 2985 1583 contra
3014 1524 3249 1580 eamdem
3278 1523 3517 1576 hmresim
3557 1520 3674 1587 ipsa
3704 1533 3812 1571 res-

2207 1625 2389 1697 pondi,
2433 1638 2546 1694 qua:
2586 1620 2913 1692 postmodum
2952 1618 3005 1670 in
3045 1614 3265 1685 epistola
3304 1621 3487 1665 vestra:
3513 1607 3808 1663 sanctitatis

2206 1719 2375 1775 inveni
2395 1735 2412 1782 ;
2447 1727 2595 1785 atque
2621 1712 2961 1783 omnipotenti
2994 1709 3105 1763 Deo
3137 1722 3354 1777 magnas
3392 1704 3590 1776 gratias
3630 1698 3806 1761 retuli,

2207 1816 2327 1887 quia
2377 1812 2440 1864 de
2495 1811 2692 1864 cunctis
2750 1802 3169 1877 inquisitionibus
3224 1800 3582 1854 Romanorum
3658 1804 3811 1865 atque

513 1931 615 1970 nos
661 1923 718 1969 et
760 1912 995 1969 vicarios
1036 1912 1293 1965 humeros
1338 1906 1692 1975 rejiciendum
1738 1919 1849 1959 non
1894 1904 2101 1972 putavit
2132 1918 2180 1977 Β
2207 1906 2507 1960 Graecorum
2538 1901 2757 1967 Patres,
2788 1913 3004 1969 quorum
3034 1912 3127 1949 nos
3174 1908 3418 1965 sequaces
3463 1902 3673 1953 sumus,
3701 1901 3811 1938 uno

506 2008 695 2078 jugum
724 2009 828 2063 sibi
866 2022 897 2060 a
925 2005 1141 2061 Christo
1167 2000 1498 2074 impositum,
1528 2001 1601 2055 ita
1621 2001 1762 2056 enim
1793 1998 2101 2070 appellabat

508 2096 818 2167 pontificale
845 2110 1059 2149 munus.

577 2188 631 2241 2.
667 2186 943 2256 Praecipua
966 2193 1145 2239 autem
1171 2183 1285 2253 ejus
1307 2182 1615 2239 sollicitudo
1636 2181 1739 2237 fuit
1766 2166 2106 2251 insurgentes

508 2294 742 2345 errores,
773 2294 901 2333 mox
948 2285 1009 2331 ut
1054 2277 1479 2343 innotescerent,
1520 2275 1791 2331 discutere
1830 2284 1884 2330 et
1928 2273 2107 2344 oppri~

508 2384 679 2425 mere.
708 2368 825 2422 Non
857 2368 931 2421 ita
968 2366 1176 2437 pridem
1207 2375 1395 2421 exorta
1425 2372 1542 2421 erat
1571 2366 1906 2421 Alexandriae
1940 2366 2110 2420 haere-

507 2461 584 2516 sis
641 2458 1020 2528 Agnoitarum,
1075 2457 1228 2526 cujus
1276 2457 1429 2511 initia
1483 2456 1699 2527 quidam
1747 2456 1989 2511 referunt
2039 2455 2108 2510 ad

511 2548 867 2605 Themistium
894 2547 1201 2615 diaconum,
1235 2532 1376 2601 unde
1403 2546 1533 2601 dicti
1573 2553 1700 2602 sunt
1731 2544 2105 2600 Themistiani.

511 2640 661 2695 Hanc
685 2637 928 2694 han‘esim
958 2637 1219 2691 excitasse
1260 2637 1521 2705 quosdam
1574 2636 1875 2692 monachos
1907 2650 1974 2689 ex
2003 2634 2108 2688 Pa-

507 2731 716 2786 laestina
769 2737 956 2783 auctor
1002 2735 1085 2781 est
1134 2726 1192 2782 S.
1243 2723 1501 2794 Eulogius
1540 2724 1966 2792 Alexandrinus,
2014 2724 2106 2792 qui

508 2819 767 2875 adversus
833 2815 1139 2885 hujusmodi
1190 2814 1474 2869 haereticos
1529 2814 1829 2868 decertavit
1896 2813 2100 2884 (Joan.

488 2911 827 2966 Damascen.
876 2909 939 2962 de
982 2909 1190 2962 Haeres.
1224 2908 1363 2977 apud
1394 2906 1643 2961 Photium
1690 2905 1937 2959 Biblioth.
1986 2904 2103 2959 cod.

505 3000 655 3073 250).
686 3001 754 3055 Hi
800 3015 932 3055 vero
974 2999 1190 3054 Christo
1240 2999 1599 3069 ignorantiam
1648 2997 1982 3064 tribuebant,
2036 3010 2104 3050 ex

508 3094 784 3149 nonnullis
828 3091 1107 3160 Evangelii
1147 3092 1279 3146 locis
1310 3092 1451 3146 male
1498 3090 1805 3145 intellectis.
1835 3089 2103 3143 Nimirum

508 3183 723 3241 Christo
752 3183 819 3237 de
849 3183 1055 3237 Lazaro
1103 3183 1314 3253 sepulto
1344 3182 1682 3251 inquirente,
1720 3179 1819 3234 Ubi
1858 3179 2102 3251 posuistis

2202 1998 2389 2067 spiritu
2428 2001 2549 2047 sunt
2579 1992 2737 2045 locuti
2765 1988 2953 2060 (Ibid.,
2980 2003 3062 2057 ep.
3094 1984 3208 2055 35).
3244 1980 3503 2050 Aguoitas
3532 1974 3810 2030 Nestoris-

2201 2104 2302 2143 nos
2328 2086 2491 2139 fuisse
2512 2082 2805 2151 Gregorius
2823 2080 2981 2135 docet
3004 2092 3123 2133 esse
3145 2076 3483 2144 manifestum
3506 2071 3525 2140 (
3535 2068 3559 2122 1
3566 2068 3650 2122 bid
3658 2108 3697 2134 .,
3720 2084 3806 2135 ep.

2202 2178 2326 2247 39);
2355 2175 2496 2231 unde
2524 2189 2610 2229 me
2637 2174 2771 2227 latet
2810 2186 2916 2240 qua
2943 2170 3155 2224 ratione
3182 2164 3484 2222 contrarius
3509 2159 3810 2231 Eutychia-

2204 2282 2397 2322 norum
2424 2280 2575 2319 error
2596 2263 2725 2333 ipsis
2747 2277 2776 2315 a
2807 2261 2833 2299 ι)
2866 2259 3176 2315 doctissimo
3206 2255 3483 2322 Theologo
3516 2251 3808 2320 tribuatur.

2204 2356 2364 2413 Certe
2389 2368 2565 2423 neque
2594 2352 2908 2421 Gregorius,
2940 2364 3117 2419 neque
3138 2345 3394 2415 Eulogius
3416 2343 3650 2414 quicum
3678 2338 3814 2408 ipsis

2204 2457 2260 2503 et
2274 2461 2455 2503 coram
2473 2453 2527 2499 et
2542 2443 2756 2514 scriptis
2775 2456 3095 2510 congressus
3120 2439 3322 2504 fuerat,
3344 2438 3489 2507 ipsos
3511 2434 3812 2504 Eutychia-

2206 2542 2288 2597 nis
2320 2555 2556 2609 unquam
2604 2541 3014 2593 accensuerunt.
3060 2532 3263 2587 Eodem
3307 2538 3553 2607 tempore
3584 2526 3816 2595 vigilan-

2207 2636 2444 2690 tissimus
2475 2632 2729 2688 Ecclesiae
2760 2630 2954 2707 Pastor
2982 2644 3104 2684 cum
3134 2626 3433 2697 accepisset
3474 2624 3526 2678 in
3563 2621 3811 2677 Ecclesia

2208 2724 2679 2781 Thessalonicensi
2724 2739 2833 2778 non
2874 2723 2994 2777 leve
3044 2729 3220 2775 ortum
3269 2716 3608 2779 scandalum,
3658 2714 3810 2769 Luca

2206 2818 2529 2889 presbytero
2558 2824 2612 2871 et
2645 2814 2807 2871 Petro
2838 2812 3127 2870 concilium
3153 2809 3590 2867 Chalcedonense
3629 2806 3806 2861 susci-

2206 2924 2336 2981 pere
2362 2908 2689 2971 nolentibus,
2709 2921 2773 2961 ea
2794 2906 2862 2961 de
2882 2920 2944 2961 re
2963 2904 3146 2961 statim
3167 2901 3382 2972 scripsit
3403 2897 3808 2971 adEusebium,

2208 3000 2748 3056 Thessalonicensem
2788 2996 3286 3067 archiepisc0pum,
3320 3002 3380 3048 ut
3409 2992 3476 3046 ad
3519 3004 3812 3046 removen-

2207 3093 2330 3147 dam
2359 3091 2711 3147 olfensionem
2741 3088 2929 3145 sedulo
2960 3087 3313 3143 incumberet.
3340 3083 3455 3152 Qua
3482 3099 3548 3139 ex
3577 3082 3811 3153 epistola

2209 3183 2509 3253 prmsertim
2559 3181 2836 3244 docemur,
2868 3179 2997 3247 quid
3034 3178 3105 3233 sit
3144 3175 3503 3248 pratstandum
3536 3175 3602 3229 ab
3647 3174 3712 3228 iis
3739 3172 3810 3227 de

508 3278 663 3330 eum?
710 3276 891 3348 (Joan.
934 3290 1008 3337 χι,
1041 3273 1129 3345 54)
1160 3281 1215 3329 et
1259 3273 1383 3327 alibi
1424 3273 1673 3327 dicente:
1706 3270 1785 3325 De
1826 3270 1907 3324 die
1937 3279 2105 3325 autem
2136 3288 2182 3353 ρ
2211 3289 2440 3344 quorum
2482 3273 2587 3328 ﬁde
2627 3272 2849 3328 suborta
2887 3278 2971 3326 est
3017 3270 3271 3341 suspicio.
3320 3269 3397 3323 De
3427 3267 3568 3323 Luca
3618 3266 3810 3323 eadem

508 3365 600 3419 illo
629 3367 706 3419 vel
735 3366 896 3429 hora,
926 3380 1073 3418 nemo
1103 3364 1239 3430 scit,
1271 3379 1434 3432 neque
1466 3364 1638 3434 angeli
1668 3364 1723 3416 in
1755 3362 1916 3430 caelo,
1946 3379 2106 3435 neque

510 3455 682 3510 Filius
726 3440 921 3528 (Marci
943 3473 1054 3521 xm,
1107 3455 1230 3525 32);
1279 3456 1402 3510 inde
1447 3456 1797 3510 asserendum
1844 3456 2107 3527 putabant

509 3548 688 3618 ipsum
744 3562 809 3602 ea
863 3548 1157 3615 ignorasse.
1211 3544 1415 3600 Contra
1458 3546 1601 3600 hunc
1652 3547 1806 3618 291
1866 3561 2107 3602 errorem

510 3638 728 3709 scripsit
753 3637 1030 3708 Eulogius,
1061 3646 1116 3693 et
1160 3636 1226 3691 ad
1268 3634 1588 3705 Gregorium
1621 3646 1645 3673 ει
1677 3637 2106 3693 lucubrationem

510 3741 663 3781 suam
711 3727 1116 3796 approbandam
1173 3725 1382 3779 curavit
1435 3724 1685 3791 mittere;
1743 3741 1905 3795 quam
1965 3742 2105 3798 papa

510 3817 670 3874 valde
695 3818 956 3883 laudavit,
986 3826 1045 3872 ut
1072 3817 1328 3871 doctrinae
1351 3815 1602 3872 Ecclesia:
1631 3804 1852 3887 prorsus
1871 3835 2105 3875 consen-

512 3917 728 3965 taneam
754 3927 766 3963 :
790 3909 871 3963 De
900 3910 1138 3964 doctrina
1167 3920 1357 3974 vestra,
1384 3910 1573 3979 inquit,
1604 3919 1785 3964 contra
1811 3912 2102 3979 htereticos,

511 4001 598 4071 qui
626 4000 869 4053 dicuntur
903 4001 1163 4070 Agnoitaz,
1196 4001 1291 4069 fuit
1322 3999 1475 4054 valde
1513 4003 1647 4072 quod
1687 4004 2107 4070 admiraremur;

511 4096 649 4163 quod
705 4104 877 4149 autem
924 4096 1248 4166 displiceret,
1301 4113 1404 4151 non
1452 4099 1568 4167 fuit.
1603 4098 1670 4151 In
1712 4100 1891 4154 eodem
1937 4107 2107 4153 autem

511 4202 667 4239 sensu
699 4188 1011 4254 jamdudum
1050 4190 1309 4242 communi
1347 4189 1458 4259 ﬁlio
1499 4200 1675 4246 nostro
1723 4192 1968 4246 Anatolio
1997 4191 2110 4244 dia-

512 4295 646 4334 cono
692 4281 919 4350 plurima
958 4284 1287 4352 scripseram.
1328 4284 1417 4338 Ita
1448 4296 1618 4340 autem
1652 4288 1891 4341 doctrina
1936 4296 2105 4341 vestra

511 4388 604 4441 per
641 4374 821 4427 omnia
864 4372 1070 4428 Latinis
1114 4375 1361 4430 Patribus
1416 4380 1764 4444 concordavit,
1817 4390 1874 4431 ut
1920 4380 2107 4433 mirum

509 4464 637 4516 mihi
667 4480 771 4519 non
814 4474 950 4519 esset
987 4466 1123 4537 quod
1172 4468 1227 4519 in
1267 4467 1480 4523 diversis
1524 4470 1715 4541 linguis
1743 4469 1954 4539 spiritus
2003 4487 2107 4525 non

512 4554 667 4623 fuerit
694 4556 941 4611 diversus.
976 4556 1119 4611 Nam
1147 4558 1241 4613 hoc
1272 4561 1408 4630 quod
1435 4561 1499 4615 de
1526 4561 1752 4629 ﬁculnea
1783 4560 1987 4613 dixistis
2006 4602 2021 4627 ,
2052 4563 2108 4615 in

2208 3368 2384 3424 adhuc
2405 3367 2658 3439 prmcepit
2685 3374 2906 3423 sanctus
2936 3364 3231 3434 Gregorius
3259 3379 3402 3420 anno
3428 3363 3698 3433 sequenti.

2280 3458 2332 3512 '5.
2385 3456 2681 3513 Ecclesiam
2730 3456 3071 3511 turbantibus
3118 3455 3421 3522 haereticis,
3468 3470 3557 3509 res
3596 3452 3809 3524 imperii

2209 3568 2319 3609 non
2342 3560 2496 3608 erant
2523 3551 2844 3621 pacatiores.
2868 3549 3001 3604 Nam
3032 3548 3208 3604 Sclavi
3240 3564 3336 3619 per
3356 3547 3571 3603 Histriae
3599 3547 3808 3602 aditum

2204 3646 2317 3716 jam
2345 3645 2399 3700 in
2426 3644 2637 3699 Italiam
2681 3644 2885 3699 intrare
2924 3650 3230 3713 coeperant,
3260 3640 3476 3712 quando
3508 3640 3567 3695 S.
3604 3639 3807 3708 Grego-

2208 3736 2320 3791 rius
2359 3734 2427 3791 ad
2470 3734 2760 3789 Maximum
2807 3734 3179 3790 Salonitanum
3209 3733 3302 3802 qui
3349 3732 3416 3787 de
3444 3731 3807 3787 Barbarorum

2211 3828 2510 3898 irruptione
2536 3835 2841 3895 monuerat,
2872 3825 3149 3895 rescripsit
3180 3822 3321 3895 (Lib.
3370 3841 3424 3888 x,
3458 3840 3540 3893 ep.
3576 3821 3689 3892 36).
3722 3820 3806 3876 Ad

2211 3919 2458 3974 eumdem
2488 3934 2705 3990 quoque
2735 3935 2933 3975 annum
2956 3916 3122 3974 refert
3143 3917 3406 3972 Baronius
3434 3931 3555 3985 quae
3578 3914 3644 3970 de
3668 3912 3807 3969 Cha-

2211 4025 2373 4081 gano,
2400 4012 2635 4065 Avarum
2658 4026 2804 4079 rege,
2834 4009 3114 4065 Venetiam
3137 4007 3467 4078 pravinciam
3500 4006 3803 4072 invadente,

2211 4103 2463 4172 Foroque
2493 4101 2617 4156 Julii
2644 4102 2855 4157 insidiis
2884 4102 3144 4156 Ramildte
3167 4100 3358 4171 potito,
3393 4109 3580 4154 narrat
3611 4098 3805 4156 Paulus

2210 4194 2482 4250 Diaconus
2514 4192 2653 4256 (Lib.
2690 4210 2762 4261 IV,
2803 4210 2849 4247 c.
2886 4192 2999 4263 12).
3031 4192 3222 4248 Utrum
3253 4192 3336 4247 his
3364 4192 3612 4247 Barbaris
3656 4190 3802 4247 fave-

2210 4289 2319 4343 rint
2344 4287 2707 4356 Langobardi,
2735 4285 2861 4340 dum
2901 4283 3113 4354 imperii
3158 4282 3463 4353 provincias
3498 4282 3804 4353 depopulati

2210 4390 2354 4448 sunt,
2387 4396 2495 4436 non
2526 4380 2785 4435 audemus
2826 4393 3109 4441 asserere;
3142 4393 3267 4432 nam
3296 4377 3404 4433 hoc
3440 4378 3633 4433 eodem
3664 4386 3803 4433 tem-

2211 4488 2343 4543 pore
2372 4472 2571 4528 factum
2598 4471 2761 4527 fuisse
2789 4486 2980 4540 pacem
3010 4486 3131 4525 cum
3154 4482 3280 4539 rege
3304 4469 3801 4539 Langobardorum,

2211 4572 2304 4617 aut
2330 4563 2510 4633 potius
2548 4571 2735 4634 pactas
2784 4562 3029 4617 inducias
3065 4577 3234 4631 usque
3271 4560 3340 4615 ad
3370 4576 3611 4616 mensem
3660 4560 3802 4614 Mar-

510 4662 568 4699 co
596 4663 747 4700 sensu
777 4649 985 4717 proprie
1009 4648 1183 4704 beatus
1212 4652 1529 4723 Augustinus
1571 4654 1817 4723 loquitur,
1845 4653 1966 4723 quia
1992 4670 2105 4709 cum
2132 4673 2187 4735 ι)
2212 4657 2345 4711 tium
2391 4655 2698 4709 indictionis
2742 4664 2976 4724 quartae,
3018 4662 3247 4710 testatur
3297 4654 3355 4711 S.
3401 4653 3692 4724 Gregorius
3737 4654 3804 4709 ad

512 4738 845 4811 Evangelista
888 4743 1157 4815 subjunxit
1201 4762 1219 4801 :
1261 4745 1513 4802 Nondum
1559 4746 1697 4798 enim
1749 4754 1863 4797 erat
1911 4756 2108 4817 tempus

511 4831 730 4898 ﬁcorum
768 4831 932 4903 (Mar.
965 4852 1051 4901 x1,
1094 4837 1215 4907 1⁸5),
1249 4848 1426 4909 aperte
1467 4838 1795 4907 cognoscitur
1843 4840 1981 4909 quod
2018 4859 2110 4909 per

510 4923 668 4990 [tcum
699 4921 950 4979 Dominus
986 4928 1042 4980 in
1092 4929 1377 5000 Synagoga
1407 4932 1630 4999 fructum
1658 4932 1964 5000 quaesierat,
1995 4950 2110 5003 qua:

513 5013 640 5083 {alia
660 5016 786 5086 legis
808 5020 1003 5083 habuit,
1028 5021 1119 5074 sed
1141 5023 1365 5091 fructum
1391 5019 1562 5089 aperis
1582 5036 1687 5074 non
1712 5020 1951 5078 habebat.
1979 5023 2108 5080 Non

510 5104 648 5157 enim
668 5115 865 5173 poterat
911 5108 1124 5164 Creator
1168 5111 1397 5165 omnium
1444 5112 1668 5175 nescire,
1718 5114 1841 5183 quia
1884 5117 2110 5185 fructum

510 5200 642 5269 ﬁcus
670 5217 774 5255 non
801 5201 1000 5269 habuit,
1020 5203 1156 5272 quod
1184 5202 1307 5257 dum
1339 5211 1535 5271 tempus
1567 5205 1785 5274 ﬁcorum
1816 5224 1921 5261 non
1952 5221 2104 5275 esset,

511 5307 688 5346 omnes
718 5302 956 5363 poterant
982 5297 1115 5349 scire
1160 5292 1303 5363 (Lib.
1334 5311 1389 5362 x,
1419 5313 1501 5365 ep.
1538 5296 1652 5369 39).
1686 5298 1867 5367 Pergit
1891 5310 2109 5358 sanctus

511 5380 993 5453 Paterzostendere
1027 5385 1225 5440 mirum
1253 5402 1578 5443 consensum
1608 5390 1867 5447 doctrinm
1895 5392 2108 5465 Eulogii

512 5490 637 5535 cum
656 5480 1067 5553 Augustiniana,
1093 5499 1253 5554 quam
1277 5486 1393 5558 ipse
1416 5489 1719 5545 sitibundus
1746 5490 2023 5560 hauserat,
2049 5502 2108 5549 et

584 5642 607 5669 °
641 5632 805 5692 Forte
832 5638 943 5707 ipsa
974 5646 1055 5691 est
1081 5652 1241 5707 quam
1289 5643 1509 5697 exhibet
1554 5642 1780 5697 Photius
1810 5644 1932 5701 loco
1976 5647 2104 5701 assi-

511 5712 695 5790 gnato.
728 5708 783 5790 In
808 5722 871 5761 ea
906 5723 1119 5790 omnem
1143 5726 1173 5764 a
1201 5710 1425 5790 Christo
1447 5713 1608 5790 etiam
1637 5714 1858 5790 homine
1884 5726 2101 5772 amovet

510 5778 890 5843 ignorantiam.
922 5778 1091 5834 Aliter
1118 5785 1349 5838 sensisse
1378 5786 1591 5838 videtur
1621 5784 1879 5841 Athanas.
1906 5787 1997 5841 lib.
2031 5790 2100 5843 de

510 5843 723 5927 lucarn.
753 5856 940 5904 contra
961 5850 1146 5927 Arian.
1174 5869 1229 5906 n.
1261 5855 1291 5905 7
1317 5872 1350 5927 :_
1362 5854 1496 5927 Cum
1522 5856 1649 5909 dicit
1678 5856 1741 5909 de
1770 5858 1950 5912 ultimo
1989 5858 2092 5923 die,

512 5924 705 5985 inquit,
734 5933 882 5975 nemo
916 5924 1073 5989 novit,
1112 5941 1272 5994 neque
1303 5924 1565 5982 Filius....
1610 5929 1889 5982 secundum
1913 5930 2098 5983 huma-

2211 4746 2606 4811 lnnocentium,
2653 4745 2846 4802 Africre
2892 4746 3233 4816 praefectum,
3283 4745 3545 4802 scribens.
3593 4744 3704 4799 Hac
3750 4746 3803 4799 in

2212 4838 2437 4909 epistola
2468 4837 2705 4892 occurrit
2732 4836 2940 4905 insigne
2985 4836 3301 4892 humilitatis
3330 4835 3467 4905 ejus,
3499 4845 3554 4891 et
3583 4849 3803 4890 summae

2213 4945 2340 4999 erga
2388 4929 2743 4999 Augustinum
2798 4930 3155 4984 observantiae
3204 4944 3313 4982 non
3368 4926 3803 4997 praetereundum

2213 5030 2587 5091 argumentum
2622 5039 2634 5074 :
2670 5019 2849 5088 Quod,
2892 5022 3096 5091 inquit,
3136 5023 3193 5075 in
3221 5020 3597 5091 expositionem
3634 5022 3804 5074 sancti

2210 5113 2311 5168 Job
2344 5114 2626 5168 transmitti
2666 5113 2807 5168 vobis
2838 5114 3063 5168 codicem
3116 5114 3374 5180 voluistis,
3406 5114 3469 5167 de
3497 5122 3663 5168 vestro
3694 5130 3803 5167 om-

2216 5208 2339 5260 nino
2388 5206 2558 5260 studio
2603 5206 2884 5277 gaudemus
2920 5207 3209 5277 :quoniam
3249 5206 3327 5259 illi
3366 5208 3441 5261 rei
3470 5207 3803 5261 eminentiam

2212 5306 2433 5350 uestram
2462 5296 2665 5351 studere
2696 5298 3060 5368 conspicimus,
3101 5313 3216 5368 quae
3244 5313 3338 5352 nec
3380 5306 3511 5351 totos
3541 5299 3686 5368 [oras
3714 5315 3802 5352 vos

2212 5388 2355 5442 exire
2400 5389 2695 5458 permittat,
2742 5397 2791 5442 et
2829 5388 2899 5442 ad
2937 5406 3027 5443 cor
3056 5392 3242 5443 iterum
3286 5390 3625 5445 swcularibus
3664 5391 3803 5443 curis

2211 5482 2473 5553 dispersos
2499 5484 2786 5555 recolligat.
2820 5482 2929 5538 Sed
2951 5484 2995 5537 si
3017 5483 3261 5539 delicioso
3284 5485 3471 5555 cupitis
3500 5482 3691 5554 pabulo
3716 5500 3803 5538 sa-

2204 5646 2436 5718 nitatem
2467 5646 2710 5718 loquitur.
2742 5646 2858 5718 Qua
2897 5646 2965 5718 _d_e
3005 5663 3065 5702 re
3109 5647 3349 5717 legendae
3388 5647 3803 5718 Disquisitiones

2208 5715 2323 5789 RR.
2367 5716 2480 5789 PP.
2511 5715 2775 5789 Congreg.
2804 5716 2866 5789 ,S.
2896 5716 3096 5782 Vitoni,
3124 5715 3356 5789 "parte,
3392 5715 3513 5789 pag:
3547 5717 3673 5786 168,
3708 5720 3798 5773 ubi

2204 5788 2307 5841 alia
2357 5788 2636 5855 proferunt
2682 5788 2739 5841 S.
2786 5788 3063 5842 Athanasii
3114 5788 3416 5846 testimonia
3473 5806 3540 5846 ex
3586 5806 3673 5861 ep.
3729 5790 3798 5844 ad

2203 5856 2390 5916 Seran.
2425 5871 2479 5913 et
2517 5874 2583 5913 ex
2614 5867 2753 5912 orat.
2788 5857 2822 5909 4
2850 5867 3039 5916 contra
3063 5860 3248 5915 Arian.

2278 5875 2332 5912 ra
2378 5898 2390 5911 .
2425 5875 2479 5913 et
2517 5875 2583 5913 ex
2614 5875 2753 5912 orat.
2788 5875 2822 5909 ιι
2850 5875 3039 5916 contra
3063 5875 3248 5915 Anan.

2275 5928 2298 5966 δ
2338 5875 2475 5986 ξηᾱθ
2496 5929 2672 5983 Natal.
2702 5928 2964 5987 Alexand.
2994 5932 3189 5990 saeculo
3219 5948 3291 5999 Vl,
3322 5931 3529 6007 cap.74,
3563 5940 3669 5990 art.
3702 5931 3756 5987 ὅ.
