4130 6444
361 439 467 496 453

825 437 886 494 S.
921 435 1247 492 GREGORII
1288 435 1504 493 MAGNI
1545 436 1726 504 VITA,
1770 437 1859 494 EX
1900 437 2062 497 EJUS
2100 431 2406 499 SCRIPTIS
2445 443 2842 508 ADORNA'I‘A.
2883 446 3014 504 LIB.
3056 447 3145 505 IV.

3539 455 3650 510 454

344 555 560 629 .ginari,
595 553 729 608 beati
765 555 1043 626 Augustini
1070 555 1311 623 patriaac
1337 556 1488 609 vestri
1514 554 1760 626 opuscula
1790 555 1961 625 legite,
1989 558 2044 619 Α
2066 554 2184 612 sule
2209 557 2423 614 sisteret
2447 558 2793 629 judicandum
2818 562 2924 630 ,-S.
2950 563 3241 637 Gregorius
3288 568 3460 625 eidem
3505 569 3659 628 Seri-

356 656 410 704 ct
433 648 504 702 ad
531 650 968 722 comparationem
998 649 1222 720 siliginis
1257 649 1398 702 illius
1432 657 1664 703 nostrum
1703 649 1959 720 furfurem

359 745 470 794 non
495 741 741 810 quaeratis
776 737 915 810 (Lib.
944 756 996 804 x,
1032 757 1115 807 ep.
1140 738 1254 811 57).

432 828 488 884 4.
517 827 594 882 Ex
623 827 810 884 eadem
852 829 1084 899 epistola
1126 831 1498 899 intelligimus,
1531 829 1717 886 Roma:
1745 831 1958 886 nuntia-

302 974 331 996 ί
363 928 473 975 tam
504 919 669 975 fuisse
697 921 840 988 regis
881 920 1357 990 Langobardorum
1396 931 1647 978 mortem.
1681 922 1739 977 Id
1783 923 1960 978 incer-

367 1021 480 1068 tum
512 1029 631 1069 esse
660 1013 847 1069 scribit
870 1013 1183 1084 Gregorius,
1213 1015 1356 1086 quod
1381 1025 1569 1085 postea
1599 1015 1790 1070 falsum
1818 1029 1961 1070 com-

363 1105 522 1176 perit.
554 1105 667 1160 Imo
695 1121 793 1174 pro
817 1104 967 1160 luctu
996 1106 1065 1161 de
1094 1114 1270 1161 morte
1290 1106 1579 1176 principis,
1600 1107 1836 1160 maxima
1862 1106 1962 1161 fuit

369 1194 425 1249 in
456 1204 566 1251 tota
611 1206 771 1264 gente
810 1195 998 1250 laetitia
1028 1195 1096 1251 de
1125 1205 1254 1252 nato
1283 1197 1386 1266 ipsi
1416 1197 1525 1252 tilio
1555 1197 1772 1252 nomine
1815 1197 1959 1253 Ada-

364 1285 566 1341 loaldo.
601 1285 786 1341 Editus
815 1296 898 1342 est
944 1287 997 1341 in
1042 1287 1217 1342 lucem
1261 1287 1504 1343 Modiciac
1547 1303 1654 1343 non
1705 1288 1892 1358 procul
1930 1303 1960 1342 a

365 1376 710 1448 Mediolano,
759 1379 849 1448 qui
879 1379 1032 1434 locus
1076 1379 1456 1435 Theodelindae
1498 1381 1696 1449 regina:
1741 1381 1958 1436 charus.

363 1467 441 1525 Ibi
469 1470 612 1524 enim
641 1470 921 1527 basilicam
950 1469 1008 1526 S.
1042 1469 1264 1526 Joannis
1293 1469 1546 1540 Baptistae
1585 1471 1750 1526 totius
1789 1471 1963 1540 gentis

363 1564 578 1634 patroni
601 1563 905 1631 atdiiicavit,
938 1562 1269 1618 ornamentis
1291 1563 1409 1618 auri
1434 1573 1488 1618 et
1511 1564 1718 1634 argenti
1738 1563 1964 1619 decora-

363 1656 462 1721 vit,
494 1662 550 1709 et
577 1654 919 1724 amplissimis
945 1654 1137 1710 ditavit
1181 1654 1416 1724 praediis.
1448 1651 1586 1708 Olim
1619 1655 1722 1708 hac
1753 1655 1809 1708 in
1857 1654 1964 1709 Ec-

364 1747 526 1802 clesia
559 1760 678 1816 quae
707 1745 882 1801 adhuc
911 1753 1053 1813 stat,
1086 1745 1460 1801 ministrarum
1499 1745 1755 1801 monachi
1792 1745 1966 1800 Bene-

364 1835 575 1893 dictini.
603 1836 808 1892 Ibidem
851 1837 1119 1893 exstruxit
1163 1838 1311 1906 regia
1339 1836 1704 1892 munificentia
1747 1836 1961 1893 celebre

2067 646 2195 702 boni
2241 649 2562 718 signiﬁcavit
2604 671 2768 710 mora:
2808 671 2871 712 ac
2915 660 3412 728 procrastinationis
3439 678 3661 720 causam

2066 737 2228 793 fuisse
2268 754 2485 810 gravem
2515 743 2881 802 inﬁrmitatem
2906 741 3062 816 ,'non
3089 750 3402 809 dilationem
3433 762 3660 824 sponta-

2063 844 2241 884 neam.
2275 829 2414 898 Quid
2440 833 2508 888 de
2544 834 2636 890 illo
2660 834 2958 904 judicatum
2990 839 3059 894 sit
3087 843 3301 912 assequi
3330 857 3438 898 non
3464 859 3661 914 possu-

2063 935 2202 976 mus.
2234 920 2388 978 IIunc
2416 932 2598 980 tamen
2627 927 3009 996 exprmfectum
3048 947 3077 983 a
3107 931 3336 1002 pristino
3374 941 3517 988 statu
3548 949 3659 988 non

2065 1011 2350 1080 excidisse,
2384 1014 2498 1070 sive
2524 1017 2705 1084 quoad
2735 1017 2988 1085 honores,
3022 1021 3135 1076 sive
3163 1032 3423 1092 quantum
3454 1024 3523 1080 ad
3553 1024 3666 1082 for-

2065 1115 2242 1174 tunas,
2275 1108 2547 1179 conjicere
2586 1109 2711 1166 licet
2739 1127 2808 1166 ex
2835 1112 3066 1182 epistola
3093 1114 3304 1173 duobus
3337 1125 3463 1186 post
3505 1117 3663 1175 annis

2066 1201 2133 1255 ad
2161 1215 2284 1255 eum
2311 1209 2510 1272 scripta
2535 1199 2674 1274 (Lib.
2707 1218 2802 1268 xu,
2831 1219 2913 1274 ep.
2947 1201 3061 1273 22).

2136 1311 2194 1366 6.
2224 1312 2549 1383 Libertinus,
2583 1315 2857 1385 quondam
2882 1316 3077 1372 Sicilite
3106 1293 3412 1390 prtefectus,
3439 1320 3497 1376 S.
3528 1321 3661 1377 Gre-

2066 1403 2202 1474 gorii
2234 1404 2533 1472 familiaris,
2566 1406 2727 1476 longe
2757 1406 2942 1463 durius
2970 1407 3185 1462 habitus
3224 1417 3325 1463 est.
3356 1408 3666 1480 Rogaverat

2066 1496 2415 1563 exconsulem
2443 1512 2564 1567 plus
2612 1495 2864 1554 Pontifex
2904 1506 2963 1553 ut
2991 1499 3224 1553 amicum
3252 1497 3477 1554 haberet
3517 1515 3668 1556 com-

2067 1587 2375 1643 mendatum
2405 1604 2419 1653 ;
2444 1594 2499 1642 et
2527 1587 2593 1642 de
2621 1588 2739 1658 ipso
2764 1588 2831 1643 ad
2857 1589 3115 1659 plurimos
3139 1589 3274 1646 alios
3305 1590 3503 1646 eodem
3529 1607 3664 1648 con-

2067 1680 2188 1736 silio
2219 1680 2528 1750 scripserat.
2561 1680 2669 1737 Sed
2710 1681 2966 1738 Leontius
2989 1685 3267 1752 exconsul,
3299 1685 3381 1740 vir
3411 1699 3542 1740 sane
3573 1685 3657 1740 ni-

2069 1771 2189 1826 mia:
2254 1772 2600 1839 severitatis,
2671 1773 2818 1827 misit
2871 1774 2940 1830 ad
3002 1775 3321 1845 Gregorium
3378 1777 3660 1846 exemplar

2070 1861 2351 1932 cujusdam
2403 1863 2672 1921 cautionis
2725 1866 2883 1934 plane
2929 1867 3285 1933 exsecrabilis,
3331 1882 3452 1938 quae
3503 1866 3666 1924 tidem

369 1929 650 2032 Ρβξδξίυτῗδ
673 1928 1291 2032 “51,9,ﬁpifaltriefipua
1311 1928 1786 2032 Lff'goba'dowm
1809 1939 1962 2032 39f?
1993 1944 2039 2004 Β
2065 1928 2296 2013 faciebat
2323 1973 2484 2028 quam
2527 1928 2781 2030 perversa
2809 1970 2991 2016 mente
3030 1961 3097 2016 ad
3126 1928 3458 2031 praefecturae
3488 1961 3666 2032 digni-

362 2020 705 2076 videbantur.
763 2019 870 2091 (Cf.
915 2019 1075 2074 Paul.
1116 2018 1296 2087 Diac.,
1345 2019 1436 2076 lib.
1508 2036 1582 2089 tv,
1645 2037 1796 2092 capp.
1869 2019 1960 2091 22,

369 2111 458 2177 25,
491 2112 592 2179 26;
625 2111 835 2180 Mabt'l.,
867 2111 1007 2167 Mus.
1042 2109 1171 2168 Ital.
1202 2130 1256 2181 p.
1286 2109 1394 2166 212
1419 2120 1468 2167 et
1497 2110 1679 2182 2I5.)?

434 2202 693 2259 Fortasse
739 2219 848 2258 non
895 2202 1001 2258 erit
1049 2201 1402 2272 injucundum
1449 2202 1639 2258 lectori
1687 2203 1794 2258 hoc
1840 2202 1962 2258 loco

366 2294 673 2351 describere
702 2310 771 2350 ex
797 2293 964 2349 Paulo
992 2293 1234 2350 Diacono
1269 2294 1392 2363 quis
1421 2302 1548 2349 tunc
1577 2302 1722 2350 esset
1750 2293 1962 2363 Lango-

367 2384 663 2440 bardorum
691 2384 888 2451 cultus,
918 2399 1037 2454 quae
1064 2393 1264 2451 vestes,
1297 2393 1356 2440 ut
1375 2400 1441 2441 ex
1469 2384 1754 2441 Modiciani
1776 2385 1964 2455 palatii

365 2475 524 2548 pictis
571 2476 782 2532 tabellis
827 2476 1354 2546 deprehendebatur.
1386 2477 1667 2534 Cervicem
1711 2478 1964 2533 radentes

365 2567 643 2622 nudabant
672 2582 840 2636 usque
869 2567 934 2622 ad
965 2569 1213 2638 occiput;
1237 2568 1462 2638 capillos
1485 2584 1516 2623 a
1538 2567 1676 2624 facie
1699 2584 1870 2639 usque
1895 2567 1966 2624 ad

366 2671 429 2714 os
453 2657 712 2714 demissos
742 2659 1020 2725 habentes,
1048 2675 1184 2730 quos
1213 2659 1269 2714 in
1299 2669 1590 2730 utramque
1615 2659 1810 2715 frontis
1836 2675 1962 2729 par-

367 2757 472 2805 tem
500 2749 963 2804 discriminabant.
990 2749 1325 2806 Vestimenta
1374 2765 1566 2806 eorum
1613 2756 1770 2806 erant
1816 2750 1962 2818 laxa,

366 2853 422 2899 et
452 2845 683 2900 maxime
711 2845 874 2914 linea,
908 2852 1100 2900 ornata
1130 2844 1328 2901 institis
1370 2845 1505 2899 varii
1544 2844 1762 2900 coloris.
1787 2843 1965 2900 Calcei

368 2946 521 2990 erant
566 2951 735 3006 usque
778 2936 845 2990 ad
895 2951 1164 2991 summum
1203 2935 1452 3006 pollicem
1496 2950 1637 3007 pene
1668 2936 1865 3006 aperti,
1911 2944 1967 2990 et

375 3029 680 3084 alternatim
710 3030 914 3100 laqueis
965 3030 1318 3099 corrigiarum
1358 3029 1576 3084 retenti.
1618 3027 1813 3084 Postea
1855 3031 1967 3085 co:-

368 3128 563 3189 perunt
589 3128 614 3156 α
643 3119 792 3173 hosis
839 3119 945 3187 uti,
981 3135 1144 3189 super
1171 3134 1304 3189 quas
1343 3118 1650 3188 equitantes
1701 3118 1967 3186 subrugos

368 3209 578 3263 birreos
610 3209 916 3265 mittebant.
948 3209 1054 3264 Sed
1075 3209 1190 3265 lucc
1216 3209 1284 3264 de
1310 3208 1554 3264 Romana
1577 3209 1968 3266 consuetudine

373 3300 678 3355 trahebant.
714 3299 820 3372 (Cf.
853 3301 953 3355 loc.
977 3318 1091 3369 sup.
1125 3299 1292 3372 laud.)

441 3389 492 3445 5.
532 3390 756 3446 Interim
784 3391 1076 3447 Mauricius
1114 3393 1412 3463 imperator
1436 3392 1586 3448 brevi
1617 3393 1764 3463 pacis
1801 3392 1970 3448 inter-

367 3484 511 3540 vallo
541 3485 619 3539 uti
644 3485 923 3540 constituit
952 3485 1019 3540 ad
1057 3485 1298 3541 rationes
1327 3485 1618 3556 exigendas
1663 3486 1731 3541 ab
1782 3484 1846 3540 iis
1874 3484 1968 3554 qui

368 3578 627 3646 pecunias
671 3577 913 3648 publicas
957 3576 1344 3648 dispensandae
1402 3587 1759 3648 acceperant,
1807 3593 1870 3631 ac
1911 3577 1966 3632 in

367 3670 618 3740 proprios
665 3669 1000 3724 convertisse
1057 3684 1186 3724 usus
1232 3668 1561 3724 ferebantur.
1611 3667 1688 3723 Eo
1737 3667 1966 3724 consilio

366 3761 514 3815 misit
542 3761 772 3816 Romam
822 3760 1105 3816 Leontium
1134 3761 1502 3826 exconsulem,
1543 3775 1703 3830 quem
1739 3759 1798 3814 S.
1832 3759 1968 3814 Gre—

368 3853 521 3923 gorio
546 3853 944 3908 commendavit
968 3851 1326 3916 Domitianus,
1361 3851 1614 3905 Melitinae
1653 3850 1968 3920 metropoli-

372 3953 546 4010 tanus,
579 3943 838 4010 Augusti,
870 3943 926 3997 ut
948 3941 1058 4010 jam
1087 3941 1288 3995 dictum
1317 3951 1417 4008 est,
1448 3948 1738 4009 cognatus;
1769 3937 1967 4008 rogans

370 4036 592 4108 insuper
620 4046 680 4092 ut
707 4036 761 4091 in
793 4037 858 4091 iis
887 4049 1006 4104 qua:
1032 4035 1083 4090 ei
1112 4049 1212 4105 pro
1232 4032 1444 4102 publica
1473 4031 1705 4087 utilitate
1731 4031 1967 4086 serenis-

370 4131 632 4186 simorum
682 4129 1035 4186 Dominorum
1080 4127 1323 4199 jussione
1372 4127 1621 4181 mandata
1674 4134 1858 4192 erant,
1912 4127 1968 4182 in

369 4235 627 4295 quantum
682 4224 826 4280 ratio
891 4223 1131 4290 sineret,
1191 4220 1470 4291 sulfragari
1524 4220 1855 4288 dignaretur.
1909 4219 1967 4276 Id

369 4317 722 4372 libentissime
756 4332 813 4371 se
846 4318 1209 4386 prmstiturum
1239 4315 1514 4386 pollicitus
1544 4324 1627 4369 est.
1655 4330 1792 4384 papa
1817 4332 1831 4382 ;
1865 4330 1966 4371 nec

371 4409 422 4465 id
449 4410 675 4481 implere
701 4408 935 4478 distulit,
964 4424 1087 4463 nam
1120 4423 1240 4461 cum
1289 4406 1583 4478 Gregorius
1611 4405 1966 4474 exprmfectus

373 4511 428 4557 et
452 4502 542 4558 alii
574 4503 665 4574 qui
693 4503 1112 4573 repetundarum
1143 4503 1553 4567 accusabantur,
1586 4501 1637 4553 in
1688 4508 1839 4569 septa
1870 4515 1964 4554 ec-

374 4593 670 4650 clesiastica
694 4609 752 4649 se
782 4595 1130 4663 recepissent,
1165 4591 1311 4664 quod
1340 4608 1437 4664 pro
1468 4590 1761 4646 inviolabili
1801 4589 1966 4644 habe-

375 4693 562 4740 rentur
589 4686 761 4757 asylo,
803 4685 862 4740 S.
895 4684 1186 4756 Gregorius
1225 4685 1305 4739 eis
1332 4683 1599 4752 persuasit
1645 4691 1702 4735 ut
1731 4681 1962 4745 exirent,
1994 4717 2042 4778 ο

374 4789 428 4832 et
452 4778 689 4832 rationes
719 4793 842 4831 suas
871 4791 1142 4845 exponere
1171 4783 1423 4830 curarent
1453 4772 1592 4846 (Lib.
1626 4788 1680 4838 x,
1723 4789 1807 4842 ep.
1847 4771 1958 4841 50).

375 4866 588 4936 Egressi
615 4877 738 4921 sunt
770 4867 973 4934 itaque,
1005 4876 1060 4920 et
1087 4864 1269 4918 Marco
1290 4863 1537 4920 Scriboni
1567 4865 1650 4933 qui
1676 4860 1746 4915 ad
1773 4859 1967 4915 exhibi-

375 4962 566 5015 tionem
588 4976 767 5015 eorum
789 4966 995 5012 venerat
1017 4957 1220 5021 traditi,
1240 4965 1459 5026 accepta
1482 4955 1630 5024 prius
1650 4953 1965 5020 Sponsione,

374 5056 580 5112 nullam
619 5069 681 5110 se
725 5052 1038 5109 violentiam
1080 5064 1351 5121 passuros.
1398 5047 1713 5114 Gregorium
1763 5057 1968 5114 exprae-

376 5141 582 5200 fectum
603 5143 841 5198 amicitia
888 5140 992 5196 sibi
1035 5137 1534 5208 conjunctissimum
1573 5133 1972 5193 commendavit

377 5238 539 5307 292
569 5233 716 5305 Papa
741 5243 854 5288 tum
886 5229 914 5270 δ
946 5229 1190 5301 plurimis
1219 5228 1270 5282 in
1316 5225 1498 5281 Sicilia
1527 5225 1822 5294 episcopis,
1857 5232 1970 5277 tum

383 5326 609 5382 Leontio
631 5323 908 5381 exconsuli
940 5332 994 5378 et
1025 5321 1143 5376 aliis
1189 5333 1326 5390 quos
1352 5317 1406 5371 in
1448 5323 1667 5385 accepta
1698 5313 1971 5384 provincia

377 5418 465 5474 vel
501 5416 779 5487 adjutores
817 5425 872 5471 et
900 5412 1252 5470 consiliorum
1283 5407 1573 5479 participes
1603 5405 1858 5473 habebat,
1886 5403 1972 5459 vel

378 5508 673 5563 ministros.
719 5505 853 5562 Cum
904 5504 995 5559 diu
1041 5509 1166 5573 post
1214 5498 1472 5554 indictum
1519 5504 1574 5551 et
1621 5493 1971 5550 constitutum
2013 5497 2020 5502 '

381 5614 592 5674 tempus
621 5619 653 5658 a
687 5601 872 5657 Marco
894 5615 992 5656 seu
1015 5596 1330 5654 Azimarcho
1359 5594 1649 5658 Scribone,
1680 5589 1971 5661 Gregorius

379 5697 739 5770 exprtefectus
760 5696 814 5750 in
842 5693 1083 5750 Siciliam
1109 5691 1368 5758 venisset,
1399 5697 1459 5743 ut
1486 5701 1546 5742 se
1569 5699 1751 5740 coram
1781 5697 1974 5737 excon-

456 5847 482 5874 α
515 5836 692 5898 Ilosa,
727 5834 938 5899 tibiale,
985 5831 1174 5900 caliga.
1207 5829 1346 5886 Galii
1395 5828 1524 5884 olim
1568 5827 1818 5900 dixerunt
1846 5823 1975 5877 hou-

381 5924 534 5965 καις.
582 5896 784 5962 Attines
821 5896 948 5960 sunt
973 5896 1135 5961 voces
1177 5900 1530 5967 Germaniae,
1576 5896 1794 5965 Italicae,
1845 5902 1975 5963 etc.,

387 5979 532 6038 idem
553 5976 940 6052 signiﬁcantes.

2065 2057 2230 2104 tatem
2256 2049 2562 2105 Libertinus
2579 2051 2919 2106 accessisset.
2942 2051 3126 2107 Tacite
3153 2053 3502 2124 exprobranti
3521 2053 3669 2123 quod

2064 2139 2507 2194 scelestissimum
2559 2141 2836 2196 hominem
2891 2142 3325 2200 commendasset
3378 2143 3666 2213 respondit

2067 2233 2234 2306 Papa,
2262 2251 2322 2291 se
2345 2236 2411 2292 de
2444 2238 2660 2293 nemine
2686 2251 2923 2306 unquam
2949 2236 3017 2292 ad
3047 2238 3222 2306 ipsum
3251 2236 3532 2306 scripsisse
3560 2235 3669 2290 nisi

2063 2336 2125 2384 ut
2153 2330 2544 2399 protectionem
2568 2345 2740 2393 suam,
2771 2332 2973 2401 favente
2995 2329 3222 2400 justitia,
3247 2334 3570 2398 pnestaret;
3599 2326 3669 2381 de

2067 2422 2365 2487 Libertino,
2391 2421 2649 2491 prmtecto
2672 2420 2868 2475 Siciliae
2896 2419 3044 2484 dato,
3077 2419 3412 2490 provinciam
3445 2417 3667 2472 univer-

2064 2530 2177 2571 sam
2210 2515 2410 2584 gratias
2447 2515 2716 2578 retulisse,
2759 2512 2907 2584 quod
2936 2512 3208 2570 sufﬁciens
3237 2513 3519 2568 videbatur
3549 2512 3668 2581 ejus

2064 2606 2349 2677 probitatis
2400 2613 2823 2676 argumentum;
2876 2614 3136 2660 caeterum
3188 2607 3308 2673 quis
3354 2612 3518 2668 esset,
3572 2609 3668 2656 aut

2065 2700 2253 2769 quales
2279 2715 2469 2756 causas
2498 2698 2768 2764 habuerit,
2797 2697 2996 2768 quidve
3024 2697 3091 2752 ad
3120 2700 3382 2767 impactas
3410 2696 3668 2750 crimina-

2067 2793 2243 2850 tiones
2267 2793 2623 2864 responderet
2645 2833 2660 2860 ,
2691 2793 2794 2848 sibi
2823 2806 3044 2863 prorsus
3069 2790 3402 2860 incognitum
3429 2807 3443 2842 :
3493 2789 3668 2843 Unum

2067 2893 2162 2947 Itoc
2187 2900 2382 2957 tamen,
2413 2891 2604 2959 inquit,
2649 2889 2773 2944 bene
2801 2899 2953 2962 atque
2981 2897 3279 2944 constanter
3308 2888 3446 2953 novi,
3475 2886 3596 2956 quia
3616 2891 3667 2938 et

2066 2985 2108 3037 si
2138 2999 2290 3053 quant
2318 2983 2372 3036 in
2402 2981 2553 3036 rebus
2576 2983 2792 3053 publicis
2817 2982 3052 3053 fraudem
3075 2981 3214 3051 fecit,
3234 2979 3525 3033 substantia
3553 2977 3665 3047 ejus

2068 3074 2200 3128 caedi
2227 3073 2422 3139 debui',
2457 3089 2561 3127 non
2591 3073 2822 3127 libertas.
2858 3070 2998 3124 Nam
3027 3072 3083 3124 in
3110 3073 3204 3124 hoc
3233 3071 3366 3142 quod
3396 3068 3542 3123 liberi
3566 3081 3671 3120 ca!-

2069 3167 2279 3232 duntur,
2323 3176 2378 3221 ut
2406 3175 2603 3221 taceam
2645 3167 2782 3238 quod
2824 3165 3147 3235 omnipotens
3196 3163 3335 3217 Deus
3362 3159 3665 3231 offenditur,

2071 3269 2129 3313 ut
2177 3269 2376 3315 taceam
2423 3260 2562 3331 quod
2599 3258 2976 3329 vestra'opinio
3026 3257 3346 3310 vehementer
3398 3266 3664 3325 gravatur,

1993 3332 2042 3394 (ἶ
2075 3352 2297 3422 piissimi
2323 3361 2492 3404 tamen
2521 3350 2850 3422 imperatoris
2880 3349 3044 3402 nostri
3066 3347 3275 3402 omnino
3303 3354 3534 3412 tempora
3558 3347 3670 3417 fus-

2071 3452 2276 3497 cantur.
2310 3440 2428 3496 Hoc
2458 3441 2595 3494 enim
2619 3441 2755 3493 inter
2799 3453 2944 3506 reges
2977 3437 3208 3507 gentium
3248 3441 3297 3487 et
3326 3435 3667 3504 imperatores

2071 3533 2423 3588 Romanorum
2454 3533 2633 3597 distat,
2676 3533 2796 3601 quia
2827 3547 2970 3601 reges
3001 3531 3226 3600 gentium
3256 3528 3452 3580 domini
3501 3542 3672 3578 servo-

2069 3643 2185 3679 rum
2210 3635 2347 3689 sunt,
2376 3627 2660 3694 imperator
2686 3640 2803 3677 vero
2828 3622 3186 3676 Romanorum
3209 3619 3446 3674 dominus
3476 3615 3668 3673 libero-

2069 3733 2204 3771 rum.
2233 3717 2382 3771 Unde
2403 3726 2450 3769 et
2466 3733 2552 3770 vos
2579 3714 2827 3786 quidquid
2856 3715 3030 3784 agitis,
3065 3712 3208 3782 prius
3234 3710 3438 3779 quidem
3466 3717 3672 3762 servata

2064 3807 2292 3877 justitia,
2326 3807 2512 3859 deinde
2539 3805 2796 3858 custodita
2826 3820 2916 3873 per
2937 3803 3111 3855 omnia
3142 3799 3377 3855 libertate
3399 3815 3549 3868 agere
3579 3798 3669 3852 de-

2071 3899 2199 3952 betis
2229 3896 2367 3968 (Lib.
2399 3914 2455 3961 x,
2487 3915 2568 3966 ep.
2601 3895 2716 3964 51).

2145 4014 2324 4082 Pergit
2351 4015 2435 4069 vir
2461 4010 2829 4068 sanctissimus
2867 4009 3154 4075 increpare
3214 4004 3438 4059 nimiam
3471 4002 3673 4072 judicis

2072 4108 2480 4173 austeritatem,
2513 4115 2568 4162 et
2612 4105 2678 4159 ad
2708 4119 2826 4158 eam
2877 4100 3260 4157 emolliendam
3305 4099 3504 4155 eximia
3535 4113 3671 4152 sane

2071 4210 2338 4272 prmcepta
2360 4200 2508 4262 dare,
2525 4214 2592 4253 ex
2607 4197 2799 4266 quibus
2820 4210 2993 4266 pauca
3010 4194 3127 4248 haec
3144 4193 3434 4261 decerpere
3447 4189 3668 4260 placuit:

2073 4293 2283 4360 Quoties
2311 4306 2331 4332 ε
2360 4295 2440 4348 ira
2462 4295 2690 4346 animum
2719 4291 2934 4355 invadit,
2966 4297 3186 4342 mentem
3219 4287 3423 4352 edoma,
3443 4285 3589 4339 vince
3620 4294 3667 4338 te

2068 4395 2254 4462 ipsum.
2299 4388 2470 4458 Differ
2502 4397 2697 4458 tempus
2731 4387 2944 4457 furoris,
2989 4395 3037 4438 et
3065 4400 3179 4437 cum
3209 4381 3489 4453 tranquilla
3522 4397 3669 4434 mens

2071 4485 2244 4555 fuerit,
2268 4480 2402 4553 quod
2424 4480 2593 4550 placet
2615 4479 2816 4550 judico.
2848 4475 2940 4529 Ira
2960 4477 3095 4529 enim
3119 4476 3173 4526 in
3197 4474 3476 4526 vindictam
3500 4471 3668 4525 malo-

2066 4593 2179 4631 rum
2199 4576 2336 4646 scqui
2360 4571 2504 4626 debet
2521 4573 2773 4626 rationem
2795 4569 2953 4622 animi
2963 4611 2976 4635 ,
2996 4583 3099 4621 non
3119 4567 3321 4635 prwire,
3337 4573 3392 4616 ut
3410 4564 3555 4633 quasi
3569 4581 3668 4617 an-

2068 4665 2190 4720 cilla
2225 4665 2446 4735 justitiaz
2466 4670 2579 4734 post
2608 4670 2806 4732 tergum
2835 4659 3038 4717 veniat,
3083 4663 3132 4708 et
3176 4669 3279 4707 non
3325 4654 3518 4706 lasciva
3550 4664 3670 4707 ante

2070 4759 2256 4830 faciem
2283 4765 2604 4828 prorumpat.
2652 4751 2944 4824 Aliquando
2973 4763 3090 4801 vero
3125 4746 3443 4801 ostendenda
3471 4755 3548 4800 est
3573 4786 3587 4810 ,
3619 4754 3669 4799 et

2068 4868 2170 4904 non
2199 4845 2514 4905 exhibenda;
2543 4840 2826 4911 aliquando
2851 4834 3144 4890 exhibenda
3170 4843 3262 4899 est,
3291 4834 3380 4888 sed
3404 4848 3670 4904 nunquam

2070 4937 2347 5010 sequenda.
2379 4931 2601 4997 Quando
2630 4930 2766 4983 enim
2788 4929 2844 4981 in
2868 4927 3196 4981 exsecutione
3219 4926 3438 4997 justitia:
3460 4927 3669 4996 placata

2072 5038 2242 5083 mente
2269 5024 2562 5089 irascimur,
2587 5018 2916 5074 iracundiam
2943 5026 2991 5072 et
3032 5035 3133 5072 non
3162 5021 3422 5088 sequimur
3442 5028 3492 5072 et
3519 5017 3668 5072 exhi-

2073 5120 2267 5175 bemus.

2147 5223 2252 5275 Pro
2298 5217 2574 5273 Libertino
2628 5212 3060 5271 commendando
3115 5215 3406 5283 scripserat
3451 5226 3671 5282 quoque

2076 5312 2366 5382 Gregorius
2396 5309 2463 5365 ad
2508 5308 2867 5364 Amandinum
2911 5309 3266 5364 domesticum
3319 5305 3457 5376 (Lib.
3494 5321 3550 5371 x,
3581 5321 3666 5375 ep.

2078 5407 2191 5474 52),
2220 5405 2363 5475 quod
2389 5403 2620 5460 moleste
2660 5404 2751 5458 ille
2772 5403 2916 5470 tulit,
2947 5402 3050 5458 etsi
3080 5401 3213 5456 nihil
3243 5400 3414 5469 asperi
3445 5397 3670 5452 haberet

2077 5499 2328 5569 epistola.
2375 5497 2602 5567 Jamque
2630 5496 2892 5563 Gregorio
2921 5495 3223 5551 rescribere
3254 5491 3458 5560 asperis
3488 5490 3670 5545 verbis

2078 5595 2324 5664 parabat,
2369 5592 2464 5648 sed
2506 5607 2574 5646 ne
2604 5591 2655 5645 id
2685 5600 3074 5660 exsequeretur
3117 5585 3419 5657 prohibitus
3449 5594 3531 5640 est
3571 5599 3670 5653 per

2075 5683 2364 5740 somnium.
2417 5681 2671 5738 Testatus
2718 5691 2801 5737 est
2855 5680 2998 5735 enim
3048 5693 3106 5732 se
3134 5677 3189 5731 in
3217 5675 3421 5731 somnis
3468 5673 3671 5730 vidisse

2151 5817 2176 5854 ιι
2205 5816 2339 5870 Vide
2368 5817 2525 5886 epist.
2571 5816 2688 5874 libri
2717 5832 2763 5886 7x
2790 5855 2804 5879 ,
2837 5828 2866 5868 a
2892 5810 2965 5886 A54
2995 5826 3162 5886 usque
3191 5811 3258 5867 ad
3276 5809 3357 5886 _60
3387 5809 3668 5886 inclusive.

2155 5901 2176 5927 ο
2209 5883 2442 5943 Noverat
2465 5886 2694 5941 fortasse
2714 5884 2995 5939 Leontium
3024 5883 3116 5936 irm
3138 5897 3255 5937 esse
3275 5883 3664 5950 impatientem.

2083 5963 2158 6017 De
2187 5958 2382 6016 eodem
2407 5965 2724 6026 argumento
2749 5955 2874 6010 vide
2900 5970 2986 6024 ep.
3019 5969 3055 6007 ιι
3076 5952 3314 6022 ejusdem
3349 5952 3488 6006 libri.-
