4130 6476
515 431 623 488 455
800 479 813 494 ,
980 429 1044 486 S.
1083 423 1410 484 GREGORII
1450 422 1664 481 MAGNI
1709 424 1891 490 VITA,
1934 421 2024 478 EX
2061 422 2224 481 Ε]υὸ
2263 421 2571 480 SCRIPTIS
2609 421 3004 480 ADORNATA.
3049 420 3176 476 LIB.
3219 419 3311 476 IV.
3687 421 3796 476 455

505 568 703 626 papam
729 565 794 606 ea
821 548 890 604 de
911 561 1074 602 causa
1105 542 1593 614 reprehendentem
1623 552 1678 600 et
1707 543 2096 610 increpantem.
2125 545 2176 600 A
2217 613 2220 616 Ι
2276 539 2364 594 10.
2400 537 2513 594 Hoc
2560 554 2703 594 anno
2732 546 2976 594 mortuus
2995 545 3078 593 est
3117 536 3443 592 Fortunatus
3473 533 3795 606 Episcopus.

579 647 628 698 '7.
662 642 743 696 Ad
782 637 1114 694 Libertinum
1155 631 1404 693 omnibus
1446 650 1583 706 pene
1610 634 1843 690 fortunis
1873 641 2093 691 exutum
2197 629 2331 686 Eum
2347 632 2505 699 paulo
2528 639 2652 684 ante
2675 631 2879 686 obitum
2898 627 3559 700 redargueratGregorius
3582 626 3798 699 (Lib.x,

504 731 794 802 Gregorius
843 726 1127 799 epistolam
1179 725 1398 796 scripsit
1447 719 1890 791 consolatoriam,
1946 732 2002 778 et
2040 731 2098 778 ut
2197 739 2282 794 ep.
2309 721 2380 775 24
2406 733 2456 776 et
2492 720 2610 792 25),
2643 731 2758 777 tum
2785 723 2852 777 de
2885 723 3103 778 minima
3136 721 3498 777 sollicitudine
3523 736 3652 792 erga
3680 739 3801 780 nio-

467 801 481 824 \
503 801 731 882 adversa
780 820 1048 894 patienter
1093 809 1387 874 sustineret
1420 818 1656 873 amicum
1702 817 1951 872 hortatus
1991 823 2093 871 est.
2201 818 2460 884 nasteria,
2489 825 2600 872 tum
2623 817 2690 872 de
2719 820 2997 889 occupatis
3028 815 3182 873 Urbis
3203 816 3375 887 portis
3403 825 3457 871 et
3479 817 3800 886 aquaeductu

504 915 696 973 Verbis
722 914 928 970 addidit
969 911 1372 983 liberalitatem,
1400 926 1563 980 quam
1591 910 1750 966 solita
1795 911 2098 964 urbanitate
2197 923 2431 980 quorum
2459 924 2588 963 cura
2627 917 2681 964 et
2707 909 2950 966 custodia
2982 909 3287 979 pertinebat
3326 909 3396 965 ad
3425 909 3793 978 Theodorum,

501 1012 778 1070 condivit:
827 1009 960 1065 Peto
1000 1015 1192 1073 autem,
1223 1007 1417 1076 inquit,
1440 1020 1504 1059 ne
1540 1005 1852 1076 injuriosum
1876 1003 2094 1069 ducatis,
2198 997 2459 1068 majorem
2489 999 2674 1069 populi
2700 1042 2716 1066 ,
2739 1009 2793 1054 et
2815 1001 2880 1054 ad
2913 1000 3193 1056 Rusticum
3221 1001 3510 1056 seniorem.
3540 999 3799 1058 Proinde-

504 1104 641 1178 quod
656 1104 836 1175 viginti
857 1121 890 1156 a
911 1101 1057 1157 nobis
1080 1099 1291 1156 vestitus
1307 1098 1378 1152 ad
1394 1115 1579 1169 pueros
1595 1108 1788 1154 vestros
1800 1114 1888 1167 per
1913 1096 2099 1151 Roma-
2198 1107 2305 1162 que
2321 1090 2481 1162 jussit
2500 1092 2842 1160 aequissimus
2868 1091 3117 1147 Pontifex
3140 1102 3392 1163 usurpata
3418 1093 3646 1150 restitui.
3673 1092 3802 1150 Erat

503 1212 626 1250 num
641 1195 963 1266 defensorem
982 1193 1285 1258 scripsimus
1303 1190 1542 1261 prwberi,
1566 1190 1690 1261 quia
1716 1188 1778 1242 de
1804 1188 1935 1242 beati
1959 1188 1976 1238 l
2002 1189 2098 1242 etri
2202 1181 2290 1237 hic
2319 1182 2488 1254 major
2517 1182 2694 1253 populi
2723 1183 2836 1238 fere
2877 1183 3018 1238 idem
3061 1184 3411 1253 magistratus
3440 1200 3506 1240 ac
3526 1185 3670 1255 apud
3701 1202 3801 1241 nos

503 1288 726 1362 apostoli
756 1284 924 1354 rebus,
947 1284 1176 1360 quamvis
1199 1298 1361 1353 parva
1389 1283 1493 1336 sint
1530 1297 1642 1353 qua
1671 1281 1980 1350 o/feruntur,
2007 1299 2099 1347 pro
2200 1278 2360 1332 modo
2388 1279 2549 1349 293
2579 1279 2750 1350 major
2790 1277 2951 1333 urbis.
2997 1279 3340 1350 Amplissima
3367 1279 3480 1349 jam
3523 1291 3637 1335 tum
3661 1277 3802 1336 erat

501 1379 698 1452 magna
733 1395 933 1449 seraper
956 1372 1308 1430 benedictione
1351 1371 1681 1444 suscipienda
1707 1384 1826 1430 sunt
1870 1371 2009 1445 (Lib.
2042 1392 2096 1440 χ,
2200 1366 2390 1424 civitas
2417 1367 2690 1438 Neapolis.
2724 1369 2799 1424 lbi
2823 1369 3061 1426 artilices
3091 1371 3145 1425 in
3175 1371 3384 1426 diversa
3410 1387 3666 1441 corpora,
3699 1389 3798 1442 pro

503 1491 585 1544 ερ,
620 1470 735 1544 51),
2203 1474 2528 1530 unaquaque
2555 1470 2674 1517 arte
2697 1476 2861 1530 quam
2899 1461 3311 1532 prolitebantur,
3341 1464 3604 1520 coaluisse
3633 1465 3798 1520 disci-

564 1545 2100 1630 Nonunidumtaxatamico,sedplurimisimpendentium
2200 1568 2320 1607 mus
2359 1568 2428 1608 ex
2477 1553 2712 1622 querelis
2759 1554 3170 1624 saponariorum
3215 1555 3472 1612 adversus
3523 1555 3791 1613 Joannem

501 1653 602 1712 fuit
631 1649 662 1710 a
687 1651 947 1722 Gregorio
973 1650 1286 1708 consolandi
1311 1651 1568 1718 cilicium,
1594 1652 1894 1722 praesertim
1922 1650 2102 1707 Domi-
2202 1645 2528 1711 Palatinum,
2560 1648 2653 1716 qui
2683 1665 2813 1702 nova
2844 1651 3069 1719 plurima
3114 1666 3293 1704 eorum
3318 1651 3525 1720 corpori
3552 1652 3805 1722 prajuds-

505 1751 650 1818 nico,
703 1748 1112 1820 Carthaginensi
1164 1749 1422 1819 episcopo
1454 1788 1469 1814 ,
1521 1750 1591 1805 ob
1641 1751 2003 1820 pestilentiam
2046 1753 2098 1806 in
2202 1739 2406 1793 είαιίίθν
2435 1739 2699 1793 “imbui”
2743 1741 3028 1811 δηιμοηενεν
3071 1752 3120 1795 ει
3167 1741 3264 1796 ⁸ίί²ί
3310 1743 3561 1812 Ρνοβεετε
3603 1742 3802 1797 υοίεὺαι

502 1825 680 1896 Africa
709 1839 1106 1904 desacvientem,
1135 1855 1297 1910 quem
1326 1839 1488 1896 docet
1536 1843 1757 1912 quinam
1787 1842 1994 1898 fructus
2031 1859 2097 1898 ex

2206 1833 2452 1903 quidquid
2483 1834 2739 1888 commodi
2774 1833 2838 1886 de
2866 1833 3085 1888 introitu
3125 1834 3237 1904 ejus
3264 1834 3530 1888 accederet
3558 1878 3573 1900 ,
3595 1835 3699 1890 hoc
3721 1844 3806 1889 est

499 1930 607 1987 hoc
636 1929 849 2001 ﬂagello
892 1929 1000 1986 sint
1029 1927 1338 2000 colligendi.
1373 1929 1523 1986 Tunc
1550 1928 1759 1986 Italiam
1802 1948 1835 1988 a
1865 1934 1956 1988 tali
1986 1950 2105 2004 per-

2206 1923 2461 1993 quidquid
2512 1925 2898 1994 persolvebant
2936 1925 3030 1994 qui
3072 1925 3198 1980 huic
3227 1923 3404 1981 ordini
3449 1935 3541 1979 aut
3588 1924 3802 1996 corpori

501 2026 750 2082 eussione
771 2041 878 2079 non
905 2021 1070 2080 fuisse
1090 2023 1317 2078 liberam
1344 2023 1561 2091 asserit,
1583 2026 1651 2079 ad
1672 2041 1834 2095 quam
1858 2026 2100 2094 plurima:

2206 2016 2400 2072 sociari
2428 2017 2788 2086 impetrabant
2815 2016 2954 2087 (Lib.
2990 2034 3043 2083 x,
3077 2037 3160 2089 ep.
3188 2018 3304 2088 26).

500 2118 652 2188 quasi
687 2117 982 2172 acervatim
1033 2115 1366 2172 accedebant
1405 2115 1757 2174 calamitates
1811 2115 1971 2189 (Lib.
2022 2135 2097 2186 x,

2275 2130 2351 2185 De
2373 2143 2689 2186 successore
2711 2129 2994 2186 Fortunati
3021 2133 3112 2187 diu
3132 2131 3512 2190 deliberatum.
3540 2134 3670 2189 Pars
3698 2147 3800 2204 po-

500 2227 584 2281 ep.
616 2208 730 2278 65).
2201 2224 2309 2294 puli
2354 2221 2570 2279 favebat
2612 2223 2808 2280 Joanni
2854 2224 3135 2291 Diacono;
3185 2226 3282 2281 sed
3311 2243 3341 2281 a
3389 2239 3528 2298 papa
3569 2223 3804 2295 rejectus

573 2325 628 2379 8.
659 2325 805 2390 Quos
834 2332 1064 2379 noverat
1087 2323 1248 2380 rebus
1275 2322 1354 2377 uti
1385 2324 1680 2395 prosperis,
1707 2333 1764 2380 et
1787 2325 1932 2379 nulla
1961 2325 2100 2379 alni-
2201 2325 2302 2385 εει,
2351 2318 2478 2388 quia
2506 2333 2630 2372 cum
2661 2319 2934 2388 parvulam
2985 2319 3211 2375 haberet
3257 2319 3443 2386 tiliam,
3475 2320 3594 2390 ejus
3632 2319 3805 2376 conti-

501 2419 687 2474 ctione
725 2419 980 2484 magistra
1031 2412 1234 2470 erudiri
1281 2414 1351 2470 ad
1399 2415 1671 2471 bonorum
1721 2417 2102 2486 temporalium
2204 2411 2387 2465 nentia
2439 2412 2677 2466 nondum
2725 2411 3016 2467 suilicienti
3059 2421 3304 2483 tempore
3339 2414 3563 2484 probata
3594 2421 3714 2468 erat
3748 2421 3807 2468 et

507 2515 906 2575 contemptum,
936 2514 993 2560 et
1019 2513 1346 2560 mternorum
1371 2521 1613 2561 amorem
1642 2508 1815 2577 magis
1846 2524 1911 2561 ac
1932 2507 2103 2576 magis
2203 2503 2503 2572 explorata.
2537 2503 2670 2558 Pars
2693 2503 2861 2560 altera
2889 2503 3108 2560 Petrum
3138 2507 3266 2561 item
3292 2506 3577 2563 diaconum
3622 2507 3803 2575 elege-

507 2597 863 2653 accendebat.
896 2594 974 2650 lta
1021 2596 1209 2651 scribit
1234 2595 1301 2649 ad
1325 2593 1586 2650 illustrem
1628 2597 1917 2666 quamdam
1947 2595 2103 2652 femi-
2203 2604 2306 2660 rat,
2338 2595 2430 2664 qui
2461 2610 2560 2651 nec
2590 2595 2831 2666 pontitici
2858 2597 3060 2667 placuit
3091 2610 3311 2670 propter
3340 2599 3558 2654 nimiam
3587 2598 3797 2669 simpli-

503 2706 652 2745 nani.
669 2689 724 2743 Μ
731 2706 922 2761 agnam
933 2687 1082 2743 nobis
1097 2689 1334 2743 laetitiam
1352 2687 1545 2744 Gloria:
1556 2699 1739 2745 vestra:
1752 2691 1966 2762 ingessit
1979 2694 2104 2762 epis-
2203 2691 2442 2745 citatcm.
2468 2689 2734 2746 Praeterea
2759 2691 3037 2746 dicebatur
3057 2693 3184 2748 olim
3200 2694 3482 2764 pecuniam
3506 2694 3570 2748 ad
3586 2705 3804 2748 usuram

505 2781 630 2846 tola,
650 2797 763 2853 qua:
780 2789 991 2836 (eterna:
1018 2782 1135 2836 vitw
1165 2780 1474 2835 desiderium
1503 2799 1589 2836 vos
1619 2781 1807 2836 habere
1837 2785 2100 2854 signavit,-
2205 2782 2440 2838 dedisse.
2472 2781 2675 2838 Neuter
2704 2783 2884 2854 itaque
2913 2783 3087 2838 factus
3115 2797 3198 2840 est
3217 2785 3526 2856 episcopus,
3554 2788 3649 2839 seu
3675 2781 3803 2838 Pas-

503 2874 594 2929 sed
620 2876 742 2945 quia
763 2873 1059 2942 liujusmodi
1091 2874 1319 2927 studium
1343 2876 1556 2946 fugitiva
1579 2876 1708 2930 solet
1735 2878 1913 2931 mundi
1935 2879 2105 2948 gloria
2204 2875 2420 2932 chasius
2447 2875 2515 2929 ad
2538 2890 2698 2944 quem
2730 2876 2971 2944 plurimm
2997 2869 3340 2946 Gregoriaim
3369 2877 3629 2948 epistolis.

502 2965 804 3037 Ρητρεάίνεν
857 2967 1126 3020 "ortam"
1170 2975 1226 3019 υτ
1257 2971 1441 3022 meum
1485 2977 1666 3024 υεδῑνίε
1710 2970 2104 3027 “uberrimam
2281 2987 2367 3042 15.
2403 2988 2554 3044 Nunc
2576 2987 2644 3044 de
2676 2989 2835 3044 rebus
2859 2990 3170 3046 monasticis
3194 2991 3262 3046 ad
3283 2991 3425 3047 hunc
3447 3007 3645 3045 annum
3673 3007 3798 3062 per-

503 3058 928 3113 deliberationem
967 3075 1047 3113 res
1095 3059 1331 3130 quwlibet
1388 3063 1690 3116 transitoria
1738 3080 1843 3119 non
1883 3077 2103 3132 revocat,

503 3170 596 3207 nec
621 3151 686 3205 ab
716 3147 933 3222 incmpto
955 3168 1069 3206 eam
1091 3153 1297 3206 tramite
1325 3151 1506 3208 deviet.
1540 3154 1646 3209 Sed
1678 3157 1842 3228 magis
1867 3173 2106 3226 superna:

503 3244 689 3313 patria:
718 3260 865 3297 amor
905 3242 1175 3308 accendat,
1197 3246 1414 3314 prwmia
1446 3263 1692 3300 mansura
1724 3248 2023 3316 sollicitent,
2053 3261 2103 3306 et

505 3338 574 3393 ad
603 3337 800 3391 venturi
829 3337 1033 3391 Iudicis
1063 3340 1456 3404 promissionem
1486 3349 1626 3394 certa
1657 3357 1859 3412 semper
1885 3346 2099 3415 aspiret,
2133 3321 2177 3382 Ο

505 3441 660 3503 atque
679 3446 742 3485 ea:
775 3431 1138 3501 temporalibus
1155 3442 1351 3487 aeterna
1369 3443 1618 3487 mercetur
1641 3450 1658 3488 :
1691 3445 1744 3488 ut
1765 3452 1829 3490 ex
1858 3437 1953 3491 hoc
1969 3448 2018 3491 et
2046 3439 2102 3492 in

507 3541 626 3577 vera
650 3524 816 3594 gloria
845 3540 977 3591 esse,
997 3515 1046 3578 et
1074 3525 1208 3578 inter
1237 3537 1502 3579 matronas
1525 3527 1734 3595 possitis
1763 3528 1991 3585 coalestes
2017 3531 2106 3583 ad-

507 3619 682 3670 scribi.
730 3615 978 3672 Reducite
1012 3618 1082 3670 ad
1125 3619 1327 3672 animos
1375 3621 1748 3688 prosperitates
1796 3632 2098 3693 temporum,

508 3710 884 3765 multitudinem
915 3711 1203 3776 hominum,
1232 3711 1542 3780 dignitatum
1567 3730 1806 3784 pompas,
1835 3726 2102 3770 matrona-

507 3822 621 3856 rum
645 3805 889 3874 gloriam,
923 3804 1220 3858 divitiarum
1268 3801 1663 3860 abundantiam.
1709 3808 1971 3862 Attendite
1995 3809 2103 3864 [uec

507 3897 682 3949 omnia
701 3896 787 3949 ubi
817 3899 893 3949 vel
913 3895 1037 3966 quid
1069 3897 1211 3966 facta
1231 3905 1352 3949 sunt
1375 3913 1392 3961 ;
1416 3907 1463 3950 et
1504 3913 1568 3950 ea:
1593 3898 1688 3954 hoc
1710 3911 1921 3971 pensata
1945 3919 2103 3973 quam

507 3987 650 4039 nulla
697 3988 832 4049 sint,
878 3993 928 4038 et
951 3988 1071 4056 quia
1119 3988 1204 4056 qui
1248 3988 1348 4040 ista
1375 3988 1544 4060 diligit
1596 3996 1852 4047 somnium
1883 3995 2102 4065 vigilans

2206 4012 2520 4084 Gregorius,
2563 4030 2686 4069 eum
2718 4011 2782 4068 ad
2817 4016 3086 4070 saniorem
3120 4032 3382 4072 revocans
3409 4027 3643 4072 mentem
3676 4034 3797 4086 pro-

508 4078 643 4132 vida
666 4075 808 4146 (Lib'
840 4092 894 4142 κν
939 4094 1017 4145 φ·
1043 4074 1160 4147 49)’
2203 4074 2603 4179 prio'exem'plo
2632 4127 2643 4160 :
2681 4093 2948 4181 Numquid
2972 4118 3020 4162 et
3060 4109 3235 4165 diebus
3264 4113 3639 4182 magnitudinis
3677 4074 3800 4174 iure,

581 4187 634 4240 9.
671 4186 996 4277 Amicorum
1036 4188 1160 4242 vitia
1209 4190 1429 4247 minime
1475 4193 1848 4251 dissimulabat
1886 4199 1954 4252 ad
2007 4215 2102 4255 eos
2205 4203 2396 4271 inquit,
2419 4205 2566 4258 multi
2588 4204 2651 4257 de
2673 4205 2944 4258 civitatein
2968 4208 3327 4276 quatonsistis
3350 4207 3416 4259 ad
3434 4205 3801 4277 Langobardos

507 4277 774 4333 scribens.
830 4275 909 4332 Ita
971 4276 1366 4338 Clementiuam
1421 4286 1704 4355 patriciam
1761 4289 2054 4362 alloquitur
2082 4310 2097 4347 :
2204 4295 2388 4349 milites
2414 4298 2537 4368 fuga
2564 4313 2665 4349 non
2697 4298 2830 4368 lapsi
2856 4275 3025 4352 sunt?
3055 4297 3122 4352 Et
3145 4300 3257 4370 quis
3285 4307 3441 4352 tanta:
3471 4275 3799 4353 indisrrclio-

508 4370 843 4466 Nuntiatum
867 4373 990 4466 mihi
1017 4383 1093 4428 est
1135 4377 1269 4447 quod
1297 4377 1343 4430 si
1369 4380 1573 4447 quando
1602 4398 1690 4436 vos
1725 4385 1992 4456 quicquam
2021 4390 2104 4460 of-
2205 4391 2302 4452 nis,
2331 4400 2584 4460 tantaque
2605 4394 2767 4461 possit
2791 4392 3023 4447 stultitia:
3053 4395 3298 4464 reperiri,
3325 4403 3378 4447 ut
3407 4412 3584 4449 eorum
3613 4394 3802 4466 iniqui-

509 4463 754 4535 fenderit,
809 4463 1040 4558 dolorem
1068 4467 1493 4525 irremissibiliter
1541 4473 1794 4528 retinetis.
1853 4474 2004 4539 Quod
2055 4481 2101 4533 si
2204 4491 2361 4536 latent
2383 4481 2473 4535 tibi
2504 4485 2720 4536 testimet
2743 4463 3114 4555 applicandam
3144 4486 3166 4538 1’
3203 4485 3340 4557 (Lib.
3375 4505 3428 4549 x,
3458 4505 3537 4558 ep.
3572 4487 3659 4556 ii)

507 4571 680 4610 aerum
706 4565 803 4624 est,
826 4556 946 4628 quia
963 4568 1211 4628 quantum
1237 4578 1323 4616 ros
1345 4562 1529 4633 diligo,
1558 4573 1759 4619 tantum
1781 4571 2059 4625 contristor
2083 4591 2100 4627 :
2280 4571 2371 4625 Vis
2401 4571 2522 4626 huic
2548 4575 2879 4628 monasterio
2910 4574 3056 4628 illata
3085 4556 3313 4629 fortasse
3340 4556 3680 4631 occasionem
3709 4575 3801 4629 de-

508 4659 623 4718 peto
653 4647 822 4701 uthac
845 4665 878 4702 a
901 4650 1040 4702 vobis
1066 4649 1241 4704 vitium
1267 4651 1503 4706 nobiliter
1527 4655 1841 4725 excludatis,
1881 4669 1930 4712 et
1953 4679 2099 4716 secus
2139 4720 2179 4746 Η
2206 4663 2360 4717 derat
2379 4662 2696 4719 Cmistantio
2717 4667 2980 4723 monacho
3001 4678 3054 4722 et
3076 4669 3392 4739 presbytero
3418 4669 3800 4736 trausmigram

509 4740 630 4794 boni
653 4741 822 4809 operis
846 4752 1068 4812 segetem
1089 4744 1286 4798 inimici
1306 4761 1477 4800 semen
1507 4763 1734 4804 crescere
1755 4767 1860 4806 non
1887 4755 2096 4810 sinatis.
2139 4721 2179 4765 ῃ
2208 4754 2261 4808 di
2290 4756 2342 4809 in
2372 4755 2628 4822 Siciliam,
2649 4768 2702 4810 ct
2727 4774 2908 4813 secum
2935 4759 3212 4816 auferendi
3235 4762 3548 4816 monasterii
3573 4763 3654 4815 sui
3683 4762 3798 4815 vela

508 4831 799 4885 Dominica:
829 4834 1080 4889 orationis
1126 4837 1280 4889 verba
1324 4836 1394 4889 ad
1435 4841 1738 4895 memoriam
1767 4844 2100 4912 reducantur,
2209 4847 3798 4918 etcodices.Quicumibidiemclausissetextrcmum,Gre-

509 4935 560 4980 et
589 4942 690 4979 non
721 4925 863 4991 apud
890 4943 974 4981 vos
1004 4927 1122 4998 plus
1146 4931 1313 4983 valeat
1340 4931 1495 5000 culpa
1521 4948 1673 5001 quam
1701 4937 1868 4991 venia.
1899 4937 2100 4995 Exces-
2208 4939 2410 5008 gorius,
2444 4954 2474 4993 a
2504 4938 2676 4996 Fusco
2707 4942 2900 4999 abbate
2932 4955 3175 5016 rogatus,
3207 4945 3271 5001 ad
3301 4945 3589 5001 Fantinum
3617 4945 3802 5000 defen-

509 5035 598 5072 sus
623 5016 817 5073 Giorite
837 5029 1015 5112 vestra:
1044 5021 1249 5075 bonitas
1277 5033 1501 5090 superet,
1543 5034 1593 5078 et
1621 5031 1784 5100 magis
1826 5032 2102 5089 salubriter
2207 5045 2386 5085 sorem
2425 5031 2662 5102 scripsit,
2709 5041 2767 5088 ut
2793 5035 2971 5093 ablata
3001 5038 3213 5097 restitui
3261 5047 3477 5095 curaret
3508 5039 3526 5112 (
3554 5036 3672 5094 Libo
3726 5054 3755 5091 Χ
3783 5079 3797 5104 ς

509 5111 820 5182 ignoscendo
845 5110 1083 5166 devotum
1112 5114 1293 5182 faciat,
1324 5130 1470 5183 quem
1511 5127 1674 5183 potest
1700 5126 1980 5192 persistens
2011 5128 2097 5199 fa-
2207 5141 2289 5194 ep.
2325 5122 2439 5198 14).
3043 5195 3046 5198 _

510 5218 623 5256 cere
649 5201 902 5268 asperitas
948 5202 1262 5258 indevotttm.
1310 5203 1653 5278 Relinquatur
1678 5214 1758 5268 illi
1800 5217 1934 5271 unde
1960 5235 2100 5271 vere-
2487 5212 2502 5224 ’
2833 5203 3062 5266 CAPUT
3100 5210 3166 5270 V.

510 5293 754 5347 αιηάίαιπ
777 5293 984 5358 habet",
1010 5300 1061 5346 ει
1081 5309 1185 5347 ηοη
1205 5304 1430 5350 “metu?
1451 5302 1588 5370 quod
1605 5303 1798 5360 doleat.
1826 5305 1968 5362 Nam
1989 5309 2100 5373 ple-
2203 5312 2398 5382 Ακαυμ.
2417 5342 2478 5352 --
2499 5317 2546 5367 1.
2571 5319 2622 5369 S.
2651 5319 2920 5382 Gregorius
2961 5325 3121 5375 obstat
3159 5341 3224 5376 ne
3271 5332 3314 5380 is
3352 5329 3612 5382 Mediolani
3664 5338 3798 5381 esset

2208 3088 2500 3144 tiucntibus
2527 3085 2789 3156 agendum
2820 3085 2977 3153 foret,
3009 3085 3104 3143 sed
3130 3088 3410 3144 brevitatis
3439 3089 3632 3157 gratia,
3680 3089 3800 3142 uni-

2209 3197 2326 3236 cam
2370 3180 2650 3235 dumtaxat
2676 3177 2732 3233 S.
2784 3179 3028 3250 Gregorii
3050 3180 3331 3252 epistolam
3361 3181 3411 3235 in
3435 3180 3803 3237 defensionem

2211 3273 2597 3330 monachorum
2628 3273 2884 3343 scriptam
2926 3271 3309 3345 expendemus.
3354 3269 3432 3328 Ex
3477 3271 3804 3328 monasterio

2210 3371 2265 3425 S.
2319 3368 2643 3436 Arcbangeli
2667 3409 2684 3437 ,
2734 3367 2879 3438 apud
2909 3368 3188 3438 Neapolim
3213 3411 3228 3437 ,
3262 3369 3559 3424 monachus
3589 3367 3802 3438 quidam

2204 3463 2405 3516 abierat
2433 3461 2500 3514 ad
2530 3461 2700 3513 hostes
2725 3477 2742 3525 ;
2769 3459 2913 3530 quod
2937 3455 3351 3528 Godescalcum,
3381 3459 3688 3530 Campania:
3708 3461 3805 3513 du-

2206 3570 2346 3617 cem,
2384 3553 2435 3606 in
2471 3560 2680 3605 tantum
2713 3552 2950 3606 lurorcm
2980 3551 3236 3622 abripuit,
3270 3563 3330 3607 ut
3363 3550 3556 3622 januas
3587 3567 3803 3606 ιιιοηθε-

2209 3645 2325 3698 terii
2357 3641 2530 3712 frangi
2574 3642 2814 3712 jusserit,
2862 3652 2916 3698 ct
2964 3644 3221 3715 quidquid
3266 3645 3339 3700 ibi
3390 3646 3666 3700 inventum
3697 3654 3799 3711 est,

2205 3735 2384 3805 diripi.
2412 3735 2634 3800 Fuscus,
2661 3737 2974 3791 monasterii
3003 3737 3189 3803 abbas,
3217 3735 3503 3792 discrimen
3527 3739 3645 3806 fuga
3673 3752 3803 3791 eva-

2202 3837 2386 3895 serat,
2435 3829 2613 3885 sciens
2660 3829 2851 3885 ducem
2899 3830 3002 3901 ipsi
3051 3831 3256 3901 fugitivi
3303 3833 3550 3888 monachi
3597 3833 3800 3887 crimen

2203 3911 2521 3991 impingere.
2555 3920 2708 3988 Quod
2737 3938 2896 3992 quam
2947 3923 3236 3980 absurdum
3261 3934 3406 3980 esset
3449 3923 3688 3980 ostendit
3740 3923 3798 3978 ὃ.

510 5402 721 5457 rumque
739 5387 857 5456 plus
880 5386 1064 5440 virium
1093 5386 1244 5442 habet
1272 5389 1494 5448 discreta
1509 5397 1564 5450 in
1587 5401 1902 5455 correctione
1920 5407 2102 5460 remis-
2269 5380 2547 5454 (Ὗίδθθνυδρ
2571 5397 2725 5456 quem.
2742 5380 2980 5446 Ag'lum”
3020 5389 3245 5448 eleg-eral
3291 5380 3554 5442 υτάίηθυη
3571 5380 3800 5445 Ἵῧθιίδίίδ·

541 5479 550 5486 .
842 5481 854 5486 -
1196 5482 1204 5486 -
1333 5485 1338 5486 ,
2267 5440 2352 5486 till.
2378 5440 2625 5486 Somnium
2651 5447 2894 5486 ηυιιιςήιηι
2917 5447 3213 5486 imum-mimi
3238 5456 3302 5486 da
3328 5457 3608 5486 gummis“...
3628 5457 3800 5486 cui..-

507 5479 604 5545 sio,
637 5496 792 5550 quam
837 5481 890 5534 in
912 5482 1241 5551 exsequenda
1287 5485 1482 5542 ultione
1521 5489 1779 5545 districtio
1811 5491 1970 5561 (Lib.
2025 5514 2057 5552 x
2079 5539 2096 5565 ,

507 5588 588 5614 en-
623 5569 733 5614 KRL

2267 5447 2352 5510 un.
2378 5447 2625 5514 Somnium
2651 5447 2894 5502 cujusdam
2917 5447 3213 5500 hcterodoxi
3238 5456 3302 5502 de
3327 5457 3608 5516 aequalitate
3628 5457 3801 5510 Eccle-

2266 5516 2352 5549 sia:
2379 5503 2574 5572 medici.
2605 5519 2713 5556 cum
2738 5508 2968 5559 Romana.
2987 5539 3048 5547 —
3071 5513 3117 5561 2.
3141 5516 3289 5564 Amos
3327 5521 3616 5578 patriarchas
3657 5525 3798 5570 Jew-

2267 5562 2553 5614 srdvnutano
2588 5577 2778 5614 mortuo
2817 5575 3038 5614 succedit
3081 5574 3279 5614 lem-inc-
3302 5607 3364 5614 _
3387 5583 3414 5614 κ
3465 5581 3717 5614 Μ..ι.;..ιι.ν
3749 5589 3797 5614 ηρ

2267 5575 2553 5608 St‘tlvmllann
2588 5577 2778 5608 rimrtnn
2817 5575 3034 5608 ant‘nlii:
3081 5575 3260 5608 ἶσοι-ιιιε
3304 5575 3414 5608 νῖιι
3465 5581 3597 5608 unm

507 5588 588 5640 ep.
623 5571 734 5642 58).
2267 5571 2553 5675 st'li‘lajmiubstano
2588 5577 2778 5681 nigrttéo
2817 5575 3039 5648 succedit
3081 5571 3436 5631 Isacius.-;-3.
3465 5571 3717 5646 Multiplt-X
3749 5589 3800 5630 et

578 5686 635 5742 Si
691 5687 1032 5756 contingeret
1085 5691 1290 5750 amicos
1348 5709 1419 5750 ex
1469 5696 1721 5753 libertate
1773 5703 2098 5756 corripiendi
2265 5638 2423 5738 ξίδιυιθ
2656 5639 3514 5756 (ίυθὲῗῗίῗιέυὲωὲἱυῗοῆῐεᾶδξὶ

691 5701 1032 5756 contingeret
1085 5701 1290 5750 amicos
1348 5709 1419 5750 ex
1469 5701 1721 5753 libertate
1773 5703 2099 5772 corripiendi
2265 5701 2627 5772 Ξίξᾞξίέέέξεέἕιῆ
2649 5701 3028 5772 gluttu-flustra
3068 5711 3145 5772 est
3171 5704 3578 5772 sollicitus—5.
3609 5711 3803 5772 Amicos

578 5720 635 5742 υ·
1348 5720 1419 5750 ει
1462 5720 2099 5805 .“υυτξδιυ,ίξοπιριθηιιι
2265 5720 3045 5818 ags;.:::;z'°..r$:..t‘;..?::.
3068 5720 3802 5817 ii:.-:’§’.‘::§““3':“'“t9”?

506 5781 831 5890 ηιιίιηξὶίςςιιξθ
856 5779 1051 5890 Oﬂe‘nd'
1076 5793 1137 5890 ξι
1163 5787 1496 5890 θκδεξπδθῖξν
1527 5791 1900 5850 am'cablhbus
1921 5801 2099 5855 verbis
2270 5816 2507 5890 nantium.
2521 5817 2655 5890 A0510
2679 5827 2872 5871 mertuo
2913 5794 2979 5872 de
3018 5828 3172 5889 ipsius
3209 5806 3396 5880 tihabus
3419 5780 3800 5890 lsutiliterrittiiiiinein

508 5887 602 5927 eos
633 5871 859 5926 delinire
889 5875 1187 5944 satagebat,
1229 5884 1286 5931 ut
1307 5878 1667 5948 intelligerent
1704 5899 1897 5958 aspera
1935 5892 2097 5949 verba
2267 5871 3802 5958 ἓξῗξᾏῖξίΗθῖθῖ,ί¹¹Ψ¹ἶσθῖῖἶξίίὲίίέῖ

505 5977 616 6019 non
645 5979 711 6019 ex
735 5965 882 6034 odio,
933 5966 1028 6021 sed
1057 5984 1124 6024 ex
1150 5969 1413 6025 charitate
1438 5967 1676 6042 auxisse.
1766 5943 1785 5958 .
2165 5959 2172 5966 ’
2266 5943 3801 6042 ῗίῖξῗςξῗέὲἶὶεᾎῖςῖιίεῇζνϐῗδὲ

2271 5999 2546 6052 tntainatsm
2569 6005 2867 6060 consolatur.
2891 5999 3026 6074 -Ἷςζ
3041 5999 3798 6073 δέδηδὶΙῇίῆἷὰῇῇἧῷᾖῆ
