4130 6490
525 411 626 463 459

986 408 1043 463 s.
1082 402 1409 462 cnccoan
1452 399 1667 457 MAGNI
1706 370 1888 467 vim,
1933 398 2025 454 ex
2064 397 2227 454 EJUS
2266 395 2568 455 SCRIPTlS
2607 398 3002 455 ADORNATA.
3042 398 3171 456 ue.
3214 399 3307 458 tv.

3686 402 3805 456 440

510 526 613 581 due
640 526 875 597 percutit,
906 532 956 578 et
986 532 1157 587 tamen
1197 520 1365 574 adhuc
1402 518 1614 573 minime
1644 516 1829 572 occidit
1856 511 1994 585 (Lib.
2030 512 2099 577 xi,
2133 516 2180 572 A
2209 511 2373 578 nobis,
2409 517 2499 567 sed
2524 515 2576 567 in
2608 514 2828 569 aliorum
2859 531 2949 570 ore
2991 519 3321 587 posuimus...
3354 516 3421 571 In
3451 533 3604 574 omne
3626 529 3808 572 autem

511 634 595 686 ep.
626 616 740 685 50).

585 709 696 763 [lac
718 708 772 762 in
795 707 1021 777 epistola
1050 706 1173 761 silet
1196 704 1253 760 S.
1289 702 1580 772 Gregorius
1604 701 1673 756 de
1698 696 1949 755 Venautii
1970 709 2100 764 apo-

510 800 693 866 stasia,
726 815 827 854 nec
857 799 925 853 de
967 797 1141 853 reditu
1189 795 1257 851 ad
1304 795 1664 851 monastieum
1714 799 1912 845 statum
1944 799 2103 856 quem

510 896 823 950 deseruerat
852 892 1024 961 ipsum
1072 891 1337 953 hortatur,
1371 889 1494 959 quia
1542 884 1777 941 malebat
1808 880 1860 935 id
1899 886 2105 946 aegroto

511 984 723 1054 suggeri
754 981 822 1036 ab
850 981 965 1050 ejus
986 982 1266 1051 episcopo,
1290 978 1497 1032 scilicet
1519 974 1727 1031 Joanne
1747 972 2101 1042 Syracusano,

510 1076 582 1131 ad
603 1092 763 1146 quem
789 1076 976 1130 scribit
1000 1075 1230 1144 primam
1253 1072 1369 1141 ejus
1389 1084 1575 1124 curam
1610 1080 1726 1122 esse
1756 1063 1952 1118 debere
1980 1060 2105 1114 hor-

513 1167 701 1235 tando,
733 1166 1001 1236 rogando,
1029 1165 1125 1219 Dei
1170 1162 1409 1218 terribile
1446 1158 1702 1228 judicium
1728 1151 2105 1225 proponendo,

510 1254 839 1312 ineffabilem
869 1256 984 1326 ejus
1013 1252 1437 1309 misericordiam
1464 1247 1848 1322 promittendo,
1880 1243 2108 1298 suadere

510 1348 781 1404 Venantio
812 1359 867 1401 ut
898 1349 966 1402 ad
1007 1347 1237 1401 habitum
1276 1361 1424 1398 suum
1451 1341 1525 1397 vel
1554 1343 1608 1394 in
1639 1339 1879 1393 extremis
1910 1335 2106 1402 redeat,

510 1458 575 1495 ne
623 1442 671 1495 ei
715 1450 874 1494 tantw
908 1439 1075 1509 culpa:
1117 1448 1289 1491 reatus
1327 1437 1383 1489 in
1432 1443 1625 1488 azteruo
1649 1431 1847 1502 judicio
1894 1426 2109 1481 obsistat

515 1533 655 1605 (Lib.
691 1550 745 1588 x1
766 1576 780 1601 ,
814 1550 895 1601 ep.
924 1532 1039 1600 56).
1071 1530 1261 1585 Eidem
1288 1528 1483 1583 Joanni
1526 1524 1773 1580 Venantii
1807 1519 1943 1575 ﬁlias
1972 1519 2108 1572 Bar-

510 1627 700 1680 baram
741 1634 798 1678 et
850 1622 1179 1677 Antoninam
1221 1615 1638 1681 commendavit,
1698 1612 1889 1683 quibus
1947 1609 2109 1663 etiam

511 1717 727 1786 scripsit
771 1716 981 1770 litteras
1007 1712 1417 1779 consolatorias,
1450 1719 1505 1765 et
1551 1705 1907 1778 patrocinium
1955 1718 2111 1758 suum

511 1807 770 1861 adversus
808 1820 1097 1875 pravorum
1142 1802 1424 1858 hominum
1454 1798 1677 1855 consilia
1700 1795 1968 1866 pollicitus
2006 1800 2107 1857 est,

2207 605 2342 673 quod
2370 616 2521 660 extra
2549 608 2613 662 de
2634 608 2779 663 nobis
2801 609 3009 675 dicitur,
3043 627 3304 665 recurrere
3329 610 3397 664 ad
3426 628 3624 665 arcana
3649 629 3810 667 mea-

2209 696 2273 749 tis
2318 695 2575 752 debemus.
2621 698 2738 754 Etsi
2779 718 2955 757 omnes
2995 704 3311 773 vituperant,
3352 701 3481 757 liber
3507 713 3585 759 est
3626 713 3811 759 tamen

2206 804 2353 856 quem
2395 792 2713 845 conscientia
2755 810 2859 847 non
2888 802 3116 848 accusat.
3153 794 3331 848 Aliam
3362 795 3523 866 longe
3565 806 3691 866 post
3736 814 3811 852 ea

2207 877 2384 932 subdit
2412 880 2697 936 rationem.
2732 882 2868 936 Sunt
2896 893 3066 939 autem
3096 885 3337 955 plurimi,
3370 885 3576 954 inquit,
3610 888 3695 956 qui
3730 891 3813 941 vi-

2210 977 2315 1023 tam
2344 972 2594 1026 bonorum
2630 976 2849 1044 fortasse
2878 976 3100 1046 amplius
3138 993 3292 1047 quant
3322 975 3524 1041 debent,
3552 978 3810 1042 laudant;

2208 1070 2257 1113 et
2280 1079 2343 1115 ne
2362 1064 2632 1132 quaelatio
2654 1064 2718 1117 de
2737 1064 2890 1118 laude
2910 1066 3178 1135 surripiat,
3205 1068 3454 1136 permittit
3475 1069 3811 1136 omnipotens

2209 1155 2347 1209 Deus
2394 1158 2558 1211 malos
2585 1158 2639 1211 in
2684 1158 3108 1214 obtrectationem
3137 1167 3185 1212 et
3231 1157 3642 1230 objurgationem
3685 1178 3814 1227 pro-

2211 1268 2447 1320 rumpere
2476 1268 2493 1304 :
2520 1260 2577 1304 ut
2603 1253 2650 1306 si
2677 1270 2779 1324 qua
2803 1257 2955 1322 culpa
2984 1253 3049 1306 ab
3076 1270 3163 1308 ore
3191 1254 3517 1308 laudantium
3552 1256 3605 1307 in
3651 1256 3814 1308 corde

2211 1344 2462 1410 nascitur,
2495 1344 2558 1397 ab
2581 1362 2669 1398 ore
2692 1347 3092 1417 vituperantium
3120 1348 3420 1417 suffocetur.

2282 1435 2468 1491 Simile
2512 1444 2808 1505 pertractat
2837 1446 3213 1507 argumentum
3257 1438 3497 1494 scribens
3526 1439 3595 1493 ad
3636 1437 3812 1493 Palla-

2212 1530 2356 1583 dium
2386 1529 2759 1599 presbyterum
2797 1529 2865 1585 de
2884 1540 3069 1586 monte
3093 1530 3221 1587 Sina
3253 1530 3392 1602 (Lib.
3414 1547 3488 1597 χι,
3511 1548 3593 1600 ep.
3620 1530 3699 1601 Ξ),
3716 1532 3813 1600 qui

2212 1620 2375 1677 etiam
2432 1620 2841 1690 obloqueutium
2917 1624 3078 1693 295
3135 1623 3331 1693 linguis
3392 1623 3807 1687 stimulabatur;

2213 1713 2300 1767 ubi
2322 1713 2436 1766 haec
2466 1713 2609 1767 inter
2636 1721 2831 1767 cetera
2863 1722 3051 1769 notatu
3086 1714 3242 1783 digna
3273 1714 3401 1769 dicit
3426 1732 3441 1772 :
3485 1712 3634 1768 Inter
3655 1714 3812 1768 verba

2213 1804 2537 1857 laudantium
2567 1805 2670 1858 sive
2696 1805 3098 1874 vituperantium
3137 1806 3206 1859 ad
3237 1815 3459 1859 mentem
3492 1822 3693 1875 semper
3724 1822 3813 1858 re-

514 1901 658 1968 quod
713 1898 961 1968 priestitit
1016 1896 1204 1969 (1bid.,
1237 1913 1319 1963 ep.
1351 1892 1462 1963 78).
1522 1890 1845 1946 Venantium
1891 1902 1957 1941 ex
2003 1886 2109 1941 hoc
2139 1909 2181 1966 Β
2213 1896 2519 1951 currendum
2548 1907 2654 1963 est,
2681 1905 2729 1950 et
2757 1897 2805 1951 si
2843 1900 2897 1951 in
2926 1915 2988 1951 ea
3027 1915 3131 1952 non
3171 1900 3426 1953 invenitur
3456 1897 3644 1952 bonum
3672 1898 3814 1969 quod

511 1993 706 2047 morbo
734 2007 843 2046 non
863 1989 1241 2051 assurrexisse,
1265 1987 1363 2044 sed
1381 1985 1697 2041 occubuisse
1724 1981 1853 2036 satis
1877 1979 2108 2057 probant

513 2082 632 2138 aliae
667 2082 724 2137 S.
756 2081 1001 2151 Gregorii
1031 2081 1256 2145 litterae;
1284 2086 1464 2132 utrum
1504 2076 1651 2146 prius
1680 2082 1799 2129 acta
1844 2072 2109 2143 poeniten-

517 2174 614 2239 tia,
647 2190 736 2229 res
784 2182 869 2229 est
912 2173 1095 2227 divino
1139 2170 1490 2241 relinquenda
1532 2168 1752 2238 judicio.
1787 2165 1967 2219 Italica
1996 2163 2111 2231 ejus

472 2326 481 2333 ,
514 2283 652 2319 uxor
677 2272 790 2331 jam
835 2265 1081 2332 obierat;
1130 2280 1253 2317 nam
1295 2265 1339 2317 si
1380 2262 1603 2317 vixisset
1631 2258 1867 2328 graviter
1893 2256 2111 2311 decum-

512 2361 678 2412 bente
702 2367 758 2412 et
786 2367 977 2426 postea
1005 2374 1036 2412 e
1066 2358 1200 2411 vivis
1220 2356 1430 2411 sublato
1452 2354 1671 2419 marito,
1697 2352 1761 2406 ad
1784 2366 1903 2405 eam
1933 2348 2111 2419 potius

516 2465 676 2517 quam
710 2450 779 2503 ad
803 2450 923 2518 ejus
943 2450 1081 2505 filias
1120 2449 1422 2518 scripsisset
1440 2446 1746 2515 Gregorius,
1790 2453 1885 2499 aut
1919 2442 2112 2498 saltem

516 2547 581 2601 iis
628 2548 683 2600 in
736 2547 929 2601 litteris
978 2546 1157 2614 aliqua
1203 2543 1393 2620 matris
1448 2542 1642 2611 injecta
1692 2547 1836 2597 esset
1883 2538 2108 2592 mentio.

518 2639 657 2693 Hine
686 2637 895 2693 facilior
924 2648 1041 2691 erat
1070 2636 1338 2691 Venantio
1364 2634 1569 2688 reditus
1609 2632 1675 2687 ad
1702 2627 1956 2685 monachi
2001 2636 2111 2683 sta—

519 2738 652 2795 tum,
673 2727 947 2783 dissolutis
976 2724 1211 2795 conjugii
1228 2723 1474 2778 vinculis.

587 2842 641 2897 6.
668 2842 933 2912 Cupiebat
985 2838 1275 2907 Gregorius
1317 2835 1525 2891 nobiles
1569 2833 1803 2903 virgines
1851 2847 1881 2886 e
1932 2830 2115 2886 Sicilia

519 2935 750 2991 Romam
796 2935 1050 3004 migrare,
1094 2930 1233 2986 forte
1280 2929 1425 3000 quod
1454 2928 1796 2999 cognovisset
1838 2925 2019 2980 hostes
2049 2924 2114 2978 ad

514 3027 676 3097 hujus
706 3026 893 3081 insulae
932 3023 1267 3078 invasionem
1315 3022 1599 3087 festinare,
1633 3029 1692 3074 ut
1721 3018 1852 3072 alias
1878 3017 2117 3071 rationes

517 3118 733 3173 interim
758 3127 987 3175 taceam.
1017 3116 1091 3170 De
1117 3116 1322 3185 impetu
1353 3114 1531 3169 hostili
1551 3112 1772 3182 jamjam
1803 3111 2117 3166 imminente

516 3212 953 3281 vigilantissit‘nus
993 3209 1245 3265 Pontifex
1288 3207 1568 3263 admonuit
1607 3207 1890 3259 universos
1924 3203 2117 3258 Siciliae

2212 1990 2273 2043 de
2329 1990 2475 2043 nobis
2517 1991 2723 2056 dicitur,
2758 2008 2949 2060 magna
2998 1993 3209 2045 tristitia
3255 1994 3488 2063 generari
3542 1991 3705 2045 debet.
3741 1990 3815 2045 Et

2210 2099 2414 2136 rursum
2443 2084 2487 2135 si
2516 2084 2572 2136 in
2595 2100 2657 2136 ea
2679 2101 2783 2138 non
2812 2085 3071 2138 invenitur
3100 2086 3293 2139 malum
3317 2084 3452 2155 quod
3469 2085 3532 2137 de
3554 2084 3701 2139 nobis
3727 2085 3815 2139 ho-

2211 2176 2375 2228 mines
2415 2175 2711 2246 loquuntur,
2740 2178 2795 2229 in
2823 2193 3069 2246 magnam
3108 2176 3345 2230 debemus
3376 2175 3610 2229 twtitiam
3635 2176 3813 2245 prosi-

2213 2268 2328 2322 lire.
2364 2264 2503 2331 Quid
2532 2268 2670 2321 enim
2691 2269 2735 2323 si
2766 2268 2995 2322 homines
3028 2268 3261 2337 laudent,
3292 2276 3340 2321 et
3379 2268 3694 2321 conscientia
3726 2283 3817 2319 ac-

2215 2360 2389 2413 cuset?
2416 2360 2517 2411 Aut
2547 2376 2661 2428 qua:
2691 2358 2837 2415 debet
2857 2377 2969 2414 esse
3004 2361 3233 2425 tristitia,
3259 2360 3304 2413 si
3332 2376 3511 2415 omnes
3540 2367 3817 2427 accusent,

2212 2464 2263 2507 et
2282 2454 2397 2507 sola
2428 2455 2743 2507 conscientia
2786 2472 2882 2509 nos
2913 2454 3102 2509 liberos
3147 2453 3495 2507 demonstret?
3527 2455 3604 2507 Ac
3633 2452 3769 2506 infra
3798 2469 3813 2504 :

2218 2546 2357 2611 Quid
2394 2548 2539 2603 aliud
2569 2547 2894 2601 detrahentes
2939 2547 3160 2617 faciunt,
3191 2547 3293 2599 nisi
3321 2548 3375 2601 in
3414 2546 3672 2615 pulverem
3699 2545 3816 2614 suf-

2216 2643 2371 2710 ﬂant,
2402 2640 2631 2709 atquein
2677 2639 2851 2693 oculos
2900 2654 3019 2693 suos
3051 2647 3241 2691 terram
3285 2639 3549 2703 excitant,
3580 2645 3637 2690 ut
3676 2636 3817 2689 unde

2217 2740 2332 2805 plus
2362 2734 2695 2789 detractionis
2716 2733 2962 2804 perﬂant,
2991 2731 3113 2787 inde
3141 2734 3309 2804 magis
3328 2731 3460 2787 nihil
3481 2732 3711 2785 veritatis
3740 2732 3819 2785 vi-

2218 2828 2408 2909 deant?

2291 2932 2344 2986 8.
2375 2932 2627 2987 Attamen
2653 2931 2705 2985 in
2732 2936 2962 2998 utraque
3006 2929 3237 3002 epistola
3282 2928 3444 2984 docet
3472 2943 3577 2998 qua
3606 2917 3821 2983 ratione

2221 3027 2335 3083 tolli
2358 3026 2525 3097 possit
2553 3023 2882 3089 scandalum,
2910 3022 3056 3091 quod
3078 3023 3352 3091 negligere
3368 3022 3504 3077 citra
3534 3028 3817 3090 peccatum

2221 3134 2330 3173 non
2362 3131 2667 3188 possumus.
2719 3113 3089 3184 Proponitque
3132 3112 3189 3167 S.
3222 3112 3399 3182 Petri,
3446 3112 3817 3184 apostolorum

2220 3210 2501 3279 principis,
2525 3207 2852 3276 exemplum,
2885 3207 2977 3276 qui
3029 3206 3270 3261 ﬁdelium
3320 3207 3557 3276 querela:
3586 3220 3815 3275 arguen-

516 3307 841 3377 episcopos,
871 3313 927 3359 et
958 3305 1208 3358 hortatus
1256 3309 1338 3356 est
1372 3307 1430 3355 ut
1474 3298 1685 3354 litanias
1716 3298 1862 3353 omni
1915 3297 2117 3351 hebdo-
2143 3294 2189 3357 C
2224 3303 2356 3357 tium
2379 3301 2523 3371 quod
2550 3301 2803 3355 intrasset
2832 3299 2899 3353 ad
2930 3301 3158 3369 gentiles
3185 3307 3239 3355 et
3267 3299 3646 3355 manducasset
3695 3314 3817 3355 cum

517 3398 675 3453 mada
702 3398 850 3452 feriis
876 3404 1071 3464 quarta
1102 3404 1158 3449 et
1198 3402 1353 3448 sexta
1386 3392 1704 3455 indicerent,
1738 3399 1793 3446 et
1834 3391 1905 3443 ita
1937 3399 2119 3444 contra

519 3488 806 3544 barbariae
847 3486 1168 3541 crudelitatis
1215 3487 1455 3539 incursus
1504 3499 1743 3553 superna:
1784 3483 2117 3551 protectionis

522 3582 783 3636 auxilium
812 3579 1156 3650 implorarent
1188 3577 1328 3649 (Lib.
1357 3593 1440 3643 χι,
1473 3594 1554 3645 ep.
1591 3575 1704 3646 51).
1739 3574 1989 3630 Precibus
2019 3590 2117 3627 au-

519 3688 631 3729 tem
662 3673 858 3729 addere
887 3673 1031 3727 bona
1059 3686 1225 3741 opera
1251 3670 1426 3737 jubet,
1453 3670 1593 3741 quia,
1628 3668 1831 3739 inquit,
1855 3668 2030 3721 inanis
2058 3668 2120 3736 ﬁt

521 3768 689 3821 oratio
718 3767 802 3819 ubi
834 3782 999 3836 prava
1024 3772 1099 3818 est
1129 3763 1284 3817 actio.
1333 3762 1477 3816 Idem
1524 3761 1819 3831 periculum
1860 3758 2120 3814 Sardiniae

521 3874 632 3914 non
663 3859 824 3927 longe
848 3857 1049 3912 dissita:
1081 3856 1286 3921 insulse,
1312 3856 1379 3909 ab
1408 3854 1652 3909 hostibus
1679 3851 2004 3922 impendisse
2032 3866 2122 3904 su-

521 3967 617 4022 pra
649 3951 897 4006 diximus.
932 3950 1001 4005 At
1030 3965 1214 4020 pacem
1244 3964 1306 4003 ac
1347 3947 1791 4017 tranquillitatem
1824 3944 1922 4014 ipsi
1965 3942 2125 3997 resti-

522 4055 695 4103 tutam
725 4061 847 4101 esse
873 4054 1215 4099 autumamus
1245 4058 1313 4097 ex
1338 4042 1485 4097 felici
1503 4041 1781 4111 religionis
1801 4039 2122 4094 Christiana:

521 4139 914 4209 propagatione
944 4137 1084 4206 apud
1129 4136 1328 4191 Sardos
1374 4144 1468 4189 aut
1497 4134 1732 4188 advenas
1776 4143 1831 4188 et
1858 4133 2125 4187 Barbaros

524 4246 621 4284 seu
651 4229 1024 4284 Barbaricinos
1066 4237 1159 4282 aut
1184 4229 1478 4296 indigenas.
1507 4224 1582 4279 Ea
1613 4225 1681 4279 de
1702 4239 1862 4278 causa
1898 4224 1954 4277 S.
1987 4222 2124 4277 Gre-

528 4319 711 4389 gorius
741 4320 950 4388 rogavit
989 4321 1175 4378 insula:
1204 4318 1509 4388 praesidem,
1543 4326 1600 4371 ut
1648 4316 1843 4370 Victori
1871 4316 2126 4387 episcopo

530 4410 585 4464 in
610 4410 888 4479 gentilium
918 4411 1277 4467 conversione
1309 4402 1580 4464 laberanti
1606 4422 1767 4477 opem
1794 4406 1979 4461 ferret.
2014 4408 2125 4463 Ad.

529 4510 648 4558 erat
674 4510 819 4559 enim
848 4506 1097 4560 omnibus
1126 4504 1219 4573 qui
1251 4502 1367 4571 ejus
1392 4516 1560 4572 opera
1589 4508 1643 4555 et
1658 4500 2127 4556 commendatione

530 4597 843 4667 indigebant
872 4597 1059 4667 (Ibid.,
1091 4615 1173 4668 ep.
1201 4596 1315 4667 Ἡ).

2224 3398 2321 3461 eis,
2350 3411 2551 3467 eosque
2593 3395 2660 3450 ad
2700 3392 3026 3465 baptismum
3074 3395 3387 3465 recepisset,
3420 3409 3528 3449 non
3553 3410 3619 3448 ex
3661 3402 3824 3464 pote-

2222 3495 2383 3556 state,
2415 3486 2510 3543 sed
2537 3502 2603 3542 ex
2628 3488 2837 3542 ratione
2866 3487 3163 3558 respondit,
3196 3502 3522 3556 causamque
3548 3501 3645 3557 per
3674 3485 3815 3541 ordiv

2226 3597 2349 3636 nem
2367 3580 2615 3652 exposuit
2646 3599 2658 3633 :
2691 3579 2752 3634 Si
2773 3581 2934 3648 enim,
2957 3580 3148 3649 inquit,
3174 3596 3289 3632 cum
3313 3596 3345 3632 a
3374 3577 3611 3650 ﬁdelibus
3638 3578 3819 3649 culpa-

2224 3682 2385 3739 retur,
2413 3675 2768 3728 auctoritatem
2790 3690 2944 3744 quam
2978 3674 3033 3726 in
3058 3681 3240 3726 sancta
3270 3671 3508 3726 Ecclesia
3529 3680 3818 3741 acceperat,

2226 3766 2551 3833 attendisset,
2569 3764 2879 3837 respondere
2899 3772 3100 3835 poterat
3112 3773 3167 3817 ut
3187 3773 3450 3835 pastorem
3470 3780 3618 3817 suum
3635 3780 3818 3818 oves...

2225 3856 2597 3924 reprehendere
2627 3873 2728 3909 non
2757 3855 3028 3911 auderent.
3063 3854 3171 3910 Sed
3199 3856 3243 3909 si
3272 3856 3324 3909 in
3355 3855 3566 3926 querela
3588 3855 3823 3925 ﬁdelium

2227 3950 2423 4015 aliquid
2456 3949 2518 4003 de
2547 3966 2640 4003 sua
2661 3957 2916 4019 potestate
2953 3950 3168 4015 diceret,
3192 3950 3424 4020 profecto
3458 3949 3642 4004 doctor
3669 3964 3820 4002 man-

2224 4042 2517 4096 suetudinis
2541 4058 2642 4094 non
2666 4042 2865 4111 fuisset.
2896 4040 3095 4093 Humili
3118 4057 3238 4111 ergo
3278 4057 3363 4095 eos
3400 4042 3605 4095 ratione
3642 4040 3819 4110 placa-

2226 4135 2363 4188 vit...
2397 4133 2457 4187 Si
2489 4148 2611 4202 ergo
2652 4141 2829 4203 pastor
2861 4130 3129 4197 Ecclesiw,
3163 4134 3513 4201 apostolorum
3562 4135 3819 4204 princeps,

2227 4226 2378 4295 signa
2404 4231 2453 4276 et
2482 4222 2735 4276 miracula
2764 4224 3102 4293 singulariter
3132 4224 3352 4295 faciens,
3382 4242 3484 4279 non
3514 4225 3823 4296 dedignatus

2227 4326 2303 4372 est
2328 4318 2383 4370 in
2405 4332 2564 4370 causa
2584 4315 2993 4384 reprehensionis
3022 4331 3129 4370 sua:
3149 4317 3401 4370 rationem
3429 4317 3690 4371 humiliter
3710 4316 3824 4370 red-

2231 4409 2371 4475 dere,
2410 4414 2603 4477 quanto
2632 4408 2801 4477 magis
2834 4424 2928 4461 nos
2956 4418 3271 4478 peccatores,
3318 4424 3433 4461 cum
3478 4408 3543 4461 de
3570 4426 3625 4463 re
3649 4408 3825 4480 aliqua

2230 4496 2671 4569 reprehendimur,
2723 4498 3119 4569 reprehensores
3154 4507 3358 4555 nostros
3399 4499 3584 4553 humili
3623 4500 3826 4554 ratione

2230 4593 2443 4663 placare
2466 4590 2743 4645 debemus?

605 4701 658 4755 7.
674 4699 1155 4757 Prmsentissimum
1177 4714 1299 4753 eum
1320 4704 1544 4768 experta
1565 4706 1647 4753 est
1666 4698 1769 4754 hoc
1790 4715 1930 4755 anno
1952 4699 2132 4757 Tbeo-
2157 4683 2209 4742 Ῑ)
2307 4702 2359 4756 9.
2391 4701 2510 4756 Non
2554 4710 2769 4772 poterat
2794 4701 3083 4758 eflicaciori
3106 4705 3352 4775 exemplo
3380 4704 3734 4760 humilitatem
3764 4704 3825 4758 il-

536 4791 691 4847 ctista
721 4792 959 4847 Mauricii
1010 4790 1240 4861 Augusti
1269 4797 1522 4857 cognata,
1554 4789 1641 4858 pia
1673 4788 1867 4847 femina
1915 4792 1983 4847 de
2025 4810 2130 4863 qua

530 4882 644 4953 jam
667 4884 793 4938 alibi
814 4893 1014 4949 actum,
1036 4900 1067 4939 a
1090 4882 1364 4938 nonnullis
1383 4891 1590 4936 temere
1612 4880 1830 4939 literesis
1851 4884 2128 4940 intamata.

534 4975 654 5032 Jam
682 4976 911 5032 diximus
945 4975 1083 5047 (Lib.
1116 4992 1153 5043 ι,
1185 4993 1231 5029 c.
1264 4973 1316 5039 5,
1351 4989 1490 5027 num.
1518 4972 1591 5044 9),
1624 4971 1886 5045 Gregorio
1915 4976 1968 5030 in
2002 4978 2135 5033 urbe

532 5066 685 5135 regia
706 5076 1094 5132 commorante,
1126 5081 1400 5121 rumorem
1425 5080 1667 5135 sparsum
1694 5068 1760 5123 de
1789 5083 1928 5124 nova
1962 5068 2133 5124 hmre-

532 5158 601 5224 si,
624 5156 777 5225 cujus
824 5164 1008 5212 notam
1038 5157 1253 5210 inurere
1293 5155 1632 5213 nobilissimae
1673 5173 1738 5213 ac
1784 5158 2133 5214 sanctissima:

536 5259 802 5305 matronae
830 5264 938 5305 non
968 5256 1096 5303 sunt
1120 5248 1276 5303 veriti
1298 5250 1673 5321 sycophantae;
1707 5249 1848 5303 unde
1876 5249 1930 5302 in
1956 5264 2130 5320 popu-

528 5358 612 5417 ιο,
644 5356 741 5399 sua
790 5340 1011 5395 levitate
1054 5340 1123 5395 ad
1169 5342 1437 5399 atrociora
1477 5342 1712 5397 maxime
1762 5340 1817 5394 in
1862 5341 2131 5414 principes

536 5436 807 5496 credenda
835 5436 967 5492 satis
993 5451 1187 5506 prono,
1204 5453 1429 5510 magnus
1450 5437 1706 5493 subortus
1729 5442 1813 5489 est
1848 5436 2124 5492 tumultus.

536 5532 734 5588 Statim
761 5538 940 5586 autem
971 5539 1130 5603 atque
1160 5531 1213 5587 id
1259 5547 1412 5603 papa:
1440 5530 1538 5584 fuit
1574 5528 1888 5596 indicatum,
1914 5534 2131 5605 scripsit

540 5625 610 5681 ad
637 5623 1005 5680 Theoetistam
1035 5623 1176 5697 (Lib.
1206 5641 1282 5691 ιι,
1325 5641 1406 5693 ep.
1438 5620 1551 5687 45),
1598 5618 1684 5673 cui
1713 5621 1994 5693 multiplici
2036 5641 2127 5681 ra-

541 5718 691 5773 tione
733 5718 967 5773 ostendit
994 5719 1110 5788 ejus
1136 5724 1370 5772 mentem
1417 5714 1896 5774 obtrectationibus
1927 5720 2128 5777 turbari

541 5806 764 5862 minime
807 5808 1005 5864 debere
1037 5828 1050 5862 :
1086 5810 1147 5864 Si
1183 5807 1320 5861 enim
1362 5804 1600 5859 laudibus
1646 5808 1901 5876 laetamur,
1934 5809 2127 5880 inquit,

542 5893 1016 5955 “detractionibus
1046 5897 1360 5969 frangimur,
1400 5897 1621 5968 gloriam
1656 5907 1891 5954 nostram
1926 5918 2030 5958 non
2072 5905 2128 5958 in

2231 4793 2383 4849 lustri
2411 4792 2621 4847 feminae
2642 4792 2969 4862 persuadere
2990 4795 3358 4851 sanctissimus
3389 4796 3607 4851 Doctor.
3633 4794 3825 4851 Postea

2232 4883 2452 4939 haeresis
2491 4883 2592 4952 ipsi
2620 4883 2865 4952 impaclze
2891 4885 3067 4954 capita
3098 4886 3277 4940 omnia
3303 4895 3570 4953 recenset,
3604 4903 3667 4942 ac
3694 4902 3826 4943 con-

2231 4979 2370 5034 tutat
2390 4987 2446 5034 et
2465 4978 2719 5033 conterit.
2747 4978 2927 5032 Primo
2948 4979 3187 5034 ostendit
3216 4980 3492 5049 religionis
3517 4998 3677 5038 causa
3698 4999 3829 5039 con-

2229 5072 2375 5143 jugia
2433 5087 2543 5128 non
2592 5072 2955 5155 dissolvenda.
2986 5071 3235 5128 Secundo
3264 5084 3487 5144 peccata
3540 5075 3718 5131 omnia
3772 5077 3825 5131 in

2233 5166 2558 5237 baptismate
2579 5167 2794 5237 penitus
2820 5167 2950 5222 dilui
2974 5175 3029 5221 et
3050 5166 3265 5223 dimitti.
3298 5166 3481 5224 Tertio
3506 5180 3627 5239 post
3652 5179 3826 5230 actam

2234 5274 2334 5329 per
2360 5260 2651 5315 triennium
2691 5259 3094 5330 pmnitentiam,
3128 5260 3400 5315 licentiam
3426 5262 3683 5333 peccandi
3730 5263 3828 5317 mi-

2236 5350 2381 5405 nime
2428 5364 2765 5405 concessam.
2797 5349 3001 5416 Quarto
3050 5352 3213 5404 etiam
3268 5350 3417 5404 illum
3471 5353 3829 5408 anathematis

2234 5443 2447 5498 vinculo
2474 5444 2678 5507 teneri,
2710 5443 2802 5511 qui
2824 5443 2926 5497 etsi
2953 5443 3279 5499 necessitate
3307 5445 3648 5515 compulsus,
3680 5444 3733 5499 id
3763 5446 3828 5500 de

2236 5548 2345 5603 quo
2388 5534 2801 5604 reprehenditur
2856 5535 3410 5591 anathematizaverit.
3452 5537 3536 5593 Ad
3582 5537 3825 5594 ultimum

2236 5635 2464 5682 testatur
2516 5628 2805 5698 plerosque
2844 5627 2982 5683 falso
3033 5629 3102 5684 de
3149 5638 3382 5700 quatuor
3428 5632 3531 5687 illis
3581 5632 3828 5703 capitulis

2235 5720 2486 5791 imperito
2537 5721 2654 5776 zelo
2699 5729 3014 5788 accusatos;
3047 5722 3338 5792 placandos
3365 5733 3547 5782 tamen
3591 5741 3713 5784 esse
3760 5726 3811 5782 il~

2232 5811 2316 5869 los
2344 5820 2685 5868 accusatores
2715 5823 2828 5867 tum
2848 5813 3078 5881 ratione,
3113 5824 3225 5871 tum
3252 5820 3685 5877 mansuetudine.

2306 5903 2394 5960 10.
2418 5905 2532 5962 Etsi
2554 5922 2682 5965 vero
2712 5906 3011 5967 calumnias
3036 5910 3307 5981 patienter
3334 5912 3646 5973 tolerandas
3666 5915 3824 5975 doce-
