4130 6446
264 394 365 457 4111

726 398 786 457 S.
826 394 1155 454 GBEGORII
1195 395 1410 454 MAGNI
1448 395 1771 467 VITA,'EX
1812 396 1977 457 EJUS
2011 397 2319 457 SCRIPTIS
2358 399 2756 458 ADORNATA.
2798 400 2929 459 LIB.
2969 398 3060 456 Ν.

3377 394 3386 407 ’
3437 402 3549 459 442

262 522 350 574 ret
375 528 618 571 summus
654 511 745 568 ille
782 526 993 568 morum
1020 511 1292 580 magister,
1325 511 1740 567 calumniatores
1766 520 1850 567 ta-
1875 518 1925 577 Α
2025 511 2153 581 Quae
2189 513 2257 567 ad
2296 513 2645 571 obtinendum
2684 513 2984 574 defensoris
3014 516 3249 573 officium
3275 516 3548 575 conditio-

262 624 389 665 men
419 605 673 676 gravibus
699 605 870 675 poenis
891 604 1130 659 coerceri
1147 604 1391 673 jubebat.
1424 602 1577 659 Unde
1602 619 1726 658 cum
1755 618 1845 659 ac-

264 702 497 772 cepisset
525 698 768 755 Hilarum
823 697 1209 753 subdiaconum
1239 697 1331 766 qui
1371 695 1565 752 Joanni
1614 695 1851 751 Diacono

262 792 469 848 crimen
509 792 821 861 ingesserat,
846 806 877 845 a
899 789 1170 860 judicibus
1197 788 1339 843 nulla
1380 782 1542 842 fuisse
1570 802 1729 858 paena
1757 802 1849 843 ca-

261 883 517 951 stigatum
536 922 553 949 ,
585 882 842 953 praecepit
865 889 921 935 ut
942 881 1105 951 virgis
1130 880 1342 950 publice
1375 880 1689 947 cederetur,
1720 888 1776 935 et
1796 879 1852 935 in

262 972 513 1029 exsilium
560 973 935 1043 deportaretur
964 970 1099 1043 (Lib.
1132 987 1216 1035 ιχ,
1270 987 1349 1041 ep.
1387 969 1497 1041 6‘2).
1526 968 1645 1024 Jam
1690 984 1852 1040 supra

263 1065 667 1122 observavimus
688 1064 825 1119 hanc
850 1063 994 1119 exilii
1022 1076 1235 1133 pmnam
1254 1060 1455 1130 judicio
1483 1060 1853 1117 ecclesiastico

260 1158 539 1214 decretam
586 1158 640 1212 in
669 1155 1009 1212 defensorem
1051 1157 1309 1226 episcopo
1339 1169 1447 1209 non
1482 1153 1846 1209 obedientem.

335 1251 422 1305 11.
450 1250 566 1305 Non
614 1251 791 1306 minus
826 1251 881 1304 in
930 1250 1173 1304 falsarios
1195 1288 1210 1314 ,
1242 1248 1333 1318 qui
1380 1247 1854 1304 calumniatoribus

260 1339 449 1396 affines
477 1350 624 1404 sunt,
655 1341 1031 1412 indignabatur
1051 1340 1343 1409 Gregorius
1370 1339 1612 1394 veritatis
1642 1340 1849 1394 studio-

257 1433 501 1488 sissimus
536 1434 728 1503 cultor.
763 1432 897 1489 Hinc
943 1433 1179 1503 graviter
1224 1432 1425 1487 exarsit
1472 1431 1525 1485 in
1579 1430 1850 1487 Andream

255 1525 581 1580 monachum
612 1524 751 1595 (Lib.
788 1541 860 1591 XI,
881 1541 963 1595 ep.
997 1524 1111 1593 74),
1142 1532 1202 1578 ut
1230 1523 1499 1592 conjicere
1527 1523 1672 1592 licet,
1703 1521 1852 1579 Grae-

256 1631 403 1682 cum,
428 1616 519 1684 qui
558 1632 664 1671 non
705 1617 879 1672 solum
910 1618 1191 1688 epistolam
1232 1617 1467 1683 Eusebii,
1501 1616 1850 1673 Thessaloni-

255 1704 436 1759 censis
472 1704 737 1775 episcopi,
782 1707 950 1776 ipsius
978 1705 1101 1763 fidei
1131 1708 1562 1763 commendatam
1594 1718 1653 1763 ut
1700 1708 1849 1764 Lati-

251 1811 381 1849 nam
409 1810 528 1851 eam
550 1792 774 1864 faceret,
803 1806 1139 1868 corruperat,
1162 1808 1217 1854 et
1246 1798 1543 1856 hmresibus
1568 1799 1849 1870 infecerat,

1955 621 2053 663 nes
2074 607 2497 677 requirerentur,
2524 607 2702 676 qualia
2728 607 2905 663 forent
2934 623 3122 663 eorum
3144 607 3351 675 munia,
3368 624 3548 680 quave

1954 697 2184 755 formula
2235 701 2734 769 constituerentur,
2792 704 3053 760 habemus
3100 705 3155 759 in
3202 703 3430 776 epistola
3479 702 3548 758 ad

1953 788 2135 844 Vitum
2167 788 2305 861 (Lib.
2337 807 2409 856 x1,
2438 808 2522 862 ep.
2551 790 2667 858 38).
3576 808 3579 811 '

2022 882 2184 939 Gesta
2211 883 2298 938 vel
2317 884 2513 954 scripta
2541 883 2802 940 S.Irentei
2828 885 2918 940 diu
2940 901 2970 941 a
2998 902 3057 942 se
3076 887 3321 957 quzesita,
3354 887 3447 943 sed
3479 904 3549 944 ex

1952 972 2033 1029 eis
2062 972 2260 1043 aliquid
2308 973 2550 1029 invenire
2596 990 2705 1030 non
2734 976 2967 1032 valuisse
3005 986 3237 1034 testatur
3282 979 3550 1035 maximus

1955 1063 2175 1120 Doctor.
2208 1063 2359 1121 Nunc
2390 1064 2460 1121 de
2496 1065 2658 1122 rebus
2686 1066 3002 1122 monasticis
3032 1082 3201 1139 pauca
3236 1067 3547 1139 attingenda

1956 1153 2095 1226 (Lib.
2130 1172 2204 1221 x1,
2233 1173 2313 1227 ep.
2344 1154 2456 1227 56).

2026 1248 2112 1303 15.
2132 1248 2271 1304 Cum
2315 1250 2589 1321 Agathosa
2624 1259 2814 1322 questa
2843 1252 3258 1321 essetmaritum
3288 1267 3463 1318 suum,
3489 1267 3552 1308 se

1954 1339 2119 1395 invita
2182 1342 2507 1397 monachum
2556 1341 2796 1409 factum,
2841 1343 2986 1412 quod
3036 1342 3104 1397 ad
3153 1342 3365 1412 culpam
3412 1343 3550 1397 invi-

1954 1428 2206 1500 diamque
2231 1431 2411 1488 Urbici
2441 1434 2671 1501 abbatis,
2697 1435 2752 1489 in
2782 1434 2934 1505 cujus
2966 1434 3299 1490 monasterio
3321 1450 3551 1491 conver-

1955 1538 2047 1578 sus
2076 1522 2271 1590 fuerat,
2321 1525 2648 1595 pertinebat,
2681 1528 2851 1582 edixit
2876 1543 3014 1598 papa
3054 1527 3388 1583 reddendum
3426 1543 3551 1582 eum

1956 1615 2191 1686 petenti,
2219 1616 2347 1672 licet
2382 1616 2495 1686 jam
2536 1626 2874 1674 tonsuratum
2896 1663 2909 1686 ,
2941 1620 3041 1676 nisi
3070 1629 3347 1676 constaret
3377 1620 3550 1691 ipsam

1954 1707 2104 1778 prius
2138 1708 2317 1763 mariti
2358 1709 2700 1764 conversioni
2730 1712 3100 1778 consensisse,
3131 1727 3393 1783 suamque
3422 1727 3552 1783 pro-

1956 1799 2200 1869 misisse,
2232 1809 2327 1856 aut
2354 1801 2528 1871 ipsam
2557 1801 2805 1857 adulterii
2836 1817 2956 1858 esse
2995 1819 3145 1859 ream
3184 1802 3325 1876 (Lib.
3356 1820 3430 1870 xt,
3464 1821 3545 1874 ep.

248 1888 349 1943 sed
377 1890 541 1944 etiam
571 1904 851 1945 sermones
881 1891 1091 1961 aliquos
1117 1891 1305 1945 Gmce
1340 1893 1620 1960 evulgarat
1657 1894 1853 1962 quibus
1881 1911 1929 1970 Β
1958 1889 2083 1961 50).

247 1981 557 2050 praelixerat
601 1995 755 2051 papae
782 1997 998 2037 nomen.
1031 1982 1139 2037 Eos
1182 1983 1591 2053 diligentissime
1648 1986 1848 2054 requiri

244 2072 407 2142 jussit
437 2071 731 2140 Gregorius
774 2080 830 2127 et
858 2072 1083 2127 aboleri.
1116 2072 1388 2128 Praeterea
1416 2075 1703 2129 concilium
1746 2076 1845 2130 ha-

245 2164 364 2219 buit
389 2165 441 2219 in
471 2179 579 2233 quo
607 2164 675 2218 de
713 2179 870 2233 paena
916 2164 1135 2220 falsario
1166 2166 1382 2221 aliunde
1430 2164 1848 2235 flagitiosissimo

246 2255 537 2323 infligenda
566 2256 993 2322 deliberaretur;
1025 2265 1081 2311 at
1114 2273 1248 2313 vero
1285 2272 1404 2327 quae
1429 2257 1645 2313 decreta
1686 2259 1848 2315 fuerit

248 2361 349 2401 nos
378 2345 528 2400 latet.
560 2345 801 2415 Epistola
831 2362 898 2400 ex
927 2360 1033 2417 qua
1070 2347 1186 2401 haec
1213 2347 1494 2411 habemus,
1530 2348 1848 2405 humilitatis

247 2446 304 2492 et
347 2439 623 2494 modestia:
651 2438 898 2507 Gregorii
948 2448 1322 2507 argumentum
1367 2447 1466 2495 est.
1500 2439 1559 2494 In
1607 2454 1670 2495 ea
1702 2442 1846 2496 enim

246 2530 565 2601 simpliciter
612 2531 899 2603 profitetur
927 2529 1240 2587 Graecarum
1288 2547 1348 2589 se
1376 2531 1679 2588 litterarum
1721 2548 1844 2590 nes-

247 2627 411 2680 cium.

317 2719 404 2775 12.
438 2718 508 2775 Ut
550 2734 637 2775 res
668 2719 735 2773 ad
765 2719 909 2775 hunc
936 2734 1135 2775 annum
1164 2728 1473 2790 spectantes
1504 2719 1848 2775 absolvamus

245 2812 481 2867 notanda
530 2821 657 2867 sunt
684 2812 993 2867 summatim
1025 2827 1143 2881 qum
1173 2813 1239 2867 ad
1268 2811 1641 2867 illustrandam
1668 2811 1846 2868 eccle-

242 2906 514 2961 siasticam
539 2905 880 2976 disciplinam
909 2913 1001 2959 aut
1035 2906 1318 2961 historiam
1349 2904 1601 2963 conferre
1621 2915 1848 2978 possunt

242 3000 483 3054 nondum
506 3015 535 3053 a
554 2999 709 3055 nobis
738 2999 991 3055 delibata.
1018 2999 1337 3070 Imperatori
1364 2999 1625 3056 Joannem
1658 3000 1845 3071 prima:

240 3090 553 3147 Justiniana:
581 3094 894 3163 episcopum
916 3109 1015 3163 pro
1042 3092 1363 3162 mgritudine
1389 3093 1581 3163 capitis
1604 3094 1670 3148 ab
1696 3094 1843 3164 epis-

241 3193 439 3254 eopatu
478 3199 731 3239 amovere
760 3184 1017 3255 cupienti,
1056 3185 1363 3239 consentire
1388 3184 1563 3239 noluit
1600 3185 1844 3254 aequissi-

2021 1984 2079 2039 ln
2108 1986 2298 2041 eodem
2316 1988 2548 2043 concilio
2576 2003 2606 2042 a
2636 2004 2743 2058 quo
2766 1989 3051 2045 damnatus
3077 1997 3158 2045 est
3186 1990 3429 2046 Andreas
3450 1990 3549 2046 fal-

1950 2092 2132 2132 sorum
2160 2078 2484 2148 scriptorum
2513 2079 2703 2135 artifex
2722 2121 2735 2145 ,
2769 2096 3027 2136 concessa
3057 2090 3140 2137 est
3170 2081 3349 2137 Probo
3369 2122 3384 2147 ,
3426 2099 3546 2138 mo-

1950 2167 2125 2223 nacho
2151 2180 2204 2223 et
2228 2168 2431 2237 abbati,
2460 2170 2694 2225 testandi
2716 2169 2944 2226 facultas
2980 2171 3047 2226 de
3087 2172 3243 2226 bonis
3274 2181 3399 2227 ante
3424 2187 3548 2227 sus-

1948 2268 2165 2330 ceptum
2188 2261 2427 2316 habitum
2456 2263 2815 2318 monasticum
2844 2262 2910 2315 ad
2932 2264 3107 2332 ipsum
3132 2263 3544 2332 pertinentibus.

1950 2351 2105 2405 Tanti
2136 2352 2279 2407 enim
2309 2363 2426 2408 erat
2465 2354 2723 2407 momenti
2765 2353 3077 2408 facultatem
3125 2354 3265 2409 hanc
3304 2355 3458 2422 dare,
3491 2361 3549 2408 ut

1946 2445 2139 2514 synodi
2190 2446 2356 2501 totius
2414 2461 2739 2501 consensum
2790 2446 3177 2517 requirendum
3224 2447 3548 2517 judicaverit

1946 2536 2374 2606 sapientissimus
2428 2537 2698 2593 Pontifex.
2748 2538 2933 2607 Neque
2978 2554 3109 2594 vero
3161 2539 3303 2595 facta
3361 2540 3546 2595 fuisset

1948 2623 2126 2681 Probo
2141 2628 2447 2682 testamenti
2472 2629 2739 2683 condendi
2770 2628 3013 2695 licentia,
3034 2629 3136 2684 nisi
3159 2629 3364 2700 liquido
3387 2631 3547 2702 296

1946 2717 2279 2773 constitisset
2317 2719 2493 2788 ipsum
2519 2718 2731 2788 jussum
2767 2719 2931 2776 fuisse
2960 2730 3017 2775 et
3039 2722 3193 2789 quasi
3236 2730 3484 2776 coactum
3517 2736 3545 2774 a

1946 2806 2005 2863 S.
2022 2808 2286 2877 Gregorio
2314 2813 2704 2868 monasterium
2734 2813 2913 2869 subito
2942 2812 3191 2878 introire,
3214 2829 3319 2868 non
3345 2812 3547 2868 indulta

1948 2901 2017 2954 ad
2044 2901 2433 2958 deliberandum
2460 2906 2536 2959 vel
2558 2906 2890 2960 tractandum
2918 2907 3107 2976 spatio.
3142 2903 3296 2961 Unde
3322 2921 3431 2961 non
3461 2906 3546 2960 in-

1946 3000 2155 3063 tegrum
2183 2995 2284 3067 ipsi
2312 2995 2488 3052 fuerat
2507 2996 2575 3052 de
2599 2998 2760 3052 rebus
2784 2998 2894 3052 suis
2918 2997 3224 3067 disponere.
3242 2996 3545 3053 Periculum

1946 3096 2125 3143 autem
2152 3096 2270 3144 erat
2297 3106 2366 3145 ne
2388 3090 2545 3146 bonis
2567 3092 2736 3161 ipsius
2765 3090 3096 3147 monasterio
3125 3090 3462 3158 cedentibus,
3486 3090 3543 3143 fi-

1947 3181 2048 3237 lius
2067 3183 2184 3251 ejus
2205 3199 2415 3238 summa
2443 3192 2688 3254 egestate
2716 3184 3008 3240 laboraret.

240 3291 360 3330 mus
389 3285 562 3346 pater,
586 3278 687 3332 nisi
737 3287 970 3347 aegrotus
1019 3278 1163 3349 ipse,
1192 3277 1321 3333 dato
1361 3278 1544 3334 libello
1584 3279 1835 3349 supplici,
1863 3295 1909 3357 ο
2015 3273 2277 3330 Laudavit
2327 3276 2641 3333 Januarium
2680 3276 3047 3333 Caralitanum
3078 3278 3223 3348 quod
3266 3286 3545 3334 monaste-

238 3370 346 3425 hoc
392 3380 626 3440 peteret.
658 3370 765 3426 Sed
795 3372 965 3426 suasit
992 3382 1052 3426 ut
1105 3380 1442 3440 quaereretur
1486 3371 1834 3442 dispensator,

239 3464 332 3532 qui
364 3480 557 3520 munus
596 3465 907 3535 episcopale
939 3466 1090 3521 obire
1127 3475 1311 3535 posset
1342 3465 1481 3537 (Lib.
1508 3483 1583 3535 xu,
1608 3484 1689 3538 ep.
1721 3466 1838 3537 47).

312 3556 560 3623 Quiricus
592 3567 648 3612 et
696 3557 786 3611 alii
832 3557 1017 3612 Iberia:
1047 3558 1288 3627 episcopi
1315 3573 1582 3613 summum
1631 3557 1844 3628 pontifi-

237 3661 357 3703 cem
400 3649 787 3703 consuluerant
815 3648 883 3703 de
914 3648 1257 3705 diversorum
1300 3649 1677 3704 haereticorum
1704 3650 1840 3720 bap-

239 3739 399 3793 tismo
435 3748 491 3793 et
518 3739 967 3794 ordinationibus.
995 3739 1202 3805 Quibus
1231 3740 1509 3809 respondit
1538 3741 1843 3811 baptizatos

236 3833 293 3886 in
340 3830 534 3884 hmresi
579 3846 701 3885 cum
742 3830 1021 3884 Trinitatis
1070 3830 1441 3896 invocatione,
1485 3846 1594 3884 non
1645 3831 1841 3885 iterum

234 3919 591 3992 baptizandos
641 3919 856 3990 quando
896 3919 963 3973 ad
996 3917 1295 3973 Ecclesiam
1342 3927 1711 3987 revertuntur,
1743 3920 1842 3975 sed

236 4023 334 4069 aut
360 4014 710 4085 impositione
758 4027 1038 4078 manuum,
1072 4019 1166 4065 aut
1213 4011 1522 4066 chrismatis
1551 4012 1836 4080 unctione,

236 4116 331 4161 aut
358 4105 701 4177 professione
730 4104 853 4160 ﬁdei
883 4102 1339 4160 reconciliandos.
1367 4102 1681 4158 Redeuntes
1707 4118 1840 4159 vero

235 4202 587 4257 Nestorianos
615 4199 682 4255 de
710 4198 1083 4254 incarnatione
1111 4196 1450 4262 edocendos;
1485 4204 1541 4251 et
1570 4196 1615 4250 si
1641 4196 1840 4252 Nesto-

238 4298 375 4352 rium
428 4294 1043 4358 anathematizaverint,
1086 4299 1447 4361 receptasque
1482 4291 1549 4345 ab
1598 4289 1840 4346 Ecclesia

237 4387 477 4460 synodos
508 4388 752 4457 recipere
794 4384 1171 4457 profiteantur,
1219 4384 1275 4438 in
1304 4383 1536 4455 propriis
1560 4382 1839 4441 ordinibus

237 4477 600 4532 admittendos
631 4474 771 4547 (Lib.
804 4491 879 4541 x1,
904 4492 986 4545 ep.
1011 4474 1126 4544 67).

308 4566 441 4623 Cum
484 4568 720 4623 audisset
748 4567 1082 4622 Desiderium
1112 4566 1473 4623 Viennensem
1522 4568 1837 4639 episcopum

1945 3367 2084 3422 rium
2131 3370 2369 3424 virorum
2412 3369 2465 3423 in
2503 3369 2666 3425 domo
2712 3370 3027 3426 ancillarum
3079 3370 3177 3425 Dei
3217 3370 3546 3425 monasterio

1945 3458 2256 3515 cohaerente
2316 3461 2557 3517 construi
2605 3461 2887 3529 noluerit;
2922 3463 3092 3519 voluit
3144 3470 3325 3518 tamen
3381 3463 3543 3518 alium

1944 3552 2114 3621 quaeri
2144 3553 2344 3617 locum,
2376 3553 2466 3607 ubi
2496 3554 2920 3610 constitueretur
2969 3554 3107 3626 (Lib.
3141 3571 3215 3622 ιι,
3247 3570 3330 3627 ep.
3355 3552 3469 3625 25).

2015 3645 2217 3700 Omitto
2248 3645 2509 3700 beneficia
2539 3661 2659 3715 qua:
2688 3647 2743 3701 in
2780 3648 3130 3715 monasteria,
3173 3647 3336 3701 etiam
3368 3660 3545 3701 remo.-

1944 3740 2175 3803 tissima,
2209 3738 2440 3793 contulit
2463 3739 2569 3793 hoc
2599 3754 2742 3793 anno
2771 3740 3008 3809 optimus
3037 3745 3214 3809 pater,
3246 3738 3544 3807 praesertim

1944 3831 1997 3884 in
2026 3831 2332 3884 coenobium
2365 3831 2567 3885 montis
2594 3830 2721 3884 Sina
2770 3829 2912 3899 (Lib.
2942 3846 3018 3895 χι,
3051 3846 3134 3899 ep.
3169 3829 3259 3897 l);
3293 3828 3388 3883 sed
3417 3829 3541 3897 qui-

1942 3922 2172 3977 buslibet
2201 3922 2514 3977 muneribus
2557 3930 2612 3976 et
2658 3923 2936 3979 beneficiis
2984 3921 3358 3993 praestantiora
3409 3920 3541 3976 mihi

1944 4011 2190 4066 videntur
2218 4011 2421 4065 monita
2447 4010 2680 4073 Cononi,
2714 4010 2979 4066 Lirinensi
3008 4011 3210 4077 abbati,
3243 4010 3388 4074 data,
3418 4011 3541 4079 qui-

1944 4108 2041 4162 bus
2062 4121 2185 4160 eum
2206 4105 2364 4161 docet
2383 4114 2583 4177 quanta
2606 4121 2756 4171 cura,
2779 4121 2886 4174 qua
2907 4106 3127 4162 solertia
3152 4106 3538 4163 monasterium

1943 4198 2046 4254 sibi
2074 4198 2420 4253 commissum
2452 4213 2642 4267 regere
2671 4198 2898 4264 debeat;
2940 4200 3172 4254 maxime
3202 4200 3271 4253 ob
3298 4198 3412 4267 ejus
3441 4198 3538 4254 de-

1943 4289 2175 4345 cessoris
2230 4289 2500 4343 incautam
2556 4291 2983 4346 remissionem:
3036 4289 3345 4345 Dilectionis
3396 4300 3535 4356 tuw,

1942 4383 2133 4451 inquit,
2160 4382 2430 4454 vigilantia
2459 4383 2747 4438 ardentiori
2767 4401 2821 4438 se
2843 4401 3043 4455 semper
3070 4402 3195 4439 cura
3223 4386 3535 4450 succendat;

1943 4486 1991 4530 et
2020 4477 2096 4529 ita
2126 4486 2335 4543 cuncta,
2373 4475 2481 4531 Deo
2511 4476 2793 4547 adjuvante
2819 4480 3149 4549 prtemuniat,
3172 4489 3226 4529 ut
3256 4479 3405 4547 lupus
3432 4493 3536 4530 sa:-

1941 4568 2081 4622 riens
2120 4569 2216 4621 huc
2244 4568 2466 4639 illucque
2494 4569 2788 4624 discurrens
2809 4610 2823 4635 ,
2853 4572 2906 4624 in
2955 4587 3069 4623 oves
3117 4568 3422 4622 Dominicus
3453 4568 3539 4621 in-

235 4660 643 4728 grammaticam
674 4668 731 4713 et
775 4660 985 4713 litteras
1011 4659 1359 4715 humaniores
1387 4659 1705 4728 quibusdam
1744 4677 1836 4716 ex-
1867 4689 1919 4750 Β
1945 4663 2213 4732 grediendi
2241 4663 2409 4717 locum
2435 4679 2539 4717 non
2589 4663 2796 4717 habent.
2852 4662 2920 4717 Et
2951 4670 3072 4732 post
3102 4661 3277 4729 aliqua
3306 4680 3318 4715 :
3350 4660 3536 4733 Itaque

236 4772 474 4825 ponere,
505 4755 561 4810 id
601 4753 919 4824 gravissime
958 4754 1107 4818 tulit,
1151 4754 1302 4825 quia,
1332 4755 1532 4825 inquit,
1556 4757 1612 4810 in
1648 4773 1751 4809 uno
1787 4773 1842 4811 se

236 4865 325 4903 ore
345 4847 627 4901 cuntJovis
650 4844 890 4900 laudibus
916 4843 1107 4898 Christi
1131 4845 1313 4900 laudes
1334 4863 1439 4901 non
1462 4850 1673 4918 capiunt
1698 4847 1838 4918 (Lib.

239 4955 309 5005 ιι,
339 4957 419 5011 ep.
453 4938 562 5011 54).
599 4938 794 4994 Postea
823 4948 1002 4992 tamen
1025 4936 1294 4993 Candidus
1322 4940 1607 5011 presbyter
1624 4957 1691 4996 ex
1714 4942 1842 4997 Gal-

236 5033 320 5087 liis
359 5032 606 5097 rediens,
641 5030 975 5087 Desiderium
1005 5030 1147 5100 apud
1179 5045 1373 5101 papam
1404 5034 1714 5101 excusavit,
1744 5050 1841 5091 ne-

234 5126 490 5204 gavitque
513 5125 689 5194 ipsum
717 5123 772 5177 in
798 5123 880 5178 his
902 5123 1056 5192 nugis
1086 5131 1298 5193 tempus
1325 5132 1525 5179 terere.

306 5216 634 5272 Deferendas
672 5216 741 5271 ad
782 5216 1066 5287 episcopos
1104 5216 1423 5272 clericorum
1451 5233 1642 5274 causas
1690 5236 1833 5292 saepe

232 5309 412 5372 docet,
442 5323 510 5362 ne
538 5308 862 5379 episcopalis
902 5307 1203 5377 jurisdictio
1248 5309 1645 5377 pessumdetur,
1670 5313 1832 5367 cleri-

232 5415 329 5456 cos
376 5400 443 5455 ah
492 5400 788 5470 episcopo,
839 5400 1094 5469 exigente
1133 5399 1309 5466 culpa,
1363 5402 1415 5455 in
1459 5404 1833 5471 pmnitentiam

232 5497 429 5551 missos
480 5495 756 5549 Romanus
797 5493 1078 5562 defensor,
1119 5496 1380 5566 episcopo
1432 5496 1736 5555 inconsulto
1779 5511 1836 5557 et

216 5588 530 5651 'nesciente,
564 5586 886 5640 auctoritate
915 5587 1129 5657 propria
1158 5588 1381 5656 cjecerat
1410 5604 1441 5643 e
1492 5588 1612 5645 loco
1642 5591 1732 5647 ubi
1763 5593 1829 5649 ad

231 5678 609 5751 paenitentiam
652 5677 833 5732 traditi
864 5680 1097 5735 fuerant.
1133 5682 1202 5735 At
1243 5681 1403 5750 jussit
1439 5699 1579 5754 papa
1604 5685 1832 5743 clericos

228 5771 492 5841 episcopo
521 5770 643 5826 sine
671 5784 825 5826 mora
854 5771 1089 5839 restitui,
1120 5782 1176 5828 et
1200 5774 1449 5833 Romano
1476 5779 1623 5849 prius
1651 5779 1829 5836 incre-

232 5873 390 5937 pato,
421 5865 603 5934 gravia
635 5864 997 5920 comminatus
1019 5875 1131 5929 est,
1165 5869 1210 5923 si
1242 5868 1368 5927 talia
1397 5872 1657 5947 deinceps
1681 5890 1830 5933 com-

237 5956 484 6016 mitteret
512 5954 653 6028 (Lib.
687 5971 762 6023 xr,
795 5970 913 6025 epp.
946 5955 1017 6008 77
1041 5964 1088 6011 el
1121 5957 1237 6029 57).

1947 4757 2065 4812 boni
2114 4767 2160 4810 te
2207 4756 2443 4821 dulcem,
2489 4758 2637 4825 pravi
2660 4756 2895 4809 sentiant
2923 4762 3283 4807 correctorem.
3338 4752 3403 4806 In
3434 4771 3535 4824 qua

1943 4848 2173 4902 videlicet
2203 4849 2521 4901 correctione
2552 4848 2685 4900 hunc
2706 4862 2815 4899 esse
2845 4845 3079 4897 ordinent
3122 4847 3323 4900 noveris
3353 4846 3530 4903 obser-r

1942 4941 2184 5001 randum,
2217 4947 2273 4991 ut
2297 4955 2546 5007 personas
2587 4938 2773 5008 diligas
2793 4976 2808 5001 ,
2831 4946 2881 4990 et
2910 4937 3033 4990 vitia
3062 4940 3387 5009 persequaris
3413 4956 3428 4992 :
3470 4956 3535 4993 ne

1940 5033 1985 5085 si
2011 5032 2163 5085 aliter
2189 5047 2339 5100 agere
2361 5034 2584 5101 fortasse
2622 5031 2864 5095 volueris,
2895 5039 3127 5085 transeat
3166 5033 3220 5086 in
3250 5033 3531 5088 crudelita-

1943 5134 2040 5178 tem
2070 5125 2340 5187 correctio,
2370 5132 2422 5176 et
2452 5123 2638 5193 perdas
2661 5140 2786 5194 quos
2817 5124 3094 5179 emendare
3120 5124 3406 5180 desideras.
3442 5123 3532 5179 Sic

1941 5217 2075 5269 enim
2104 5216 2284 5269 vulnus
2313 5215 2463 5269 debes
2495 5215 2815 5281 abscindere,
2840 5227 2895 5270 ut
2937 5233 3041 5272 non
3072 5218 3249 5288 possis
3298 5216 3531 5272 ulcerare

1940 5308 2077 5377 quod
2113 5323 2299 5361 sanum
2337 5316 2413 5362 est
2435 5322 2454 5361 :
2485 5324 2548 5361 ne
2580 5309 2621 5362 si
2667 5309 2783 5378 plus
2806 5324 2963 5380 quam
3011 5324 3091 5364 res
3131 5310 3293 5379 exigit
3332 5309 3530 5375 ferrum

1938 5402 2279 5471 impresseris,
2312 5417 2499 5456 noceas
2538 5403 2618 5454 cui
2659 5402 2903 5472 prodesse
2944 5403 3183 5472 festinas.
3228 5398 3357 5468 Ipsa
3394 5399 3532 5451 enim

1936 5495 1994 5547 in
2033 5501 2083 5547 te
2120 5493 2337 5547 dulcedo
2360 5503 2512 5547 cauta
2556 5496 2622 5548 sit
2643 5536 2659 5563 ,
2705 5511 2809 5549 non
2838 5495 3054 5550 remissa
3084 5511 3103 5548 :
3134 5492 3383 5548 correctio
3412 5508 3529 5546 vero

1939 5590 2156 5660 diligens
2178 5589 2245 5641 sit
2264 5629 2277 5652 ,
2322 5605 2427 5642 non
2457 5605 2649 5643 severa.
2683 5588 2790 5645 Sed
2819 5591 2892 5643 sic
2921 5591 3138 5642 alterum
3163 5584 3439 5641 condiatur
3465 5582 3530 5636 ab

1937 5682 2125 5745 altero,
2156 5690 2209 5733 ut
2239 5689 2287 5734 et
2315 5680 2436 5736 boni
2476 5680 2697 5736 habeant
2746 5680 2969 5736 amando
3014 5679 3149 5751 quod
3189 5684 3430 5743 caveant,
3478 5685 3529 5732 et

1938 5776 2084 5845 pravi
2114 5773 2386 5827 metuendo
2415 5773 2551 5843 quod
2582 5773 2803 5844 diligant
2851 5770 3039 5844 (Ibid.,
3082 5788 3164 5841 ep.
3200 5768 3311 5841 12).

2009 5865 2097 5918 14.
2138 5865 2254 5921 lloc
2300 5881 2440 5922 anno
2470 5880 2501 5921 θ
2527 5866 2661 5921 vivis
2689 5865 2985 5946 excessisse
3016 5863 3160 5934 pium
3191 5876 3373 5932 regem
3421 5862 3529 5921 Re-

1937 5957 2230 6017 eharedum
2261 5956 2382 6014 fidei
2425 5950 2705 6017 catholij
2731 5959 2783 6015 in
2824 5952 3079 6030 Hispania
3109 5962 3527 6017 restauratorem
