4130 6458
572 349 680 408 445

1037 350 1098 407 S.
1137 348 1468 410 GREGOBII
1510 340 1729 406 MAGNI
1771 348 1948 418 VITA,
1991 348 2085 404 EX
2129 346 2288 408 EJUS
2329 347 2632 406 SCRIPTIS
2671 349 3066 410 ADORNATA.
3107 352 3237 408 LIB.
3280 351 3365 412 IV.
3753 358 3864 409 Μ.

562 470 783 531 tradunt
806 469 1214 539 Hispanicarum
1253 484 1434 524 rerum
1473 469 1783 538 scriptores.
1819 466 2048 522 Arianos
2084 467 2153 521 ob
2182 473 2233 528 Α
2257 467 2610 536 conﬂagravit
2639 469 2692 522 in
2720 469 2889 534 Italia,
2926 470 3014 524 ubi
3053 487 3140 525 res
3183 472 3451 527 int’elicite.
3496 491 3590 542 pro
3613 477 3864 546 impera-

559 567 797 624 stndium
849 582 956 636 quo
1006 563 1266 636 ﬂagrabat
1317 565 1370 620 in
1421 564 1739 632 religionem
1786 561 2147 618 orthodoxam

557 675 773 731 semper
802 667 1054 730 eXpertus
1081 668 1163 714 est
1191 657 1603 725 infensissimos,
1633 655 1869 710 maxime
1889 669 2019 708 vero
2040 652 2152 708 Go-

559 753 855 828 suintham,
891 751 1182 822 Leuvigildi
1212 753 1354 820 regis
1375 751 1619 814 viduam,
1651 748 1804 816 cujus
1832 745 2156 802 auctoritate

561 846 879 902 audaciores
907 844 1056 913 facti,
1085 861 1197 900 non
1224 843 1392 902 semel
1437 843 1493 897 in
1537 855 1716 909 regem
1753 838 2149 908 conspirarunt.

560 939 765 998 Horum
796 941 1136 1011 antesignani
1187 941 1404 997 fuerunt
1448 935 1664 1007 quidam
1703 931 1938 1004 episcopi
1967 929 2158 986 haeresi

559 1033 760 1088 Ariana
789 1033 1003 1103 polluti.
1037 1032 1118 1088 Ex
1144 1033 1230 1088 his
1258 1031 1366 1088 duo
1417 1031 1470 1086 in
1502 1027 1749 1084 exsilium
1795 1024 1972 1102 ejecti.
2006 1030 2152 1089 sunt,

559 1127 661 1182 etsi
693 1128 1029 1196 gravioribus
1061 1127 1235 1196 poenis
1261 1124 1407 1194 digni
1430 1121 1636 1177 forent.
1688 1116 2008 1174 Recharedo
2029 1131 2152 1172 suc.

559 1221 720 1275 cessit
749 1219 916 1276 Linba
944 1220 1007 1286 ll,
1042 1222 1130 1290 qui
1162 1220 1371 1274 duobus
1399 1225 1607 1272 tantum
1634 1212 1790 1267 annis
1819 1225 1986 1281 regno
2015 1209 2156 1284 poti-

561 1317 665 1366 tus.
689 1308 844 1366 Hunc
862 1311 1077 1381 excepit
1107 1311 1416 1366 Witericus.

1182 1422 1410 1480 CAPUT
1448 1421 1536 1479 Vl.

558 1515 751 1568 Ancon.
773 1543 834 1556 --
859 1519 904 1583 ς.
929 1517 982 1567 8.
1009 1519 1279 1583 Gregorius
1321 1516 1387 1564 de
1412 1511 1739 1583 instaurandis
1895 1507 2155 1583 Apostolo-

626 1594 732 1629 rum
759 1581 973 1644 basilicis
995 1571 1191 1640 cegitat.
1218 1578 1333 1639 Eius
1357 1576 1680 1644 muniﬁcentia
1707 1575 1753 1622 iu
1779 1571 1888 1644 illas
1914 1571 2154 1644 basilicas.

620 1669 682 1678 —
704 1645 751 1692 2.
777 1642 968 1706 Bellum
992 1637 1380 1706 redintrgratum
1411 1639 1676 1706 infeliciter
1698 1637 1828 1684 cedit
1856 1637 2153 1706 imperatori;

619 1729 678 1742 —-
781 1705 1135 1754 litereticorum
1161 1696 1217 1752 et
1253 1702 1666 1768 schismatieorum
1689 1697 1985 1768 _co_r‘i'versio.
2030 1696 2155 1767 Quid

621 1769 893 1818 redeuntes
920 1779 949 1816 e
971 1768 1230 1816 schismate
1256 1764 1570 1829 sponderent.
1597 1760 1725 1829 —___4.
1752 1759 2022 1808 Firminum
2047 1760 2153 1829 epi-

620 1842 816 1890 scopum
860 1842 1111 1877 rerersum
1139 1867 1151 1887 ,
1191 1834 1241 1876 et
1281 1820 1344 1876 ob
1384 1826 1472 1873 hoc
1509 1824 1568 1890 ab
1604 1822 1716 1890 aliis
1760 1829 1990 1890 texatum
2023 1820 2157 1890 schi-

2259 568 2375 616 tore
2403 569 2569 630 gestae
2607 571 2751 617 sunt.
2803 562 2915 617 Nec
2966 563 3176 619 felicius
3206 564 3258 618 in
3289 563 3507 622 Oriente
3537 582 3865 641 cesserunt;

2257 653 2410 724 quasi
2455 649 2569 724 jam
2619 651 2800 712 omnia
2849 667 3135 727 vergerent
3186 659 3252 713 ad
3307 657 3547 718 Mauricii
3603 665 3669 719 de
3717 668 3865 723 solio

2257 743 2616 814 dejectionem
2645 755 2699 799 et
2729 747 2951 803 caedem.
2986 747 3327 820 Langobardi
3365 770 3487 808 cum
3535 753 3862 813 Sclavorutn

2258 839 2470 896 auxiliis
2500 840 2567 896 ab
2597 841 2832 909 Avarum
2862 859 2988 913 rege
3038 844 3214 899 missis
3245 843 3567 902 Cremonam
3621 850 3862 919 primum

2259 929 2539 986 obsidione
2583 933 2868 988 cinxerunt
2910 944 2964 989 et
3007 946 3360 1005 occuparunt,
3395 954 3557 1008 quam
3588 942 3859 1012 Agilultus

2257 1025 2460 1094 aequari
2480 1025 2598 1080 solo
2613 1026 2792 1095 jussit.
2814 1027 3018 1084 Deinde
3039 1028 3313 1086 Mantuam
3335 1036 3658 1104 expugnavit
3679 1037 3859 1096 idibus

2258 1118 2612 1190 Septembris,
2645 1136 2763 1191 qua:
2791 1122 2878 1176 vix
2907 1123 3314 1179 clementiorem
3345 1127 3606 1183 victorem
3645 1140 3730 1185 est
3758 1147 3858 1187 ex-

2257 1221 2431 1282 perta.
2467 1211 2834 1268 Romanorum
2876 1214 3182 1284 praesidium
3209 1217 3502 1274 Brixellum
3531 1219 3771 1278 incendit
3799 1235 3859 1280 et

2259 1304 2514 1386 deseruit.
2549 1304 2848 1362 Hostilibus
2877 1309 3039 1364 armis
3068 1313 3436 1380 prementibus
3466 1317 3733 1372 exarclius
3763 1334 3860 1387 pa-

2258 1414 2377 1454 cem
2426 1399 2879 1471 impetravit,lea
2919 1402 3035 1472 lege
3084 1413 3140 1458 ut
3183 1404 3435 1462 redderet
3481 1407 3858 1466 Godiscalcum

2261 1493 2453 1550 ducem
2484 1494 2710 1564 ejusque
2754 1511 2980 1552 uxorem
3007 1496 3197 1559 ﬁliam
3229 1499 3476 1567 Agilulﬁ,
3511 1502 3861 1575 ipsorumque

2259 1584 2460 1642 liberos
2490 1586 2544 1644 in
2572 1589 2978 1659 expugnatione
3006 1585 3216 1647 Parmae
3244 1601 3454 1664 captos.
3496 1592 3751 1660 Quamvis
3783 1606 3863 1653 tot

2261 1676 2416 1732 annis
2451 1677 2592 1732 inter
2636 1679 2856 1734 hostiles
2901 1678 3110 1748 gladios
3149 1682 3332 1736 vivere
3381 1686 3754 1740 eousuevisset
3801 1686 3858 1744 S.

2260 1773 2572 1844 Gregorius,
2606 1775 2672 1829 de
2700 1774 2806 1832 hoc
2833 1785 3011 1830 tamen
3040 1775 3186 1832 bello
3217 1778 3375 1848 297
3411 1778 3758 1835 vehementer
3789 1782 3864 1835 in-

619 1867 833 1940 iiﬁli‘iéi's
857 1867 1493 1950 iJéﬁir‘“s2'drE;m‘rius'i';
1510 1867 1563 1934 ἓὶῖ
1607 1867 1900 1950 obstantis
1920 1867 2157 1932 tractem
2188 1867 2236 1927 Β
2261 1867 2484 1935 gemuit,
2515 1875 2572 1922 et
2603 1882 2728 1921 cum
2755 1867 2943 1923 amicis
2984 1868 3368 1940 expostulavit,
3401 1886 3696 1942 eorumque
3741 1891 3863 1944 pre-

624 1953 849 2018 igacandte
874 1954 1114 2018 providet.
1143 1947 1680 2018 D.e‘l_’aulo,_ﬁagt‘tt.oso
1701 1947 2153 2018 etiiscopertnprae-

621 2007 768 2078 done,
807 2007 1060 2074 judicium.
1086 2041 1147 2078 -τ
1169 2013 1334 2078 6.-Ι)εᾲ
1360 2007 1771 2078 τεὺιιέᾼῐιὶςίιιηῆε
1812 2015 1968 2078 curat.
1985 2007 2158 2078 pausa

622 2068 822 2142 Paulini
837 2078 1073 2142 episcopi.
1114 2076 1177 2142 Et
1192 2074 1407 2142 alterius
1423 2075 1620 2142 nomine
1645 2070 1872 2142 Victoris.
1899 2068 2158 2142 —-’_7.I.Au-

619 2132 1023 2190 ctoritatis'llom:
1052 2139 1285 2197 pontiﬁcis
1312 2139 1357 2184 in
1383 2134 1542 2202 Africa
1568 2140 1945 2202 argumenta.—_
1962 2133 2018 2202 8.
2035 2132 2158 2202 Gre-

659 2203 747 2263 orji
773 2215 959 2250 summa
984 2202 1031 2249 in
1054 2194 1300 2261 potestate
1326 2198 1472 2263 major
1499 2195 1745 2263 humilitas
1767 2200 1816 2244 et
1839 2194 2159 2263 modestia.—

659 2217 747 2250 ΟΙΊΙ
773 2217 959 2250 summa
984 2217 1031 2249 ll]
1059 2217 1300 2261 potestate
1326 2217 1472 2258 lltajUI‘
1502 2217 1741 2244 llutllltttab
1767 2217 1816 2244 UL
1839 2217 2156 2263 lituus-33L“.—

617 2217 667 2312 ἕ.
696 2262 772 2310 De
812 2263 920 2321 ejus
945 2263 1154 2310 homillts
1194 2262 1242 2323 in
1267 2262 1429 2308 varios
1467 2257 1907 2323 sameScriptura:
1947 2255 2097 2323 libros
2131 2271 2156 2303 a

621 2325 822 2390 Claudio
842 2318 1090 2390 exceptis.
1118 2324 1193 2390 De
1218 2322 1416 2390 Claudio
1460 2321 1740 2390 inquiritur.
1765 2320 1925 2390 -—_10.
1953 2319 2003 2365 S.
2031 2318 2158 2390 Gre-

639 2388 744 2445 gorii
781 2389 828 2434 in
861 2381 1106 2445 eligendis
1128 2385 1288 2441 dignis
1313 2383 1584 2445 abbatibus,
1613 2389 1663 2430 et
1691 2381 1869 2445 tuenda
1897 2383 2158 2445 monastica

639 2402 744 2434 'Ol'll
781 2402 828 2434 In
861 2402 1106 2445 eligendis
1128 2402 1288 2441 tllgllls
1313 2402 1584 2436 annuimus,
1613 2402 1663 2430 et.
1691 2402 1869 2428 tucuuu
1898 2402 2158 2428 quuustIcu

619 2402 870 2508 disciplina
921 2446 1218 2496 sollicitudo.
1254 2472 1312 2481 ——
1358 2445 1429 2494 ll.
1461 2444 1628 2491 Utrum
1669 2443 2009 2508 ruontcltatum
2051 2440 2160 2490 loco

617 2502 993 2560 subdiaconalus
1035 2522 1146 2558 esse
1190 2510 1531 2571 putaveritL—
1555 2507 1630 2554 12.
1664 2505 1934 2571 Diaconqu
1979 2502 2158 2571 factum

623 2573 909 2624 monachum
951 2586 981 2622 e
1020 2565 1313 2620 monasterio
1337 2567 1481 2619 avelli
1505 2581 1599 2616 non
1625 2570 1822 2629 patitur.
1853 2565 1965 2626 (An.
1993 2565 2080 2615 (301
2109 2572 2160 2614 ct

628 2719 681 2774 l.
718 2713 854 2771 Cum
883 2715 1166 2770 imminere
1199 2713 1300 2768 sibi
1331 2722 1564 2768 mortem
1608 2711 1886 2781 prmsciret
1928 2708 1986 2764 8.
2016 2708 2158 2763 Gre-

555 2812 758 2883 gorius,
773 2812 882 2881 jam
907 2818 1229 2878 conceptum
1245 2808 1311 2862 de
1334 2806 1652 2876 reparandis
1675 2805 1769 2860 SS.
1787 2805 2160 2874 apostolorum

555 2903 700 2960 Petri
731 2910 786 2957 et
808 2901 958 2956 Pauli
989 2901 1226 2957 basilicis
1257 2899 1544 2955 consilium
1586 2913 1695 2952 non
1725 2896 1868 2950 ultra
1894 2894 2150 2950 differen-

559 2997 685 3054 dum
708 2995 988 3066 judicavit.
1021 2994 1228 3050 Idcirco
1269 2993 1528 3064 przecepit
1579 2989 1785 3046 Sabino
1823 2991 2156 3046 subdiacono

554 3101 644 3144 res
677 3087 932 3144 Ecclesize
963 3086 1017 3140 in
1045 3085 1282 3142 Lucania
1311 3095 1365 3140 et
1392 3083 1588 3138 Brutiis
1616 3083 1864 3150 curanti,
1905 3091 1962 3136 ut
1990 3082 2075 3137 his
2104 3082 2160 3136 in

555 3182 849 3256 pr0vinciis
881 3181 1060 3234 trabes
1106 3179 1175 3234 ad
1215 3179 1268 3234 id
1295 3179 1478 3249 operis
1525 3177 1858 3233 necessarias
1901 3186 2156 3247 pararet,

2262 1973 2385 2012 cum
2417 1973 2576 2027 opem
2607 1958 2712 2014 sibi
2756 1959 2945 2014 adesse
2975 1957 3184 2030 rogavit
3229 1963 3454 2032 supplex
3475 2005 3492 2031 ,
3540 1967 3775 2020 maxime
3805 1969 3861 2020 ὃ.

2262 2049 2474 2119 Eulogii
2502 2049 2644 2119 (Lib.
2674 2067 2770 2117 xu,
2802 2067 2886 2122 ep.
3054 2049 3162 2124 (Cf.
3185 2051 3341 2109 Paul.
3362 2052 3516 2110 Diac.
3539 2057 3575 2110 ι.
3605 2072 3678 2126 tv,
3707 2075 3863 2130 capp.

2260 2140 2330 2196 29
2358 2151 2409 2196 et
2435 2140 2552 2214 at.)

2333 2236 2388 2292 5.
2447 2237 2506 2294 In
2555 2239 2784 2309 epistola
2833 2239 2962 2296 huic
3017 2240 3276 2314 inscripta
3326 2246 3689 2316 patriarchae,
3744 2265 3868 2318 quae

2263 2333 2506 2390 omnium
2541 2333 2647 2389 hoc
2673 2348 2821 2390 anno
2869 2335 3196 2406 scriptarum
3245 2345 3332 2394 est
3377 2338 3584 2403 ultima,
3619 2342 3868 2397 meminit

2263 2439 2400 2494 papa
2432 2423 2932 2497 Monophysitarum
2977 2443 3079 2484 seu
3130 2429 3509 2488 haereticorum
3543 2433 3760 2489 unicam
3813 2436 3864 2490 in

2263 2516 2480 2573 Christo
2526 2528 2778 2574 naturam
2833 2521 3243 2588 conﬁtentium,
3284 2524 3380 2593 qui
3429 2541 3671 2580 errorem
3719 2528 3865 2584 hunc

2261 2623 2436 2678 nuper
2457 2609 2753 2679 ejurarant.
2783 2611 2851 2666 Hi
2880 2629 3004 2668 cum
3032 2614 3086 2668 in
3115 2613 3356 2670 Siciliam
3392 2618 3690 2686 venissent,
3725 2619 3861 2674 fama

2262 2703 2587 2760 sanctissimi
2636 2703 2878 2762 doctoris
2925 2706 3173 2778 invitati,
3203 2707 3434 2766 Romam
3479 2722 3861 2780 perrexerant,

2265 2793 2357 2850 ubi
2407 2796 2462 2851 in
2505 2793 2613 2851 ﬁde
2639 2795 2946 2854 conﬁrmati
2971 2839 2987 2865 ,
3033 2799 3242 2856 litteras
3283 2818 3315 2855 a
3358 2819 3574 2859 summo
3604 2803 3863 2874 pontiﬁce

2265 2885 2653 2942 testimoniales
2669 2888 2964 2958 petierunt.
2987 2888 3096 2962 Eos
3119 2893 3469 2948 commendat
3491 2896 3864 2952 sanctissimus

2265 2989 2418 3049 pater
2445 2980 2618 3036 amico
2667 2979 2918 3052 Eulogio,
2950 2983 3188 3055 ipsisque
3213 2987 3426 3044 restitui
3475 2991 3862 3046 monasterium

2264 3073 2332 3129 ab
2361 3073 2627 3131 haereticis
2667 3086 2992 3148 occupatum
3043 3079 3208 3154 petit,
3257 3081 3361 3136 nisi
3407 3082 3547 3140 forte
3574 3085 3864 3140 maluerint

2265 3166 2433 3236 ipsius
2481 3168 2760 3226 invasores
2805 3171 2874 3225 ad
2922 3170 3180 3231 Ecclesiae
3221 3175 3400 3230 redire
3429 3176 3623 3232 sinum.
3659 3177 3864 3236 Eodem

557 3283 722 3344 atque
765 3274 832 3327 ad
882 3287 1032 3327 mare
1075 3272 1420 3326 advehendas
1466 3277 1708 3334 curaret,
1743 3270 1882 3325 unde
1932 3270 2156 3326 navibus

2263 3265 2508 3328 tempore
2558 3260 2847 3328 Firminus,
2897 3262 3228 3334 Tergestinte
3259 3267 3406 3323 urbis
3434 3270 3723 3340 episcopus
3746 3310 3761 3336 ,
3807 3271 3864 3326 in

555 3368 821 3439 itnpositm
847 3367 1076 3421 Romam
1097 3366 1515 3435 deportarentur
1537 3363 1676 3438 (Lib.
1703 3381 1796 3431 xu,
1820 3382 1901 3436 ep.
1929 3363 2041 3435 Q0).
2077 3364 2155 3419 Ea

558 3459 627 3516 de
649 3473 812 3514 causa
839 3458 1057 3526 scripsit
1085 3457 1152 3511 ad
1173 3465 1204 3494 η
1235 3456 1493 3526 Arogem,
1523 3471 1682 3527 quem
1715 3456 2156 3511 Beneventanum

559 3549 753 3605 ducem
791 3548 999 3603 Zotone
1029 3557 1244 3603 mortuo
1269 3547 1629 3603 constituerat
1678 3545 2158 3617 Langobardorum

558 3655 678 3709 rex,
704 3642 1022 3711 rogavitque
1051 3648 1108 3694 ut
1137 3640 1339 3695 Sabino
1365 3639 1698 3696 subdiacouo
1720 3641 1774 3695 in
1804 3641 1962 3709 hujus
1985 3648 2158 3695 mate-

557 3734 654 3790 ria:
681 3739 902 3789 vectura
949 3748 1110 3803 opem
1158 3724 1356 3800 ferret;
1408 3733 1728 3802 promittens
1773 3733 1898 3788 duci
1944 3733 2160 3804 dignum

558 3827 766 3881 neniam
795 3823 983 3898 (lbid.,
1014 3842 1097 3895 ep.
1130 3824 1243 3890 21).
1274 3823 1417 3878 Idem
1442 3833 1526 3880 est
1545 3835 1922 3894 argumentum
1951 3826 2160 3896 episto—

557 3915 732 3971 larum
769 3929 904 3985 quas
950 3917 1018 3971 ad
1064 3915 1382 3985 Gregorium
1423 3917 1806 3987 exprmfectum
1852 3927 1909 3972 et
1936 3918 2003 3972 ad
2031 3917 2159 3973 Ste-

559 4009 797 4078 phanum
846 4009 1162 4079 episcopum
1213 4009 1431 4080 scripsit
1455 4008 1477 4078 (
1500 4008 1663 4074 Ibid.,
1696 4025 1816 4080 epp.
1849 4008 1920 4062 32
1947 4017 1998 4063 et
2023 4007 2155 4079 25).

559 4098 786 4155 Biennio
837 4109 963 4170 post
1008 4100 1172 4171 paulo
1220 4109 1346 4155 ante
1393 4111 1626 4157 mortem
1667 4103 1964 4170 assignavit
1990 4102 2159 4158 multa

560 4194 764 4264 praedia
791 4192 1025 4248 basilica:
1046 4192 1104 4246 S.
1135 4191 1283 4247 Pauli
1309 4209 1409 4263 pro
1440 4193 1466 4230 δ
1491 4195 1864 4259 luminaribus,
1894 4211 1961 4249 ne
1987 4196 2161 4250 minus

560 4283 668 4336 illic
691 4281 880 4335 habere
907 4281 1188 4335 luminaria
1213 4299 1386 4355 prch
1432 4283 1555 4354 ﬁdei
1593 4294 1887 4338 cerneretur
1907 4325 1922 4350 ,
1961 4287 2053 4356 qui
2075 4294 2160 4342 to-

563 4383 669 4428 tum
688 4375 936 4429 mundum
959 4375 1151 4430 lumine
1169 4392 1278 4431 suae
1304 4377 1695 4447 praedicationis
1719 4376 1966 4447 implevit,
1995 4393 2160 4448 quam

563 4468 620 4524 S.
661 4469 873 4525 Petrus.
929 4471 1006 4524 De
1053 4471 1266 4526 olivetis
1295 4479 1351 4525 et
1377 4470 1496 4524 aliis
1543 4470 1720 4525 fundis
1747 4487 1776 4526 a
1806 4470 1864 4525 S.
1895 4468 2159 4542 Gregorio

561 4566 835 4622 concessis
881 4563 950 4620 ad
993 4565 1226 4621 basilicae
1273 4565 1331 4619 S.
1366 4563 1512 4618 Petri
1557 4563 1760 4619 lumina
1789 4565 2075 4620 nutrienda
2103 4575 2161 4622 et

2261 3349 2437 3416 lstria,
2469 3351 2621 3422 prius
2663 3352 2720 3410 in
2763 3354 3058 3414 schismate
3087 3358 3157 3418 ob
3187 3357 3288 3413 tria
3331 3359 3588 3418 damnata
3627 3363 3864 3434 capitula

2262 3441 2498 3499 conﬂato
2515 3444 2785 3514 pertinax,
2808 3462 3078 3504 venenum
3104 3451 3365 3518 evonmit,
3393 3460 3448 3506 et
3471 3452 3673 3510 relictis
3692 3454 3864 3510 schis-

2261 3536 2578 3594 maticorum
2601 3538 2862 3607 partibus,
2880 3540 2950 3596 ad
2975 3542 3236 3598 unitatem
3247 3542 3506 3600 Ecclesia:
3533 3561 3595 3602 se
3611 3549 3860 3604 contulit.

2263 3627 2339 3685 De
2369 3629 2538 3699 ipsius
2562 3630 2743 3685 reditu
2773 3629 3066 3703 Gregorius
3091 3633 3270 3704 laztus,
3299 3636 3706 3705 gratulatoriam
3730 3640 3866 3694 scri-

2261 3723 2496 3782 bendam
2524 3725 2810 3796 epistolam
2835 3729 3065 3796 censuit,
3091 3728 3144 3784 in
3174 3744 3281 3799 qua
3311 3740 3616 3786 revocatum
3645 3739 3700 3786 et
3727 3733 3864 3788 resi~

2263 3818 2560 3888 piscentem
2615 3819 2867 3878 hortatur
2917 3829 2976 3877 ut
3031 3821 3246 3878 Satanae
3296 3822 3492 3893 jaculis
3545 3824 3866 3879 constantia:

2263 3917 2477 3968 scutum
2524 3919 2787 3980 opponat,
2814 3912 3002 3970 aliisve
3041 3928 3225 3970 secum
3273 3915 3596 3971 revocandis
3626 3915 3862 3971 insudet.

2264 3999 2490 4071 Insuper
2542 4003 2666 4057 vita:
2713 4003 2951 4062 subsidia
3005 4006 3340 4075 pollicetur;
3383 4006 3596 4080 Nobis,
3649 4008 3862 4079 inquit,

2263 4097 2475 4150 omnino
2496 4111 2636 4150 cura:
2662 4099 2761 4158 erit
2783 4099 2845 4152 de
2865 4100 3213 4169 fraternitatis
3237 4111 3339 4156 tute
3357 4104 3548 4170 quiete,
3570 4113 3626 4164 ut
3649 4104 3863 4174 ilignum

2263 4197 2361 4254 est,
2384 4189 2641 4258 cogitare;
2675 4191 2793 4261 quia
2822 4201 3094 4264 postquam
3121 4194 3410 4261 nobiscum,
3435 4197 3554 4268 jam
3599 4195 3706 4252 Deo
3733 4215 3860 4268 pro-

2263 4289 2483 4352 tegente.
2505 4299 2638 4338 unus
2657 4302 2735 4353 es,
2754 4303 2858 4342 non
2881 4288 3032 4343 aliter
3051 4289 3301 4346 utilitates
3325 4300 3462 4359 tuas,
3476 4309 3634 4364 quam
3655 4301 3862 4348 nostra:

2263 4375 2579 4432 attendimus
2609 4376 2748 4449 (Lib.
2783 4395 2878 4448 xu,
2909 4397 2990 4454 ep.
3023 4379 3138 4451 53).

2337 4465 2524 4523 Exstat
2547 4471 2833 4540 promissio
2873 4473 3149 4542 cujusdam
3197 4477 3438 4547 episcopi
3481 4478 3549 4534 ad
3600 4478 3862 4534 unitatem

2264 4559 2517 4620 Ecclesiae
2546 4567 2887 4634 revertentis,
2912 4582 3078 4638 quam
3105 4585 3136 4624 a
3155 4569 3396 4626 Firmino
3413 4571 3598 4630 datam
3625 4588 3733 4628 non
3756 4573 3861 4628 im-

562 4658 806 4724 augeitda
831 4697 845 4722 ,
894 4656 1121 4725 legenda
1159 4656 1341 4710 tabula
1389 4654 1700 4711 donationis
1740 4671 1904 4726 quam
1929 4657 2066 4714 Viue
2097 4658 2154 4714 S.
2189 4674 2248 4734 Ι).
2267 4659 2460 4713 merito
2511 4667 2702 4727 putant
2742 4660 2936 4716 eruditi
2965 4662 3148 4734 (Olim
3190 4664 3280 4721 lib.
3315 4681 3371 4732 x,
3402 4682 3482 4732 ep.
3517 4665 3609 4734 5i,
3639 4667 3862 4722 nuncin

563 4748 811 4816 Gregorii
839 4749 1229 4819 subjiciendam
1262 4749 1535 4804 duximus.
1566 4747 1791 4820 Legitur
1818 4752 1946 4814 alibi
1968 4751 2160 4808 fecisse

567 4842 637 4896 ad
668 4847 870 4897 beatum
906 4843 1118 4898 Petrum
1166 4842 1458 4912 apostolum
1503 4859 1659 4914 super
1703 4847 1871 4900 altare
1908 4844 2158 4900 cibarium

564 4949 681 4986 eum
711 4933 961 4990 columnis
1009 4943 1230 5004 quatuor
1255 4950 1322 4989 ea:
1350 4945 1566 5006 amento
1601 4953 1753 5007 puro.
1811 4936 1889 4991 De
1933 4936 2159 5006 hstigiis

565 5040 634 5080 ex
657 5036 881 5092 argento
903 5027 1192 5096 purissimo
1217 5026 1487 5084 fabricatis
1517 5029 1570 5083 in
1594 5029 1830 5085 basilicis
1847 5035 2157 5085 saltatorem

565 5115 935 5184 apostolorum
960 5116 1106 5171 Petri
1131 5124 1188 5172 et
1212 5115 1365 5174 Pauli
1402 5119 1661 5191 legendus
1699 5119 1937 5176 Joannes
1964 5120 2156 5177 Diaco-

565 5219 668 5260 nus
696 5202 836 5277 (Lib.
870 5221 944 5275 tv,
975 5222 1023 5264 ο.
1054 5206 1168 5280 68).

634 5299 688 5353 2.
731 5299 813 5356 Ex
844 5302 1075 5373 epistola
1110 5303 1176 5358 ad
1199 5305 1433 5378 Arogern
1463 5307 1662 5375 scripta
1687 5306 1852 5362 datur
1877 5308 2156 5379 conjcien-

563 5390 692 5445 dum
725 5405 914 5461 pacem
939 5402 1038 5450 aut
1063 5396 1308 5454 inducias
1336 5407 1464 5456 tunc
1506 5397 1674 5453 fuisse
1711 5397 1991 5458 Romanos
2017 5402 2159 5459 inter

561 5491 619 5536 et
665 5482 1069 5553 Langobardos.
1117 5491 1368 5546 Attamen
1400 5491 1504 5546 hoc
1543 5505 1686 5546 anno
1727 5507 1914 5549 rursus
1955 5495 2158 5552 bellum

637 5635 660 5661 ⁸
687 5629 855 5701 Apud
887 5629 1110 5692 Paulum
1163 5633 1308 5687 Diac.
1356 5629 1450 5686 lib.
1482 5648 1550 5698 Iv,
1584 5649 1633 5690 c.
1665 5633 1753 5701 l9,
1786 5643 1842 5690 et
1867 5635 1994 5690 alibi
2025 5637 2158 5694 dici-

565 5699 1387 5780 turAiigis_autArea/iisbrfgis
1407 5702 1670 5780 signiﬁcat
1700 5699 1915 5780 tranare
1948 5710 2157 5780 fortem.

571 5769 662 5855 μδ
706 5769 781 5824 De
823 5770 1076 5855 Ecclesiae
1118 5769 1480 5855 luminaribus
1525 5769 1787 5855 legendus
1813 5769 2158 5855 Athanasius

559 5843 626 5898 in
645 5854 734 5921 ep.
763 5843 1040 5976 ciniﬂones
1063 5844 1130 5898 ad
1151 5845 1434 5932 episcopos
1461 5843 1656 5930 tomil,
1682 5867 1736 5920 p.
1769 5849 1890 5915 114,
1917 5865 2070 5932 num.
2103 5851 2156 5917 4,

559 5908 665 5988 ,μω
691 5909 849 5974 descr
906 5928 1001 5980 ens
1027 5930 1324 5996 ingressum
1365 5918 1612 6000 Gregorii
1640 5921 2014 5986 Alexandrinae
2055 5923 2160 5989 Ec-

2263 4753 2594 4825 appsudice).
2643 4755 2774 4810 Sine
2822 4756 3202 4816 observatione
3248 4760 3513 4829 prieteriri
3561 4776 3674 4816 non
3700 4760 3864 4816 debet

2265 4845 2578 4915 episcopum
2593 4846 2741 4904 hunc
2750 4849 2986 4905 schisma
3004 4849 3349 4908 deserentem
3367 4852 3592 4910 omnino
3607 4853 3770 4910 silere
3790 4853 3862 4907 de

2259 4935 2494 4992 concilio
2517 4953 2574 5002 ν,
2603 4947 2660 4994 et
2686 4939 2754 4994 de
2784 4941 2945 4996 trium
2984 4942 3344 5013 capitulorum
3374 4942 3861 5012 condemnatione,

2255 5028 2355 5085 sed
2383 5028 2650 5098 spondere
2669 5039 2877 5088 tantum
2903 5042 2960 5090 et
2981 5033 3167 5103 iurare
3193 5051 3253 5091 se
3279 5049 3451 5106 prona
3481 5042 3538 5091 et
3555 5042 3862 5104 spontanea

2261 5122 2543 5176 voluntate
2569 5122 2641 5180 ad
2682 5125 2940 5182 unitatem
2985 5127 3128 5183 sedis
3168 5127 3482 5198 apostolicae
3509 5127 3861 5199 redeuntem,

2261 5213 2330 5269 ad
2360 5214 2596 5272 schisma
2650 5232 2942 5287 numquam
2985 5234 3352 5287 reversurum,
3401 5222 3497 5278 sed
3539 5240 3758 5295 semper
3804 5224 3861 5280 in

2261 5308 2470 5366 unitate
2513 5319 2714 5367 sancire
2755 5311 3011 5370 Ecclesiae
3053 5313 3347 5372 Catholicae
3383 5327 3442 5372 et
3475 5320 3863 5377 communione

2263 5397 2495 5458 Romani
2548 5402 2818 5473 pontiﬁcis
2861 5419 3296 5475 permansurum.
3346 5405 3503 5475 Quod
3533 5425 3674 5467 sane
3699 5424 3864 5480 argu-

2263 5500 2448 5552 mento
2488 5503 2594 5558 est,
2625 5504 2683 5552 ut
2706 5495 2816 5566 jam
2865 5513 2973 5555 non
3010 5501 3176 5557 semel
3209 5518 3242 5556 a
3285 5502 3444 5560 nobis
3470 5503 3696 5570 dictum,
3727 5503 3861 5562 illud

2266 5639 2442 5695 clesiae
2463 5641 2726 5716 invasoris
2756 5660 2876 5716 cum
2909 5644 3122 5699 militari
3153 5661 3335 5716 manu,
3366 5648 3441 5703 ait
3468 5658 3599 5707 tunc
3627 5651 3678 5705 vi
3707 5651 3862 5705 abla-

2265 5717 2375 5766 tum
2423 5727 2453 5767 a
2496 5712 2755 5769 militibus
2803 5715 2981 5767 oleum
3029 5716 3096 5769 ad
3140 5712 3400 5775 Ecclesiae
3439 5723 3861 5777 luminaria're-

2261 5785 2535 5865 positum;
2585 5786 2831 5865 adeoque
2867 5784 3150 5865 insaniisse
3193 5793 3296 5865 qui
3335 5793 3861 5865 pseudoepiscopum

2259 5855 2691 5922 comitabantur,
2714 5858 3175 5934 “ubcandclabra
3211 5855 3300 5934 'ad
3337 5855 3623 5934 'parietet'n
3671 5855 3859 5924 statim

2261 5917 2608 5998 reponerent,
2637 5917 2693 5984 ei,
2711 5917 2966 5986 Ecclesia:
2993 5945 3183 5990 cereos
3213 5917 3376 5995 idolis
3398 5917 3778 6002 accenderem;
