4130 6448
256 329 364 385 όὶὅ

729 331 788 386 S.
829 331 1160 390 tiliEthRll
1198 331 1412 396 MAGNI
1452 331 1639 402 VITA,
1678 332 1770 388 EX
1811 329 1974 396 [λυὸ
2013 331 2322 392 SCRIPTIS
2362 331 2757 390 ADORNATA.
2799 331 2930 388 LIB.
2970 328 3064 390 ιν.

3439 333 3542 389 HG

254 450 565 506 Isti-icorum
603 449 835 503 sellisma
873 465 981 502 non
1033 449 1085 502 in
1133 464 1199 504 eo
1244 449 1480 520 positum
1529 462 1668 516 esse,
1699 445 1842 516 quod
1875 451 1918 506 A
1950 447 2086 517 ferre
2113 446 2403 515 tentaverit,
2442 463 2699 518 quousque
2725 463 2876 500 omne
2922 429 3061 517 quod
3087 445 3424 517 dilapidauit,
3467 447 3546 502 vel

256 543 357 596 tria
406 537 638 611 capitula
689 559 795 595 non
846 539 1249 608 damnarentur,
1281 541 1378 599 sed
1428 539 1571 610 quod
1612 555 1676 595 ea
1712 555 1845 595 con-

254 635 572 688 dentnantes
620 650 650 687 a
696 634 1076 689 communione
1128 633 1538 704 repellerentur,
1587 630 1847 702 ﬁeretque

253 725 334 781 sic
357 727 424 780 ab
453 723 697 781 Ecclesia
727 723 991 780 catholica
1018 725 1275 781 secessio.

326 814 379 870 4.
422 815 578 883 Quod
629 815 868 872 Firmino
917 816 1302 886 praenuntiarat
1332 816 1412 870 vir
1441 813 1844 879 sanctissimus,

253 909 371 981 ejus
395 908 645 965 videlicet
668 910 1028 966 constantiam
1060 909 1355 964 terroribus
1383 914 1438 962 et
1465 904 1848 961 blandimentis

255 1011 517 1058 tentatam
544 1001 608 1057 iri
641 1001 708 1057 ab
733 1002 919 1070 hoste,
947 1009 1005 1057 ut
1030 1009 1176 1058 retro
1204 1001 1378 1057 redire
1409 999 1843 1071 compelleretur,

249 1093 414 1166 paulo
444 1093 563 1165 post
594 1094 812 1150 accidit.
857 1093 989 1150 Nam
1035 1092 1289 1161 Severus,
1322 1091 1610 1148 Gradensis
1639 1090 1847 1162 episco-

250 1207 376 1262 pus,
409 1191 598 1260 ejurati
630 1208 659 1244 a
687 1189 927 1245 Firmino
973 1189 1277 1245 scitismatis
1306 1197 1486 1259 caput,
1521 1185 1698 1241 audita
1728 1184 1846 1264 ejus

249 1281 580 1348 reversione,
605 1301 719 1336 eum
740 1283 952 1337 diversis
977 1282 1307 1354 prwmioram
1325 1281 1651 1336 suasionibus
1675 1279 1844 1348 cwpit,

248 1394 296 1430 st
317 1386 508 1450 posset,
527 1395 558 1430 a
581 1377 712 1432 bono
740 1393 977 1431 revocare
1002 1377 1290 1447 preposito.
1323 1373 1491 1440 Quod,
1536 1373 1657 1451 dum
1687 1372 1848 1443 per/i-

247 1485 367 1522 cere
414 1466 522 1523 Deo
571 1480 779 1524 auclore
837 1468 1045 1522 minime
1092 1467 1362 1531 valuisset,
1423 1466 1723 1520 seditionem
1771 1464 1846 1518 illi

248 1574 462 1611 suorum
495 1560 680 1612 cit-ium
711 1560 940 1614 excitare
967 1577 1068 1614 non
1112 1560 1276 1613 timuit
1309 1557 1448 1630 (Lib.
1477 1575 1589 1624 xm,
1619 1576 1700 1629 ep.
1728 1556 1842 1627 55).

246 1645 582 1704 Periclitanti
612 1651 868 1723 episcopo
898 1667 1114 1707 manum
1145 1651 1422 1723 porrigere
1467 1660 1520 1706 et
1559 1650 1845 1706 subvenire

245 1741 530 1796 constituit
561 1740 870 1814 Gregorius.
927 1745 1271 1816 Quapropter
1299 1744 1336 1798 S
1361 1743 1654 1813 tzaragdum
1682 1758 1841 1799 exar-

1950 533 2013 590 de
2041 531 2330 590 substantia
2379 537 2494 590 tulit
2523 535 2777 593 Ecclesia:
2801 537 3060 601 restituat,
3092 536 3148 592 in"
3175 539 3546 594 monasterium

1949 629 2226 683 mittendus
2272 638 2379 695 est,
2420 636 2476 682 ut
2521 631 2703 683 saltem
2746 639 2952 685 coactus
2992 628 3178 684 reddat
3227 627 3366 700 quod
3409 631 3548 686 male

1949 723 2156 795 auferre
2176 735 2279 778 non
2310 722 2496 788 timuit,
2530 721 2704 794 inquit
2731 722 2787 779 S.
2822 721 3136 794 Gregorius.
3168 717 3269 790 Qui
3298 727 3342 780 si
3389 725 3542 797 forte,

1948 819 2084 892 quod
2116 837 2218 874 non
2261 818 2548 887 credimus,
2593 825 2709 887 post
2755 818 3127 890 depositionem
3165 833 3315 874 suam
3343 821 3546 874 invere-

1948 913 2114 968 cunde
2161 929 2222 966 ac
2265 922 2433 967 mente
2462 929 2701 984 perversa
2732 911 2928 984 aliquid
2978 914 3040 967 de
3079 915 3377 986 episcopatu
3407 913 3546 986 loqui

1949 1016 2100 1080 atque
2146 1022 2326 1060 rursus
2369 1004 2438 1059 ad
2465 1005 2561 1059 Itoc
2609 1003 2834 1076 qualibet
2861 1004 3096 1075 aspirare
3143 1008 3546 1078 prwsumptione

1951 1099 2238 1164 tentaverit,
2268 1097 2619 1170 fraternitatis
2660 1105 2841 1152 vestra:
2878 1115 2933 1150 se
2961 1093 3141 1153 contra
3163 1097 3544 1169 improbitatem

1947 1189 2109 1260 ipsius
2139 1190 2351 1244 omnino
2376 1189 2518 1260 vigor
2544 1189 2815 1251 accendat,
2838 1197 2990 1260 atque
3019 1187 3282 1243 Dominici
3311 1191 3543 1261 corporis

1949 1301 2009 1337 ac
2051 1284 2320 1355 sanguinis
2361 1283 2719 1337 communione
2757 1283 3050 1353 privatum,
3079 1284 3131 1336 in
3176 1286 3543 1338 monasterium

1946 1393 2062 1431 eum
2089 1393 2248 1448 usque
2276 1375 2346 1430 ad
2373 1378 2507 1431 diem
2537 1375 2703 1432 obitus
2732 1378 2811 1431 sai
2855 1378 2926 1431 ad
2954 1376 3208 1449 agendam
3262 1387 3405 1431 curet
3433 1395 3542 1447 pat-

1948 1467 2217 1521 nitentiam
2277 1467 2642 1522 retrudendam
2668 1484 2686 1522 :
2717 1480 2967 1540 quatenus
3013 1470 3293 1539 perpetrati
3338 1469 3544 1524 sceleris

1949 1560 2180 1613 maculas
2224 1559 2394 1632 dignis
2423 1560 2590 1614 discat
2619 1559 2821 1630 ﬂetibus
2847 1560 3164 1627 emundare,
3211 1576 3338 1633 quas
3383 1562 3544 1632 magis

1947 1653 2002 1705 in
2035 1654 2250 1706 interitu
2280 1653 2469 1707 anima:
2512 1669 2620 1706 suae
2662 1654 2892 1726 nequiter
2920 1669 3109 1725 augere
3150 1651 3434 1707 desiderat.
3471 1652 3545 1708 De

1947 1743 2199 1799 Nemesio
2224 1760 2352 1800 vero
2379 1745 2618 1800 decrevit
2643 1751 2700 1799 ut
2728 1745 2778 1801 ei
2807 1745 2958 1800 locus
2989 1744 3105 1816 ejus
3127 1754 3182 1800 et
3202 1746 3545 1818 episcopatus

243 1833 409 1888 cllum
457 1837 688 1905 rogavit,
723 1846 780 1891 ut
807 1836 950 1892 nulla
999 1854 1149 1893 mora
1198 1837 1493 1891 Firminum
1535 1837 1844 1908 episc0pum
1873 1846 1923 1908 Β
1951 1837 2353 1892 restitueretur.

242 1928 313 1982 ab
342 1928 506 1984 illatis
544 1929 808 1986 molestiis
856 1931 1017 1984 tutari
1063 1930 1322 1996 studeret,
1353 1945 1417 1984 ac
1455 1931 1670 1998 quietem
1701 1929 1839 1984 illius

243 2023 424 2076 multis
446 2021 514 2075 ad
539 2023 848 2078 intitandum
865 2025 1190 2094 profuturam
1213 2022 1379 2085 modis
1403 2020 1635 2076 omnibus
1656 2036 1842 2091 procu-

239 2122 425 2167 raret:
459 2111 856 2181 Excellentiam,
892 2114 1084 2183 inquit,
1114 2125 1332 2168 vestram
1360 2123 1574 2184 paterno
1606 2113 1841 2166 salutan-

241 2214 318 2260 tes
365 2205 554 2274 affectu
578 2247 594 2273 ,
627 2209 847 2276 petimus
900 2217 954 2262 at
1000 2207 1094 2261 zeli
1125 2208 1274 2261 vestri
1304 2208 1356 2260 in
1390 2207 1487 2259 hac
1529 2221 1687 2259 causa
1717 2205 1839 2258 olim

239 2297 475 2364 exhibiti,
506 2314 641 2350 nunc
673 2298 1015 2352 vehementius
1045 2302 1213 2367 fervor
1243 2298 1552 2361 incandeat;
1599 2306 1839 2365 tantoque

238 2407 330 2445 vos
359 2399 538 2444 contra
559 2389 730 2445 hostes
757 2389 857 2444 Dei
888 2390 1112 2444 vindices
1139 2390 1533 2460 defensoresque
1557 2387 1834 2458 reperiant,

239 2490 433 2554 quanto
461 2482 600 2552 apud
626 2481 787 2535 Deum
813 2482 1090 2552 pretiosior
1110 2489 1183 2534 est
1209 2483 1400 2534 animle
1423 2497 1574 2550 quam
1606 2478 1837 2550 defensio

239 2576 493 2644 corporis.
525 2575 702 2629 Armet
750 2591 835 2628 vos
859 2586 1042 2628 contra
1093 2573 1262 2627 devios
1305 2573 1417 2642 ipsa
1444 2588 1558 2643 qua!
1601 2571 1654 2624 in
1696 2569 1835 2623 vobis

237 2668 362 2739 ﬁdei
398 2669 530 2739 viget
576 2667 827 2736 rectitudo
851 2708 866 2734 ,
911 2668 1288 2736 redintegratur
1315 2665 1492 2720 vestris
1523 2664 1836 2734 temporibus

241 2758 376 2831 quod
419 2761 473 2812 in
513 2760 619 2814 illis
664 2769 740 2814 est
788 2758 1022 2830 partibus
1067 2760 1286 2813 scissam
1334 2774 1518 2826 corpus
1564 2754 1832 2812 Ecclesite.

239 2848 460 2904 Habetis
490 2851 543 2903 in
571 2849 665 2902 lmc
693 2865 850 2903 causa
890 2848 1247 2903 retributorem
1291 2848 1441 2901 vestri
1469 2848 1663 2918 operis,
1685 2848 1837 2904 recti-

241 2943 434 2996 tudinis
464 2959 524 2995 ac
544 2943 859 3015 integritatis
882 2953 1173 3014 auctorem.

315 3032 366 3087 5.
411 3033 541 3090 Cum
569 3051 675 3089 non
722 3035 900 3090 minus
935 3043 1146 3104 pateret
1175 3034 1503 3092 sanctissimi
1533 3031 1691 3104 Papae
1721 3033 1834 3089 sol-

240 3125 484 3192 licitudo,
518 3141 680 3196 quam
710 3136 1003 3181 auctoritas
1050 3135 1106 3182 et
1147 3136 1410 3198 potestas,
1442 3124 1835 3198 providendum

2019 1933 2069 1982 6.
2115 1929 2320 1984 Eodem
2353 1939 2600 1999 tempore
2639 1929 2902 1998 Gregorio
2943 1929 3288 1997 cogitandum
3336 1927 3439 1984 fuit
3475 1929 3546 1986 de

1945 2023 2104 2078 rebus
2134 2021 2396 2077 Africanae
2426 2021 2704 2088 Ecclesiae,
2734 2023 2821 2077 ubi
2853 2038 2919 2077 ex
2949 2021 3221 2095 episcopis
3247 2033 3302 2078 et
3326 2039 3393 2079 ex
3425 2024 3544 2080 aliis

1943 2114 2324 2170 ecclesiasticis
2364 2115 2496 2169 viris
2537 2113 2778 2169 nonnulli
2825 2113 2890 2169 ad
2921 2112 3159 2169 ofﬁcium
3206 2127 3361 2171 erant
3390 2132 3546 2173 revo-

1942 2204 2120 2260 candi.
2165 2203 2344 2259 Multae
2386 2205 2682 2274 pnesertim
2723 2214 2878 2259 erant
2923 2207 3160 2274 querelae
3203 2205 3272 2261 de
3316 2205 3543 2262 Paulino

1941 2293 2189 2365 Tegessis
2217 2296 2450 2350 civitatis
2479 2296 2534 2350 in
2563 2294 2809 2350 Numidia
2849 2297 3106 2367 episcopo
3127 2338 3144 2366 ,
3182 2313 3334 2369 quem
3374 2293 3542 2352 clerus

1938 2399 1987 2445 et
2012 2391 2098 2460 qui
2125 2391 2282 2444 etiam
2329 2390 2381 2442 in
2430 2405 2578 2442 sacro
2618 2388 2801 2442 ordine
2847 2398 2996 2441 erant
3046 2389 3344 2456 constituti,
3388 2391 3442 2443 in
3487 2406 3544 2444 se

1940 2481 2282 2552 corporaliter
2308 2480 2588 2534 excessisse
2625 2477 2960 2550 perhibebant
2991 2477 3144 2547 (Lib.
3179 2496 3268 2547 xu,
3294 2497 3374 2554 ep.
3408 2480 3476 2535 28
3496 2481 3536 2553 ).

1939 2571 2168 2626 Causam
2197 2571 2336 2626 hanc
2370 2572 2510 2625 inter
2535 2571 2849 2641 episcopum
2890 2573 3113 2642 ejusque
3143 2573 3367 2629 clericos
3391 2574 3534 2646 judi-

1940 2663 2169 2717 candam
2218 2661 2275 2717 S.
2308 2660 2600 2730 Gregorius
2646 2661 2837 2716 detulit
2867 2663 2934 2717 ad
2963 2662 3240 2718 Victorem
3278 2663 3538 2720 Numidiae
3589 2696 3606 2714 .

1939 2755 2250 2827 primatem,
2279 2763 2334 2810 et
2363 2755 2430 2809 ad
2482 2754 2801 2810 Columbum
2843 2755 3203 2826 episcopum,
3243 2755 3435 2828 quibus
3483 2759 3537 2813 in

1937 2848 2204 2904 mandatis
2254 2847 2420 2915 dedit,
2456 2857 2513 2904 ut
2555 2867 2690 2921 quos
2719 2850 2921 2906 vellent
2967 2866 2999 2905 e
3043 2851 3152 2906 suis
3205 2852 3539 2923 coepiscopis

1938 2950 2273 2996 assumerent
2302 2942 2367 2995 ad
2397 2944 2720 2997 sententiam
2750 2943 2816 2998 de
2855 2960 2949 2998 reo
2979 2943 3065 2998 vel
3113 2943 3180 2999 de
3209 2946 3538 3001 accusatori-

1936 3033 2037 3088 bus
2061 3031 2356 3088 ferendam.
2387 3034 2532 3089 Idem
2556 3033 2812 3089 Paulinus
2839 3035 3120 3090 dicebatur
3140 3036 3538 3093 ecclesiasticos

1939 3123 2156 3179 ordines
2199 3125 2495 3180 simoniace
2540 3125 2703 3193 dare,
2737 3126 2819 3184 vel
2861 3129 3042 3198 potius
3072 3128 3346 3196 vendere,
3390 3128 3536 3199 quod

240 3219 451 3274 censuit
478 3219 582 3275 hoc
608 3235 752 3274 anno
783 3219 1035 3280 Ecclesia:
1066 3219 1390 3274 Docleatina:
1429 3219 1591 3274 rebus
1619 3227 1832 3288 pertur-
1857 3233 1908 3304 ο
1939 3215 2279 3271 omnistudio
2305 3214 2697 3286 explorandum
2721 3217 2849 3272 dicit
2873 3219 3240 3274 sanctissimus
3264 3217 3536 3290 Pontifex,

238 3313 549 3369 batissimis.
599 3312 816 3379 Paulus,
851 3314 1010 3384 hujus
1039 3314 1186 3370 urbis
1217 3315 1524 3383 episcopus.
1561 3314 1699 3368 inter
1730 3312 1832 3366 alia
1859 3329 1862 3332 ·

238 3406 381 3461 mala
409 3407 462 3461 in
491 3408 773 3478 corporale
798 3409 1001 3463 crimen
1033 3407 1233 3477 lapsus,
1277 3423 1306 3459 a
1336 3406 1446 3462 suis
1495 3406 1706 3461 clericis
1745 3421 1835 3461 ae-

239 3508 456 3554 cusatus
486 3499 679 3567 fuerat,
709 3508 764 3555 et
807 3501 1118 3567 convictus;
1166 3501 1241 3554 ita
1271 3510 1324 3554 ut
1353 3500 1463 3571 ipse
1507 3499 1735 3554 libellum
1778 3499 1834 3553 in

235 3607 338 3664 quo
359 3609 417 3646 ea
438 3593 501 3646 de
520 3593 702 3665 quibus
721 3603 991 3648 accusatus
1017 3596 1184 3666 fuerat
1212 3611 1331 3649 vera
1357 3610 1469 3650 esse
1492 3593 1836 3664 conﬁtebatur

235 3684 506 3742 obtulisset
537 3685 678 3756 (Lib.
702 3703 797 3751 xu,
824 3703 906 3756 ep.
937 3687 1050 3757 51).
1077 3686 1191 3752 Qua
1219 3687 1288 3742 de
1317 3703 1377 3742 re
1397 3687 1662 3742 sententia
1693 3685 1837 3755 epis-

235 3778 416 3847 c0pali
445 3778 725 3847 depositus
753 3789 854 3844 est,
889 3789 944 3834 et
993 3781 1046 3835 in
1077 3780 1258 3835 locum
1287 3779 1402 3848 ejus
1433 3779 1709 3836 ordinatus
1737 3779 1837 3834 fuit

235 3871 566 3941 Nemesion,
596 3873 970 3928 consentiente
1014 3871 1241 3936 Joanne,
1290 3874 1476 3943 prima:
1523 3871 1836 3930 Justinianaa

237 3964 520 4034 episcOpo,
550 3963 616 4018 ad
648 3980 810 4035 quem
835 3972 1106 4032 tamquam
1139 3963 1425 4035 primatem
1449 3972 1576 4018 tune
1601 3963 1839 4032 pertine-

237 4058 334 4114 bat
349 4057 570 4123 Doclea,
585 4072 709 4114 cum
740 4065 914 4112 tamen
932 4055 1187 4113 Ecclesia:
1213 4055 1547 4112 Scodritamc
1568 4056 1834 4124 subesset,

236 4151 362 4222 jure
387 4151 801 4222 naetropolitico.
835 4150 905 4205 At
932 4148 1130 4205 Paulus
1161 4149 1287 4206 facti
1332 4158 1520 4219 postea
1551 4150 1691 4206 male
1722 4166 1837 4226 puc-

238 4244 440 4311 nitens,
463 4243 665 4298 auxilio
683 4243 1016 4299 sacularium
1033 4242 1276 4313 judicum
1298 4241 1836 4312 fretus,episcopium

238 4351 393 4391 more
442 4334 711 4406 prmdonis
759 4335 1061 4405 ingressus,
1089 4335 1392 4404 ablatisque
1436 4333 1700 4388 violenter
1729 4331 1837 4390 Ec-

239 4427 419 4484 clesia:
446 4429 626 4495 rebus,
657 4441 850 4483 recens
888 4425 1196 4482 ordinatum
1239 4426 1557 4497 episc0pum
1599 4425 1839 4494 ejecerat

237 4535 448 4578 summa
477 4536 601 4575 cum
630 4517 849 4589 injuria,
870 4533 1177 4592 magnoque
1199 4519 1318 4573 vitae
1347 4517 1609 4590 periculo.
1643 4515 1834 4572 Neme-

239 4613 363 4669 sion
408 4612 638 4669 Romam
686 4612 908 4667 veniens
935 4610 1003 4667 de
1027 4611 1080 4666 vi
1128 4610 1231 4666 sibi
1279 4611 1426 4665 illata
1476 4622 1699 4680 questus
1750 4616 1834 4664 est
1860 4631 1914 4698 ο

239 4707 385 4776 apud
409 4720 679 4760 summum
712 4702 1041 4774 pontiﬁcem,
1076 4702 1170 4774 qui
1197 4701 1411 4773 scripsit
1449 4710 1561 4758 tum
1593 4701 1659 4755 ad
1689 4697 1836 4756 Con-

231 4797 555 4862 stantinum,
586 4795 965 4852 Scodritanum
1007 4794 1354 4864 episcopum,
1388 4807 1547 4864 quem
1580 4802 1606 4828 ⁸
1636 4800 1838 4847 metro-

239 4889 465 4960 politam
504 4887 667 4943 fuisse
703 4886 835 4942 satis
874 4884 1115 4940 indicant
1146 4885 1202 4938 S.
1234 4883 1480 4954 Gregorii
1504 4883 1690 4950 verba,
1725 4893 1836 4938 tum

241 4981 311 5038 ad
329 4980 613 5050 Joannem,
637 4981 820 5050 prima:
841 4978 1153 5034 Justiniante
1177 4976 1481 5046 primatem,
1511 4977 1837 5048 insuperque

240 5083 440 5132 sanctze
467 5069 608 5129 sedis
637 5069 916 5136 vit-auium,
950 5078 1006 5124 ut
1030 5067 1076 5124 si
1099 5082 1185 5122 res
1211 5067 1285 5122 ita
1325 5081 1443 5122 sese
1490 5067 1829 5134 habuissent,

241 5174 498 5238 cogerent
526 5163 751 5219 Paulum
778 5161 846 5217 ad
871 5158 1140 5216 reddenda
1170 5156 1456 5231 confestim
1484 5158 1662 5212 omnia
1687 5173 1833 5228 quze-

243 5272 478 5330 cumque
507 5255 824 5312 abstulerat.
879 5253 1008 5321 Quae
1038 5252 1081 5306 si
1114 5249 1370 5321 probaret
1417 5265 1524 5305 non
1572 5265 1692 5305 esse
1731 5245 1833 5306 Ec-

239 5349 440 5411 clesiae,
469 5347 562 5403 sed
587 5347 753 5419 ipsius
783 5343 1032 5418 propria;
1079 5351 1259 5398 tamen
1289 5355 1356 5395 ex
1384 5340 1469 5398 his
1498 5340 1834 5397 retinendum

239 5442 373 5497 satis
400 5442 468 5497 ad
499 5439 841 5496 resarcienda
881 5439 1038 5494 bonis
1068 5435 1460 5492 Ecelesiasticis
1494 5435 1638 5490 illata
1669 5436 1838 5492 detri-

240 5541 458 5601 menta;
492 5548 614 5587 nam
661 5548 724 5587 ea
766 5531 1087 5601 dilapidasse
1117 5529 1408 5586 ferebatur.
1443 5529 1503 5584 Si
1531 5540 1698 5583 autem
1730 5531 1836 5602 dif-

314 5671 339 5698 ⁸
379 5659 713 5721 litae-scribit
738 5659 797 5714 ὃ.
819 5657 982 5732 Greg.
1004 5659 1070 5714 ad
1092 5658 1356 5716 Joannem
1385 5677 1396 5713 :
1423 5661 1654 5733 quamvis
1677 5676 1838 5786 prave

319 5734 547 5786 iniquum
579 5732 733 5786 fuerit
771 5739 825 5783 ut
851 5747 952 5784 non
995 5749 1024 5784 a
1069 5732 1206 5786 vobis
1249 5733 1326 5786 vel
1370 5750 1400 5784 a
1439 5747 1670 5786 νηριτουο
1697 5733 1838 5786 itano

240 5743 298 5805 et
319 5734 547 5805 iniquum
578 5732 733 5801 fuerit
771 5739 952 5805 utnon
995 5749 1045 5805 ab
1069 5732 1206 5805 vobis
1249 5733 1326 5805 vel
1370 5750 1400 5784 a
1437 5732 1840 5805 tnetropolitano

249 5803 360 5873 ejus
393 5801 485 5878 [me
514 5811 737 5878 peteret,
779 5803 985 5878 scilicet
1016 5801 1410 5878 Paulu_s.__Ergo
1452 5801 1690 5878 Joannes
1731 5821 1840 5868 non

250 5861 368 5930 e'rat
409 5861 559 5929 Patili
607 5861 1076 5944 metropolitanus,
1107 5875 1201 5930 sed
1227 5861 1648 5946 Constantinus.
1665 5861 1838 5935 Cum;

1941 3317 1997 3362 ut
2040 3315 2146 3362 tam
2179 3307 2312 3363 dans
2343 3324 2502 3377 quam
2545 3309 2817 3380 accipiens
2857 3309 3157 3380 puemiutn,
3186 3321 3413 3382 uterque
3443 3328 3536 3365 ca-

1939 3401 2147 3456 nonica:
2173 3401 2390 3456 ultionis
2412 3401 2682 3455 sententia
2711 3398 2946 3456 feriatur.
2982 3401 3180 3456 Verum
3208 3417 3277 3458 ne
3297 3404 3539 3460 simonia:

1938 3491 2094 3548 radix
2140 3490 2415 3547 mortifera
2447 3491 2807 3559 coalesceret,
2840 3508 2905 3547 ac
2945 3492 3126 3564 plures
3171 3493 3538 3564 interimeret,

1941 3586 2104 3658 293
2131 3586 2277 3654 cupit
2315 3582 2585 3638 communi
2617 3581 2781 3637 totius
2812 3581 3031 3638 concilii
3063 3581 3380 3639 definitione
3409 3601 3537 3655 pro-

1938 3674 2136 3738 hiberi,
2170 3691 2237 3728 ne
2267 3673 2405 3727 ullus
2439 3688 2674 3742 unquam
2719 3689 2817 3744 pro
2858 3675 3052 3742 quovis
3081 3673 3270 3730 ordine
3312 3676 3541 3746 accipiat

1927 3769 2032 3819 aut
2059 3765 2167 3826 det,
2202 3780 2337 3818 neve
2366 3765 2650 3832 quisquam
2679 3779 2748 3819 ex
2788 3765 2960 3834 gratia
3009 3775 3412 3835 promoventur,
3444 3767 3539 3821 sed

1942 3871 2010 3910 ex
2033 3853 2250 3909 merito.

2011 3945 2180 3999 Paulo
2211 3953 2369 3999 antea
2411 3938 2653 3999 oblatum
2684 3959 2713 3998 a
2742 3940 3001 4001 Donadeo
3034 3947 3266 4004 diacono
3297 3943 3538 4006 libellum

1939 4039 2258 4111 supplicem,
2276 4053 2386 4108 quo
2410 4054 2470 4093 se
2490 4039 2820 4108 querebatur
2848 4054 2877 4092 a
2901 4055 2999 4095 suo
3028 4041 3286 4112 episeopo
3322 4042 3544 4100 Victore

1939 4131 2138 4202 injuste
2171 4129 2512 4200 depositum,
2556 4130 2624 4186 ad
2670 4131 2921 4187 eumdem
2950 4131 3273 4188 Golumbum
3318 4135 3544 4190 miserat

1943 4219 2081 4298 (Lib.
2107 4241 2201 4294 xu,
2228 4239 2307 4293 ep.
2333 4223 2411 4296 Β),
2440 4235 2500 4278 ut
2531 4239 2636 4278 una
2659 4239 2782 4280 cum
2811 4225 3044 4295 primate
3069 4226 3286 4282 concilii
3313 4226 3544 4298 aliisque

1939 4317 2274 4389 coepiscopis
2298 4315 2364 4370 de
2389 4315 2494 4369 hac
2517 4316 2737 4384 querela
2765 4317 3049 4386 iudicaret.
3076 4313 3375 4388 EpiseOpus
3409 4333 3542 4374 con-

1939 4411 2195 4466 tendebat
2218 4403 2530 4464 Donadeum
2551 4409 2623 4464 ob
2643 4410 2929 4480 corporale
2953 4421 3232 4480 peccatum
3261 4414 3324 4466 de
3349 4412 3539 4467 ordine

1941 4515 2039 4557 suo
2069 4502 2357 4572 dejectnm.
2381 4501 2542 4568 Quod
2569 4503 2614 4558 si
2641 4504 2860 4574 probari
2894 4505 3082 4572 possit,
3105 4501 3402 4572 Gresorius
3427 4503 3543 4557 vult

1940 4595 2226 4649 diaconum
2243 4593 2300 4650 in
2324 4595 2700 4666 pmnitentiam
2722 4595 2956 4662 detrudi,
2976 4603 3033 4651 ut
3057 4595 3329 4650 commissi
3355 4593 3541 4664 flagitii

1938 4686 2214 4742 vinculum
2235 4687 2484 4758 laerymis
2505 4687 2682 4742 valeat
2703 4688 3002 4742 absolvere.
3029 4687 3240 4741 Atvero
3259 4686 3303 4742 si
3328 4695 3540 4742 constet

1940 4779 2254 4850 episcopum
2301 4778 2355 4833 in
2397 4778 2667 4834 insontem
2715 4779 2975 4841 Steviisse,
3008 4775 3250 4832 decernit
3281 4777 3334 4833 in
3366 4779 3540 4849 ipsum

1940 4871 2193 4928 canonici
2223 4871 2414 4940 rigoris
2455 4871 2847 4926 districtionem
2877 4871 3256 4926 exercendam.
3297 4872 3380 4927 be
3408 4872 3544 4928 Cre-

1941 4963 2143 5018 mentio
2170 4963 2460 5032 provinciae
2490 4962 2785 5034 Byzacena:
2829 4962 3059 5032 primate
3097 4963 3337 5033 graviter
3377 4971 3541 5020 acca-

1939 5069 2094 5127 sato,
2126 5073 2287 5134 quem
2317 5074 2348 5112 a
2375 5057 2542 5114 totius
2593 5057 2883 5128 provincia:
2911 5059 3141 5115 concilio
3186 5059 3542 5130 iudicandum

1938 5151 2150 5207 censuit
2190 5148 2302 5205 'hoc
2355 5165 2498 5205 anno
2538 5149 2974 5220 vigilantisslmus
3025 5143 3271 5209 Pontifex
3325 5153 3538 5227 (Ibid,

1937 5261 2020 5314 ep.
2049 5235 2168 5316 5‘2),
2211 5242 2322 5312 jam
2373 5241 2533 5312 paulo
2560 5257 2722 5312 supra
2753 5243 2955 5300 dictum
2979 5263 2995 5320 ;
3044 5258 3377 5319 quapropter
3404 5246 3540 5301 nihil

1940 5337 2046 5391 hoc
2073 5336 2197 5389 loco
2226 5329 2526 5388 addendum
2555 5332 2786 5390 videtur.

2008 5427 2064 5482 7.
2101 5426 2163 5484 In
2189 5427 2275 5481 his
2304 5441 2369 5482 eo
2389 5428 2560 5500 magis
2586 5429 2764 5484 elucet
2793 5428 3023 5485 Romani
3053 5427 3322 5502 pontiﬁcis
3351 5437 3542 5487 aucto-

1943 5523 2096 5586 ritas,
2125 5519 2268 5591 quod
2297 5519 2346 5573 ei
2370 5519 2580 5576 diversa
2613 5523 2874 5578 statuenti
2904 5537 3095 5579 omnes
3126 5525 3543 5594 obtemperave-

1940 5661 2162 5742 petebat
2192 5668 2374 5730 tamen
2413 5657 2732 5742 ,anpnipjs
2747 5661 2973 5742 aliquod
3009 5661 3065 5742 in
3093 5660 3356 5742 psalmi;
3388 5665 3537 5742 unde

1947 5727 2261 5801 cntijieimus
2301 5727 2424 5786 eum
2463 5727 2938 5802 fuisse'primat'em
2968 5727 3052 5787 vel
3093 5727 3414 5792 exercitum:
3461 5733 3541 5793 Ex

1949 5803 2388 5890 nis_etiimiil_atida
2412 5803 2805 5890 viden‘ttu‘uquaz
2834 5803 2901 5858 ad
2932 5805 3072 5884 hanc
3100 5805 3385 5890 epistolam
3405 5813 3539 5884 post

1945 5868 2390 5932 Gussanvi‘ilzcum
2418 5868 2812 5942 annota'viibus.
