  <div class='ocr_page' id='page_1' title='image "/cluster/home/n/w/nwhite01/storage/ocr_20150623/75/hvd.32044015469380/231.png"; bbox 0 0 4130 6492; ppageno 0'>
   <div class='ocr_carea' id='block_1_1' title="bbox 567 450 674 506">
    <p class='ocr_par' dir='ltr' id='par_1_1' title="bbox 567 450 674 506">
     <span class='ocr_line' id='line_1_1' title="bbox 567 450 674 506; baseline 0 0"><span class='ocrx_word' id='word_1_1' title='bbox 567 450 674 506; x_wconf 68' lang='grc'><strong>447</strong></span> 
     </span>
    </p>
   </div>
   <div class='ocr_carea' id='block_1_2' title="bbox 1034 439 3379 514">
    <p class='ocr_par' dir='ltr' id='par_1_2' title="bbox 1034 439 3379 514">
     <span class='ocr_line' id='line_1_2' title="bbox 1034 439 3379 514; baseline -0.003 -5"><span class='ocrx_word' id='word_1_2' title='bbox 1034 445 1097 509; x_wconf 79' lang='lat' dir='ltr'><strong>S.</strong></span> <span class='ocrx_word' id='word_1_3' title='bbox 1136 447 1466 508; x_wconf 79' lang='lat' dir='ltr'><strong>GREGORII</strong></span> <span class='ocrx_word' id='word_1_4' title='bbox 1510 444 1720 506; x_wconf 83' lang='lat' dir='ltr'><strong>MAGNI</strong></span> <span class='ocrx_word' id='word_1_5' title='bbox 1762 444 1945 514; x_wconf 80' lang='lat' dir='ltr'><strong>VITA,</strong></span> <span class='ocrx_word' id='word_1_6' title='bbox 1987 443 2079 501; x_wconf 82' lang='lat' dir='ltr'><strong>EX</strong></span> <span class='ocrx_word' id='word_1_7' title='bbox 2122 439 2287 500; x_wconf 85' lang='lat' dir='ltr'><strong>EJUS</strong></span> <span class='ocrx_word' id='word_1_8' title='bbox 2327 442 2636 504; x_wconf 85' lang='lat' dir='ltr'><strong>SCRIPTIS</strong></span> <span class='ocrx_word' id='word_1_9' title='bbox 2674 446 3069 504; x_wconf 78' lang='lat' dir='ltr'><strong>ADORNATA.</strong></span> <span class='ocrx_word' id='word_1_10' title='bbox 3111 445 3243 504; x_wconf 87' lang='lat' dir='ltr'><strong>LIB.</strong></span> <span class='ocrx_word' id='word_1_11' title='bbox 3288 446 3379 503; x_wconf 76' lang='lat' dir='ltr'><strong>IV.</strong></span> 
     </span>
    </p>
   </div>
   <div class='ocr_carea' id='block_1_3' title="bbox 3766 452 3885 504">
    <p class='ocr_par' dir='ltr' id='par_1_3' title="bbox 3766 452 3885 504">
     <span class='ocr_line' id='line_1_3' title="bbox 3766 452 3885 504; baseline 0 0"><span class='ocrx_word' id='word_1_12' title='bbox 3766 452 3885 504; x_wconf 63' lang='grc' dir='ltr'><strong>ιίιῗ</strong></span> 
     </span>
    </p>
   </div>
   <div class='ocr_carea' id='block_1_4' title="bbox 566 557 3883 639">
    <p class='ocr_par' dir='ltr' id='par_1_4' title="bbox 566 557 3883 639">
     <span class='ocr_line' id='line_1_4' title="bbox 566 557 3883 639; baseline -0.002 -12"><span class='ocrx_word' id='word_1_13' title='bbox 566 574 697 637; x_wconf 86' lang='lat' dir='ltr'><strong>rint,</strong></span> <span class='ocrx_word' id='word_1_14' title='bbox 724 567 844 639; x_wconf 88' lang='lat' dir='ltr'><strong>ipsa</strong></span> <span class='ocrx_word' id='word_1_15' title='bbox 891 567 1139 634; x_wconf 88' lang='lat' dir='ltr'><strong>concilia,</strong></span> <span class='ocrx_word' id='word_1_16' title='bbox 1185 568 1464 638; x_wconf 80' lang='lat' dir='ltr'><strong>primates,</strong></span> <span class='ocrx_word' id='word_1_17' title='bbox 1510 567 1674 623; x_wconf 88' lang='lat' dir='ltr'><strong>etiam</strong></span> <span class='ocrx_word' id='word_1_18' title='bbox 1724 562 2165 634; x_wconf 88' lang='lat' dir='ltr'><strong>Carthaginensis</strong></span> <span class='ocrx_word' id='word_1_19' title='bbox 2198 562 2249 621; x_wconf 84' lang='grc' dir='ltr'><strong>Α</strong></span> <span class='ocrx_word' id='word_1_20' title='bbox 2275 557 2617 617; x_wconf 90' lang='lat' dir='ltr'><strong>homiliarum</strong></span> <span class='ocrx_word' id='word_1_21' title='bbox 2649 563 2718 619; x_wconf 91' lang='lat' dir='ltr'><strong>de</strong></span> <span class='ocrx_word' id='word_1_22' title='bbox 2759 563 3085 630; x_wconf 86' lang='lat' dir='ltr'><strong>Proverbiis,</strong></span> <span class='ocrx_word' id='word_1_23' title='bbox 3116 565 3185 621; x_wconf 90' lang='lat' dir='ltr'><strong>de</strong></span> <span class='ocrx_word' id='word_1_24' title='bbox 3222 564 3463 623; x_wconf 82' lang='lat' dir='ltr'><strong>Canticrs</strong></span> <span class='ocrx_word' id='word_1_25' title='bbox 3491 567 3883 635; x_wconf 85' lang='lat' dir='ltr'><strong>canticorum,</strong></span> 
     </span>
    </p>
   </div>
   <div class='ocr_carea' id='block_1_5' title="bbox 567 655 2162 732">
    <p class='ocr_par' dir='ltr' id='par_1_5' title="bbox 567 655 2162 732">
     <span class='ocr_line' id='line_1_5' title="bbox 567 655 2162 732; baseline -0.004 -15"><span class='ocrx_word' id='word_1_26' title='bbox 567 662 875 732; x_wconf 82' lang='lat' dir='ltr'><strong>episcopus,</strong></span> <span class='ocrx_word' id='word_1_27' title='bbox 895 674 1061 730; x_wconf 83' lang='lat' dir='ltr'><strong>penes</strong></span> <span class='ocrx_word' id='word_1_28' title='bbox 1079 674 1240 729; x_wconf 90' lang='lat' dir='ltr'><strong>quem</strong></span> <span class='ocrx_word' id='word_1_29' title='bbox 1263 659 1317 713; x_wconf 91' lang='lat' dir='ltr'><strong>in</strong></span> <span class='ocrx_word' id='word_1_30' title='bbox 1343 667 1509 713; x_wconf 89' lang='lat' dir='ltr'><strong>totam</strong></span> <span class='ocrx_word' id='word_1_31' title='bbox 1533 658 1839 712; x_wconf 81' lang='lat' dir='ltr'><strong>Africanam</strong></span> <span class='ocrx_word' id='word_1_32' title='bbox 1862 655 2162 711; x_wconf 87' lang='lat' dir='ltr'><strong>Ecclesiam</strong></span> 
     </span>
    </p>
   </div>
   <div class='ocr_carea' id='block_1_6' title="bbox 568 746 2164 822">
    <p class='ocr_par' dir='ltr' id='par_1_6' title="bbox 568 746 2164 822">
     <span class='ocr_line' id='line_1_6' title="bbox 568 746 2164 822; baseline -0.006 -13"><span class='ocrx_word' id='word_1_33' title='bbox 568 768 775 810; x_wconf 89' lang='lat' dir='ltr'><strong>summa</strong></span> <span class='ocrx_word' id='word_1_34' title='bbox 793 758 911 807; x_wconf 89' lang='lat' dir='ltr'><strong>erat</strong></span> <span class='ocrx_word' id='word_1_35' title='bbox 932 760 1195 822; x_wconf 78' lang='lat' dir='ltr'><strong>poteStas.</strong></span> <span class='ocrx_word' id='word_1_36' title='bbox 1221 749 1382 806; x_wconf 90' lang='lat' dir='ltr'><strong>Certe</strong></span> <span class='ocrx_word' id='word_1_37' title='bbox 1405 750 1715 804; x_wconf 90' lang='lat' dir='ltr'><strong>Dominicus</strong></span> <span class='ocrx_word' id='word_1_38' title='bbox 1737 749 1829 817; x_wconf 89' lang='lat' dir='ltr'><strong>qui</strong></span> <span class='ocrx_word' id='word_1_39' title='bbox 1852 746 2164 804; x_wconf 76' lang='lat' dir='ltr'><strong>cathedram</strong></span> 
     </span>
    </p>
   </div>
   <div class='ocr_carea' id='block_1_7' title="bbox 568 838 2161 912">
    <p class='ocr_par' dir='ltr' id='par_1_7' title="bbox 568 838 2161 912">
     <span class='ocr_line' id='line_1_7' title="bbox 568 838 2161 912; baseline -0.005 -13"><span class='ocrx_word' id='word_1_40' title='bbox 568 843 1045 912; x_wconf 87' lang='lat' dir='ltr'><strong>Carthaginensem</strong></span> <span class='ocrx_word' id='word_1_41' title='bbox 1074 840 1338 910; x_wconf 81' lang='lat' dir='ltr'><strong>Gregorio</strong></span> <span class='ocrx_word' id='word_1_42' title='bbox 1382 840 1566 895; x_wconf 79' lang='lat' dir='ltr'><strong>Romae</strong></span> <span class='ocrx_word' id='word_1_43' title='bbox 1604 839 1826 896; x_wconf 76' lang='lat' dir='ltr'><strong>sedente</strong></span> <span class='ocrx_word' id='word_1_44' title='bbox 1855 838 2161 902; x_wconf 85' lang='lat' dir='ltr'><strong>obtinebat,</strong></span> 
     </span>
    </p>
   </div>
   <div class='ocr_carea' id='block_1_8' title="bbox 568 927 2163 1002">
    <p class='ocr_par' dir='ltr' id='par_1_8' title="bbox 568 927 2163 1002">
     <span class='ocr_line' id='line_1_8' title="bbox 568 927 2163 1002; baseline -0.005 -13"><span class='ocrx_word' id='word_1_45' title='bbox 568 947 844 1002; x_wconf 85' lang='lat' dir='ltr'><strong>nunquam</strong></span> <span class='ocrx_word' id='word_1_46' title='bbox 882 940 1103 1001; x_wconf 88' lang='lat' dir='ltr'><strong>questus</strong></span> <span class='ocrx_word' id='word_1_47' title='bbox 1152 940 1235 985; x_wconf 90' lang='lat' dir='ltr'><strong>est</strong></span> <span class='ocrx_word' id='word_1_48' title='bbox 1274 930 1577 986; x_wconf 84' lang='lat' dir='ltr'><strong>Romanum</strong></span> <span class='ocrx_word' id='word_1_49' title='bbox 1625 930 1921 984; x_wconf 82' lang='lat' dir='ltr'><strong>antistitem</strong></span> <span class='ocrx_word' id='word_1_50' title='bbox 1971 927 2163 982; x_wconf 90' lang='lat' dir='ltr'><strong>falcem</strong></span> 
     </span>
    </p>
   </div>
   <div class='ocr_carea' id='block_1_9' title="bbox 569 1019 2166 1092">
    <p class='ocr_par' dir='ltr' id='par_1_9' title="bbox 569 1019 2166 1092">
     <span class='ocr_line' id='line_1_9' title="bbox 569 1019 2166 1092; baseline -0.006 -10"><span class='ocrx_word' id='word_1_51' title='bbox 569 1026 778 1083; x_wconf 83' lang='lat' dir='ltr'><strong>misisse</strong></span> <span class='ocrx_word' id='word_1_52' title='bbox 828 1026 883 1079; x_wconf 90' lang='lat' dir='ltr'><strong>in</strong></span> <span class='ocrx_word' id='word_1_53' title='bbox 931 1039 1163 1080; x_wconf 85' lang='lat' dir='ltr'><strong>messem</strong></span> <span class='ocrx_word' id='word_1_54' title='bbox 1209 1024 1467 1089; x_wconf 89' lang='lat' dir='ltr'><strong>alienam,</strong></span> <span class='ocrx_word' id='word_1_55' title='bbox 1496 1038 1767 1091; x_wconf 88' lang='lat' dir='ltr'><strong>nunquam</strong></span> <span class='ocrx_word' id='word_1_56' title='bbox 1820 1037 1917 1092; x_wconf 93' lang='lat' dir='ltr'><strong>pro</strong></span> <span class='ocrx_word' id='word_1_57' title='bbox 1966 1019 2166 1075; x_wconf 89' lang='lat' dir='ltr'><strong>tuenda</strong></span> 
     </span>
    </p>
   </div>
   <div class='ocr_carea' id='block_1_10' title="bbox 569 1113 2166 1184">
    <p class='ocr_par' dir='ltr' id='par_1_10' title="bbox 569 1113 2166 1184">
     <span class='ocr_line' id='line_1_10' title="bbox 569 1113 2166 1184; baseline -0.005 -9"><span class='ocrx_word' id='word_1_58' title='bbox 569 1135 665 1176; x_wconf 88' lang='lat' dir='ltr'><strong>sua</strong></span> <span class='ocrx_word' id='word_1_59' title='bbox 695 1118 1020 1174; x_wconf 85' lang='lat' dir='ltr'><strong>auctoritate</strong></span> <span class='ocrx_word' id='word_1_60' title='bbox 1045 1133 1169 1172; x_wconf 91' lang='lat' dir='ltr'><strong>eum</strong></span> <span class='ocrx_word' id='word_1_61' title='bbox 1197 1132 1264 1172; x_wconf 92' lang='lat' dir='ltr'><strong>eo</strong></span> <span class='ocrx_word' id='word_1_62' title='bbox 1286 1117 1588 1179; x_wconf 74' lang='lat' dir='ltr'><strong>contendit,</strong></span> <span class='ocrx_word' id='word_1_63' title='bbox 1611 1115 1705 1171; x_wconf 89' lang='lat' dir='ltr'><strong>sed</strong></span> <span class='ocrx_word' id='word_1_64' title='bbox 1733 1114 1847 1184; x_wconf 83' lang='lat' dir='ltr'><strong>ejus</strong></span> <span class='ocrx_word' id='word_1_65' title='bbox 1874 1113 2166 1168; x_wconf 87' lang='lat' dir='ltr'><strong>amicitiam</strong></span> 
     </span>
    </p>
   </div>
   <div class='ocr_carea' id='block_1_11' title="bbox 568 1207 2168 1282">
    <p class='ocr_par' dir='ltr' id='par_1_11' title="bbox 568 1207 2168 1282">
     <span class='ocr_line' id='line_1_11' title="bbox 568 1207 2168 1282; baseline -0.004 -13"><span class='ocrx_word' id='word_1_66' title='bbox 568 1227 784 1282; x_wconf 87' lang='lat' dir='ltr'><strong>semper</strong></span> <span class='ocrx_word' id='word_1_67' title='bbox 834 1211 1023 1266; x_wconf 91' lang='lat' dir='ltr'><strong>coluit.</strong></span> <span class='ocrx_word' id='word_1_68' title='bbox 1074 1209 1347 1264; x_wconf 87' lang='lat' dir='ltr'><strong>Noverant</strong></span> <span class='ocrx_word' id='word_1_69' title='bbox 1388 1209 1639 1263; x_wconf 88' lang='lat' dir='ltr'><strong>videlicet</strong></span> <span class='ocrx_word' id='word_1_70' title='bbox 1684 1207 1925 1262; x_wconf 81' lang='lat' dir='ltr'><strong>Africani</strong></span> <span class='ocrx_word' id='word_1_71' title='bbox 1980 1207 2168 1262; x_wconf 86' lang='lat' dir='ltr'><strong>Patres</strong></span> 
     </span>
    </p>
   </div>
   <div class='ocr_carea' id='block_1_12' title="bbox 570 1301 2168 1373">
    <p class='ocr_par' dir='ltr' id='par_1_12' title="bbox 570 1301 2168 1373">
     <span class='ocr_line' id='line_1_12' title="bbox 570 1301 2168 1373; baseline -0.003 -14"><span class='ocrx_word' id='word_1_72' title='bbox 570 1302 889 1373; x_wconf 74' lang='lat' dir='ltr'><strong>Gregorium</strong></span> <span class='ocrx_word' id='word_1_73' title='bbox 914 1319 1012 1357; x_wconf 87' lang='lat' dir='ltr'><strong>suo</strong></span> <span class='ocrx_word' id='word_1_74' title='bbox 1056 1311 1265 1357; x_wconf 91' lang='lat' dir='ltr'><strong>tantum</strong></span> <span class='ocrx_word' id='word_1_75' title='bbox 1294 1303 1370 1356; x_wconf 91' lang='lat' dir='ltr'><strong>uti</strong></span> <span class='ocrx_word' id='word_1_76' title='bbox 1395 1301 1534 1370; x_wconf 88' lang='lat' dir='ltr'><strong>jure,</strong></span> <span class='ocrx_word' id='word_1_77' title='bbox 1565 1317 1893 1371; x_wconf 85' lang='lat' dir='ltr'><strong>suorumque</strong></span> <span class='ocrx_word' id='word_1_78' title='bbox 1919 1301 2168 1355; x_wconf 85' lang='lat' dir='ltr'><strong>decesso-</strong></span> 
     </span>
    </p>
   </div>
   <div class='ocr_carea' id='block_1_13' title="bbox 568 1391 2170 1462">
    <p class='ocr_par' dir='ltr' id='par_1_13' title="bbox 568 1391 2170 1462">
     <span class='ocr_line' id='line_1_13' title="bbox 568 1391 2170 1462; baseline -0.003 -12"><span class='ocrx_word' id='word_1_79' title='bbox 568 1412 688 1450; x_wconf 90' lang='lat' dir='ltr'><strong>rum</strong></span> <span class='ocrx_word' id='word_1_80' title='bbox 712 1396 962 1451; x_wconf 88' lang='lat' dir='ltr'><strong>insistere</strong></span> <span class='ocrx_word' id='word_1_81' title='bbox 980 1394 1236 1462; x_wconf 83' lang='lat' dir='ltr'><strong>vestigiis.</strong></span> <span class='ocrx_word' id='word_1_82' title='bbox 1263 1393 1511 1447; x_wconf 87' lang='lat' dir='ltr'><strong>Nondum</strong></span> <span class='ocrx_word' id='word_1_83' title='bbox 1536 1393 1817 1447; x_wconf 89' lang='lat' dir='ltr'><strong>obliterata</strong></span> <span class='ocrx_word' id='word_1_84' title='bbox 1842 1400 1958 1446; x_wconf 90' lang='lat' dir='ltr'><strong>erat</strong></span> <span class='ocrx_word' id='word_1_85' title='bbox 1975 1391 2170 1446; x_wconf 87' lang='lat' dir='ltr'><strong>Leonis</strong></span> 
     </span>
    </p>
   </div>
   <div class='ocr_carea' id='block_1_14' title="bbox 571 1484 2171 1560">
    <p class='ocr_par' dir='ltr' id='par_1_14' title="bbox 571 1484 2171 1560">
     <span class='ocr_line' id='line_1_14' title="bbox 571 1484 2171 1560; baseline -0.004 -15"><span class='ocrx_word' id='word_1_86' title='bbox 571 1490 749 1560; x_wconf 80' lang='lat' dir='ltr'><strong>Magni</strong></span> <span class='ocrx_word' id='word_1_87' title='bbox 790 1489 1048 1544; x_wconf 84' lang='lat' dir='ltr'><strong>memoria</strong></span> <span class='ocrx_word' id='word_1_88' title='bbox 1082 1488 1171 1556; x_wconf 88' lang='lat' dir='ltr'><strong>qui</strong></span> <span class='ocrx_word' id='word_1_89' title='bbox 1214 1484 1522 1539; x_wconf 88' lang='lat' dir='ltr'><strong>Potentium</strong></span> <span class='ocrx_word' id='word_1_90' title='bbox 1567 1485 1870 1539; x_wconf 83' lang='lat' dir='ltr'><strong>commissis</strong></span> <span class='ocrx_word' id='word_1_91' title='bbox 1898 1485 1998 1552; x_wconf 89' lang='lat' dir='ltr'><strong>ipsi</strong></span> <span class='ocrx_word' id='word_1_92' title='bbox 2029 1484 2171 1540; x_wconf 81' lang='lat' dir='ltr'><strong>sedis</strong></span> 
     </span>
    </p>
   </div>
   <div class='ocr_carea' id='block_1_15' title="bbox 572 1576 2171 1652">
    <p class='ocr_par' dir='ltr' id='par_1_15' title="bbox 572 1576 2171 1652">
     <span class='ocr_line' id='line_1_15' title="bbox 572 1576 2171 1652; baseline -0.004 -16"><span class='ocrx_word' id='word_1_93' title='bbox 572 1579 885 1652; x_wconf 64' lang='lat' dir='ltr'><strong>apostolica:</strong></span> <span class='ocrx_word' id='word_1_94' title='bbox 906 1578 1115 1633; x_wconf 84' lang='lat' dir='ltr'><strong>vicibus</strong></span> <span class='ocrx_word' id='word_1_95' title='bbox 1156 1579 1377 1632; x_wconf 89' lang='lat' dir='ltr'><strong>miserat</strong></span> <span class='ocrx_word' id='word_1_96' title='bbox 1407 1578 1459 1631; x_wconf 92' lang='lat' dir='ltr'><strong>in</strong></span> <span class='ocrx_word' id='word_1_97' title='bbox 1490 1576 1744 1641; x_wconf 86' lang='lat' dir='ltr'><strong>Africam,</strong></span> <span class='ocrx_word' id='word_1_98' title='bbox 1777 1584 1835 1629; x_wconf 90' lang='lat' dir='ltr'><strong>ut</strong></span> <span class='ocrx_word' id='word_1_99' title='bbox 1877 1576 2171 1631; x_wconf 82' lang='lat' dir='ltr'><strong>labefacta-</strong></span> 
     </span>
    </p>
   </div>
   <div class='ocr_carea' id='block_1_16' title="bbox 575 1667 2173 1737">
    <p class='ocr_par' dir='ltr' id='par_1_16' title="bbox 575 1667 2173 1737">
     <span class='ocr_line' id='line_1_16' title="bbox 575 1667 2173 1737; baseline -0.004 -11"><span class='ocrx_word' id='word_1_100' title='bbox 575 1682 684 1727; x_wconf 90' lang='lat' dir='ltr'><strong>tam</strong></span> <span class='ocrx_word' id='word_1_101' title='bbox 712 1669 1043 1726; x_wconf 84' lang='lat' dir='ltr'><strong>Wandalieis</strong></span> <span class='ocrx_word' id='word_1_102' title='bbox 1082 1669 1235 1723; x_wconf 87' lang='lat' dir='ltr'><strong>bellis</strong></span> <span class='ocrx_word' id='word_1_103' title='bbox 1265 1668 1689 1724; x_wconf 84' lang='lat' dir='ltr'><strong>ecclesiasticam</strong></span> <span class='ocrx_word' id='word_1_104' title='bbox 1719 1667 2057 1737; x_wconf 90' lang='lat' dir='ltr'><strong>disciplinam</strong></span> <span class='ocrx_word' id='word_1_105' title='bbox 2087 1684 2173 1721; x_wconf 86' lang='lat' dir='ltr'><strong>re-</strong></span> 
     </span>
    </p>
   </div>
   <div class='ocr_carea' id='block_1_17' title="bbox 572 1746 2173 1833">
    <p class='ocr_par' dir='ltr' id='par_1_17' title="bbox 572 1746 2173 1833">
     <span class='ocr_line' id='line_1_17' title="bbox 572 1746 2173 1833; baseline -0.002 -12"><span class='ocrx_word' id='word_1_106' title='bbox 572 1746 839 1832; x_wconf 76' lang='lat' dir='ltr'><strong>sarciret,</strong></span> <span class='ocrx_word' id='word_1_107' title='bbox 890 1763 1291 1832; x_wconf 92' lang='lat' dir='ltr'><strong>nonnullosque</strong></span> <span class='ocrx_word' id='word_1_108' title='bbox 1350 1763 1636 1833; x_wconf 90' lang='lat' dir='ltr'><strong>episcopos</strong></span> <span class='ocrx_word' id='word_1_109' title='bbox 1693 1772 1881 1817; x_wconf 90' lang='lat' dir='ltr'><strong>contra</strong></span> <span class='ocrx_word' id='word_1_110' title='bbox 1936 1778 2173 1818; x_wconf 85' lang='lat' dir='ltr'><strong>canones</strong></span> 
     </span>
    </p>
   </div>
   <div class='ocr_carea' id='block_1_18' title="bbox 572 1853 2171 1925">
    <p class='ocr_par' dir='ltr' id='par_1_18' title="bbox 572 1853 2171 1925">
     <span class='ocr_line' id='line_1_18' title="bbox 572 1853 2171 1925; baseline -0.001 -15"><span class='ocrx_word' id='word_1_111' title='bbox 572 1855 850 1911; x_wconf 89' lang='lat' dir='ltr'><strong>ordinatos</strong></span> <span class='ocrx_word' id='word_1_112' title='bbox 880 1862 1277 1910; x_wconf 83' lang='lat' dir='ltr'><strong>exauctoraret.</strong></span> <span class='ocrx_word' id='word_1_113' title='bbox 1312 1853 1579 1924; x_wconf 89' lang='lat' dir='ltr'><strong>Tempore</strong></span> <span class='ocrx_word' id='word_1_114' title='bbox 1609 1870 1823 1923; x_wconf 85' lang='lat' dir='ltr'><strong>quoque</strong></span> <span class='ocrx_word' id='word_1_115' title='bbox 1858 1855 2171 1925; x_wconf 85' lang='lat' dir='ltr'><strong>Augustini,</strong></span> 
     </span>
    </p>
   </div>
   <div class='ocr_carea' id='block_1_19' title="bbox 2270 651 3881 731">
    <p class='ocr_par' dir='ltr' id='par_1_19' title="bbox 2270 651 3881 731">
     <span class='ocr_line' id='line_1_19' title="bbox 2270 651 3881 731; baseline 0.006 -25"><span class='ocrx_word' id='word_1_116' title='bbox 2270 651 2340 708; x_wconf 91' lang='lat' dir='ltr'><strong>de</strong></span> <span class='ocrx_word' id='word_1_117' title='bbox 2370 654 2672 727; x_wconf 89' lang='lat' dir='ltr'><strong>Prophetis,</strong></span> <span class='ocrx_word' id='word_1_118' title='bbox 2694 658 2762 714; x_wconf 88' lang='lat' dir='ltr'><strong>de</strong></span> <span class='ocrx_word' id='word_1_119' title='bbox 2794 659 2941 715; x_wconf 87' lang='lat' dir='ltr'><strong>libris</strong></span> <span class='ocrx_word' id='word_1_120' title='bbox 2967 675 3183 729; x_wconf 87' lang='lat' dir='ltr'><strong>quoque</strong></span> <span class='ocrx_word' id='word_1_121' title='bbox 3212 660 3442 728; x_wconf 81' lang='lat' dir='ltr'><strong>Regum,</strong></span> <span class='ocrx_word' id='word_1_122' title='bbox 3474 661 3622 716; x_wconf 88' lang='lat' dir='ltr'><strong>etde</strong></span> <span class='ocrx_word' id='word_1_123' title='bbox 3656 661 3881 731; x_wconf 76' lang='lat' dir='ltr'><strong>Repta-</strong></span> 
     </span>
    </p>
   </div>
   <div class='ocr_carea' id='block_1_20' title="bbox 2271 754 3885 823">
    <p class='ocr_par' dir='ltr' id='par_1_20' title="bbox 2271 754 3885 823">
     <span class='ocr_line' id='line_1_20' title="bbox 2271 754 3885 823; baseline 0.008 -23"><span class='ocrx_word' id='word_1_124' title='bbox 2271 754 2453 813; x_wconf 89' lang='lat' dir='ltr'><strong>teuco,</strong></span> <span class='ocrx_word' id='word_1_125' title='bbox 2488 765 2621 818; x_wconf 92' lang='lat' dir='ltr'><strong>quas</strong></span> <span class='ocrx_word' id='word_1_126' title='bbox 2663 763 2949 823; x_wconf 81' lang='lat' dir='ltr'><strong>exceperat</strong></span> <span class='ocrx_word' id='word_1_127' title='bbox 2978 754 3233 811; x_wconf 91' lang='lat' dir='ltr'><strong>Claudius</strong></span> <span class='ocrx_word' id='word_1_128' title='bbox 3268 754 3454 809; x_wconf 91' lang='lat' dir='ltr'><strong>abbas.</strong></span> <span class='ocrx_word' id='word_1_129' title='bbox 3507 758 3623 823; x_wconf 77' lang='lat' dir='ltr'><strong>Quo</strong></span> <span class='ocrx_word' id='word_1_130' title='bbox 3654 768 3885 813; x_wconf 88' lang='lat' dir='ltr'><strong>mortuo</strong></span> 
     </span>
    </p>
   </div>
   <div class='ocr_carea' id='block_1_21' title="bbox 2265 836 3885 913">
    <p class='ocr_par' dir='ltr' id='par_1_21' title="bbox 2265 836 3885 913">
     <span class='ocr_line' id='line_1_21' title="bbox 2265 836 3885 913; baseline 0.006 -21"><span class='ocrx_word' id='word_1_131' title='bbox 2265 836 2417 907; x_wconf 86' lang='lat' dir='ltr'><strong>jubet</strong></span> <span class='ocrx_word' id='word_1_132' title='bbox 2445 856 2582 912; x_wconf 87' lang='lat' dir='ltr'><strong>papa</strong></span> <span class='ocrx_word' id='word_1_133' title='bbox 2612 844 2815 913; x_wconf 89' lang='lat' dir='ltr'><strong>requiri</strong></span> <span class='ocrx_word' id='word_1_134' title='bbox 2856 861 3045 900; x_wconf 90' lang='lat' dir='ltr'><strong>omnes</strong></span> <span class='ocrx_word' id='word_1_135' title='bbox 3076 845 3239 900; x_wconf 84' lang='lat' dir='ltr'><strong>etiam</strong></span> <span class='ocrx_word' id='word_1_136' title='bbox 3268 845 3543 901; x_wconf 86' lang='lat' dir='ltr'><strong>chartulas</strong></span> <span class='ocrx_word' id='word_1_137' title='bbox 3565 845 3635 902; x_wconf 90' lang='lat' dir='ltr'><strong>de</strong></span> <span class='ocrx_word' id='word_1_138' title='bbox 3662 846 3751 901; x_wconf 89' lang='lat' dir='ltr'><strong>his</strong></span> <span class='ocrx_word' id='word_1_139' title='bbox 3781 866 3885 901; x_wconf 88' lang='lat' dir='ltr'><strong>su—</strong></span> 
     </span>
    </p>
   </div>
   <div class='ocr_carea' id='block_1_22' title="bbox 2270 924 3885 1009">
    <p class='ocr_par' dir='ltr' id='par_1_22' title="bbox 2270 924 3885 1009">
     <span class='ocr_line' id='line_1_22' title="bbox 2270 924 3885 1009; baseline 0.007 -25"><span class='ocrx_word' id='word_1_140' title='bbox 2270 933 2540 999; x_wconf 83' lang='lat' dir='ltr'><strong>perstites,</strong></span> <span class='ocrx_word' id='word_1_141' title='bbox 2575 944 2631 989; x_wconf 89' lang='lat' dir='ltr'><strong>et</strong></span> <span class='ocrx_word' id='word_1_142' title='bbox 2656 936 2724 990; x_wconf 91' lang='lat' dir='ltr'><strong>ad</strong></span> <span class='ocrx_word' id='word_1_143' title='bbox 2755 953 2814 991; x_wconf 91' lang='lat' dir='ltr'><strong>se</strong></span> <span class='ocrx_word' id='word_1_144' title='bbox 2845 939 3013 1007; x_wconf 91' lang='lat' dir='ltr'><strong>mitti,</strong></span> <span class='ocrx_word' id='word_1_145' title='bbox 3041 938 3195 1007; x_wconf 90' lang='lat' dir='ltr'><strong>igne,</strong></span> <span class='ocrx_word' id='word_1_146' title='bbox 3230 924 3287 992; x_wconf 90' lang='lat' dir='ltr'><strong>ut</strong></span> <span class='ocrx_word' id='word_1_147' title='bbox 3310 954 3375 994; x_wconf 83' lang='lat' dir='ltr'><strong>ex</strong></span> <span class='ocrx_word' id='word_1_148' title='bbox 3418 939 3535 1009; x_wconf 90' lang='lat' dir='ltr'><strong>ejus</strong></span> <span class='ocrx_word' id='word_1_149' title='bbox 3564 940 3885 996; x_wconf 84' lang='lat' dir='ltr'><strong>humilitate</strong></span> 
     </span>
    </p>
   </div>
   <div class='ocr_carea' id='block_1_23' title="bbox 2270 1024 3890 1095">
    <p class='ocr_par' dir='ltr' id='par_1_23' title="bbox 2270 1024 3890 1095">
     <span class='ocr_line' id='line_1_23' title="bbox 2270 1024 3890 1095; baseline 0.008 -20"><span class='ocrx_word' id='word_1_150' title='bbox 2270 1024 2537 1095; x_wconf 88' lang='lat' dir='ltr'><strong>suspicari</strong></span> <span class='ocrx_word' id='word_1_151' title='bbox 2572 1026 2720 1093; x_wconf 89' lang='lat' dir='ltr'><strong>licet,</strong></span> <span class='ocrx_word' id='word_1_152' title='bbox 2754 1028 2985 1085; x_wconf 80' lang='lat' dir='ltr'><strong>fortasse</strong></span> <span class='ocrx_word' id='word_1_153' title='bbox 3015 1029 3329 1085; x_wconf 90' lang='lat' dir='ltr'><strong>abolendas.</strong></span> <span class='ocrx_word' id='word_1_154' title='bbox 3377 1031 3455 1087; x_wconf 86' lang='lat' dir='ltr'><strong>De</strong></span> <span class='ocrx_word' id='word_1_155' title='bbox 3480 1031 3565 1087; x_wconf 88' lang='lat' dir='ltr'><strong>his</strong></span> <span class='ocrx_word' id='word_1_156' title='bbox 3588 1041 3770 1087; x_wconf 89' lang='lat' dir='ltr'><strong>autem</strong></span> <span class='ocrx_word' id='word_1_157' title='bbox 3804 1033 3890 1088; x_wconf 81' lang='lat' dir='ltr'><strong>le-</strong></span> 
     </span>
    </p>
   </div>
   <div class='ocr_carea' id='block_1_24' title="bbox 2269 1116 3886 1197">
    <p class='ocr_par' dir='ltr' id='par_1_24' title="bbox 2269 1116 3886 1197">
     <span class='ocr_line' id='line_1_24' title="bbox 2269 1116 3886 1197; baseline 0.007 -26"><span class='ocrx_word' id='word_1_158' title='bbox 2269 1116 2457 1183; x_wconf 83' lang='lat' dir='ltr'><strong>gendae</strong></span> <span class='ocrx_word' id='word_1_159' title='bbox 2487 1127 2614 1173; x_wconf 92' lang='lat' dir='ltr'><strong>sunt</strong></span> <span class='ocrx_word' id='word_1_160' title='bbox 2644 1122 2991 1189; x_wconf 60' lang='lat' dir='ltr'><strong>praefationes</strong></span> <span class='ocrx_word' id='word_1_161' title='bbox 3017 1133 3111 1178; x_wconf 91' lang='lat' dir='ltr'><strong>aut</strong></span> <span class='ocrx_word' id='word_1_162' title='bbox 3136 1124 3535 1181; x_wconf 88' lang='lat' dir='ltr'><strong>admonitiones</strong></span> <span class='ocrx_word' id='word_1_163' title='bbox 3561 1127 3781 1197; x_wconf 68' lang='lat' dir='ltr'><strong>praevia:</strong></span> <span class='ocrx_word' id='word_1_164' title='bbox 3814 1126 3886 1181; x_wconf 88' lang='lat' dir='ltr'><strong>ad</strong></span> 
     </span>
    </p>
   </div>
   <div class='ocr_carea' id='block_1_25' title="bbox 2270 1205 3886 1289">
    <p class='ocr_par' dir='ltr' id='par_1_25' title="bbox 2270 1205 3886 1289">
     <span class='ocr_line' id='line_1_25' title="bbox 2270 1205 3886 1289; baseline 0.008 -29"><span class='ocrx_word' id='word_1_165' title='bbox 2270 1205 2732 1266; x_wconf 89' lang='lat' dir='ltr'><strong>Commentarium</strong></span> <span class='ocrx_word' id='word_1_166' title='bbox 2762 1214 2814 1267; x_wconf 90' lang='lat' dir='ltr'><strong>in</strong></span> <span class='ocrx_word' id='word_1_167' title='bbox 2842 1214 3038 1270; x_wconf 89' lang='lat' dir='ltr'><strong>librum</strong></span> <span class='ocrx_word' id='word_1_168' title='bbox 3062 1233 3078 1270; x_wconf 86' lang='grc' dir='ltr'>ι</span> <span class='ocrx_word' id='word_1_169' title='bbox 3106 1216 3338 1286; x_wconf 86' lang='lat' dir='ltr'><strong>Regum,</strong></span> <span class='ocrx_word' id='word_1_170' title='bbox 3371 1217 3438 1273; x_wconf 89' lang='lat' dir='ltr'><strong>ad</strong></span> <span class='ocrx_word' id='word_1_171' title='bbox 3466 1216 3886 1289; x_wconf 78' lang='lat' dir='ltr'><strong>Expositionem</strong></span> 
     </span>
    </p>
   </div>
   <div class='ocr_carea' id='block_1_26' title="bbox 2272 1297 3888 1378">
    <p class='ocr_par' dir='ltr' id='par_1_26' title="bbox 2272 1297 3888 1378">
     <span class='ocr_line' id='line_1_26' title="bbox 2272 1297 3888 1378; baseline 0.008 -27"><span class='ocrx_word' id='word_1_172' title='bbox 2272 1297 2326 1351; x_wconf 81' lang='lat' dir='ltr'><strong>in</strong></span> <span class='ocrx_word' id='word_1_173' title='bbox 2356 1297 2599 1366; x_wconf 86' lang='lat' dir='ltr'><strong>Cantica,</strong></span> <span class='ocrx_word' id='word_1_174' title='bbox 2626 1313 2680 1356; x_wconf 90' lang='lat' dir='ltr'><strong>et</strong></span> <span class='ocrx_word' id='word_1_175' title='bbox 2723 1304 2788 1357; x_wconf 91' lang='lat' dir='ltr'><strong>ad</strong></span> <span class='ocrx_word' id='word_1_176' title='bbox 2822 1305 2981 1360; x_wconf 89' lang='lat' dir='ltr'><strong>aliam</strong></span> <span class='ocrx_word' id='word_1_177' title='bbox 3013 1316 3221 1376; x_wconf 88' lang='lat' dir='ltr'><strong>septem</strong></span> <span class='ocrx_word' id='word_1_178' title='bbox 3248 1308 3580 1377; x_wconf 86' lang='lat' dir='ltr'><strong>psalmorum</strong></span> <span class='ocrx_word' id='word_1_179' title='bbox 3612 1311 3888 1378; x_wconf 62' lang='lat' dir='ltr'><strong>pteniteno</strong></span> 
     </span>
    </p>
   </div>
   <div class='ocr_carea' id='block_1_27' title="bbox 2275 1391 3887 1471">
    <p class='ocr_par' dir='ltr' id='par_1_27' title="bbox 2275 1391 3887 1471">
     <span class='ocr_line' id='line_1_27' title="bbox 2275 1391 3887 1471; baseline 0.008 -26"><span class='ocrx_word' id='word_1_180' title='bbox 2275 1391 2478 1447; x_wconf 90' lang='lat' dir='ltr'><strong>tialium</strong></span> <span class='ocrx_word' id='word_1_181' title='bbox 2509 1394 2937 1465; x_wconf 78' lang='lat' dir='ltr'><strong>Expositiouem.</strong></span> <span class='ocrx_word' id='word_1_182' title='bbox 2970 1401 3078 1455; x_wconf 85' lang='lat' dir='ltr'><strong>Sed</strong></span> <span class='ocrx_word' id='word_1_183' title='bbox 3125 1401 3250 1470; x_wconf 88' lang='lat' dir='ltr'><strong>quia</strong></span> <span class='ocrx_word' id='word_1_184' title='bbox 3300 1402 3483 1458; x_wconf 81' lang='lat' dir='ltr'><strong>forsan</strong></span> <span class='ocrx_word' id='word_1_185' title='bbox 3530 1403 3749 1471; x_wconf 87' lang='lat' dir='ltr'><strong>parcius</strong></span> <span class='ocrx_word' id='word_1_186' title='bbox 3778 1402 3887 1458; x_wconf 87' lang='lat' dir='ltr'><strong>illic</strong></span> 
     </span>
    </p>
   </div>
   <div class='ocr_carea' id='block_1_28' title="bbox 2273 1483 3885 1562">
    <p class='ocr_par' dir='ltr' id='par_1_28' title="bbox 2273 1483 3885 1562">
     <span class='ocr_line' id='line_1_28' title="bbox 2273 1483 3885 1562; baseline 0.007 -25"><span class='ocrx_word' id='word_1_187' title='bbox 2273 1483 2507 1541; x_wconf 79' lang='lat' dir='ltr'><strong>diximus</strong></span> <span class='ocrx_word' id='word_1_188' title='bbox 2539 1488 2606 1542; x_wconf 91' lang='lat' dir='ltr'><strong>de</strong></span> <span class='ocrx_word' id='word_1_189' title='bbox 2634 1489 2860 1545; x_wconf 88' lang='lat' dir='ltr'><strong>Claudio</strong></span> <span class='ocrx_word' id='word_1_190' title='bbox 2889 1492 3103 1558; x_wconf 90' lang='lat' dir='ltr'><strong>abbate,</strong></span> <span class='ocrx_word' id='word_1_191' title='bbox 3149 1509 3291 1548; x_wconf 89' lang='lat' dir='ltr'><strong>nunc</strong></span> <span class='ocrx_word' id='word_1_192' title='bbox 3332 1494 3693 1562; x_wconf 87' lang='lat' dir='ltr'><strong>colligendum</strong></span> <span class='ocrx_word' id='word_1_193' title='bbox 3725 1494 3885 1562; x_wconf 86' lang='lat' dir='ltr'><strong>quid-</strong></span> 
     </span>
    </p>
   </div>
   <div class='ocr_carea' id='block_1_29' title="bbox 2274 1576 3885 1654">
    <p class='ocr_par' dir='ltr' id='par_1_29' title="bbox 2274 1576 3885 1654">
     <span class='ocr_line' id='line_1_29' title="bbox 2274 1576 3885 1654; baseline 0.007 -27"><span class='ocrx_word' id='word_1_194' title='bbox 2274 1576 2401 1643; x_wconf 90' lang='lat' dir='ltr'><strong>quid</strong></span> <span class='ocrx_word' id='word_1_195' title='bbox 2431 1577 2483 1630; x_wconf 90' lang='lat' dir='ltr'><strong>in</strong></span> <span class='ocrx_word' id='word_1_196' title='bbox 2514 1576 2769 1647; x_wconf 86' lang='lat' dir='ltr'><strong>Epistolis</strong></span> <span class='ocrx_word' id='word_1_197' title='bbox 2796 1578 3139 1650; x_wconf 84' lang='lat' dir='ltr'><strong>Gregorianis</strong></span> <span class='ocrx_word' id='word_1_198' title='bbox 3161 1583 3227 1637; x_wconf 89' lang='lat' dir='ltr'><strong>de</strong></span> <span class='ocrx_word' id='word_1_199' title='bbox 3249 1584 3368 1654; x_wconf 88' lang='lat' dir='ltr'><strong>ipso</strong></span> <span class='ocrx_word' id='word_1_200' title='bbox 3392 1599 3638 1653; x_wconf 90' lang='lat' dir='ltr'><strong>sparsum</strong></span> <span class='ocrx_word' id='word_1_201' title='bbox 3665 1585 3885 1654; x_wconf 79' lang='lat' dir='ltr'><strong>legitur.</strong></span> 
     </span>
    </p>
   </div>
   <div class='ocr_carea' id='block_1_30' title="bbox 2345 1664 3887 1741">
    <p class='ocr_par' dir='ltr' id='par_1_30' title="bbox 2345 1664 3887 1741">
     <span class='ocr_line' id='line_1_30' title="bbox 2345 1664 3887 1741; baseline 0.007 -23"><span class='ocrx_word' id='word_1_202' title='bbox 2345 1664 2667 1722; x_wconf 83' lang='lat' dir='ltr'><strong>Monachum</strong></span> <span class='ocrx_word' id='word_1_203' title='bbox 2693 1669 2855 1725; x_wconf 89' lang='lat' dir='ltr'><strong>fuisse</strong></span> <span class='ocrx_word' id='word_1_204' title='bbox 2880 1672 2931 1725; x_wconf 91' lang='lat' dir='ltr'><strong>in</strong></span> <span class='ocrx_word' id='word_1_205' title='bbox 2951 1671 3285 1741; x_wconf 88' lang='lat' dir='ltr'><strong>Gregoriano</strong></span> <span class='ocrx_word' id='word_1_206' title='bbox 3312 1673 3499 1729; x_wconf 60' lang='lat' dir='ltr'><strong>Romae</strong></span> <span class='ocrx_word' id='word_1_207' title='bbox 3527 1676 3887 1740; x_wconf 89' lang='lat' dir='ltr'><strong>monasterio,</strong></span> 
     </span>
    </p>
   </div>
   <div class='ocr_carea' id='block_1_31' title="bbox 2279 1757 3887 1837">
    <p class='ocr_par' dir='ltr' id='par_1_31' title="bbox 2279 1757 3887 1837">
     <span class='ocr_line' id='line_1_31' title="bbox 2279 1757 3887 1837; baseline 0.007 -29"><span class='ocrx_word' id='word_1_208' title='bbox 2279 1765 2332 1809; x_wconf 91' lang='lat' dir='ltr'><strong>et</strong></span> <span class='ocrx_word' id='word_1_209' title='bbox 2367 1757 2582 1826; x_wconf 84' lang='lat' dir='ltr'><strong>quidem</strong></span> <span class='ocrx_word' id='word_1_210' title='bbox 2613 1761 2709 1814; x_wconf 89' lang='lat' dir='ltr'><strong>sub</strong></span> <span class='ocrx_word' id='word_1_211' title='bbox 2742 1761 2859 1829; x_wconf 88' lang='lat' dir='ltr'><strong>ejus</strong></span> <span class='ocrx_word' id='word_1_212' title='bbox 2890 1763 3192 1833; x_wconf 80' lang='lat' dir='ltr'><strong>disciplina,</strong></span> <span class='ocrx_word' id='word_1_213' title='bbox 3220 1766 3413 1835; x_wconf 90' lang='lat' dir='ltr'><strong>probat</strong></span> <span class='ocrx_word' id='word_1_214' title='bbox 3442 1767 3536 1820; x_wconf 85' lang='lat' dir='ltr'><strong>lilii</strong></span> <span class='ocrx_word' id='word_1_215' title='bbox 3567 1766 3759 1821; x_wconf 85' lang='lat' dir='ltr'><strong>titulus</strong></span> <span class='ocrx_word' id='word_1_216' title='bbox 3788 1766 3887 1837; x_wconf 83' lang='lat' dir='ltr'><strong>ipsi</strong></span> 
     </span>
    </p>
   </div>
   <div class='ocr_carea' id='block_1_32' title="bbox 2279 1847 3887 1928">
    <p class='ocr_par' dir='ltr' id='par_1_32' title="bbox 2279 1847 3887 1928">
     <span class='ocr_line' id='line_1_32' title="bbox 2279 1847 3887 1928; baseline 0.007 -26"><span class='ocrx_word' id='word_1_217' title='bbox 2279 1863 2311 1902; x_wconf 92' lang='lat' dir='ltr'><strong>a</strong></span> <span class='ocrx_word' id='word_1_218' title='bbox 2332 1847 2597 1917; x_wconf 76' lang='lat' dir='ltr'><strong>Gregorio</strong></span> <span class='ocrx_word' id='word_1_219' title='bbox 2619 1853 2797 1908; x_wconf 87' lang='lat' dir='ltr'><strong>datus.</strong></span> <span class='ocrx_word' id='word_1_220' title='bbox 2825 1854 2942 1909; x_wconf 88' lang='lat' dir='ltr'><strong>Jam</strong></span> <span class='ocrx_word' id='word_1_221' title='bbox 2968 1867 3273 1927; x_wconf 87' lang='lat' dir='ltr'><strong>assumptus</strong></span> <span class='ocrx_word' id='word_1_222' title='bbox 3300 1858 3476 1913; x_wconf 80' lang='lat' dir='ltr'><strong>fuerat</strong></span> <span class='ocrx_word' id='word_1_223' title='bbox 3495 1858 3563 1912; x_wconf 91' lang='lat' dir='ltr'><strong>ad</strong></span> <span class='ocrx_word' id='word_1_224' title='bbox 3591 1861 3887 1928; x_wconf 90' lang='lat' dir='ltr'><strong>regendum</strong></span> 
     </span>
    </p>
   </div>
   <div class='ocr_carea' id='block_1_33' title="bbox 572 1930 3885 2019">
    <p class='ocr_par' dir='ltr' id='par_1_33' title="bbox 572 1930 3885 2019">
     <span class='ocr_line' id='line_1_33' title="bbox 572 1930 3885 2019; baseline 0 -16"><span class='ocrx_word' id='word_1_225' title='bbox 572 1947 702 2004; x_wconf 89' lang='lat' dir='ltr'><strong>licet</strong></span> <span class='ocrx_word' id='word_1_226' title='bbox 740 1947 807 2002; x_wconf 90' lang='lat' dir='ltr'><strong>de</strong></span> <span class='ocrx_word' id='word_1_227' title='bbox 849 1946 1299 2017; x_wconf 88' lang='lat' dir='ltr'><strong>appellationibus</strong></span> <span class='ocrx_word' id='word_1_228' title='bbox 1331 1946 1397 2001; x_wconf 89' lang='lat' dir='ltr'><strong>ad</strong></span> <span class='ocrx_word' id='word_1_229' title='bbox 1438 1953 1679 2001; x_wconf 89' lang='lat' dir='ltr'><strong>sanctam</strong></span> <span class='ocrx_word' id='word_1_230' title='bbox 1726 1948 1908 2000; x_wconf 90' lang='lat' dir='ltr'><strong>sedem</strong></span> <span class='ocrx_word' id='word_1_231' title='bbox 1950 1949 2175 2015; x_wconf 63' lang='lat' dir='ltr'><strong>quaestio</strong></span> <span class='ocrx_word' id='word_1_232' title='bbox 2206 1952 2253 2014; x_wconf 79' lang='grc' dir='ltr'>Β</span> <span class='ocrx_word' id='word_1_233' title='bbox 2284 1938 2566 1996; x_wconf 72' lang='lat' dir='ltr'><strong>Classense</strong></span> <span class='ocrx_word' id='word_1_234' title='bbox 2620 1930 2716 1998; x_wconf 79' lang='lat' dir='ltr'><strong>SS.</strong></span> <span class='ocrx_word' id='word_1_235' title='bbox 2769 1945 2991 2001; x_wconf 78' lang='lat' dir='ltr'><strong>Joannis</strong></span> <span class='ocrx_word' id='word_1_236' title='bbox 3037 1957 3090 2001; x_wconf 89' lang='lat' dir='ltr'><strong>et</strong></span> <span class='ocrx_word' id='word_1_237' title='bbox 3138 1950 3397 2019; x_wconf 90' lang='lat' dir='ltr'><strong>Stephani</strong></span> <span class='ocrx_word' id='word_1_238' title='bbox 3455 1951 3885 2019; x_wconf 87' lang='lat' dir='ltr'><strong>monasterium,</strong></span> 
     </span>
    </p>
   </div>
   <div class='ocr_carea' id='block_1_34' title="bbox 574 2038 2176 2107">
    <p class='ocr_par' dir='ltr' id='par_1_34' title="bbox 574 2038 2176 2107">
     <span class='ocr_line' id='line_1_34' title="bbox 574 2038 2176 2107; baseline -0.002 -10"><span class='ocrx_word' id='word_1_239' title='bbox 574 2048 720 2097; x_wconf 87' lang='lat' dir='ltr'><strong>esset</strong></span> <span class='ocrx_word' id='word_1_240' title='bbox 762 2048 881 2094; x_wconf 90' lang='lat' dir='ltr'><strong>orta</strong></span> <span class='ocrx_word' id='word_1_241' title='bbox 925 2054 1047 2093; x_wconf 90' lang='lat' dir='ltr'><strong>cum</strong></span> <span class='ocrx_word' id='word_1_242' title='bbox 1099 2038 1332 2104; x_wconf 87' lang='lat' dir='ltr'><strong>Zosimo,</strong></span> <span class='ocrx_word' id='word_1_243' title='bbox 1384 2046 1584 2107; x_wconf 88' lang='lat' dir='ltr'><strong>quanta</strong></span> <span class='ocrx_word' id='word_1_244' title='bbox 1617 2046 1759 2093; x_wconf 87' lang='lat' dir='ltr'><strong>esset</strong></span> <span class='ocrx_word' id='word_1_245' title='bbox 1800 2038 2176 2093; x_wconf 88' lang='lat' dir='ltr'><strong>Africanorum</strong></span> 
     </span>
    </p>
   </div>
   <div class='ocr_carea' id='block_1_35' title="bbox 575 2126 2177 2198">
    <p class='ocr_par' dir='ltr' id='par_1_35' title="bbox 575 2126 2177 2198">
     <span class='ocr_line' id='line_1_35' title="bbox 575 2126 2177 2198; baseline -0.002 -12"><span class='ocrx_word' id='word_1_246' title='bbox 575 2144 702 2198; x_wconf 84' lang='lat' dir='ltr'><strong>erga</strong></span> <span class='ocrx_word' id='word_1_247' title='bbox 751 2130 1052 2185; x_wconf 90' lang='lat' dir='ltr'><strong>Romanum</strong></span> <span class='ocrx_word' id='word_1_248' title='bbox 1082 2126 1386 2198; x_wconf 82' lang='lat' dir='ltr'><strong>pontiﬁcem</strong></span> <span class='ocrx_word' id='word_1_249' title='bbox 1430 2128 1732 2182; x_wconf 89' lang='lat' dir='ltr'><strong>reverenlia</strong></span> <span class='ocrx_word' id='word_1_250' title='bbox 1784 2130 2014 2197; x_wconf 89' lang='lat' dir='ltr'><strong>probant</strong></span> <span class='ocrx_word' id='word_1_251' title='bbox 2044 2146 2177 2184; x_wconf 89' lang='lat' dir='ltr'><strong>eon-</strong></span> 
     </span>
    </p>
   </div>
   <div class='ocr_carea' id='block_1_36' title="bbox 576 2220 2179 2291">
    <p class='ocr_par' dir='ltr' id='par_1_36' title="bbox 576 2220 2179 2291">
     <span class='ocr_line' id='line_1_36' title="bbox 576 2220 2179 2291; baseline -0.002 -13"><span class='ocrx_word' id='word_1_252' title='bbox 576 2224 823 2279; x_wconf 90' lang='lat' dir='ltr'><strong>ciliorum</strong></span> <span class='ocrx_word' id='word_1_253' title='bbox 871 2231 1026 2290; x_wconf 90' lang='lat' dir='ltr'><strong>acta,</strong></span> <span class='ocrx_word' id='word_1_254' title='bbox 1075 2222 1315 2291; x_wconf 65' lang='lat' dir='ltr'><strong>epistola:</strong></span> <span class='ocrx_word' id='word_1_255' title='bbox 1342 2221 1408 2275; x_wconf 88' lang='lat' dir='ltr'><strong>ad</strong></span> <span class='ocrx_word' id='word_1_256' title='bbox 1441 2221 1615 2290; x_wconf 82' lang='lat' dir='ltr'><strong>ipsum</strong></span> <span class='ocrx_word' id='word_1_257' title='bbox 1664 2221 1913 2290; x_wconf 63' lang='lat' dir='ltr'><strong>scriptae,</strong></span> <span class='ocrx_word' id='word_1_258' title='bbox 1964 2220 2179 2291; x_wconf 90' lang='lat' dir='ltr'><strong>aliaque</strong></span> 
     </span>
    </p>
   </div>
   <div class='ocr_carea' id='block_1_37' title="bbox 578 2315 2178 2387">
    <p class='ocr_par' dir='ltr' id='par_1_37' title="bbox 578 2315 2178 2387">
     <span class='ocr_line' id='line_1_37' title="bbox 578 2315 2178 2387; baseline -0.001 -15"><span class='ocrx_word' id='word_1_259' title='bbox 578 2325 950 2372; x_wconf 90' lang='lat' dir='ltr'><strong>monumenta.</strong></span> <span class='ocrx_word' id='word_1_260' title='bbox 1006 2315 1126 2385; x_wconf 92' lang='lat' dir='ltr'><strong>lpse</strong></span> <span class='ocrx_word' id='word_1_261' title='bbox 1192 2316 1490 2387; x_wconf 81' lang='lat' dir='ltr'><strong>Cyprianus</strong></span> <span class='ocrx_word' id='word_1_262' title='bbox 1540 2316 1852 2384; x_wconf 78' lang='lat' dir='ltr'><strong>apostolicae</strong></span> <span class='ocrx_word' id='word_1_263' title='bbox 1908 2316 2178 2371; x_wconf 74' lang='lat' dir='ltr'><strong>cathedra:</strong></span> 
     </span>
    </p>
   </div>
   <div class='ocr_carea' id='block_1_38' title="bbox 578 2407 2173 2478">
    <p class='ocr_par' dir='ltr' id='par_1_38' title="bbox 578 2407 2173 2478">
     <span class='ocr_line' id='line_1_38' title="bbox 578 2407 2173 2478; baseline -0.001 -16"><span class='ocrx_word' id='word_1_264' title='bbox 578 2408 903 2463; x_wconf 88' lang='lat' dir='ltr'><strong>sententiam</strong></span> <span class='ocrx_word' id='word_1_265' title='bbox 933 2408 1000 2463; x_wconf 90' lang='lat' dir='ltr'><strong>de</strong></span> <span class='ocrx_word' id='word_1_266' title='bbox 1037 2408 1307 2478; x_wconf 89' lang='lat' dir='ltr'><strong>lapsorum</strong></span> <span class='ocrx_word' id='word_1_267' title='bbox 1354 2407 1695 2463; x_wconf 87' lang='lat' dir='ltr'><strong>restitutione</strong></span> <span class='ocrx_word' id='word_1_268' title='bbox 1727 2408 2030 2462; x_wconf 88' lang='lat' dir='ltr'><strong>sciscitatus</strong></span> <span class='ocrx_word' id='word_1_269' title='bbox 2060 2418 2173 2471; x_wconf 90' lang='lat' dir='ltr'><strong>est;</strong></span> 
     </span>
    </p>
   </div>
   <div class='ocr_carea' id='block_1_39' title="bbox 580 2497 2179 2569">
    <p class='ocr_par' dir='ltr' id='par_1_39' title="bbox 580 2497 2179 2569">
     <span class='ocr_line' id='line_1_39' title="bbox 580 2497 2179 2569; baseline 0 -17"><span class='ocrx_word' id='word_1_270' title='bbox 580 2514 742 2567; x_wconf 88' lang='lat' dir='ltr'><strong>quem</strong></span> <span class='ocrx_word' id='word_1_271' title='bbox 791 2497 1031 2553; x_wconf 84' lang='lat' dir='ltr'><strong>Africani</strong></span> <span class='ocrx_word' id='word_1_272' title='bbox 1088 2500 1277 2553; x_wconf 85' lang='lat' dir='ltr'><strong>Patres</strong></span> <span class='ocrx_word' id='word_1_273' title='bbox 1331 2498 1557 2553; x_wconf 89' lang='lat' dir='ltr'><strong>diversis</strong></span> <span class='ocrx_word' id='word_1_274' title='bbox 1615 2499 1949 2569; x_wconf 90' lang='lat' dir='ltr'><strong>temporibus</strong></span> <span class='ocrx_word' id='word_1_275' title='bbox 2005 2497 2179 2554; x_wconf 90' lang='lat' dir='ltr'><strong>secuti</strong></span> 
     </span>
    </p>
   </div>
   <div class='ocr_carea' id='block_1_40' title="bbox 579 2588 2178 2660">
    <p class='ocr_par' dir='ltr' id='par_1_40' title="bbox 579 2588 2178 2660">
     <span class='ocr_line' id='line_1_40' title="bbox 579 2588 2178 2660; baseline 0 -16"><span class='ocrx_word' id='word_1_276' title='bbox 579 2598 725 2655; x_wconf 82' lang='lat' dir='ltr'><strong>sunt,</strong></span> <span class='ocrx_word' id='word_1_277' title='bbox 750 2604 990 2644; x_wconf 92' lang='lat' dir='ltr'><strong>summos</strong></span> <span class='ocrx_word' id='word_1_278' title='bbox 1019 2588 1303 2660; x_wconf 81' lang='lat' dir='ltr'><strong>pontifices</strong></span> <span class='ocrx_word' id='word_1_279' title='bbox 1334 2588 1401 2644; x_wconf 91' lang='lat' dir='ltr'><strong>de</strong></span> <span class='ocrx_word' id='word_1_280' title='bbox 1423 2590 1587 2643; x_wconf 87' lang='lat' dir='ltr'><strong>variis</strong></span> <span class='ocrx_word' id='word_1_281' title='bbox 1615 2590 1997 2646; x_wconf 83' lang='lat' dir='ltr'><strong>ecclesiasticae</strong></span> <span class='ocrx_word' id='word_1_282' title='bbox 2021 2590 2178 2646; x_wconf 89' lang='lat' dir='ltr'><strong>disci-</strong></span> 
     </span>
    </p>
   </div>
   <div class='ocr_carea' id='block_1_41' title="bbox 508 2682 2183 2763">
    <p class='ocr_par' dir='ltr' id='par_1_41' title="bbox 508 2682 2183 2763">
     <span class='ocr_line' id='line_1_41' title="bbox 508 2682 2183 2763; baseline 0.002 -28"><span class='ocrx_word' id='word_1_283' title='bbox 508 2754 517 2763; x_wconf 84' lang='lat'><strong><em>_</em></strong></span> <span class='ocrx_word' id='word_1_284' title='bbox 581 2682 738 2752; x_wconf 67' lang='lat' dir='ltr'><strong>plina:</strong></span> <span class='ocrx_word' id='word_1_285' title='bbox 758 2683 1028 2753; x_wconf 90' lang='lat' dir='ltr'><strong>capitibus</strong></span> <span class='ocrx_word' id='word_1_286' title='bbox 1052 2692 1077 2719; x_wconf 83' lang='grc' dir='ltr'>α</span> <span class='ocrx_word' id='word_1_287' title='bbox 1100 2682 1456 2738; x_wconf 90' lang='lat' dir='ltr'><strong>consulendo.</strong></span> <span class='ocrx_word' id='word_1_288' title='bbox 1478 2682 1545 2737; x_wconf 89' lang='lat' dir='ltr'><strong>Et</strong></span> <span class='ocrx_word' id='word_1_289' title='bbox 1570 2684 1815 2753; x_wconf 85' lang='lat' dir='ltr'><strong>quamvis</strong></span> <span class='ocrx_word' id='word_1_290' title='bbox 1835 2699 2060 2751; x_wconf 85' lang='lat' dir='ltr'><strong>magnus</strong></span> <span class='ocrx_word' id='word_1_291' title='bbox 2082 2682 2183 2755; x_wconf 83' lang='lat' dir='ltr'><strong>Cy-</strong></span> 
     </span>
    </p>
   </div>
   <div class='ocr_carea' id='block_1_42' title="bbox 581 2776 2177 2848">
    <p class='ocr_par' dir='ltr' id='par_1_42' title="bbox 581 2776 2177 2848">
     <span class='ocr_line' id='line_1_42' title="bbox 581 2776 2177 2848; baseline 0.002 -19"><span class='ocrx_word' id='word_1_292' title='bbox 581 2776 801 2844; x_wconf 90' lang='lat' dir='ltr'><strong>prianus</strong></span> <span class='ocrx_word' id='word_1_293' title='bbox 821 2776 966 2831; x_wconf 84' lang='lat' dir='ltr'><strong>aliud</strong></span> <span class='ocrx_word' id='word_1_294' title='bbox 986 2777 1215 2832; x_wconf 83' lang='lat' dir='ltr'><strong>senserit</strong></span> <span class='ocrx_word' id='word_1_295' title='bbox 1235 2776 1304 2831; x_wconf 92' lang='lat' dir='ltr'><strong>de</strong></span> <span class='ocrx_word' id='word_1_296' title='bbox 1325 2777 1592 2848; x_wconf 90' lang='lat' dir='ltr'><strong>baptismo</strong></span> <span class='ocrx_word' id='word_1_297' title='bbox 1614 2778 1992 2833; x_wconf 71' lang='lat' dir='ltr'><strong>hazreticorum</strong></span> <span class='ocrx_word' id='word_1_298' title='bbox 2015 2794 2177 2848; x_wconf 91' lang='lat' dir='ltr'><strong>quam</strong></span> 
     </span>
    </p>
   </div>
   <div class='ocr_carea' id='block_1_43' title="bbox 580 2865 2179 2939">
    <p class='ocr_par' dir='ltr' id='par_1_43' title="bbox 580 2865 2179 2939">
     <span class='ocr_line' id='line_1_43' title="bbox 580 2865 2179 2939; baseline 0.002 -18"><span class='ocrx_word' id='word_1_299' title='bbox 580 2865 888 2937; x_wconf 86' lang='lat' dir='ltr'><strong>Stephanus</strong></span> <span class='ocrx_word' id='word_1_300' title='bbox 934 2884 1106 2938; x_wconf 91' lang='lat' dir='ltr'><strong>papa,</strong></span> <span class='ocrx_word' id='word_1_301' title='bbox 1156 2869 1401 2938; x_wconf 89' lang='lat' dir='ltr'><strong>aliosque</strong></span> <span class='ocrx_word' id='word_1_302' title='bbox 1448 2868 1731 2923; x_wconf 88' lang='lat' dir='ltr'><strong>Africanos</strong></span> <span class='ocrx_word' id='word_1_303' title='bbox 1780 2869 2062 2939; x_wconf 89' lang='lat' dir='ltr'><strong>episcopos</strong></span> <span class='ocrx_word' id='word_1_304' title='bbox 2112 2869 2179 2925; x_wconf 89' lang='lat' dir='ltr'><strong>ad</strong></span> 
     </span>
    </p>
   </div>
   <div class='ocr_carea' id='block_1_44' title="bbox 581 2960 2176 3032">
    <p class='ocr_par' dir='ltr' id='par_1_44' title="bbox 581 2960 2176 3032">
     <span class='ocr_line' id='line_1_44' title="bbox 581 2960 2176 3032; baseline 0.001 -19"><span class='ocrx_word' id='word_1_305' title='bbox 581 2975 707 3014; x_wconf 88' lang='lat' dir='ltr'><strong>suas</strong></span> <span class='ocrx_word' id='word_1_306' title='bbox 736 2970 918 3030; x_wconf 91' lang='lat' dir='ltr'><strong>partes</strong></span> <span class='ocrx_word' id='word_1_307' title='bbox 948 2961 1196 3028; x_wconf 79' lang='lat' dir='ltr'><strong>traxerit,</strong></span> <span class='ocrx_word' id='word_1_308' title='bbox 1224 2962 1356 3015; x_wconf 80' lang='lat' dir='ltr'><strong>vicit</strong></span> <span class='ocrx_word' id='word_1_309' title='bbox 1388 2970 1566 3015; x_wconf 91' lang='lat' dir='ltr'><strong>tamen</strong></span> <span class='ocrx_word' id='word_1_310' title='bbox 1599 2961 1864 3015; x_wconf 88' lang='lat' dir='ltr'><strong>sententia</strong></span> <span class='ocrx_word' id='word_1_311' title='bbox 1894 2960 2176 3032; x_wconf 89' lang='lat' dir='ltr'><strong>Stephani,</strong></span> 
     </span>
    </p>
   </div>
   <div class='ocr_carea' id='block_1_45' title="bbox 579 3051 2179 3126">
    <p class='ocr_par' dir='ltr' id='par_1_45' title="bbox 579 3051 2179 3126">
     <span class='ocr_line' id='line_1_45' title="bbox 579 3051 2179 3126; baseline 0.004 -21"><span class='ocrx_word' id='word_1_312' title='bbox 579 3053 745 3107; x_wconf 87' lang='lat' dir='ltr'><strong>etiam</strong></span> <span class='ocrx_word' id='word_1_313' title='bbox 795 3053 849 3107; x_wconf 90' lang='lat' dir='ltr'><strong>in</strong></span> <span class='ocrx_word' id='word_1_314' title='bbox 894 3051 1097 3120; x_wconf 88' lang='lat' dir='ltr'><strong>Africa,</strong></span> <span class='ocrx_word' id='word_1_315' title='bbox 1126 3053 1370 3107; x_wconf 89' lang='lat' dir='ltr'><strong>rescissis</strong></span> <span class='ocrx_word' id='word_1_316' title='bbox 1400 3053 1751 3108; x_wconf 89' lang='lat' dir='ltr'><strong>conciliorum</strong></span> <span class='ocrx_word' id='word_1_317' title='bbox 1782 3054 1881 3109; x_wconf 85' lang='lat' dir='ltr'><strong>sub</strong></span> <span class='ocrx_word' id='word_1_318' title='bbox 1910 3053 2179 3126; x_wconf 88' lang='lat' dir='ltr'><strong>Cypriano</strong></span> 
     </span>
    </p>
   </div>
   <div class='ocr_carea' id='block_1_46' title="bbox 580 3142 2177 3214">
    <p class='ocr_par' dir='ltr' id='par_1_46' title="bbox 580 3142 2177 3214">
     <span class='ocr_line' id='line_1_46' title="bbox 580 3142 2177 3214; baseline 0.004 -17"><span class='ocrx_word' id='word_1_319' title='bbox 580 3143 889 3199; x_wconf 89' lang='lat' dir='ltr'><strong>habitorum</strong></span> <span class='ocrx_word' id='word_1_320' title='bbox 935 3143 1187 3199; x_wconf 88' lang='lat' dir='ltr'><strong>decretis.</strong></span> <span class='ocrx_word' id='word_1_321' title='bbox 1222 3142 1346 3198; x_wconf 69' lang='lat' dir='ltr'><strong>Rrec</strong></span> <span class='ocrx_word' id='word_1_322' title='bbox 1390 3143 1554 3214; x_wconf 85' lang='lat' dir='ltr'><strong>paulo</strong></span> <span class='ocrx_word' id='word_1_323' title='bbox 1603 3154 1757 3200; x_wconf 86' lang='lat' dir='ltr'><strong>extra</strong></span> <span class='ocrx_word' id='word_1_324' title='bbox 1788 3156 1959 3201; x_wconf 87' lang='lat' dir='ltr'><strong>metas</strong></span> <span class='ocrx_word' id='word_1_325' title='bbox 1988 3148 2177 3203; x_wconf 84' lang='lat' dir='ltr'><strong>obser-</strong></span> 
     </span>
    </p>
   </div>
   <div class='ocr_carea' id='block_1_47' title="bbox 581 3236 2176 3306">
    <p class='ocr_par' dir='ltr' id='par_1_47' title="bbox 581 3236 2176 3306">
     <span class='ocr_line' id='line_1_47' title="bbox 581 3236 2176 3306; baseline 0.003 -17"><span class='ocrx_word' id='word_1_326' title='bbox 581 3237 828 3293; x_wconf 89' lang='lat' dir='ltr'><strong>vavimus</strong></span> <span class='ocrx_word' id='word_1_327' title='bbox 867 3245 1056 3291; x_wconf 90' lang='lat' dir='ltr'><strong>contra</strong></span> <span class='ocrx_word' id='word_1_328' title='bbox 1104 3236 1393 3292; x_wconf 89' lang='lat' dir='ltr'><strong>nonnullos</strong></span> <span class='ocrx_word' id='word_1_329' title='bbox 1427 3237 1517 3306; x_wconf 91' lang='lat' dir='ltr'><strong>qui</strong></span> <span class='ocrx_word' id='word_1_330' title='bbox 1548 3236 1849 3293; x_wconf 83' lang='lat' dir='ltr'><strong>Africanam</strong></span> <span class='ocrx_word' id='word_1_331' title='bbox 1880 3237 2176 3294; x_wconf 89' lang='lat' dir='ltr'><strong>Ecclesiam</strong></span> 
     </span>
    </p>
   </div>
   <div class='ocr_carea' id='block_1_48' title="bbox 2283 2035 3888 2110">
    <p class='ocr_par' dir='ltr' id='par_1_48' title="bbox 2283 2035 3888 2110">
     <span class='ocr_line' id='line_1_48' title="bbox 2283 2035 3888 2110; baseline 0.009 -29"><span class='ocrx_word' id='word_1_332' title='bbox 2283 2044 2425 2085; x_wconf 91' lang='lat' dir='ltr'><strong>anno</strong></span> <span class='ocrx_word' id='word_1_333' title='bbox 2477 2035 2716 2089; x_wconf 90' lang='lat' dir='ltr'><strong>secundo</strong></span> <span class='ocrx_word' id='word_1_334' title='bbox 2766 2038 3112 2104; x_wconf 80' lang='lat' dir='ltr'><strong>pontificatus</strong></span> <span class='ocrx_word' id='word_1_335' title='bbox 3161 2041 3332 2095; x_wconf 86' lang='lat' dir='ltr'><strong>sancti</strong></span> <span class='ocrx_word' id='word_1_336' title='bbox 3380 2040 3515 2107; x_wconf 89' lang='lat' dir='ltr'><strong>viri;</strong></span> <span class='ocrx_word' id='word_1_337' title='bbox 3576 2040 3694 2110; x_wconf 87' lang='lat' dir='ltr'><strong>ejus</strong></span> <span class='ocrx_word' id='word_1_338' title='bbox 3745 2043 3888 2097; x_wconf 88' lang='lat' dir='ltr'><strong>enim</strong></span> 
     </span>
    </p>
   </div>
   <div class='ocr_carea' id='block_1_49' title="bbox 2284 2127 3887 2203">
    <p class='ocr_par' dir='ltr' id='par_1_49' title="bbox 2284 2127 3887 2203">
     <span class='ocr_line' id='line_1_49' title="bbox 2284 2127 3887 2203; baseline 0.01 -29"><span class='ocrx_word' id='word_1_339' title='bbox 2284 2128 2556 2192; x_wconf 84' lang='lat' dir='ltr'><strong>tamquam</strong></span> <span class='ocrx_word' id='word_1_340' title='bbox 2589 2127 2797 2181; x_wconf 88' lang='lat' dir='ltr'><strong>abbatis</strong></span> <span class='ocrx_word' id='word_1_341' title='bbox 2829 2130 3073 2184; x_wconf 85' lang='lat' dir='ltr'><strong>meminit</strong></span> <span class='ocrx_word' id='word_1_342' title='bbox 3102 2132 3205 2186; x_wconf 92' lang='lat' dir='ltr'><strong>hoc</strong></span> <span class='ocrx_word' id='word_1_343' title='bbox 3248 2144 3493 2203; x_wconf 85' lang='lat' dir='ltr'><strong>tempore</strong></span> <span class='ocrx_word' id='word_1_344' title='bbox 3522 2134 3591 2187; x_wconf 90' lang='lat' dir='ltr'><strong>ad</strong></span> <span class='ocrx_word' id='word_1_345' title='bbox 3619 2132 3887 2190; x_wconf 82' lang='lat' dir='ltr'><strong>Joannem</strong></span> 
     </span>
    </p>
   </div>
   <div class='ocr_carea' id='block_1_50' title="bbox 2282 2210 3888 2280">
    <p class='ocr_par' dir='ltr' id='par_1_50' title="bbox 2282 2210 3888 2280">
     <span class='ocr_line' id='line_1_50' title="bbox 2282 2210 3888 2280; baseline 0.01 -16"><span class='ocrx_word' id='word_1_346' title='bbox 2282 2210 2653 2272; x_wconf 77' lang='lat' dir='ltr'><strong>Ravennatem</strong></span> <span class='ocrx_word' id='word_1_347' title='bbox 2685 2220 2928 2275; x_wconf 80' lang='lat' dir='ltr'><strong>scribens</strong></span> <span class='ocrx_word' id='word_1_348' title='bbox 2955 2240 2967 2274; x_wconf 90' lang='lat'><strong>:</strong></span> <span class='ocrx_word' id='word_1_349' title='bbox 3010 2222 3223 2277; x_wconf 82' lang='lat' dir='ltr'><strong>Videtur</strong></span> <span class='ocrx_word' id='word_1_350' title='bbox 3256 2225 3383 2277; x_wconf 87' lang='lat' dir='ltr'><strong>mihi</strong></span> <span class='ocrx_word' id='word_1_351' title='bbox 3408 2235 3463 2277; x_wconf 89' lang='lat' dir='ltr'><strong>ut</strong></span> <span class='ocrx_word' id='word_1_352' title='bbox 3493 2225 3771 2280; x_wconf 85' lang='lat' dir='ltr'><strong>Claudium</strong></span> <span class='ocrx_word' id='word_1_353' title='bbox 3796 2227 3888 2280; x_wconf 84' lang='lat' dir='ltr'><strong>ub-</strong></span> 
     </span>
    </p>
   </div>
   <div class='ocr_carea' id='block_1_51' title="bbox 2281 2310 3886 2385">
    <p class='ocr_par' dir='ltr' id='par_1_51' title="bbox 2281 2310 3886 2385">
     <span class='ocr_line' id='line_1_51' title="bbox 2281 2310 3886 2385; baseline 0.007 -24"><span class='ocrx_word' id='word_1_354' title='bbox 2281 2310 2447 2363; x_wconf 84' lang='lat' dir='ltr'><strong>batem</strong></span> <span class='ocrx_word' id='word_1_355' title='bbox 2470 2327 2585 2364; x_wconf 90' lang='lat' dir='ltr'><strong>cum</strong></span> <span class='ocrx_word' id='word_1_356' title='bbox 2607 2312 2877 2383; x_wconf 85' lang='lat' dir='ltr'><strong>aliquanta</strong></span> <span class='ocrx_word' id='word_1_357' title='bbox 2896 2316 3113 2385; x_wconf 75' lang='lat' dir='ltr'><strong>pecunia</strong></span> <span class='ocrx_word' id='word_1_358' title='bbox 3136 2315 3257 2369; x_wconf 88' lang='lat' dir='ltr'><strong>illuc</strong></span> <span class='ocrx_word' id='word_1_359' title='bbox 3279 2317 3631 2370; x_wconf 85' lang='lat' dir='ltr'><strong>transmittere</strong></span> <span class='ocrx_word' id='word_1_360' title='bbox 3653 2318 3886 2372; x_wconf 82' lang='lat' dir='ltr'><strong>debeatis</strong></span> 
     </span>
    </p>
   </div>
   <div class='ocr_carea' id='block_1_52' title="bbox 2283 2400 2805 2472">
    <p class='ocr_par' dir='ltr' id='par_1_52' title="bbox 2283 2400 2805 2472">
     <span class='ocr_line' id='line_1_52' title="bbox 2283 2400 2805 2472; baseline 0.002 -17"><span class='ocrx_word' id='word_1_361' title='bbox 2283 2400 2437 2472; x_wconf 93' lang='lat' dir='ltr'><strong>(Lib.</strong></span> <span class='ocrx_word' id='word_1_362' title='bbox 2471 2418 2543 2467; x_wconf 87' lang='lat' dir='ltr'><strong>ll,</strong></span> <span class='ocrx_word' id='word_1_363' title='bbox 2576 2418 2656 2472; x_wconf 89' lang='lat' dir='ltr'><strong>ep.</strong></span> <span class='ocrx_word' id='word_1_364' title='bbox 2692 2400 2805 2471; x_wconf 70' lang='grc'>46).</span> 
     </span>
    </p>
   </div>
   <div class='ocr_carea' id='block_1_53' title="bbox 2354 2491 3884 2563">
    <p class='ocr_par' dir='ltr' id='par_1_53' title="bbox 2354 2491 3884 2563">
     <span class='ocr_line' id='line_1_53' title="bbox 2354 2491 3884 2563; baseline 0.005 -18"><span class='ocrx_word' id='word_1_365' title='bbox 2354 2491 2579 2546; x_wconf 87' lang='lat' dir='ltr'><strong>Romam</strong></span> <span class='ocrx_word' id='word_1_366' title='bbox 2601 2494 2768 2558; x_wconf 90' lang='lat' dir='ltr'><strong>venit,</strong></span> <span class='ocrx_word' id='word_1_367' title='bbox 2795 2501 2906 2547; x_wconf 91' lang='lat' dir='ltr'><strong>tum</strong></span> <span class='ocrx_word' id='word_1_368' title='bbox 2933 2503 2988 2548; x_wconf 91' lang='lat' dir='ltr'><strong>ut</strong></span> <span class='ocrx_word' id='word_1_369' title='bbox 3009 2493 3129 2563; x_wconf 89' lang='lat' dir='ltr'><strong>jura</strong></span> <span class='ocrx_word' id='word_1_370' title='bbox 3154 2497 3470 2550; x_wconf 88' lang='lat' dir='ltr'><strong>monasterii</strong></span> <span class='ocrx_word' id='word_1_371' title='bbox 3502 2497 3583 2551; x_wconf 93' lang='lat' dir='ltr'><strong>sui</strong></span> <span class='ocrx_word' id='word_1_372' title='bbox 3624 2497 3884 2552; x_wconf 88' lang='lat' dir='ltr'><strong>adversus</strong></span> 
     </span>
    </p>
   </div>
   <div class='ocr_carea' id='block_1_54' title="bbox 2281 2582 3883 2657">
    <p class='ocr_par' dir='ltr' id='par_1_54' title="bbox 2281 2582 3883 2657">
     <span class='ocr_line' id='line_1_54' title="bbox 2281 2582 3883 2657; baseline 0.002 -20"><span class='ocrx_word' id='word_1_373' title='bbox 2281 2582 2639 2637; x_wconf 84' lang='lat' dir='ltr'><strong>Marinianum</strong></span> <span class='ocrx_word' id='word_1_374' title='bbox 2673 2582 3043 2640; x_wconf 85' lang='lat' dir='ltr'><strong>Ravennatem</strong></span> <span class='ocrx_word' id='word_1_375' title='bbox 3096 2586 3320 2655; x_wconf 88' lang='lat' dir='ltr'><strong>ejusque</strong></span> <span class='ocrx_word' id='word_1_376' title='bbox 3358 2588 3588 2643; x_wconf 90' lang='lat' dir='ltr'><strong>clericos</strong></span> <span class='ocrx_word' id='word_1_377' title='bbox 3620 2597 3883 2657; x_wconf 85' lang='lat' dir='ltr'><strong>tueretur,</strong></span> 
     </span>
    </p>
   </div>
   <div class='ocr_carea' id='block_1_55' title="bbox 2282 2676 3885 2746">
    <p class='ocr_par' dir='ltr' id='par_1_55' title="bbox 2282 2676 3885 2746">
     <span class='ocr_line' id='line_1_55' title="bbox 2282 2676 3885 2746; baseline 0.006 -18"><span class='ocrx_word' id='word_1_378' title='bbox 2282 2690 2381 2745; x_wconf 90' lang='lat' dir='ltr'><strong>pro</strong></span> <span class='ocrx_word' id='word_1_379' title='bbox 2410 2690 2518 2744; x_wconf 90' lang='lat' dir='ltr'><strong>quo</strong></span> <span class='ocrx_word' id='word_1_380' title='bbox 2567 2676 2875 2745; x_wconf 79' lang='lat' dir='ltr'><strong>impetravit</strong></span> <span class='ocrx_word' id='word_1_381' title='bbox 2921 2678 3298 2746; x_wconf 82' lang='lat' dir='ltr'><strong>privilegium;</strong></span> <span class='ocrx_word' id='word_1_382' title='bbox 3345 2688 3456 2733; x_wconf 90' lang='lat' dir='ltr'><strong>tum</strong></span> <span class='ocrx_word' id='word_1_383' title='bbox 3497 2689 3558 2734; x_wconf 90' lang='lat' dir='ltr'><strong>ut</strong></span> <span class='ocrx_word' id='word_1_384' title='bbox 3582 2681 3885 2737; x_wconf 86' lang='lat' dir='ltr'><strong>studiorum</strong></span> 
     </span>
    </p>
   </div>
   <div class='ocr_carea' id='block_1_56' title="bbox 2281 2763 3881 2842">
    <p class='ocr_par' dir='ltr' id='par_1_56' title="bbox 2281 2763 3881 2842">
     <span class='ocr_line' id='line_1_56' title="bbox 2281 2763 3881 2842; baseline 0.005 -24"><span class='ocrx_word' id='word_1_385' title='bbox 2281 2763 2339 2818; x_wconf 91' lang='lat' dir='ltr'><strong>S.</strong></span> <span class='ocrx_word' id='word_1_386' title='bbox 2358 2763 2602 2832; x_wconf 87' lang='lat' dir='ltr'><strong>Gregorii</strong></span> <span class='ocrx_word' id='word_1_387' title='bbox 2626 2765 2839 2834; x_wconf 84' lang='lat' dir='ltr'><strong>adjutor</strong></span> <span class='ocrx_word' id='word_1_388' title='bbox 2860 2766 2999 2821; x_wconf 89' lang='lat' dir='ltr'><strong>foret</strong></span> <span class='ocrx_word' id='word_1_389' title='bbox 3021 2782 3082 2823; x_wconf 89' lang='lat' dir='ltr'><strong>ac</strong></span> <span class='ocrx_word' id='word_1_390' title='bbox 3104 2771 3375 2839; x_wconf 89' lang='lat' dir='ltr'><strong>particeps</strong></span> <span class='ocrx_word' id='word_1_391' title='bbox 3398 2769 3540 2841; x_wconf 85' lang='lat' dir='ltr'><strong>(Lib.</strong></span> <span class='ocrx_word' id='word_1_392' title='bbox 3566 2789 3757 2842; x_wconf 86' lang='lat' dir='ltr'><strong>vn,ep.</strong></span> <span class='ocrx_word' id='word_1_393' title='bbox 3786 2773 3881 2841; x_wconf 69' lang='lat'><strong>45;</strong></span> 
     </span>
    </p>
   </div>
   <div class='ocr_carea' id='block_1_57' title="bbox 2281 2856 3882 2935">
    <p class='ocr_par' dir='ltr' id='par_1_57' title="bbox 2281 2856 3882 2935">
     <span class='ocr_line' id='line_1_57' title="bbox 2281 2856 3882 2935; baseline 0.006 -25"><span class='ocrx_word' id='word_1_394' title='bbox 2281 2856 2373 2912; x_wconf 88' lang='lat' dir='ltr'><strong>lib.</strong></span> <span class='ocrx_word' id='word_1_395' title='bbox 2403 2873 2515 2921; x_wconf 82' lang='lat' dir='ltr'><strong>vru,</strong></span> <span class='ocrx_word' id='word_1_396' title='bbox 2544 2876 2627 2929; x_wconf 90' lang='lat' dir='ltr'><strong>ep.</strong></span> <span class='ocrx_word' id='word_1_397' title='bbox 2662 2856 2780 2928; x_wconf 81' lang='lat' dir='ltr'><strong>l5).</strong></span> <span class='ocrx_word' id='word_1_398' title='bbox 2810 2858 2866 2912; x_wconf 92' lang='lat' dir='ltr'><strong>In</strong></span> <span class='ocrx_word' id='word_1_399' title='bbox 2900 2858 3045 2915; x_wconf 90' lang='lat' dir='ltr'><strong>Urbe</strong></span> <span class='ocrx_word' id='word_1_400' title='bbox 3074 2861 3163 2916; x_wconf 92' lang='lat' dir='ltr'><strong>diu</strong></span> <span class='ocrx_word' id='word_1_401' title='bbox 3193 2878 3399 2917; x_wconf 89' lang='lat' dir='ltr'><strong>moram</strong></span> <span class='ocrx_word' id='word_1_402' title='bbox 3425 2863 3569 2929; x_wconf 87' lang='lat' dir='ltr'><strong>fecit,</strong></span> <span class='ocrx_word' id='word_1_403' title='bbox 3590 2864 3649 2919; x_wconf 89' lang='lat' dir='ltr'><strong>S.</strong></span> <span class='ocrx_word' id='word_1_404' title='bbox 3676 2865 3882 2935; x_wconf 81' lang='lat' dir='ltr'><strong>Grego-</strong></span> 
     </span>
    </p>
   </div>
   <div class='ocr_carea' id='block_1_58' title="bbox 2280 2949 3882 3023">
    <p class='ocr_par' dir='ltr' id='par_1_58' title="bbox 2280 2949 3882 3023">
     <span class='ocr_line' id='line_1_58' title="bbox 2280 2949 3882 3023; baseline 0.005 -21"><span class='ocrx_word' id='word_1_405' title='bbox 2280 2949 2363 3003; x_wconf 88' lang='lat' dir='ltr'><strong>rio</strong></span> <span class='ocrx_word' id='word_1_406' title='bbox 2394 2964 2515 3003; x_wconf 91' lang='lat' dir='ltr'><strong>eum</strong></span> <span class='ocrx_word' id='word_1_407' title='bbox 2565 2950 2862 3018; x_wconf 84' lang='lat' dir='ltr'><strong>retinente,</strong></span> <span class='ocrx_word' id='word_1_408' title='bbox 2892 2952 3012 3021; x_wconf 84' lang='lat' dir='ltr'><strong>quia</strong></span> <span class='ocrx_word' id='word_1_409' title='bbox 3054 2969 3299 3023; x_wconf 86' lang='lat' dir='ltr'><strong>magnum</strong></span> <span class='ocrx_word' id='word_1_410' title='bbox 3344 2954 3443 3023; x_wconf 89' lang='lat' dir='ltr'><strong>ipsi</strong></span> <span class='ocrx_word' id='word_1_411' title='bbox 3489 2965 3602 3008; x_wconf 86' lang='lat' dir='ltr'><strong>erat</strong></span> <span class='ocrx_word' id='word_1_412' title='bbox 3647 2958 3699 3009; x_wconf 86' lang='lat' dir='ltr'><strong>in</strong></span> <span class='ocrx_word' id='word_1_413' title='bbox 3733 2958 3882 3011; x_wconf 77' lang='lat' dir='ltr'><strong>verba</strong></span> 
     </span>
    </p>
   </div>
   <div class='ocr_carea' id='block_1_59' title="bbox 2281 3040 3882 3113">
    <p class='ocr_par' dir='ltr' id='par_1_59' title="bbox 2281 3040 3882 3113">
     <span class='ocr_line' id='line_1_59' title="bbox 2281 3040 3882 3113; baseline 0.005 -19"><span class='ocrx_word' id='word_1_414' title='bbox 2281 3040 2381 3095; x_wconf 85' lang='lat' dir='ltr'><strong>Dei</strong></span> <span class='ocrx_word' id='word_1_415' title='bbox 2406 3042 2651 3095; x_wconf 81' lang='lat' dir='ltr'><strong>solatium</strong></span> <span class='ocrx_word' id='word_1_416' title='bbox 2683 3042 2822 3111; x_wconf 86' lang='lat' dir='ltr'><strong>(Lib.</strong></span> <span class='ocrx_word' id='word_1_417' title='bbox 2849 3059 2961 3110; x_wconf 81' lang='lat' dir='ltr'><strong>Vill,</strong></span> <span class='ocrx_word' id='word_1_418' title='bbox 2986 3061 3066 3113; x_wconf 85' lang='lat' dir='ltr'><strong>ep.</strong></span> <span class='ocrx_word' id='word_1_419' title='bbox 3104 3044 3214 3113; x_wconf 85' lang='grc'>16).</span> <span class='ocrx_word' id='word_1_420' title='bbox 3248 3044 3317 3099; x_wconf 90' lang='lat' dir='ltr'><strong>At</strong></span> <span class='ocrx_word' id='word_1_421' title='bbox 3340 3046 3465 3113; x_wconf 88' lang='lat' dir='ltr'><strong>quia</strong></span> <span class='ocrx_word' id='word_1_422' title='bbox 3494 3049 3882 3103; x_wconf 86' lang='lat' dir='ltr'><strong>monasterium</strong></span> 
     </span>
    </p>
   </div>
   <div class='ocr_carea' id='block_1_60' title="bbox 2283 3138 3882 3213">
    <p class='ocr_par' dir='ltr' id='par_1_60' title="bbox 2283 3138 3882 3213">
     <span class='ocr_line' id='line_1_60' title="bbox 2283 3138 3882 3213; baseline 0.005 -24"><span class='ocrx_word' id='word_1_423' title='bbox 2283 3152 2439 3191; x_wconf 84' lang='lat' dir='ltr'><strong>suum</strong></span> <span class='ocrx_word' id='word_1_424' title='bbox 2487 3143 2738 3206; x_wconf 78' lang='lat' dir='ltr'><strong>repetere</strong></span> <span class='ocrx_word' id='word_1_425' title='bbox 2797 3145 2852 3191; x_wconf 90' lang='lat' dir='ltr'><strong>et</strong></span> <span class='ocrx_word' id='word_1_426' title='bbox 2906 3138 3145 3193; x_wconf 87' lang='lat' dir='ltr'><strong>revisere</strong></span> <span class='ocrx_word' id='word_1_427' title='bbox 3194 3139 3520 3209; x_wconf 87' lang='lat' dir='ltr'><strong>festinabat;</strong></span> <span class='ocrx_word' id='word_1_428' title='bbox 3564 3142 3882 3213; x_wconf 72' lang='lat' dir='ltr'><strong>aliundrque</strong></span> 
     </span>
    </p>
   </div>
   <div class='ocr_carea' id='block_1_61' title="bbox 2283 3227 3883 3303">
    <p class='ocr_par' dir='ltr' id='par_1_61' title="bbox 2283 3227 3883 3303">
     <span class='ocr_line' id='line_1_61' title="bbox 2283 3227 3883 3303; baseline 0.006 -22"><span class='ocrx_word' id='word_1_429' title='bbox 2283 3242 2391 3281; x_wconf 91' lang='lat' dir='ltr'><strong>non</strong></span> <span class='ocrx_word' id='word_1_430' title='bbox 2424 3227 2624 3282; x_wconf 90' lang='lat' dir='ltr'><strong>latebat</strong></span> <span class='ocrx_word' id='word_1_431' title='bbox 2646 3228 3109 3296; x_wconf 88' lang='lat' dir='ltr'><strong>vigilantissimum</strong></span> <span class='ocrx_word' id='word_1_432' title='bbox 3142 3229 3445 3299; x_wconf 87' lang='lat' dir='ltr'><strong>Pastorem,</strong></span> <span class='ocrx_word' id='word_1_433' title='bbox 3477 3237 3883 3303; x_wconf 83' lang='lat' dir='ltr'><strong>congregationi</strong></span> 
     </span>
    </p>
   </div>
   <div class='ocr_carea' id='block_1_62' title="bbox 580 3318 3886 3407">
    <p class='ocr_par' dir='ltr' id='par_1_62' title="bbox 580 3318 3886 3407">
     <span class='ocr_line' id='line_1_62' title="bbox 580 3318 3886 3407; baseline 0.004 -41"><span class='ocrx_word' id='word_1_434' title='bbox 580 3330 667 3384; x_wconf 65' lang='grc' dir='ltr'><strong>γει</strong></span> <span class='ocrx_word' id='word_1_435' title='bbox 701 3329 1004 3399; x_wconf 58' lang='lat' dir='ltr'><strong>“cep/mlum</strong></span> <span class='ocrx_word' id='word_1_436' title='bbox 1033 3327 1232 3383; x_wconf 68' lang='lat' dir='ltr'><strong>andem</strong></span> <span class='ocrx_word' id='word_1_437' title='bbox 1262 3328 1461 3395; x_wconf 61' lang='lat' dir='ltr'><strong>dicere,</strong></span> <span class='ocrx_word' id='word_1_438' title='bbox 1482 3329 1568 3384; x_wconf 71' lang='lat' dir='ltr'><strong>vel</strong></span> <span class='ocrx_word' id='word_1_439' title='bbox 1598 3332 2009 3401; x_wconf 47' lang='lat' dir='ltr'><strong>amcam/mlum,</strong></span> <span class='ocrx_word' id='word_1_440' title='bbox 2034 3333 2178 3404; x_wconf 71' lang='lat' dir='ltr'><strong>quod</strong></span> <span class='ocrx_word' id='word_1_441' title='bbox 2204 3340 2255 3407; x_wconf 66' lang='grc' dir='ltr'>α</span> <span class='ocrx_word' id='word_1_442' title='bbox 2285 3318 2509 3373; x_wconf 82' lang='lat' dir='ltr'><strong>fratrum</strong></span> <span class='ocrx_word' id='word_1_443' title='bbox 2561 3321 2901 3388; x_wconf 81' lang='lat' dir='ltr'><strong>praesentiam</strong></span> <span class='ocrx_word' id='word_1_444' title='bbox 2930 3324 3104 3376; x_wconf 90' lang='lat' dir='ltr'><strong>sancti</strong></span> <span class='ocrx_word' id='word_1_445' title='bbox 3135 3323 3346 3378; x_wconf 89' lang='lat' dir='ltr'><strong>abbatis</strong></span> <span class='ocrx_word' id='word_1_446' title='bbox 3387 3340 3508 3380; x_wconf 90' lang='lat' dir='ltr'><strong>esse</strong></span> <span class='ocrx_word' id='word_1_447' title='bbox 3556 3342 3764 3380; x_wconf 90' lang='lat' dir='ltr'><strong>summe</strong></span> <span class='ocrx_word' id='word_1_448' title='bbox 3793 3343 3886 3381; x_wconf 84' lang='lat' dir='ltr'><strong>ne-</strong></span> 
     </span>
    </p>
   </div>
   <div class='ocr_carea' id='block_1_63' title="bbox 585 3419 2183 3492">
    <p class='ocr_par' dir='ltr' id='par_1_63' title="bbox 585 3419 2183 3492">
     <span class='ocr_line' id='line_1_63' title="bbox 585 3419 2183 3492; baseline 0.004 -18"><span class='ocrx_word' id='word_1_449' title='bbox 585 3420 791 3492; x_wconf 85' lang='lat' dir='ltr'><strong>proprii</strong></span> <span class='ocrx_word' id='word_1_450' title='bbox 830 3419 1099 3488; x_wconf 90' lang='lat' dir='ltr'><strong>primatis,</strong></span> <span class='ocrx_word' id='word_1_451' title='bbox 1133 3420 1238 3475; x_wconf 91' lang='lat' dir='ltr'><strong>hoc</strong></span> <span class='ocrx_word' id='word_1_452' title='bbox 1267 3428 1349 3474; x_wconf 91' lang='lat' dir='ltr'><strong>est</strong></span> <span class='ocrx_word' id='word_1_453' title='bbox 1378 3421 1817 3490; x_wconf 89' lang='lat' dir='ltr'><strong>Carthaginensis</strong></span> <span class='ocrx_word' id='word_1_454' title='bbox 1858 3425 2183 3482; x_wconf 83' lang='lat' dir='ltr'><strong>auctoritate</strong></span> 
     </span>
    </p>
   </div>
   <div class='ocr_carea' id='block_1_64' title="bbox 581 3507 2181 3579">
    <p class='ocr_par' dir='ltr' id='par_1_64' title="bbox 581 3507 2181 3579">
     <span class='ocr_line' id='line_1_64' title="bbox 581 3507 2181 3579; baseline 0.004 -13"><span class='ocrx_word' id='word_1_455' title='bbox 581 3512 717 3573; x_wconf 90' lang='lat' dir='ltr'><strong>sola,</strong></span> <span class='ocrx_word' id='word_1_456' title='bbox 750 3517 1067 3579; x_wconf 86' lang='lat' dir='ltr'><strong>regeretur:</strong></span> <span class='ocrx_word' id='word_1_457' title='bbox 1102 3507 1264 3574; x_wconf 75' lang='lat' dir='ltr'><strong>Quasi</strong></span> <span class='ocrx_word' id='word_1_458' title='bbox 1312 3529 1426 3566; x_wconf 81' lang='lat' dir='ltr'><strong>vero</strong></span> <span class='ocrx_word' id='word_1_459' title='bbox 1457 3513 1525 3566; x_wconf 86' lang='lat' dir='ltr'><strong>ad</strong></span> <span class='ocrx_word' id='word_1_460' title='bbox 1571 3513 1861 3569; x_wconf 84' lang='lat' dir='ltr'><strong>Romanam</strong></span> <span class='ocrx_word' id='word_1_461' title='bbox 1893 3514 2181 3572; x_wconf 86' lang='lat' dir='ltr'><strong>Ecclesiam</strong></span> 
     </span>
    </p>
   </div>
   <div class='ocr_carea' id='block_1_65' title="bbox 584 3604 2183 3677">
    <p class='ocr_par' dir='ltr' id='par_1_65' title="bbox 584 3604 2183 3677">
     <span class='ocr_line' id='line_1_65' title="bbox 584 3604 2183 3677; baseline 0.006 -20"><span class='ocrx_word' id='word_1_462' title='bbox 584 3612 796 3675; x_wconf 82' lang='lat' dir='ltr'><strong>propter</strong></span> <span class='ocrx_word' id='word_1_463' title='bbox 824 3604 1165 3673; x_wconf 85' lang='lat' dir='ltr'><strong>potentiorem</strong></span> <span class='ocrx_word' id='word_1_464' title='bbox 1217 3607 1689 3677; x_wconf 84' lang='lat' dir='ltr'><strong>principalitatem,</strong></span> <span class='ocrx_word' id='word_1_465' title='bbox 1739 3625 1946 3664; x_wconf 81' lang='lat' dir='ltr'><strong>necesse</strong></span> <span class='ocrx_word' id='word_1_466' title='bbox 1984 3628 2087 3666; x_wconf 87' lang='lat' dir='ltr'><strong>non</strong></span> <span class='ocrx_word' id='word_1_467' title='bbox 2115 3613 2183 3666; x_wconf 85' lang='lat' dir='ltr'><strong>sit</strong></span> 
     </span>
    </p>
   </div>
   <div class='ocr_carea' id='block_1_66' title="bbox 586 3694 2182 3773">
    <p class='ocr_par' dir='ltr' id='par_1_66' title="bbox 586 3694 2182 3773">
     <span class='ocr_line' id='line_1_66' title="bbox 586 3694 2182 3773; baseline 0.004 -24"><span class='ocrx_word' id='word_1_468' title='bbox 586 3712 789 3749; x_wconf 88' lang='lat' dir='ltr'><strong>onmem</strong></span> <span class='ocrx_word' id='word_1_469' title='bbox 821 3700 1092 3750; x_wconf 86' lang='lat' dir='ltr'><strong>convenire</strong></span> <span class='ocrx_word' id='word_1_470' title='bbox 1121 3694 1442 3763; x_wconf 80' lang='lat' dir='ltr'><strong>Ecclesiam,</strong></span> <span class='ocrx_word' id='word_1_471' title='bbox 1476 3699 1569 3753; x_wconf 77' lang='lat' dir='ltr'><strong>hoc</strong></span> <span class='ocrx_word' id='word_1_472' title='bbox 1598 3708 1675 3754; x_wconf 87' lang='lat' dir='ltr'><strong>est</strong></span> <span class='ocrx_word' id='word_1_473' title='bbox 1715 3718 1800 3756; x_wconf 85' lang='lat' dir='ltr'><strong>eos</strong></span> <span class='ocrx_word' id='word_1_474' title='bbox 1844 3702 1930 3772; x_wconf 87' lang='lat' dir='ltr'><strong>qui</strong></span> <span class='ocrx_word' id='word_1_475' title='bbox 1959 3703 2182 3773; x_wconf 87' lang='lat' dir='ltr'><strong>undique</strong></span> 
     </span>
    </p>
   </div>
   <div class='ocr_carea' id='block_1_67' title="bbox 584 3787 2179 3862">
    <p class='ocr_par' dir='ltr' id='par_1_67' title="bbox 584 3787 2179 3862">
     <span class='ocr_line' id='line_1_67' title="bbox 584 3787 2179 3862; baseline 0.005 -22"><span class='ocrx_word' id='word_1_476' title='bbox 584 3796 703 3841; x_wconf 88' lang='lat' dir='ltr'><strong>sunt</strong></span> <span class='ocrx_word' id='word_1_477' title='bbox 742 3787 942 3859; x_wconf 75' lang='lat' dir='ltr'><strong>fideles,</strong></span> <span class='ocrx_word' id='word_1_478' title='bbox 977 3794 1036 3842; x_wconf 91' lang='lat' dir='ltr'><strong>ut</strong></span> <span class='ocrx_word' id='word_1_479' title='bbox 1064 3788 1140 3843; x_wconf 89' lang='lat' dir='ltr'><strong>ait</strong></span> <span class='ocrx_word' id='word_1_480' title='bbox 1165 3787 1399 3845; x_wconf 67' lang='lat' dir='ltr'><strong>Irenmus</strong></span> <span class='ocrx_word' id='word_1_481' title='bbox 1431 3788 1582 3862; x_wconf 84' lang='lat' dir='ltr'><strong>(Lib.</strong></span> <span class='ocrx_word' id='word_1_482' title='bbox 1617 3808 1693 3857; x_wconf 86' lang='lat' dir='ltr'><strong>ill,</strong></span> <span class='ocrx_word' id='word_1_483' title='bbox 1726 3792 1926 3848; x_wconf 84' lang='lat' dir='ltr'><strong>advers.</strong></span> <span class='ocrx_word' id='word_1_484' title='bbox 1970 3792 2179 3848; x_wconf 85' lang='lat' dir='ltr'><strong>Valent.</strong></span> 
     </span>
    </p>
   </div>
   <div class='ocr_carea' id='block_1_68' title="bbox 589 3886 759 3957">
    <p class='ocr_par' dir='ltr' id='par_1_68' title="bbox 589 3886 759 3957">
     <span class='ocr_line' id='line_1_68' title="bbox 589 3886 759 3957; baseline 0.006 -18"><span class='ocrx_word' id='word_1_485' title='bbox 589 3902 635 3939; x_wconf 88' lang='lat' dir='ltr'><strong>c.</strong></span> <span class='ocrx_word' id='word_1_486' title='bbox 671 3886 759 3957; x_wconf 72' lang='grc' dir='ltr'><strong>δ).</strong></span> 
     </span>
    </p>
   </div>
   <div class='ocr_carea' id='block_1_69' title="bbox 658 3996 2184 4073">
    <p class='ocr_par' dir='ltr' id='par_1_69' title="bbox 658 3996 2184 4073">
     <span class='ocr_line' id='line_1_69' title="bbox 658 3996 2184 4073; baseline 0.006 -21"><span class='ocrx_word' id='word_1_487' title='bbox 658 3996 711 4052; x_wconf 91' lang='lat'><strong>8.</strong></span> <span class='ocrx_word' id='word_1_488' title='bbox 752 3996 972 4054; x_wconf 88' lang='lat' dir='ltr'><strong>Summa</strong></span> <span class='ocrx_word' id='word_1_489' title='bbox 998 3998 1112 4055; x_wconf 69' lang='lat' dir='ltr'><strong>haec</strong></span> <span class='ocrx_word' id='word_1_490' title='bbox 1132 3999 1396 4069; x_wconf 80' lang='lat' dir='ltr'><strong>Gregorio</strong></span> <span class='ocrx_word' id='word_1_491' title='bbox 1425 4001 1752 4058; x_wconf 91' lang='lat' dir='ltr'><strong>demandata</strong></span> <span class='ocrx_word' id='word_1_492' title='bbox 1774 4012 2037 4073; x_wconf 89' lang='lat' dir='ltr'><strong>potestas,</strong></span> <span class='ocrx_word' id='word_1_493' title='bbox 2067 4005 2184 4073; x_wconf 82' lang='lat' dir='ltr'><strong>ejus</strong></span> 
     </span>
    </p>
   </div>
   <div class='ocr_carea' id='block_1_70' title="bbox 585 4087 2184 4162">
    <p class='ocr_par' dir='ltr' id='par_1_70' title="bbox 585 4087 2184 4162">
     <span class='ocr_line' id='line_1_70' title="bbox 585 4087 2184 4162; baseline 0.004 -19"><span class='ocrx_word' id='word_1_494' title='bbox 585 4087 863 4143; x_wconf 65' lang='lat' dir='ltr'><strong>modestia:</strong></span> <span class='ocrx_word' id='word_1_495' title='bbox 907 4102 971 4144; x_wconf 88' lang='lat' dir='ltr'><strong>ac</strong></span> <span class='ocrx_word' id='word_1_496' title='bbox 1007 4088 1294 4145; x_wconf 87' lang='lat' dir='ltr'><strong>humilitati</strong></span> <span class='ocrx_word' id='word_1_497' title='bbox 1333 4092 1557 4149; x_wconf 90' lang='lat' dir='ltr'><strong>minime</strong></span> <span class='ocrx_word' id='word_1_498' title='bbox 1602 4091 1905 4160; x_wconf 82' lang='lat' dir='ltr'><strong>officiebat;</strong></span> <span class='ocrx_word' id='word_1_499' title='bbox 1954 4110 2184 4162; x_wconf 90' lang='lat' dir='ltr'><strong>quarum</strong></span> 
     </span>
    </p>
   </div>
   <div class='ocr_carea' id='block_1_71' title="bbox 586 4178 2185 4255">
    <p class='ocr_par' dir='ltr' id='par_1_71' title="bbox 586 4178 2185 4255">
     <span class='ocr_line' id='line_1_71' title="bbox 586 4178 2185 4255; baseline 0.006 -23"><span class='ocrx_word' id='word_1_500' title='bbox 586 4178 846 4232; x_wconf 87' lang='lat' dir='ltr'><strong>virtutum</strong></span> <span class='ocrx_word' id='word_1_501' title='bbox 864 4188 1239 4247; x_wconf 82' lang='lat' dir='ltr'><strong>argumentum</strong></span> <span class='ocrx_word' id='word_1_502' title='bbox 1260 4197 1392 4238; x_wconf 91' lang='lat' dir='ltr'><strong>sane</strong></span> <span class='ocrx_word' id='word_1_503' title='bbox 1412 4184 1705 4239; x_wconf 80' lang='lat' dir='ltr'><strong>maximum</strong></span> <span class='ocrx_word' id='word_1_504' title='bbox 1723 4192 1805 4239; x_wconf 87' lang='lat' dir='ltr'><strong>est</strong></span> <span class='ocrx_word' id='word_1_505' title='bbox 1826 4186 2055 4255; x_wconf 89' lang='lat' dir='ltr'><strong>epistola</strong></span> <span class='ocrx_word' id='word_1_506' title='bbox 2080 4186 2185 4241; x_wconf 90' lang='lat' dir='ltr'><strong>hoc</strong></span> 
     </span>
    </p>
   </div>
   <div class='ocr_carea' id='block_1_72' title="bbox 587 4268 2184 4342">
    <p class='ocr_par' dir='ltr' id='par_1_72' title="bbox 587 4268 2184 4342">
     <span class='ocr_line' id='line_1_72' title="bbox 587 4268 2184 4342; baseline 0.004 -18"><span class='ocrx_word' id='word_1_507' title='bbox 587 4284 732 4326; x_wconf 89' lang='lat' dir='ltr'><strong>anno</strong></span> <span class='ocrx_word' id='word_1_508' title='bbox 773 4269 843 4325; x_wconf 88' lang='lat' dir='ltr'><strong>ad</strong></span> <span class='ocrx_word' id='word_1_509' title='bbox 877 4268 1141 4327; x_wconf 89' lang='lat' dir='ltr'><strong>Joannem</strong></span> <span class='ocrx_word' id='word_1_510' title='bbox 1173 4274 1593 4342; x_wconf 89' lang='lat' dir='ltr'><strong>subdiaconum,</strong></span> <span class='ocrx_word' id='word_1_511' title='bbox 1636 4274 1907 4329; x_wconf 82' lang='lat' dir='ltr'><strong>Ravennae</strong></span> <span class='ocrx_word' id='word_1_512' title='bbox 1937 4289 2184 4332; x_wconf 89' lang='lat' dir='ltr'><strong>commo-</strong></span> 
     </span>
    </p>
   </div>
   <div class='ocr_carea' id='block_1_73' title="bbox 586 4361 2187 4437">
    <p class='ocr_par' dir='ltr' id='par_1_73' title="bbox 586 4361 2187 4437">
     <span class='ocr_line' id='line_1_73' title="bbox 586 4361 2187 4437; baseline 0.006 -21"><span class='ocrx_word' id='word_1_513' title='bbox 586 4368 827 4427; x_wconf 85' lang='lat' dir='ltr'><strong>rantem,</strong></span> <span class='ocrx_word' id='word_1_514' title='bbox 857 4363 1080 4433; x_wconf 87' lang='lat' dir='ltr'><strong>scripta.</strong></span> <span class='ocrx_word' id='word_1_515' title='bbox 1132 4361 1345 4422; x_wconf 90' lang='lat' dir='ltr'><strong>Etenim</strong></span> <span class='ocrx_word' id='word_1_516' title='bbox 1392 4367 1446 4422; x_wconf 90' lang='lat' dir='ltr'><strong>in</strong></span> <span class='ocrx_word' id='word_1_517' title='bbox 1483 4383 1546 4423; x_wconf 89' lang='lat' dir='ltr'><strong>ea</strong></span> <span class='ocrx_word' id='word_1_518' title='bbox 1575 4382 1714 4437; x_wconf 86' lang='lat' dir='ltr'><strong>pene</strong></span> <span class='ocrx_word' id='word_1_519' title='bbox 1760 4368 2187 4437; x_wconf 83' lang='lat' dir='ltr'><strong>indignabundus</strong></span> 
     </span>
    </p>
   </div>
   <div class='ocr_carea' id='block_1_74' title="bbox 585 4453 2186 4529">
    <p class='ocr_par' dir='ltr' id='par_1_74' title="bbox 585 4453 2186 4529">
     <span class='ocr_line' id='line_1_74' title="bbox 585 4453 2186 4529; baseline 0.005 -22"><span class='ocrx_word' id='word_1_520' title='bbox 585 4453 831 4524; x_wconf 88' lang='lat' dir='ltr'><strong>queritur</strong></span> <span class='ocrx_word' id='word_1_521' title='bbox 845 4454 912 4510; x_wconf 89' lang='lat' dir='ltr'><strong>de</strong></span> <span class='ocrx_word' id='word_1_522' title='bbox 934 4453 1231 4512; x_wconf 85' lang='lat' dir='ltr'><strong>Mariniano</strong></span> <span class='ocrx_word' id='word_1_523' title='bbox 1252 4458 1666 4528; x_wconf 88' lang='lat' dir='ltr'><strong>archiepiscopo</strong></span> <span class='ocrx_word' id='word_1_524' title='bbox 1691 4459 2026 4526; x_wconf 89' lang='lat' dir='ltr'><strong>Ravennate,</strong></span> <span class='ocrx_word' id='word_1_525' title='bbox 2042 4461 2186 4529; x_wconf 93' lang='lat' dir='ltr'><strong>quod</strong></span> 
     </span>
    </p>
   </div>
   <div class='ocr_carea' id='block_1_75' title="bbox 587 4545 2182 4622">
    <p class='ocr_par' dir='ltr' id='par_1_75' title="bbox 587 4545 2182 4622">
     <span class='ocr_line' id='line_1_75' title="bbox 587 4545 2182 4622; baseline 0.005 -19"><span class='ocrx_word' id='word_1_526' title='bbox 587 4545 693 4615; x_wconf 83' lang='lat' dir='ltr'><strong>legi</strong></span> <span class='ocrx_word' id='word_1_527' title='bbox 721 4547 935 4618; x_wconf 87' lang='lat' dir='ltr'><strong>publice</strong></span> <span class='ocrx_word' id='word_1_528' title='bbox 976 4547 1185 4605; x_wconf 85' lang='lat' dir='ltr'><strong>faceret</strong></span> <span class='ocrx_word' id='word_1_529' title='bbox 1213 4551 1279 4605; x_wconf 89' lang='lat' dir='ltr'><strong>ad</strong></span> <span class='ocrx_word' id='word_1_530' title='bbox 1314 4552 1521 4621; x_wconf 83' lang='lat' dir='ltr'><strong>vigilias</strong></span> <span class='ocrx_word' id='word_1_531' title='bbox 1550 4560 1837 4607; x_wconf 87' lang='lat' dir='ltr'><strong>commenta</strong></span> <span class='ocrx_word' id='word_1_532' title='bbox 1885 4553 2019 4608; x_wconf 80' lang='lat' dir='ltr'><strong>beati</strong></span> <span class='ocrx_word' id='word_1_533' title='bbox 2047 4554 2182 4622; x_wconf 85' lang='lat' dir='ltr'><strong>Job,</strong></span> 
     </span>
    </p>
   </div>
   <div class='ocr_carea' id='block_1_76' title="bbox 587 4639 2184 4714">
    <p class='ocr_par' dir='ltr' id='par_1_76' title="bbox 587 4639 2184 4714">
     <span class='ocr_line' id='line_1_76' title="bbox 587 4639 2184 4714; baseline 0.006 -22"><span class='ocrx_word' id='word_1_534' title='bbox 587 4639 734 4709; x_wconf 90' lang='lat' dir='ltr'><strong>quia,</strong></span> <span class='ocrx_word' id='word_1_535' title='bbox 762 4640 957 4711; x_wconf 87' lang='lat' dir='ltr'><strong>inquit,</strong></span> <span class='ocrx_word' id='word_1_536' title='bbox 983 4640 1115 4696; x_wconf 89' lang='lat' dir='ltr'><strong>illud</strong></span> <span class='ocrx_word' id='word_1_537' title='bbox 1144 4656 1281 4711; x_wconf 91' lang='lat' dir='ltr'><strong>opus</strong></span> <span class='ocrx_word' id='word_1_538' title='bbox 1309 4658 1416 4697; x_wconf 90' lang='lat' dir='ltr'><strong>non</strong></span> <span class='ocrx_word' id='word_1_539' title='bbox 1449 4656 1531 4697; x_wconf 86' lang='lat' dir='ltr'><strong>est</strong></span> <span class='ocrx_word' id='word_1_540' title='bbox 1572 4644 1929 4714; x_wconf 90' lang='lat' dir='ltr'><strong>populare,et</strong></span> <span class='ocrx_word' id='word_1_541' title='bbox 1957 4644 2184 4702; x_wconf 90' lang='lat' dir='ltr'><strong>rudibus</strong></span> 
     </span>
    </p>
   </div>
   <div class='ocr_carea' id='block_1_77' title="bbox 2288 3412 3886 3486">
    <p class='ocr_par' dir='ltr' id='par_1_77' title="bbox 2288 3412 3886 3486">
     <span class='ocr_line' id='line_1_77' title="bbox 2288 3412 3886 3486; baseline 0.007 -21"><span class='ocrx_word' id='word_1_542' title='bbox 2288 3412 2597 3479; x_wconf 90' lang='lat' dir='ltr'><strong>cessariam,</strong></span> <span class='ocrx_word' id='word_1_543' title='bbox 2632 3414 2683 3468; x_wconf 90' lang='lat' dir='ltr'><strong>ei</strong></span> <span class='ocrx_word' id='word_1_544' title='bbox 2713 3414 2891 3469; x_wconf 92' lang='lat' dir='ltr'><strong>redire</strong></span> <span class='ocrx_word' id='word_1_545' title='bbox 2914 3416 3181 3486; x_wconf 90' lang='lat' dir='ltr'><strong>permisit,</strong></span> <span class='ocrx_word' id='word_1_546' title='bbox 3213 3432 3444 3486; x_wconf 88' lang='lat' dir='ltr'><strong>eumque</strong></span> <span class='ocrx_word' id='word_1_547' title='bbox 3490 3420 3886 3476; x_wconf 81' lang='lat' dir='ltr'><strong>commendavit</strong></span> 
     </span>
    </p>
   </div>
   <div class='ocr_carea' id='block_1_78' title="bbox 2286 3504 3884 3581">
    <p class='ocr_par' dir='ltr' id='par_1_78' title="bbox 2286 3504 3884 3581">
     <span class='ocr_line' id='line_1_78' title="bbox 2286 3504 3884 3581; baseline 0.006 -24"><span class='ocrx_word' id='word_1_548' title='bbox 2286 3504 2613 3571; x_wconf 88' lang='lat' dir='ltr'><strong>Mariniano;</strong></span> <span class='ocrx_word' id='word_1_549' title='bbox 2646 3520 2808 3574; x_wconf 89' lang='lat' dir='ltr'><strong>quem</strong></span> <span class='ocrx_word' id='word_1_550' title='bbox 2848 3509 3057 3577; x_wconf 86' lang='lat' dir='ltr'><strong>rogavit</strong></span> <span class='ocrx_word' id='word_1_551' title='bbox 3095 3517 3153 3562; x_wconf 91' lang='lat' dir='ltr'><strong>ut</strong></span> <span class='ocrx_word' id='word_1_552' title='bbox 3195 3517 3476 3581; x_wconf 87' lang='lat' dir='ltr'><strong>paternam</strong></span> <span class='ocrx_word' id='word_1_553' title='bbox 3508 3509 3581 3563; x_wconf 91' lang='lat' dir='ltr'><strong>illi</strong></span> <span class='ocrx_word' id='word_1_554' title='bbox 3610 3523 3884 3567; x_wconf 89' lang='lat' dir='ltr'><strong>monaste-</strong></span> 
     </span>
    </p>
   </div>
   <div class='ocr_carea' id='block_1_79' title="bbox 2287 3598 3884 3674">
    <p class='ocr_par' dir='ltr' id='par_1_79' title="bbox 2287 3598 3884 3674">
     <span class='ocr_line' id='line_1_79' title="bbox 2287 3598 3884 3674; baseline 0.006 -23"><span class='ocrx_word' id='word_1_555' title='bbox 2287 3598 2478 3667; x_wconf 89' lang='lat' dir='ltr'><strong>rioque</strong></span> <span class='ocrx_word' id='word_1_556' title='bbox 2507 3599 2675 3668; x_wconf 90' lang='lat' dir='ltr'><strong>ipsius</strong></span> <span class='ocrx_word' id='word_1_557' title='bbox 2707 3600 3026 3657; x_wconf 89' lang='lat' dir='ltr'><strong>charitatem</strong></span> <span class='ocrx_word' id='word_1_558' title='bbox 3048 3641 3063 3667; x_wconf 91' lang='lat'><strong>,</strong></span> <span class='ocrx_word' id='word_1_559' title='bbox 3113 3602 3189 3656; x_wconf 90' lang='lat' dir='ltr'><strong>uti</strong></span> <span class='ocrx_word' id='word_1_560' title='bbox 3220 3602 3476 3668; x_wconf 89' lang='lat' dir='ltr'><strong>decebat,</strong></span> <span class='ocrx_word' id='word_1_561' title='bbox 3528 3604 3884 3674; x_wconf 81' lang='lat' dir='ltr'><strong>impenderet.</strong></span> 
     </span>
    </p>
   </div>
   <div class='ocr_carea' id='block_1_80' title="bbox 2285 3689 3885 3766">
    <p class='ocr_par' dir='ltr' id='par_1_80' title="bbox 2285 3689 3885 3766">
     <span class='ocr_line' id='line_1_80' title="bbox 2285 3689 3885 3766; baseline 0.005 -23"><span class='ocrx_word' id='word_1_562' title='bbox 2285 3689 2556 3745; x_wconf 82' lang='lat' dir='ltr'><strong>Mortuum</strong></span> <span class='ocrx_word' id='word_1_563' title='bbox 2581 3706 2704 3745; x_wconf 92' lang='lat' dir='ltr'><strong>eum</strong></span> <span class='ocrx_word' id='word_1_564' title='bbox 2728 3691 2893 3747; x_wconf 89' lang='lat' dir='ltr'><strong>fuisse</strong></span> <span class='ocrx_word' id='word_1_565' title='bbox 2917 3694 3254 3762; x_wconf 88' lang='lat' dir='ltr'><strong>suspicamur</strong></span> <span class='ocrx_word' id='word_1_566' title='bbox 3282 3694 3446 3764; x_wconf 87' lang='lat' dir='ltr'><strong>paulo</strong></span> <span class='ocrx_word' id='word_1_567' title='bbox 3476 3705 3596 3749; x_wconf 89' lang='lat' dir='ltr'><strong>ante</strong></span> <span class='ocrx_word' id='word_1_568' title='bbox 3626 3696 3885 3766; x_wconf 86' lang='lat' dir='ltr'><strong>scriptam</strong></span> 
     </span>
    </p>
   </div>
   <div class='ocr_carea' id='block_1_81' title="bbox 2286 3777 3885 3855">
    <p class='ocr_par' dir='ltr' id='par_1_81' title="bbox 2286 3777 3885 3855">
     <span class='ocr_line' id='line_1_81' title="bbox 2286 3777 3885 3855; baseline 0.003 -23"><span class='ocrx_word' id='word_1_569' title='bbox 2286 3778 2353 3833; x_wconf 89' lang='lat' dir='ltr'><strong>ad</strong></span> <span class='ocrx_word' id='word_1_570' title='bbox 2375 3777 2641 3834; x_wconf 86' lang='lat' dir='ltr'><strong>Joannem</strong></span> <span class='ocrx_word' id='word_1_571' title='bbox 2665 3779 3056 3836; x_wconf 89' lang='lat' dir='ltr'><strong>subdiaconum</strong></span> <span class='ocrx_word' id='word_1_572' title='bbox 3085 3782 3369 3851; x_wconf 89' lang='lat' dir='ltr'><strong>epistolam</strong></span> <span class='ocrx_word' id='word_1_573' title='bbox 3396 3780 3533 3852; x_wconf 86' lang='lat' dir='ltr'><strong>(Lib.</strong></span> <span class='ocrx_word' id='word_1_574' title='bbox 3550 3799 3641 3845; x_wconf 79' lang='lat' dir='ltr'><strong>xu,</strong></span> <span class='ocrx_word' id='word_1_575' title='bbox 3668 3800 3753 3853; x_wconf 78' lang='lat' dir='ltr'><strong>ep.</strong></span> <span class='ocrx_word' id='word_1_576' title='bbox 3770 3784 3885 3855; x_wconf 64' lang='grc' dir='ltr'><strong>Ἡ),</strong></span> 
     </span>
    </p>
   </div>
   <div class='ocr_carea' id='block_1_82' title="bbox 2287 3870 3882 3941">
    <p class='ocr_par' dir='ltr' id='par_1_82' title="bbox 2287 3870 3882 3941">
     <span class='ocr_line' id='line_1_82' title="bbox 2287 3870 3882 3941; baseline 0.004 -16"><span class='ocrx_word' id='word_1_577' title='bbox 2287 3870 2439 3940; x_wconf 65' lang='lat' dir='ltr'><strong>cuius</strong></span> <span class='ocrx_word' id='word_1_578' title='bbox 2473 3871 2585 3941; x_wconf 90' lang='lat' dir='ltr'><strong>jam</strong></span> <span class='ocrx_word' id='word_1_579' title='bbox 2615 3872 2954 3927; x_wconf 91' lang='lat' dir='ltr'><strong>meminimus</strong></span> <span class='ocrx_word' id='word_1_580' title='bbox 2974 3912 2987 3936; x_wconf 95' lang='lat'><strong>,</strong></span> <span class='ocrx_word' id='word_1_581' title='bbox 3025 3873 3125 3928; x_wconf 93' lang='lat' dir='ltr'><strong>hoc</strong></span> <span class='ocrx_word' id='word_1_582' title='bbox 3151 3882 3232 3928; x_wconf 89' lang='lat' dir='ltr'><strong>est</strong></span> <span class='ocrx_word' id='word_1_583' title='bbox 3263 3889 3405 3929; x_wconf 89' lang='lat' dir='ltr'><strong>anno</strong></span> <span class='ocrx_word' id='word_1_584' title='bbox 3446 3874 3545 3927; x_wconf 82' lang='grc'><strong>601</strong></span> <span class='ocrx_word' id='word_1_585' title='bbox 3585 3875 3882 3932; x_wconf 74' lang='lat' dir='ltr'><strong>desinente.</strong></span> 
     </span>
    </p>
   </div>
   <div class='ocr_carea' id='block_1_83' title="bbox 2359 3970 3885 4045">
    <p class='ocr_par' dir='ltr' id='par_1_83' title="bbox 2359 3970 3885 4045">
     <span class='ocr_line' id='line_1_83' title="bbox 2359 3970 3885 4045; baseline 0.003 -19"><span class='ocrx_word' id='word_1_586' title='bbox 2359 3970 2445 4026; x_wconf 81' lang='grc'><strong>10.</strong></span> <span class='ocrx_word' id='word_1_587' title='bbox 2490 3971 2617 4027; x_wconf 88' lang='lat' dir='ltr'><strong>Post</strong></span> <span class='ocrx_word' id='word_1_588' title='bbox 2647 3974 2761 4041; x_wconf 89' lang='lat' dir='ltr'><strong>ejus</strong></span> <span class='ocrx_word' id='word_1_589' title='bbox 2791 3974 2995 4029; x_wconf 88' lang='lat' dir='ltr'><strong>obitum</strong></span> <span class='ocrx_word' id='word_1_590' title='bbox 3026 3976 3267 4028; x_wconf 75' lang='lat' dir='ltr'><strong>monac/ii</strong></span> <span class='ocrx_word' id='word_1_591' title='bbox 3316 3975 3428 4045; x_wconf 88' lang='lat' dir='ltr'><strong>ejus</strong></span> <span class='ocrx_word' id='word_1_592' title='bbox 3460 3979 3762 4030; x_wconf 83' lang='lat' dir='ltr'><strong>monasterii</strong></span> <span class='ocrx_word' id='word_1_593' title='bbox 3806 3995 3885 4031; x_wconf 74' lang='lat' dir='ltr'><strong>re-</strong></span> 
     </span>
    </p>
   </div>
   <div class='ocr_carea' id='block_1_84' title="bbox 2287 4066 3885 4136">
    <p class='ocr_par' dir='ltr' id='par_1_84' title="bbox 2287 4066 3885 4136">
     <span class='ocr_line' id='line_1_84' title="bbox 2287 4066 3885 4136; baseline 0.003 -17"><span class='ocrx_word' id='word_1_594' title='bbox 2287 4067 2484 4120; x_wconf 85' lang='lat' dir='ltr'><strong>nientes</strong></span> <span class='ocrx_word' id='word_1_595' title='bbox 2508 4066 2727 4121; x_wconf 81' lang='lat' dir='ltr'><strong>Romani</strong></span> <span class='ocrx_word' id='word_1_596' title='bbox 2757 4069 3014 4136; x_wconf 87' lang='lat' dir='ltr'><strong>petierunt</strong></span> <span class='ocrx_word' id='word_1_597' title='bbox 3053 4067 3152 4121; x_wconf 83' lang='lat' dir='ltr'><strong>sibi</strong></span> <span class='ocrx_word' id='word_1_598' title='bbox 3188 4066 3549 4123; x_wconf 82' lang='lat' dir='ltr'><strong>Constantium</strong></span> <span class='ocrx_word' id='word_1_599' title='bbox 3580 4070 3885 4123; x_wconf 85' lang='lat' dir='ltr'><strong>monachum</strong></span> 
     </span>
    </p>
   </div>
   <div class='ocr_carea' id='block_1_85' title="bbox 2288 4160 3883 4232">
    <p class='ocr_par' dir='ltr' id='par_1_85' title="bbox 2288 4160 3883 4232">
     <span class='ocr_line' id='line_1_85' title="bbox 2288 4160 3883 4232; baseline 0.002 -18"><span class='ocrx_word' id='word_1_600' title='bbox 2288 4161 2524 4216; x_wconf 87' lang='lat' dir='ltr'><strong>abbatem</strong></span> <span class='ocrx_word' id='word_1_601' title='bbox 2556 4163 2820 4217; x_wconf 82' lang='lat' dir='ltr'><strong>constitui.</strong></span> <span class='ocrx_word' id='word_1_602' title='bbox 2855 4160 2923 4215; x_wconf 85' lang='lat' dir='ltr'><strong>At</strong></span> <span class='ocrx_word' id='word_1_603' title='bbox 2951 4176 3074 4216; x_wconf 90' lang='lat' dir='ltr'><strong>eum</strong></span> <span class='ocrx_word' id='word_1_604' title='bbox 3103 4161 3324 4216; x_wconf 87' lang='lat' dir='ltr'><strong>minime</strong></span> <span class='ocrx_word' id='word_1_605' title='bbox 3364 4162 3616 4232; x_wconf 88' lang='lat' dir='ltr'><strong>probavit</strong></span> <span class='ocrx_word' id='word_1_606' title='bbox 3656 4164 3883 4218; x_wconf 87' lang='lat' dir='ltr'><strong>sanctis-</strong></span> 
     </span>
    </p>
   </div>
   <div class='ocr_carea' id='block_1_86' title="bbox 2288 4255 3885 4325">
    <p class='ocr_par' dir='ltr' id='par_1_86' title="bbox 2288 4255 3885 4325">
     <span class='ocr_line' id='line_1_86' title="bbox 2288 4255 3885 4325; baseline 0.001 -16"><span class='ocrx_word' id='word_1_607' title='bbox 2288 4256 2454 4310; x_wconf 79' lang='lat' dir='ltr'><strong>simus</strong></span> <span class='ocrx_word' id='word_1_608' title='bbox 2482 4264 2658 4325; x_wconf 88' lang='lat' dir='ltr'><strong>pater,</strong></span> <span class='ocrx_word' id='word_1_609' title='bbox 2683 4255 2828 4324; x_wconf 89' lang='lat' dir='ltr'><strong>quod</strong></span> <span class='ocrx_word' id='word_1_610' title='bbox 2854 4255 3211 4325; x_wconf 83' lang='lat' dir='ltr'><strong>peculiaritati</strong></span> <span class='ocrx_word' id='word_1_611' title='bbox 3243 4255 3461 4311; x_wconf 90' lang='lat' dir='ltr'><strong>studere</strong></span> <span class='ocrx_word' id='word_1_612' title='bbox 3506 4257 3798 4320; x_wconf 87' lang='lat' dir='ltr'><strong>diceretur,</strong></span> <span class='ocrx_word' id='word_1_613' title='bbox 3832 4267 3885 4312; x_wconf 92' lang='lat' dir='ltr'><strong>et</strong></span> 
     </span>
    </p>
   </div>
   <div class='ocr_carea' id='block_1_87' title="bbox 2290 4348 3889 4422">
    <p class='ocr_par' dir='ltr' id='par_1_87' title="bbox 2290 4348 3889 4422">
     <span class='ocr_line' id='line_1_87' title="bbox 2290 4348 3889 4422; baseline 0.002 -20"><span class='ocrx_word' id='word_1_614' title='bbox 2290 4348 2342 4403; x_wconf 87' lang='lat' dir='ltr'><strong>in</strong></span> <span class='ocrx_word' id='word_1_615' title='bbox 2371 4349 2553 4404; x_wconf 90' lang='lat' dir='ltr'><strong>Piceni</strong></span> <span class='ocrx_word' id='word_1_616' title='bbox 2583 4350 2919 4419; x_wconf 85' lang='lat' dir='ltr'><strong>provinciam</strong></span> <span class='ocrx_word' id='word_1_617' title='bbox 2950 4350 3281 4419; x_wconf 83' lang='lat' dir='ltr'><strong>perrexisset</strong></span> <span class='ocrx_word' id='word_1_618' title='bbox 3311 4351 3423 4403; x_wconf 83' lang='lat' dir='ltr'><strong>sine</strong></span> <span class='ocrx_word' id='word_1_619' title='bbox 3465 4351 3640 4422; x_wconf 88' lang='lat' dir='ltr'><strong>aliquo</strong></span> <span class='ocrx_word' id='word_1_620' title='bbox 3669 4353 3889 4421; x_wconf 77' lang='lat' dir='ltr'><strong>fratrum</strong></span> 
     </span>
    </p>
   </div>
   <div class='ocr_carea' id='block_1_88' title="bbox 2289 4440 3889 4511">
    <p class='ocr_par' dir='ltr' id='par_1_88' title="bbox 2289 4440 3889 4511">
     <span class='ocr_line' id='line_1_88' title="bbox 2289 4440 3889 4511; baseline 0.001 -17"><span class='ocrx_word' id='word_1_621' title='bbox 2289 4457 2519 4494; x_wconf 87' lang='lat' dir='ltr'><strong>suorum.</strong></span> <span class='ocrx_word' id='word_1_622' title='bbox 2575 4440 2652 4495; x_wconf 87' lang='lat' dir='ltr'><strong>Eo</strong></span> <span class='ocrx_word' id='word_1_623' title='bbox 2701 4441 2883 4510; x_wconf 90' lang='lat' dir='ltr'><strong>itaque</strong></span> <span class='ocrx_word' id='word_1_624' title='bbox 2917 4440 3117 4511; x_wconf 86' lang='lat' dir='ltr'><strong>rejecto</strong></span> <span class='ocrx_word' id='word_1_625' title='bbox 3160 4449 3436 4495; x_wconf 81' lang='lat' dir='ltr'><strong>consensrt</strong></span> <span class='ocrx_word' id='word_1_626' title='bbox 3465 4440 3705 4495; x_wconf 90' lang='lat' dir='ltr'><strong>ordinari</strong></span> <span class='ocrx_word' id='word_1_627' title='bbox 3737 4440 3889 4495; x_wconf 78' lang='lat' dir='ltr'><strong>Mau-</strong></span> 
     </span>
    </p>
   </div>
   <div class='ocr_carea' id='block_1_89' title="bbox 2290 4531 3888 4602">
    <p class='ocr_par' dir='ltr' id='par_1_89' title="bbox 2290 4531 3888 4602">
     <span class='ocr_line' id='line_1_89' title="bbox 2290 4531 3888 4602; baseline 0.002 -17"><span class='ocrx_word' id='word_1_628' title='bbox 2290 4548 2407 4586; x_wconf 89' lang='lat' dir='ltr'><strong>rum</strong></span> <span class='ocrx_word' id='word_1_629' title='bbox 2423 4532 2779 4597; x_wconf 88' lang='lat' dir='ltr'><strong>cellerarium,</strong></span> <span class='ocrx_word' id='word_1_630' title='bbox 2799 4532 2959 4586; x_wconf 90' lang='lat' dir='ltr'><strong>modo</strong></span> <span class='ocrx_word' id='word_1_631' title='bbox 2986 4547 3106 4600; x_wconf 76' lang='lat' dir='ltr'><strong>qua:</strong></span> <span class='ocrx_word' id='word_1_632' title='bbox 3131 4531 3378 4602; x_wconf 84' lang='lat' dir='ltr'><strong>deipsius</strong></span> <span class='ocrx_word' id='word_1_633' title='bbox 3409 4534 3515 4585; x_wconf 89' lang='lat' dir='ltr'><strong>vita</strong></span> <span class='ocrx_word' id='word_1_634' title='bbox 3547 4541 3603 4586; x_wconf 91' lang='lat' dir='ltr'><strong>et</strong></span> <span class='ocrx_word' id='word_1_635' title='bbox 3633 4532 3888 4588; x_wconf 84' lang='lat' dir='ltr'><strong>industria</strong></span> 
     </span>
    </p>
   </div>
   <div class='ocr_carea' id='block_1_90' title="bbox 2290 4622 3887 4694">
    <p class='ocr_par' dir='ltr' id='par_1_90' title="bbox 2290 4622 3887 4694">
     <span class='ocr_line' id='line_1_90' title="bbox 2290 4622 3887 4694; baseline 0 -15"><span class='ocrx_word' id='word_1_636' title='bbox 2290 4624 2627 4679; x_wconf 87' lang='lat' dir='ltr'><strong>testabantur</strong></span> <span class='ocrx_word' id='word_1_637' title='bbox 2655 4622 2745 4692; x_wconf 90' lang='lat' dir='ltr'><strong>qui</strong></span> <span class='ocrx_word' id='word_1_638' title='bbox 2773 4624 3050 4693; x_wconf 87' lang='lat' dir='ltr'><strong>elegerant</strong></span> <span class='ocrx_word' id='word_1_639' title='bbox 3090 4639 3217 4677; x_wconf 88' lang='lat' dir='ltr'><strong>vera</strong></span> <span class='ocrx_word' id='word_1_640' title='bbox 3247 4638 3368 4678; x_wconf 87' lang='lat' dir='ltr'><strong>esse</strong></span> <span class='ocrx_word' id='word_1_641' title='bbox 3403 4624 3783 4694; x_wconf 90' lang='lat' dir='ltr'><strong>probarentur.</strong></span> <span class='ocrx_word' id='word_1_642' title='bbox 3815 4624 3887 4679; x_wconf 88' lang='lat' dir='ltr'><strong>De</strong></span> 
     </span>
    </p>
   </div>
   <div class='ocr_carea' id='block_1_91' title="bbox 589 4716 2178 4805">
    <p class='ocr_par' dir='ltr' id='par_1_91' title="bbox 589 4730 2178 4805">
     <span class='ocr_line' id='line_1_91' title="bbox 589 4730 2178 4805; baseline 0.006 -20"><span class='ocrx_word' id='word_1_643' title='bbox 589 4730 927 4787; x_wconf 89' lang='lat' dir='ltr'><strong>auditoribus</strong></span> <span class='ocrx_word' id='word_1_644' title='bbox 959 4732 1405 4803; x_wconf 89' lang='lat' dir='ltr'><strong>impedimentum</strong></span> <span class='ocrx_word' id='word_1_645' title='bbox 1455 4734 1625 4803; x_wconf 83' lang='lat' dir='ltr'><strong>magis</strong></span> <span class='ocrx_word' id='word_1_646' title='bbox 1660 4749 1823 4803; x_wconf 91' lang='lat' dir='ltr'><strong>quam</strong></span> <span class='ocrx_word' id='word_1_647' title='bbox 1869 4747 2178 4805; x_wconf 85' lang='lat' dir='ltr'><strong>provectum</strong></span> 
     </span>
    </p>
   </div>
   <div class='ocr_carea' id='block_1_92' title="bbox 2282 4716 3889 4805">
    <p class='ocr_par' dir='ltr' id='par_1_92' title="bbox 2291 4716 3889 4790">
     <span class='ocr_line' id='line_1_92' title="bbox 2291 4716 3889 4790; baseline 0.001 -19"><span class='ocrx_word' id='word_1_648' title='bbox 2291 4717 2376 4771; x_wconf 89' lang='lat' dir='ltr'><strong>his</strong></span> <span class='ocrx_word' id='word_1_649' title='bbox 2424 4718 2640 4790; x_wconf 89' lang='lat' dir='ltr'><strong>scripsit</strong></span> <span class='ocrx_word' id='word_1_650' title='bbox 2684 4717 2750 4771; x_wconf 89' lang='lat' dir='ltr'><strong>ad</strong></span> <span class='ocrx_word' id='word_1_651' title='bbox 2797 4716 3059 4771; x_wconf 88' lang='lat' dir='ltr'><strong>Joannem</strong></span> <span class='ocrx_word' id='word_1_652' title='bbox 3100 4718 3523 4782; x_wconf 89' lang='lat' dir='ltr'><strong>subdiaconum,</strong></span> <span class='ocrx_word' id='word_1_653' title='bbox 3569 4718 3889 4787; x_wconf 86' lang='lat' dir='ltr'><strong>insuperque</strong></span> 
     </span>
    </p>
   </div>
   <div class='ocr_carea' id='block_1_93' title="bbox 589 4822 2186 4897">
    <p class='ocr_par' dir='ltr' id='par_1_93' title="bbox 589 4822 2186 4897">
     <span class='ocr_line' id='line_1_93' title="bbox 589 4822 2186 4897; baseline 0.004 -21"><span class='ocrx_word' id='word_1_654' title='bbox 589 4832 833 4890; x_wconf 82' lang='lat' dir='ltr'><strong>generat.</strong></span> <span class='ocrx_word' id='word_1_655' title='bbox 868 4823 1067 4879; x_wconf 85' lang='lat' dir='ltr'><strong>Addit:</strong></span> <span class='ocrx_word' id='word_1_656' title='bbox 1099 4822 1285 4897; x_wconf 89' lang='lat' dir='ltr'><strong>Neque</strong></span> <span class='ocrx_word' id='word_1_657' title='bbox 1328 4826 1465 4878; x_wconf 89' lang='lat' dir='ltr'><strong>enim</strong></span> <span class='ocrx_word' id='word_1_658' title='bbox 1494 4827 1607 4880; x_wconf 84' lang='lat' dir='ltr'><strong>uolo</strong></span> <span class='ocrx_word' id='word_1_659' title='bbox 1638 4825 1759 4879; x_wconf 87' lang='lat' dir='ltr'><strong>dum</strong></span> <span class='ocrx_word' id='word_1_660' title='bbox 1808 4827 1862 4880; x_wconf 89' lang='lat' dir='ltr'><strong>in</strong></span> <span class='ocrx_word' id='word_1_661' title='bbox 1904 4829 2000 4881; x_wconf 87' lang='lat' dir='ltr'><strong>hac</strong></span> <span class='ocrx_word' id='word_1_662' title='bbox 2030 4846 2186 4882; x_wconf 89' lang='lat' dir='ltr'><strong>carne</strong></span> 
     </span>
    </p>
   </div>
   <div class='ocr_carea' id='block_1_94' title="bbox 589 4917 2187 4991">
    <p class='ocr_par' dir='ltr' id='par_1_94' title="bbox 589 4917 2187 4991">
     <span class='ocr_line' id='line_1_94' title="bbox 589 4917 2187 4991; baseline 0.004 -22"><span class='ocrx_word' id='word_1_663' title='bbox 589 4930 723 4981; x_wconf 85' lang='lat' dir='ltr'><strong>sum,</strong></span> <span class='ocrx_word' id='word_1_664' title='bbox 755 4917 800 4970; x_wconf 88' lang='lat' dir='ltr'><strong>si</strong></span> <span class='ocrx_word' id='word_1_665' title='bbox 838 4934 939 4987; x_wconf 88' lang='lat' dir='ltr'><strong>qua</strong></span> <span class='ocrx_word' id='word_1_666' title='bbox 970 4919 1165 4973; x_wconf 74' lang='lat' dir='ltr'><strong>dixisse</strong></span> <span class='ocrx_word' id='word_1_667' title='bbox 1210 4934 1292 4973; x_wconf 91' lang='lat' dir='ltr'><strong>me</strong></span> <span class='ocrx_word' id='word_1_668' title='bbox 1333 4919 1567 4990; x_wconf 84' lang='lat' dir='ltr'><strong>contigit,</strong></span> <span class='ocrx_word' id='word_1_669' title='bbox 1597 4936 1658 4974; x_wconf 85' lang='lat' dir='ltr'><strong>ea</strong></span> <span class='ocrx_word' id='word_1_670' title='bbox 1689 4921 1843 4991; x_wconf 75' lang='lat' dir='ltr'><strong>facile</strong></span> <span class='ocrx_word' id='word_1_671' title='bbox 1894 4921 2187 4977; x_wconf 78' lang='lat' dir='ltr'><strong>hominibus</strong></span> 
     </span>
    </p>
   </div>
   <div class='ocr_carea' id='block_1_95' title="bbox 591 5008 2187 5081">
    <p class='ocr_par' dir='ltr' id='par_1_95' title="bbox 591 5008 2187 5081">
     <span class='ocr_line' id='line_1_95' title="bbox 591 5008 2187 5081; baseline 0.007 -21"><span class='ocrx_word' id='word_1_672' title='bbox 591 5008 863 5064; x_wconf 85' lang='lat' dir='ltr'><strong>innotesci.</strong></span> <span class='ocrx_word' id='word_1_673' title='bbox 909 5008 1053 5065; x_wconf 89' lang='lat' dir='ltr'><strong>Nam</strong></span> <span class='ocrx_word' id='word_1_674' title='bbox 1078 5012 1202 5081; x_wconf 89' lang='lat' dir='ltr'><strong>quia</strong></span> <span class='ocrx_word' id='word_1_675' title='bbox 1232 5010 1581 5067; x_wconf 76' lang='lat' dir='ltr'><strong>dilectissime</strong></span> <span class='ocrx_word' id='word_1_676' title='bbox 1622 5016 1886 5081; x_wconf 77' lang='lat' dir='ltr'><strong>memoria:</strong></span> <span class='ocrx_word' id='word_1_677' title='bbox 1913 5016 2187 5071; x_wconf 83' lang='lat' dir='ltr'><strong>Anatolius</strong></span> 
     </span>
    </p>
   </div>
   <div class='ocr_carea' id='block_1_96' title="bbox 591 5097 2190 5179">
    <p class='ocr_par' dir='ltr' id='par_1_96' title="bbox 591 5097 2190 5179">
     <span class='ocr_line' id='line_1_96' title="bbox 591 5097 2190 5179; baseline 0.007 -28"><span class='ocrx_word' id='word_1_678' title='bbox 591 5097 838 5154; x_wconf 86' lang='lat' dir='ltr'><strong>diaconus</strong></span> <span class='ocrx_word' id='word_1_679' title='bbox 887 5104 1140 5173; x_wconf 65' lang='lat' dir='ltr'><strong>quaerenti</strong></span> <span class='ocrx_word' id='word_1_680' title='bbox 1177 5118 1238 5155; x_wconf 86' lang='lat' dir='ltr'><strong>ac</strong></span> <span class='ocrx_word' id='word_1_681' title='bbox 1276 5102 1480 5173; x_wconf 84' lang='lat' dir='ltr'><strong>jubenti</strong></span> <span class='ocrx_word' id='word_1_682' title='bbox 1523 5105 1715 5160; x_wconf 86' lang='lat' dir='ltr'><strong>domno</strong></span> <span class='ocrx_word' id='word_1_683' title='bbox 1758 5108 2063 5179; x_wconf 87' lang='lat' dir='ltr'><strong>imperatori</strong></span> <span class='ocrx_word' id='word_1_684' title='bbox 2122 5108 2190 5162; x_wconf 90' lang='lat' dir='ltr'><strong>li-</strong></span> 
     </span>
    </p>
   </div>
   <div class='ocr_carea' id='block_1_97' title="bbox 592 5190 2188 5271">
    <p class='ocr_par' dir='ltr' id='par_1_97' title="bbox 592 5190 2188 5271">
     <span class='ocr_line' id='line_1_97' title="bbox 592 5190 2188 5271; baseline 0.006 -26"><span class='ocrx_word' id='word_1_685' title='bbox 592 5190 739 5245; x_wconf 82' lang='lat' dir='ltr'><strong>brum</strong></span> <span class='ocrx_word' id='word_1_686' title='bbox 769 5192 982 5265; x_wconf 73' lang='lat' dir='ltr'><strong>Regula:</strong></span> <span class='ocrx_word' id='word_1_687' title='bbox 1009 5194 1306 5250; x_wconf 86' lang='lat' dir='ltr'><strong>Pastoralis</strong></span> <span class='ocrx_word' id='word_1_688' title='bbox 1336 5195 1512 5266; x_wconf 80' lang='lat' dir='ltr'><strong>dedit,</strong></span> <span class='ocrx_word' id='word_1_689' title='bbox 1556 5214 1695 5270; x_wconf 70' lang='lat' dir='ltr'><strong>(egre</strong></span> <span class='ocrx_word' id='word_1_690' title='bbox 1742 5200 1941 5267; x_wconf 87' lang='lat' dir='ltr'><strong>suscepi</strong></span> <span class='ocrx_word' id='word_1_691' title='bbox 1982 5214 2000 5252; x_wconf 91' lang='lat'><strong><em>:</em></strong></span> <span class='ocrx_word' id='word_1_692' title='bbox 2040 5216 2188 5271; x_wconf 87' lang='lat' dir='ltr'><strong>quem</strong></span> 
     </span>
    </p>
   </div>
   <div class='ocr_carea' id='block_1_98' title="bbox 586 5287 2187 5361">
    <p class='ocr_par' dir='ltr' id='par_1_98' title="bbox 586 5287 2187 5361">
     <span class='ocr_line' id='line_1_98' title="bbox 586 5287 2187 5361; baseline 0.004 -21"><span class='ocrx_word' id='word_1_693' title='bbox 586 5287 943 5342; x_wconf 85' lang='lat' dir='ltr'><strong>sanctissimus</strong></span> <span class='ocrx_word' id='word_1_694' title='bbox 994 5290 1158 5357; x_wconf 80' lang='lat' dir='ltr'><strong>frater</strong></span> <span class='ocrx_word' id='word_1_695' title='bbox 1200 5297 1249 5343; x_wconf 89' lang='lat' dir='ltr'><strong>et</strong></span> <span class='ocrx_word' id='word_1_696' title='bbox 1296 5292 1629 5361; x_wconf 82' lang='lat' dir='ltr'><strong>coepiscopns</strong></span> <span class='ocrx_word' id='word_1_697' title='bbox 1685 5308 1831 5344; x_wconf 88' lang='lat' dir='ltr'><strong>meus</strong></span> <span class='ocrx_word' id='word_1_698' title='bbox 1875 5290 2187 5346; x_wconf 84' lang='lat' dir='ltr'><strong>Anastasius</strong></span> 
     </span>
    </p>
   </div>
   <div class='ocr_carea' id='block_1_99' title="bbox 590 5378 2190 5456">
    <p class='ocr_par' dir='ltr' id='par_1_99' title="bbox 590 5378 2190 5456">
     <span class='ocr_line' id='line_1_99' title="bbox 590 5378 2190 5456; baseline 0.004 -26"><span class='ocrx_word' id='word_1_699' title='bbox 590 5378 940 5433; x_wconf 79' lang='lat' dir='ltr'><strong>Antiochenus</strong></span> <span class='ocrx_word' id='word_1_700' title='bbox 968 5380 1025 5432; x_wconf 84' lang='lat' dir='ltr'><strong>in</strong></span> <span class='ocrx_word' id='word_1_701' title='bbox 1069 5378 1306 5436; x_wconf 71' lang='lat' dir='ltr'><strong>Graecam</strong></span> <span class='ocrx_word' id='word_1_702' title='bbox 1334 5382 1567 5456; x_wconf 84' lang='lat' dir='ltr'><strong>linguam</strong></span> <span class='ocrx_word' id='word_1_703' title='bbox 1600 5380 1882 5435; x_wconf 86' lang='lat' dir='ltr'><strong>transtulit.</strong></span> <span class='ocrx_word' id='word_1_704' title='bbox 1934 5379 2026 5449; x_wconf 85' lang='lat' dir='ltr'><strong>Et,</strong></span> <span class='ocrx_word' id='word_1_705' title='bbox 2056 5384 2190 5437; x_wconf 89' lang='lat' dir='ltr'><strong>sicut</strong></span> 
     </span>
    </p>
   </div>
   <div class='ocr_carea' id='block_1_100' title="bbox 589 5471 2189 5545">
    <p class='ocr_par' dir='ltr' id='par_1_100' title="bbox 589 5471 2189 5545">
     <span class='ocr_line' id='line_1_100' title="bbox 589 5471 2189 5545; baseline 0.003 -21"><span class='ocrx_word' id='word_1_706' title='bbox 589 5471 716 5525; x_wconf 82' lang='lat' dir='ltr'><strong>mihi</strong></span> <span class='ocrx_word' id='word_1_707' title='bbox 743 5473 992 5542; x_wconf 82' lang='lat' dir='ltr'><strong>scriptum</strong></span> <span class='ocrx_word' id='word_1_708' title='bbox 1033 5480 1144 5541; x_wconf 88' lang='lat' dir='ltr'><strong>est,</strong></span> <span class='ocrx_word' id='word_1_709' title='bbox 1188 5476 1234 5529; x_wconf 87' lang='lat' dir='ltr'><strong>ei</strong></span> <span class='ocrx_word' id='word_1_710' title='bbox 1273 5476 1422 5530; x_wconf 83' lang='lat' dir='ltr'><strong>valde</strong></span> <span class='ocrx_word' id='word_1_711' title='bbox 1468 5473 1699 5545; x_wconf 86' lang='lat' dir='ltr'><strong>placuit,</strong></span> <span class='ocrx_word' id='word_1_712' title='bbox 1746 5472 1837 5526; x_wconf 88' lang='lat' dir='ltr'><strong>sed</strong></span> <span class='ocrx_word' id='word_1_713' title='bbox 1886 5473 2012 5527; x_wconf 87' lang='lat' dir='ltr'><strong>mihi</strong></span> <span class='ocrx_word' id='word_1_714' title='bbox 2040 5474 2189 5530; x_wconf 86' lang='lat' dir='ltr'><strong>valde</strong></span> 
     </span>
    </p>
   </div>
   <div class='ocr_carea' id='block_1_101' title="bbox 591 5559 2185 5636">
    <p class='ocr_par' dir='ltr' id='par_1_101' title="bbox 591 5559 2185 5636">
     <span class='ocr_line' id='line_1_101' title="bbox 591 5559 2185 5636; baseline 0.004 -23"><span class='ocrx_word' id='word_1_715' title='bbox 591 5559 875 5630; x_wconf 83' lang='lat' dir='ltr'><strong>displicuit,</strong></span> <span class='ocrx_word' id='word_1_716' title='bbox 898 5570 954 5615; x_wconf 91' lang='lat' dir='ltr'><strong>ut</strong></span> <span class='ocrx_word' id='word_1_717' title='bbox 975 5565 1063 5633; x_wconf 89' lang='lat' dir='ltr'><strong>qui</strong></span> <span class='ocrx_word' id='word_1_718' title='bbox 1088 5565 1304 5620; x_wconf 86' lang='lat' dir='ltr'><strong>meliora</strong></span> <span class='ocrx_word' id='word_1_719' title='bbox 1332 5564 1540 5629; x_wconf 82' lang='lat' dir='ltr'><strong>habent,</strong></span> <span class='ocrx_word' id='word_1_720' title='bbox 1570 5562 1626 5615; x_wconf 87' lang='lat' dir='ltr'><strong>in</strong></span> <span class='ocrx_word' id='word_1_721' title='bbox 1669 5562 1897 5618; x_wconf 88' lang='lat' dir='ltr'><strong>minimis</strong></span> <span class='ocrx_word' id='word_1_722' title='bbox 1927 5580 2185 5636; x_wconf 86' lang='lat' dir='ltr'><strong>occupen-</strong></span> 
     </span>
    </p>
   </div>
   <div class='ocr_carea' id='block_1_102' title="bbox 591 5649 1232 5723">
    <p class='ocr_par' dir='ltr' id='par_1_102' title="bbox 591 5649 1232 5723">
     <span class='ocr_line' id='line_1_102' title="bbox 591 5649 1232 5723; baseline 0.016 -23"><span class='ocrx_word' id='word_1_723' title='bbox 591 5656 676 5702; x_wconf 84' lang='lat' dir='ltr'><strong>tur</strong></span> <span class='ocrx_word' id='word_1_724' title='bbox 706 5649 842 5721; x_wconf 85' lang='lat' dir='ltr'><strong>(Lib.</strong></span> <span class='ocrx_word' id='word_1_725' title='bbox 880 5668 973 5718; x_wconf 80' lang='lat' dir='ltr'><strong>xu,</strong></span> <span class='ocrx_word' id='word_1_726' title='bbox 998 5671 1080 5723; x_wconf 88' lang='lat' dir='ltr'><strong>ep.</strong></span> <span class='ocrx_word' id='word_1_727' title='bbox 1113 5654 1232 5723; x_wconf 71' lang='grc'><strong>24).</strong></span> 
     </span>
    </p>
   </div>
   <div class='ocr_carea' id='block_1_103' title="bbox 663 5749 2183 5832">
    <p class='ocr_par' dir='ltr' id='par_1_103' title="bbox 663 5749 2183 5832">
     <span class='ocr_line' id='line_1_103' title="bbox 663 5749 2183 5832; baseline 0.01 -28"><span class='ocrx_word' id='word_1_728' title='bbox 663 5749 717 5807; x_wconf 83' lang='grc'>9.</span> <span class='ocrx_word' id='word_1_729' title='bbox 747 5750 955 5832; x_wconf 14' lang='lat' dir='ltr'><strong>Eadem,</strong></span> <span class='ocrx_word' id='word_1_730' title='bbox 976 5754 1033 5811; x_wconf 89' lang='lat' dir='ltr'><strong>in</strong></span> <span class='ocrx_word' id='word_1_731' title='bbox 1058 5757 1286 5832; x_wconf 88' lang='lat' dir='ltr'><strong>epistola</strong></span> <span class='ocrx_word' id='word_1_732' title='bbox 1305 5751 1676 5828; x_wconf 59' lang='lat' dir='ltr'><strong>S.,Gregorius</strong></span> <span class='ocrx_word' id='word_1_733' title='bbox 1696 5757 1943 5815; x_wconf 87' lang='lat' dir='ltr'><strong>meminit</strong></span> <span class='ocrx_word' id='word_1_734' title='bbox 1962 5773 2183 5818; x_wconf 88' lang='lat' dir='ltr'><strong>suarum</strong></span> 
     </span>
    </p>
   </div>
   <div class='ocr_carea' id='block_1_104' title="bbox 2290 4810 3888 4883">
    <p class='ocr_par' dir='ltr' id='par_1_104' title="bbox 2290 4810 3888 4883">
     <span class='ocr_line' id='line_1_104' title="bbox 2290 4810 3888 4883; baseline -0.001 -18"><span class='ocrx_word' id='word_1_735' title='bbox 2290 4814 2548 4883; x_wconf 66' lang='lat' dir='ltr'><strong>praecepit</strong></span> <span class='ocrx_word' id='word_1_736' title='bbox 2593 4820 2651 4866; x_wconf 90' lang='lat' dir='ltr'><strong>ut</strong></span> <span class='ocrx_word' id='word_1_737' title='bbox 2695 4810 3047 4866; x_wconf 85' lang='lat' dir='ltr'><strong>Marinianum</strong></span> <span class='ocrx_word' id='word_1_738' title='bbox 3088 4812 3399 4883; x_wconf 87' lang='lat' dir='ltr'><strong>episc0pum</strong></span> <span class='ocrx_word' id='word_1_739' title='bbox 3429 4811 3768 4878; x_wconf 87' lang='lat' dir='ltr'><strong>admoneret,</strong></span> <span class='ocrx_word' id='word_1_740' title='bbox 3799 4826 3888 4880; x_wconf 81' lang='lat' dir='ltr'><strong>pe-</strong></span> 
     </span>
    </p>
   </div>
   <div class='ocr_carea' id='block_1_105' title="bbox 2293 4902 3890 4974">
    <p class='ocr_par' dir='ltr' id='par_1_105' title="bbox 2293 4902 3890 4974">
     <span class='ocr_line' id='line_1_105' title="bbox 2293 4902 3890 4974; baseline -0.001 -16"><span class='ocrx_word' id='word_1_741' title='bbox 2293 4903 2652 4958; x_wconf 90' lang='lat' dir='ltr'><strong>euliaritatem</strong></span> <span class='ocrx_word' id='word_1_742' title='bbox 2678 4918 2706 4957; x_wconf 91' lang='lat' dir='ltr'><strong>a</strong></span> <span class='ocrx_word' id='word_1_743' title='bbox 2739 4913 2973 4974; x_wconf 87' lang='lat' dir='ltr'><strong>quatuor</strong></span> <span class='ocrx_word' id='word_1_744' title='bbox 3004 4915 3094 4958; x_wconf 87' lang='lat' dir='ltr'><strong>aut</strong></span> <span class='ocrx_word' id='word_1_745' title='bbox 3123 4918 3153 4958; x_wconf 93' lang='lat' dir='ltr'><strong>a</strong></span> <span class='ocrx_word' id='word_1_746' title='bbox 3176 4904 3416 4974; x_wconf 90' lang='lat' dir='ltr'><strong>quinque</strong></span> <span class='ocrx_word' id='word_1_747' title='bbox 3451 4902 3731 4957; x_wconf 86' lang='lat' dir='ltr'><strong>monachis</strong></span> <span class='ocrx_word' id='word_1_748' title='bbox 3776 4916 3890 4957; x_wconf 88' lang='lat' dir='ltr'><strong>mo-</strong></span> 
     </span>
    </p>
   </div>
   <div class='ocr_carea' id='block_1_106' title="bbox 2292 4998 2817 5054">
    <p class='ocr_par' dir='ltr' id='par_1_106' title="bbox 2292 4998 2817 5054">
     <span class='ocr_line' id='line_1_106' title="bbox 2292 4998 2817 5054; baseline 0.004 -3"><span class='ocrx_word' id='word_1_749' title='bbox 2292 4998 2514 5054; x_wconf 88' lang='lat' dir='ltr'><strong>nasterii</strong></span> <span class='ocrx_word' id='word_1_750' title='bbox 2545 5014 2817 5054; x_wconf 87' lang='lat' dir='ltr'><strong>resecare.</strong></span> 
     </span>
    </p>
   </div>
   <div class='ocr_carea' id='block_1_107' title="bbox 2366 5108 3891 5186">
    <p class='ocr_par' dir='ltr' id='par_1_107' title="bbox 2366 5108 3891 5186">
     <span class='ocr_line' id='line_1_107' title="bbox 2366 5108 3891 5186; baseline -0.001 -20"><span class='ocrx_word' id='word_1_751' title='bbox 2366 5115 2529 5186; x_wconf 77' lang='lat'><strong>299</strong></span> <span class='ocrx_word' id='word_1_752' title='bbox 2562 5113 2650 5167; x_wconf 84' lang='grc'>11.</span> <span class='ocrx_word' id='word_1_753' title='bbox 2694 5111 2822 5167; x_wconf 81' lang='lat' dir='ltr'><strong>Haec</strong></span> <span class='ocrx_word' id='word_1_754' title='bbox 2852 5127 2983 5168; x_wconf 88' lang='lat' dir='ltr'><strong>sane</strong></span> <span class='ocrx_word' id='word_1_755' title='bbox 3011 5120 3136 5166; x_wconf 88' lang='lat' dir='ltr'><strong>sunt</strong></span> <span class='ocrx_word' id='word_1_756' title='bbox 3178 5118 3492 5180; x_wconf 88' lang='lat' dir='ltr'><strong>argumenta</strong></span> <span class='ocrx_word' id='word_1_757' title='bbox 3520 5108 3891 5166; x_wconf 85' lang='lat' dir='ltr'><strong>sollicitudinis</strong></span> 
     </span>
    </p>
   </div>
   <div class='ocr_carea' id='block_1_108' title="bbox 2293 5201 3887 5275">
    <p class='ocr_par' dir='ltr' id='par_1_108' title="bbox 2293 5201 3887 5275">
     <span class='ocr_line' id='line_1_108' title="bbox 2293 5201 3887 5275; baseline -0.004 -14"><span class='ocrx_word' id='word_1_758' title='bbox 2293 5213 2349 5261; x_wconf 90' lang='lat' dir='ltr'><strong>et</strong></span> <span class='ocrx_word' id='word_1_759' title='bbox 2374 5221 2518 5261; x_wconf 62' lang='lat' dir='ltr'><strong>cura:</strong></span> <span class='ocrx_word' id='word_1_760' title='bbox 2546 5204 2836 5275; x_wconf 84' lang='lat' dir='ltr'><strong>singularis</strong></span> <span class='ocrx_word' id='word_1_761' title='bbox 2863 5219 3022 5273; x_wconf 92' lang='lat' dir='ltr'><strong>quam</strong></span> <span class='ocrx_word' id='word_1_762' title='bbox 3050 5203 3270 5271; x_wconf 87' lang='lat' dir='ltr'><strong>gerebat</strong></span> <span class='ocrx_word' id='word_1_763' title='bbox 3297 5202 3366 5257; x_wconf 93' lang='lat' dir='ltr'><strong>de</strong></span> <span class='ocrx_word' id='word_1_764' title='bbox 3393 5210 3539 5259; x_wconf 90' lang='lat' dir='ltr'><strong>statu</strong></span> <span class='ocrx_word' id='word_1_765' title='bbox 3568 5201 3887 5266; x_wconf 88' lang='lat' dir='ltr'><strong>monastico,</strong></span> 
     </span>
    </p>
   </div>
   <div class='ocr_carea' id='block_1_109' title="bbox 2294 5292 3891 5367">
    <p class='ocr_par' dir='ltr' id='par_1_109' title="bbox 2294 5292 3891 5367">
     <span class='ocr_line' id='line_1_109' title="bbox 2294 5292 3891 5367; baseline -0.003 -15"><span class='ocrx_word' id='word_1_766' title='bbox 2294 5299 2491 5367; x_wconf 78' lang='lat' dir='ltr'><strong>Quanti</strong></span> <span class='ocrx_word' id='word_1_767' title='bbox 2518 5306 2697 5352; x_wconf 88' lang='lat' dir='ltr'><strong>autem</strong></span> <span class='ocrx_word' id='word_1_768' title='bbox 2728 5297 2880 5351; x_wconf 91' lang='lat' dir='ltr'><strong>illum</strong></span> <span class='ocrx_word' id='word_1_769' title='bbox 2909 5295 3109 5351; x_wconf 87' lang='lat' dir='ltr'><strong>faceret</strong></span> <span class='ocrx_word' id='word_1_770' title='bbox 3140 5294 3440 5366; x_wconf 83' lang='lat' dir='ltr'><strong>praesertim</strong></span> <span class='ocrx_word' id='word_1_771' title='bbox 3468 5294 3577 5349; x_wconf 93' lang='lat' dir='ltr'><strong>hoc</strong></span> <span class='ocrx_word' id='word_1_772' title='bbox 3624 5307 3769 5347; x_wconf 91' lang='lat' dir='ltr'><strong>anno</strong></span> <span class='ocrx_word' id='word_1_773' title='bbox 3799 5292 3891 5347; x_wconf 51' lang='lat' dir='ltr'><strong>de.</strong></span> 
     </span>
    </p>
   </div>
   <div class='ocr_carea' id='block_1_110' title="bbox 2292 5384 3891 5459">
    <p class='ocr_par' dir='ltr' id='par_1_110' title="bbox 2292 5384 3891 5459">
     <span class='ocr_line' id='line_1_110' title="bbox 2292 5384 3891 5459; baseline -0.005 -13"><span class='ocrx_word' id='word_1_774' title='bbox 2292 5390 2610 5447; x_wconf 89' lang='lat' dir='ltr'><strong>monstravit</strong></span> <span class='ocrx_word' id='word_1_775' title='bbox 2639 5389 2846 5445; x_wconf 91' lang='lat' dir='ltr'><strong>duabus</strong></span> <span class='ocrx_word' id='word_1_776' title='bbox 2885 5389 2939 5443; x_wconf 91' lang='lat' dir='ltr'><strong>in</strong></span> <span class='ocrx_word' id='word_1_777' title='bbox 2980 5388 3243 5459; x_wconf 85' lang='lat' dir='ltr'><strong>epistolis.</strong></span> <span class='ocrx_word' id='word_1_778' title='bbox 3290 5386 3370 5441; x_wconf 83' lang='lat' dir='ltr'><strong>Ex</strong></span> <span class='ocrx_word' id='word_1_779' title='bbox 3397 5387 3563 5457; x_wconf 89' lang='lat' dir='ltr'><strong>priori</strong></span> <span class='ocrx_word' id='word_1_780' title='bbox 3594 5386 3795 5455; x_wconf 89' lang='lat' dir='ltr'><strong>scripta</strong></span> <span class='ocrx_word' id='word_1_781' title='bbox 3826 5384 3891 5439; x_wconf 90' lang='lat' dir='ltr'><strong>ad</strong></span> 
     </span>
    </p>
   </div>
   <div class='ocr_carea' id='block_1_111' title="bbox 2293 5474 3888 5553">
    <p class='ocr_par' dir='ltr' id='par_1_111' title="bbox 2293 5474 3888 5553">
     <span class='ocr_line' id='line_1_111' title="bbox 2293 5474 3888 5553; baseline -0.006 -16"><span class='ocrx_word' id='word_1_782' title='bbox 2293 5482 2590 5547; x_wconf 84' lang='lat' dir='ltr'><strong>Passivum,</strong></span> <span class='ocrx_word' id='word_1_783' title='bbox 2644 5481 2957 5553; x_wconf 89' lang='lat' dir='ltr'><strong>episcopum</strong></span> <span class='ocrx_word' id='word_1_784' title='bbox 2988 5479 3299 5534; x_wconf 87' lang='lat' dir='ltr'><strong>Firmanum</strong></span> <span class='ocrx_word' id='word_1_785' title='bbox 3334 5477 3485 5552; x_wconf 89' lang='lat' dir='ltr'><strong>(Lib.</strong></span> <span class='ocrx_word' id='word_1_786' title='bbox 3520 5494 3622 5543; x_wconf 84' lang='lat' dir='ltr'><strong>xu,</strong></span> <span class='ocrx_word' id='word_1_787' title='bbox 3651 5495 3733 5547; x_wconf 81' lang='lat' dir='ltr'><strong>ep.</strong></span> <span class='ocrx_word' id='word_1_788' title='bbox 3770 5474 3888 5547; x_wconf 72' lang='grc'><strong>12),</strong></span> 
     </span>
    </p>
   </div>
   <div class='ocr_carea' id='block_1_112' title="bbox 2293 5566 3891 5643">
    <p class='ocr_par' dir='ltr' id='par_1_112' title="bbox 2293 5566 3891 5643">
     <span class='ocr_line' id='line_1_112' title="bbox 2293 5566 3891 5643; baseline -0.008 -11"><span class='ocrx_word' id='word_1_789' title='bbox 2293 5573 2906 5642; x_wconf 85' lang='lat' dir='ltr'><strong>colligitThomassinus</strong></span> <span class='ocrx_word' id='word_1_790' title='bbox 2938 5572 3119 5643; x_wconf 87' lang='lat' dir='ltr'><strong>(Part.</strong></span> <span class='ocrx_word' id='word_1_791' title='bbox 3140 5569 3309 5637; x_wconf 85' lang='lat' dir='ltr'><strong>u,lib.</strong></span> <span class='ocrx_word' id='word_1_792' title='bbox 3337 5588 3374 5637; x_wconf 83' lang='grc' dir='ltr'><strong>ι,</strong></span> <span class='ocrx_word' id='word_1_793' title='bbox 3399 5588 3445 5624; x_wconf 93' lang='lat' dir='ltr'><strong>c.</strong></span> <span class='ocrx_word' id='word_1_794' title='bbox 3475 5568 3568 5640; x_wconf 65' lang='lat'><strong>&#39;54)</strong></span> <span class='ocrx_word' id='word_1_795' title='bbox 3598 5566 3891 5622; x_wconf 83' lang='lat' dir='ltr'><strong>monacha-</strong></span> 
     </span>
    </p>
   </div>
   <div class='ocr_carea' id='block_1_113' title="bbox 2290 5663 3890 5733">
    <p class='ocr_par' dir='ltr' id='par_1_113' title="bbox 2290 5663 3890 5733">
     <span class='ocr_line' id='line_1_113' title="bbox 2290 5663 3890 5733; baseline -0.007 -9"><span class='ocrx_word' id='word_1_796' title='bbox 2290 5681 2403 5725; x_wconf 91' lang='lat' dir='ltr'><strong>tum</strong></span> <span class='ocrx_word' id='word_1_797' title='bbox 2450 5677 2577 5722; x_wconf 91' lang='lat' dir='ltr'><strong>tunc</strong></span> <span class='ocrx_word' id='word_1_798' title='bbox 2625 5668 2745 5722; x_wconf 90' lang='lat' dir='ltr'><strong>loco</strong></span> <span class='ocrx_word' id='word_1_799' title='bbox 2795 5666 3213 5721; x_wconf 84' lang='lat' dir='ltr'><strong>subdiaconatus</strong></span> <span class='ocrx_word' id='word_1_800' title='bbox 3268 5666 3453 5721; x_wconf 90' lang='lat' dir='ltr'><strong>fuisse.</strong></span> <span class='ocrx_word' id='word_1_801' title='bbox 3510 5663 3721 5733; x_wconf 86' lang='lat' dir='ltr'><strong>Quippe</strong></span> <span class='ocrx_word' id='word_1_802' title='bbox 3768 5675 3890 5715; x_wconf 89' lang='lat' dir='ltr'><strong>cum</strong></span> 
     </span>
    </p>
   </div>
   <div class='ocr_carea' id='block_1_114' title="bbox 2291 5756 3887 5834">
    <p class='ocr_par' dir='ltr' id='par_1_114' title="bbox 2291 5756 3887 5834">
     <span class='ocr_line' id='line_1_114' title="bbox 2291 5756 3887 5834; baseline -0.006 -17"><span class='ocrx_word' id='word_1_803' title='bbox 2291 5760 2575 5834; x_wconf 83' lang='lat' dir='ltr'><strong>Aprutium</strong></span> <span class='ocrx_word' id='word_1_804' title='bbox 2622 5759 2870 5816; x_wconf 87' lang='lat' dir='ltr'><strong>Castrum</strong></span> <span class='ocrx_word' id='word_1_805' title='bbox 2901 5759 3196 5815; x_wconf 83' lang='lat' dir='ltr'><strong>Firmensis</strong></span> <span class='ocrx_word' id='word_1_806' title='bbox 3236 5759 3498 5816; x_wconf 90' lang='lat' dir='ltr'><strong>territorii</strong></span> <span class='ocrx_word' id='word_1_807' title='bbox 3538 5756 3767 5812; x_wconf 87' lang='lat' dir='ltr'><strong>Pastore</strong></span> <span class='ocrx_word' id='word_1_808' title='bbox 3794 5767 3887 5808; x_wconf 83' lang='lat' dir='ltr'><strong>ca-</strong></span> 
     </span>
    </p>
   </div>
   <div class='ocr_carea' id='block_1_115' title="bbox 600 5913 3887 5995">
    <p class='ocr_par' dir='ltr' id='par_1_115' title="bbox 600 5913 3887 5995">
     <span class='ocr_line' id='line_1_115' title="bbox 600 5913 3887 5995; baseline 0.003 -26"><span class='ocrx_word' id='word_1_809' title='bbox 600 5934 603 5935; x_wconf 52' lang='lat'><strong><em>&#39;</em></strong></span> <span class='ocrx_word' id='word_1_810' title='bbox 666 5924 693 5953; x_wconf 75' lang='grc' dir='ltr'>ι</span> <span class='ocrx_word' id='word_1_811' title='bbox 731 5913 866 5995; x_wconf 64' lang='lat' dir='ltr'><strong>Vide</strong></span> <span class='ocrx_word' id='word_1_812' title='bbox 910 5932 996 5995; x_wconf 89' lang='lat' dir='ltr'><strong>ep.</strong></span> <span class='ocrx_word' id='word_1_813' title='bbox 1029 5916 1223 5995; x_wconf 61' lang='lat' dir='ltr'><strong>Felicis</strong></span> <span class='ocrx_word' id='word_1_814' title='bbox 1250 5932 1404 5995; x_wconf 51' lang='lat' dir='ltr'><strong>papg</strong></span> <span class='ocrx_word' id='word_1_815' title='bbox 1431 5916 1695 5989; x_wconf 86' lang='lat' dir='ltr'><strong>Dynamio</strong></span> <span class='ocrx_word' id='word_1_816' title='bbox 1720 5928 1775 5978; x_wconf 89' lang='lat' dir='ltr'><strong>et</strong></span> <span class='ocrx_word' id='word_1_817' title='bbox 1800 5918 2006 5979; x_wconf 85' lang='lat' dir='ltr'><strong>Sulidio</strong></span> <span class='ocrx_word' id='word_1_818' title='bbox 2032 5921 2344 5980; x_wconf 86' lang='lat' dir='ltr'><strong>consulibus</strong></span> <span class='ocrx_word' id='word_1_819' title='bbox 2388 5919 2572 5978; x_wconf 86' lang='lat' dir='ltr'><strong>datam</strong></span> <span class='ocrx_word' id='word_1_820' title='bbox 2614 5936 2706 5977; x_wconf 87' lang='lat' dir='ltr'><strong>an.</strong></span> <span class='ocrx_word' id='word_1_821' title='bbox 2750 5919 2890 5990; x_wconf 75' lang='lat'><strong>488,</strong></span> <span class='ocrx_word' id='word_1_822' title='bbox 2922 5931 2978 5981; x_wconf 90' lang='lat' dir='ltr'><strong>et</strong></span> <span class='ocrx_word' id='word_1_823' title='bbox 3016 5924 3241 5981; x_wconf 87' lang='lat' dir='ltr'><strong>consule</strong></span> <span class='ocrx_word' id='word_1_824' title='bbox 3288 5924 3481 5982; x_wconf 88' lang='lat' dir='ltr'><strong>histor.</strong></span> <span class='ocrx_word' id='word_1_825' title='bbox 3516 5923 3738 5980; x_wconf 87' lang='lat' dir='ltr'><strong>Vandal.</strong></span> <span class='ocrx_word' id='word_1_826' title='bbox 3767 5938 3887 5995; x_wconf 83' lang='lat' dir='ltr'><strong>per-</strong></span> 
     </span>
    </p>
   </div>
   <div class='ocr_carea' id='block_1_116' title="bbox 598 5980 1411 6056">
    <p class='ocr_par' dir='ltr' id='par_1_116' title="bbox 598 5980 1411 6056">
     <span class='ocr_line' id='line_1_116' title="bbox 598 5980 1411 6056; baseline 0 -14"><span class='ocrx_word' id='word_1_827' title='bbox 598 5992 772 6043; x_wconf 78' lang='lat' dir='ltr'><strong>secut.</strong></span> <span class='ocrx_word' id='word_1_828' title='bbox 802 5980 961 6056; x_wconf 54' lang='lat' dir='ltr'><strong>part:</strong></span> <span class='ocrx_word' id='word_1_829' title='bbox 976 6003 1037 6055; x_wconf 86' lang='grc' dir='ltr'><strong>ιι,</strong></span> <span class='ocrx_word' id='word_1_830' title='bbox 1063 6002 1115 6045; x_wconf 91' lang='lat' dir='ltr'><strong>c.</strong></span> <span class='ocrx_word' id='word_1_831' title='bbox 1146 5980 1411 6053; x_wconf 68' lang='lat' dir='ltr'><strong>12,&#39;n.&#39;9.</strong></span> 
     </span>
    </p>
   </div>
  </div>
