4130 6446
232 344 340 401 H9

697 341 757 397 S.
799 338 1129 397 GREGORII
1169 337 1385 397 MAGNI
1422 336 1606 411 VITA,
1645 336 1739 396 EX
1779 338 1944 399 EJUS
1983 340 2290 399 SCRIPTIS
2328 342 2724 404 ADORNATA.
2762 346 2891 407 LIB.
2931 347 3024 405 IV.

3411 352 3518 407 450

232 464 401 524 reret,
436 456 693 514 indicavit
722 456 781 512 S.
812 456 1103 527 Gregorius
1130 456 1506 529 Opportunum
1532 457 1820 528 quemdam
1850 460 1902 522 Α
1927 457 2069 514 facta
2111 458 2252 516 Deus
2282 460 2505 528 audivit,
2533 471 2592 518 ut
2634 462 2921 519 Theodoro
2967 463 3197 520 Siceota:
3241 471 3517 521 ostensum

230 553 301 609 ob
346 566 559 606 morum
609 550 994 617 innocentiam,
1026 549 1336 619 psalmodim
1379 550 1637 615 studium,
1671 564 1825 604 amo-

228 657 456 713 remque
485 641 750 696 orationis
788 656 818 694 a
866 640 1051 695 multis
1076 641 1374 709 laudatum,
1403 656 1563 711 quem
1604 639 1830 694 hortan-

232 737 362 792 dum
409 736 541 791 dicit
568 744 627 789 ut
654 735 730 789 vel
758 736 1042 789 monachus
1082 735 1180 806 fiat
1224 734 1302 788 vel
1346 731 1728 796 subdiaconus;
1778 738 1833 786 et

231 836 359 898 post
408 827 801 898 aliquantulum
849 823 1124 897 temporis
1155 827 1221 881 ad
1272 826 1595 896 pastoralem
1646 836 1829 878 curam

232 937 355 976 eum
381 921 574 976 suadet
596 919 1179 990 promovendum._Cur
1198 918 1287 973 hic
1308 918 1659 973 monachatus
1680 915 1835 971 ﬁeret

231 1017 441 1071 mentio
472 1016 631 1072 sicuti
661 1015 1099 1078 subdiaconatus,
1124 1012 1340 1081 quando
1370 1012 1437 1066 de
1464 1011 1832 1083 promovendo

234 1108 301 1163 ad
324 1108 690 1163 sacerdotium
712 1106 1029 1177 Opportuno
1045 1106 1240 1174 agitur,
1258 1104 1360 1159 nisi
1381 1120 1535 1174 teque
1557 1104 1626 1158 ad
1646 1118 1833 1159 sacros

234 1198 453 1254 ordines
479 1199 828 1269 disponeret?
868 1197 935 1251 Et
983 1197 1103 1251 ideo
1142 1197 1371 1251 fortasse
1416 1195 1473 1250 8.
1516 1194 1835 1250 Benedictus

235 1293 329 1361 qui
371 1292 437 1347 de
475 1292 757 1348 monachis
801 1291 869 1345 ad
914 1291 1347 1361 presbyteratum
1391 1296 1445 1344 et
1491 1287 1833 1343 diaconatum

234 1385 573 1439 assumendis
624 1384 881 1453 loquitur,
912 1383 979 1437 de
1026 1380 1414 1436 subdiaconatu
1470 1379 1601 1448 ipsis
1646 1377 1833 1433 confe-
1882 1410 1887 1415 ι

236 1475 411 1529 rendo
439 1491 659 1578 prorsus
704 1475 849 1529 silet.
900 1472 1007 1527 Sed
1057 1471 1317 1540 legendus
1344 1485 1408 1524 ea
1438 1470 1505 1524 de
1545 1484 1605 1524 re
1652 1476 1839 1522 noster

238 1565 286 1578 ι.
329 1566 418 1578 ..ιι
500 1566 511 1577 ο
750 1566 761 1575 ο
893 1564 909 1578 ι
1013 1562 1051 1578 ,I
1098 1560 1351 1578 h_,_j!_-
1399 1560 1465 1578 19L
1519 1576 1548 1578 __
1601 1573 1660 1578 Α..
1709 1556 1812 1578 ana

236 1556 599 1629 Mabillo'nius,
618 1566 855 1620 maxime
879 1562 1075 1618 Annal.
1098 1560 1373 1616 Benedict.
1399 1560 1493 1613 lib.
1518 1576 1575 1627 χ,
1598 1573 1687 1613 an.
1708 1556 1836 1622 602,

236 1674 389 1714 num.
420 1657 511 1726 9.0,
541 1658 646 1713 col.
679 1658 807 1712 277.

314 1747 402 1803 12.
460 1747 520 1802 In
577 1748 747 1802 altera
803 1746 1032 1817 epistola
1086 1745 1285 1815 scripta
1342 1744 1410 1797 ad
1466 1741 1831 1811 Desiderium,

1929 560 2011 607 est
2061 566 2124 607 ac
2174 552 2390 622 ipsimct
2436 551 2695 623 Augusto,
2737 556 2829 626 qui
2884 555 3060 611 fuerat
3108 556 3411 611 admonitus
3459 566 3520 613 ut

1930 654 2147 702 caveret
2188 647 2255 701 ab
2292 647 2510 703 homine
2535 648 2688 717 cujus
2718 663 2914 703 nomen
2947 663 2976 701 a
3006 646 3213 703 duabus
3256 648 3341 703 his
3374 648 3519 703 litte-

1930 738 2004 793 ris
2030 738 2097 808 ph
2128 739 2409 808 inciperet,
2438 748 2493 794 et
2521 739 2587 793 ab
2613 754 2680 794 eo
2709 755 2768 795 se
2797 738 3152 795 occidendum
3191 739 3374 795 sciret.

2002 831 2056 884 2.
2098 831 2293 886 Statim
2340 832 2640 902 suspicatus
2686 838 2769 885 est
2813 829 3103 888 Mauricius
3149 846 3179 885 a
3218 828 3520 902 Philippico

1932 928 2137 980 sororis
2177 940 2285 981 sure
2314 926 2511 979 marito
2538 923 2639 978 sibi
2666 922 2890 978 insidias
2918 930 2973 977 et
3004 938 3189 979 necem
3219 925 3419 995 parari.
3451 924 3523 977 At

1932 1013 1987 1068 in
2018 1015 2220 1069 somnis
2246 1013 2379 1068 vidit
2416 1029 2475 1069 se
2516 1012 2681 1083 judici
2720 1012 2934 1068 Christo
2972 1014 3186 1072 adstare
3215 1028 3338 1071 cum
3364 1016 3522 1071 turba

1934 1107 2162 1163 militum
2192 1109 2529 1179 captivorum
2563 1108 2737 1177 ipsum
2780 1107 3164 1173 accusantium,
3194 1110 3273 1163 uti
3299 1116 3526 1164 narrant

1934 1202 2230 1271 scriptores
2276 1200 2479 1267 Grazci,
2522 1216 2623 1255 nec
2652 1214 2807 1255 mora
2836 1200 3018 1255 statim
3043 1199 3251 1269 jussum
3292 1217 3432 1268 esse,
3464 1210 3525 1257 ut

1935 1304 2059 1345 cum
2086 1307 2255 1347 uxore
2280 1307 2372 1345 sua
2406 1300 2463 1345 et
2495 1290 2679 1345 liberis
2712 1299 2936 1359 totaque
2965 1289 3165 1344 familia
3195 1289 3391 1346 Phocte
3419 1290 3525 1345 mi-

1934 1380 2014 1435 liti
2038 1382 2386 1437 trucidandus
2408 1382 2731 1437 traderetur.
2765 1380 3186 1450 Expergefactus
3210 1381 3525 1451 imperator,

1936 1471 2120 1525 statim
2150 1471 2292 1525 misit
2320 1471 2413 1540 qui
2441 1469 2799 1540 Philippicum
2839 1470 2907 1524 ad
2937 1485 2995 1525 se
3024 1470 3404 1539 perducerent.
3435 1469 3530 1526 llle

1936 1564 2122 1617 vocari
2148 1578 2207 1617 se
2238 1571 2397 1618 nocte
2438 1562 2647 1627 videns,
2680 1570 2911 1618 mortem
2959 1562 3062 1617 sibi
3110 1562 3392 1617 imminere
3421 1576 3530 1618 non

1938 1655 2229 1722 dubitavit;
2253 1663 2480 1710 noverat
2496 1656 2640 1709 enim
2660 1670 2719 1709 se
2734 1655 2874 1724 apud
2892 1655 3271 1724 imperatorem
3286 1654 3339 1708 in
3355 1655 3531 1724 suspi-

1936 1747 2150 1801 cionem
2180 1746 2471 1801 adductum
2497 1761 2635 1800 esse.
2668 1745 2738 1799 At
2765 1745 3054 1800 Mauricius
3088 1744 3271 1799 statim
3291 1759 3354 1800 ac
3380 1744 3530 1799 illum

237 1839 601 1894 Viennensem
632 1840 969 1910 episcopum,
1004 1854 1102 1908 pro
1135 1835 1420 1891 Pancralio
1462 1835 1711 1899 diacono,
1744 1832 1834 1902 qui
1866 1843 1913 1903 Β
1940 1839 2090 1904 vidis,
2124 1839 2190 1892 ad
2212 1838 2329 1907 ejus
2374 1839 2539 1907 pedes
2583 1838 2900 1907 provolutus
2943 1838 3019 1890 ait
3051 1854 3065 1890 :
3108 1835 3329 1907 Ignosce
3372 1837 3527 1901 mihi,

234 1932 535 1986 monachus
556 1930 728 1985 factus
762 1930 968 1997 fuerat,
1011 1929 1383 1984 sanctissimus
1404 1935 1561 1996 pater
1589 1927 1839 1981 hortatur

234 2020 593 2085 Desiderium,
610 2029 664 2074 ut
686 2030 791 2074 tam
811 2031 1064 2091 promptae
1082 2019 1291 2072 diaconi
1312 2016 1592 2079 devotioni,
1612 2033 1763 2086 quam
1785 2018 1839 2069 in

233 2122 419 2166 sancto
452 2112 690 2165 studebat
716 2111 904 2165 habere
933 2111 1198 2181 proposito
1226 2109 1440 2162 minime
1468 2106 1837 2176 impedimento

236 2206 324 2257 sit.
352 2202 527 2275 Magis
550 2212 740 2270 autem,
770 2204 973 2272 inquit,
998 2202 1175 2272 quibus
1198 2200 1375 2255 valetis
1392 2196 1839 2253 adhortationibus

236 2296 490 2364 pastorali
511 2293 865 2349 admonitione
890 2295 1056 2365 (eum)
1082 2292 1394 2355 succendite,
1414 2298 1469 2343 ut
1492 2293 1663 2362 fervor
1684 2290 1839 2359 hujus

241 2387 484 2442 desiderii
524 2389 581 2442 in
609 2405 667 2441 eo
699 2405 803 2441 non
828 2396 1096 2459 tepescat:
1126 2395 1181 2439 ut
1202 2388 1288 2457 qui
1310 2402 1341 2438 a
1375 2384 1666 2438 turbulento
1690 2400 1840 2437 rura-

241 2497 357 2534 rum
379 2480 707 2535 stecularium
730 2481 948 2533 tumultu
978 2497 1032 2533 se
1052 2495 1347 2551 segregans,
1371 2479 1554 2549 quietis
1585 2477 1840 2530 desiderio

242 2581 447 2643 portum
464 2575 764 2627 monasterii
796 2574 1032 2643 appetiit,
1058 2588 1263 2625 rursum
1293 2571 1345 2623 in
1375 2570 1839 2624 ecclesiasticarum

243 2684 484 2722 curarum
515 2686 619 2723 non
643 2666 824 2722 debeat
853 2665 1327 2738 perturbationibus
1354 2666 1635 2735 implicari.

854 2802 1083 2859 CAPUT
1123 2802 1233 2857 VII.

244 2918 553 2970 Ancum—1.
580 2920 792 2969 Mauricii
818 2918 992 2979 imper.
1017 2917 1233 2978 dejectio
1258 2923 1310 2966 et
1333 2916 1625 2966 cedes—2.
1648 2913 1725 2963 De
1744 2926 1841 2976 qua

308 2984 541 3031 divinitus
583 2988 930 3043 prtemonetur.
955 3007 1013 3016 ——
1037 2982 1083 3027 5.
1114 2980 1300 3043 Phocas
1334 2979 1838 3043 eligiturjmperator

306 3046 370 3093 ab
395 3036 638 3094 exercitu.
674 3046 763 3102 Qui
788 3041 1249 3101 Constantinopolim
1288 3036 1492 3102 advolat.
1522 3039 1740 3088 Mauricu
1782 3036 1840 3086 ﬂ-

307 3106 399 3155 lios
423 3108 677 3169 ipsumque
696 3101 1035 3169 Voccidijubet.
1063 3103 1268 3169 Necnon
1289 3101 1839 3169 Constantinamhugu-

308 3162 455 3217 stam-
474 3162 677 3231 ejusque
716 3177 815 3216 tres
840 3162 975 3231 tilias.
1002 3191 1063 3201 —
1086 3166 1211 3231 4.-8.
1239 3166 1507 3231 Gregorius
1546 3165 1602 3231 ad
1628 3162 1839 3231 Phocum

305 3224 519 3279 scribit:
538 3224 657 3291 Ejus
698 3228 900 3290 epistola
946 3228 1277 3291 expenditur.
1309 3224 1497 3291 De_a|i_a
1522 3225 1580 3272 ad
1599 3224 1838 3291 eumdem

309 3286 591 3353 epistola.—3
616 3296 661 3340 5.
691 3286 783 3339 Cur
807 3293 858 3337 S.
886 3286 1153 3351 Gregorius
1176 3290 1345 3353 durius
1365 3288 1429 3335 de
1454 3286 1691 3353 Mauricio
1715 3286 1838 3335 scri-

310 3351 595 3414 pserit.—6.
617 3354 991 3414 Apocrisiarium
1018 3353 1162 3399 mittit
1188 3351 1245 3397 ad
1269 3362 1443 3414 novum
1469 3351 1836 3414 imperatorem.

304 3408 365 3452 5-—
387 3416 433 3465 7.
461 3408 785 3464 Miseratiilem
831 3414 980 3462 italize
1020 3420 1197 3460 statum
1238 3412 1457 3472 esponit.
1477 3437 1537 3472 έ-
1558 3413 1604 3459 8.
1632 3408 1839 3468 Legatio

306 3477 622 3539 Theoderici,
644 3477 943 3539 Francorum
962 3476 1113 3535 regis,
1140 3482 1191 3522 et
1217 3471 1544 3539 Brunichildis
1565 3472 1622 3519 ad
1647 3484 1834 3532 papam.

309 3538 449 3587 illum
487 3534 740 3587 consulunt
775 3541 837 3587 de
869 3534 1332 3598 episc0po'amente.
1360 3534 1836 3598 Papieresponsum.

306 3600 558 3663 Bigamum
603 3607 741 3650 arcet
791 3614 835 3663 aA
856 3596 1005 3663 sacris
1040 3596 1310 3663 ordinibus.
1338 3623 1396 3631 —
1417 3598 1466 3663 9Σ
1496 3596 1841 3663 Petit_regina

307 3656 435 3712 mivtti
474 3665 690 3725 legatum
732 3664 779 3711 in
806 3661 1005 3725 Gallias»,
1033 3660 1089 3725 ad
1115 3660 1372 3725 concilium
1393 3656 1841 3725 celebrandumz-f-

312 3725 388 3773 10.
417 3716 559 3786 Papa}
580 3724 853 3786 sollicitudo
877 3725 939 3786 de
966 3716 1151 3786 Eccles.
1176 3723 1500 3786 diserplinain
1526 3719 1735 3786 ltalia_.—.
1762 3716 1838 3764 11.

310 3780 666 3836 Conductorum
680 3783 906 3833 Ecclesiae
919 3782 1167 3829 fraudibus
1178 3780 1355 3841 injuste
1370 3780 1525 3828 ablata
1545 3780 1843 3841 restituit.—

308 3850 387 3896 1'2.
414 3848 530 3906 Ejus
554 3850 602 3894 in
627 3846 845 3893 facienda
870 3845 1180 3901 elcemosyna
1202 3838 1507 3906 studium.-—_
1534 3842 1606 3887 15.
1636 3838 1842 3906 urbicus

309 3901 465 3959 abbas
487 3908 684 3968 eligitur
709 3910 755 3953 in
784 3906 1010 3968 Panorm.
1036 3908 1338 3968 episcopum.
1366 3903 1459 3968 t_‘._nr
1484 3903 1608 3948 hanc
1634 3901 1845 3948 electio-

311 3985 425 4020 nem
447 3964 699 4029 respnerit
722 3969 773 4016 S.
803 3966 1160 4029 Gregorius:
1176 3966 1255 4029 μ.
1282 3964 1466 4029 Scribit
1488 3968 1658 4011 contra
1687 3974 1843 4022 nuper

312 4039 515 4087 exortes
535 4026 703 4080 Romae
726 4041 944 4079 errores.
966 4026 1078 4087 (An.
1105 4026 1197 4073 602
1237 4035 1288 4075 et
1306 4026 1442 4085 605.)

321 4137 375 4192 1.
416 4136 603 4191 Annus
630 4133 718 4188 hic
747 4131 1091 4203 pontificatus
1112 4127 1169 4184 S.
1195 4125 1440 4197 Gregorii
1463 4125 1705 4181 decimus
1730 4131 1844 4180 ter-

252 4232 359 4286 tius
386 4226 609 4297 insignis
632 4232 715 4281 est
741 4224 811 4279 ob
834 4221 1075 4277 Mauricii
1106 4218 1333 4288 Augusti
1362 4233 1545 4273 casum
1572 4217 1847 4287 ipsiusque

251 4339 317 4378 ac
346 4323 575 4376 filiorum
606 4318 829 4382 caedem,
862 4330 1077 4371 necnon
1121 4314 1314 4367 Phoca:
1344 4310 1676 4366 centurionis
1698 4325 1848 4380 pro—

252 4414 558 4469 vectionem
585 4412 653 4466 ad
683 4409 987 4480 imperium.
1031 4406 1169 4461 Iram
1210 4405 1503 4473 odiumque
1530 4402 1760 4456 militum
1790 4401 1846 4455 in

254 4521 313 4561 se
341 4506 703 4561 concitaverat
734 4502 1047 4570 imperator,
1078 4499 1270 4553 nolens
1298 4495 1518 4551 modico
1544 4494 1721 4565 pretio
1762 4507 1849 4547 re-

254 4598 458 4653 dimere
486 4603 676 4667 captos
705 4594 771 4648 ab
799 4593 1093 4656 Avaribus,
1125 4604 1261 4659 quos
1314 4586 1529 4643 barbari
1559 4584 1845 4683 interfece-
1874 4623 1927 4683 Β

255 4700 411 4756 runt;
442 4690 555 4745 sive
584 4688 637 4743 id
663 4686 902 4741 avaritiae
934 4699 1096 4740 causa
1126 4683 1349 4745 factum,
1385 4688 1445 4734 ut
1471 4678 1633 4747 vulgo
1662 4675 1843 4733 credi~

255 4793 371 4847 tur,
420 4784 535 4838 sive
576 4781 811 4837 voluerit
858 4793 953 4833 eos
1000 4776 1183 4832 hostili
1231 4774 1409 4844 gladio
1460 4771 1669 4842 perire,
1716 4769 1841 4838 quia

252 4875 575 4932 seditionem
596 4873 852 4929 fecerant.
871 4869 989 4941 Ipse
1002 4884 1133 4923 vero
1155 4866 1288 4921 tanti
1313 4864 1551 4921 criminis
1570 4861 1843 4917 conscien-

257 4970 387 5023 tiam
416 4966 731 5038 pondusque
760 4962 961 5017 diutius
988 4960 1129 5014 ferre
1168 4972 1278 5013 non
1306 4958 1526 5019 valens,
1557 4953 1843 5008 Dominum

255 5069 509 5133 precatus
537 5066 620 5113 est
654 5065 713 5112 ut
738 5056 841 5110 hac
870 5054 925 5108 in
949 5052 1060 5107 vita
1099 5049 1307 5105 debitas
1342 5048 1443 5103 sibi
1488 5060 1676 5117 pinnas
1700 5042 1844 5098 inlli-

258 5148 765 5221 geret,teternisque
787 5144 1060 5217 suppliciis
1087 5157 1148 5197 se
1166 5155 1275 5195 non
1304 5143 1624 5193 reservaret.
1654 5133 1846 5189 Postu-

259 5245 392 5301 lavit
437 5253 619 5299 autem
672 5242 739 5296 ab
778 5239 1029 5297 omnibus
1073 5231 1394 5307 patriarchis
1433 5226 1845 5294 monachisque,

259 5337 497 5392 maxime
543 5330 1038 5405 Jerosolymitanis,
1084 5336 1145 5383 ut
1191 5324 1383 5382 eadem
1431 5334 1647 5392 quoque
1677 5334 1707 5371 a
1737 5317 1849 5372 Deo

259 5428 371 5485 suis
423 5427 677 5502 precibus
726 5437 953 5481 exorare
1001 5426 1332 5487 satagerent.
1370 5414 1504 5469 Vota
1552 5427 1620 5465 ex
1668 5409 1849 5463 animo

336 5549 363 5577 ι
392 5539 495 5593 Alii
514 5539 699 5594 dicunt
712 5536 967 5606 quinque,
986 5533 1075 5588 alii
1093 5540 1300 5586 tantum
1317 5537 1447 5582 tres.
1468 5525 1487 5579 ι
1492 5540 1532 5606 2
1539 5523 1851 5606 fragmento

263 5628 295 5666 a
322 5612 478 5666 nobis
506 5593 888 5665 laudato-inter
916 5593 1122 5661 occisos
1151 5608 1465 5657 numeratur
1492 5593 1849 5666 Theodosius,

262 5663 905 5753 quivjamiCzesarfuerat
944 5690 974 5729 a
1010 5683 1166 5745 patre
1206 5672 1565 5753 renuntiatus.
1606 5663 1853 5753 Abfuisse

266 5734 446 5808 t'aﬁmen
464 5734 684 5821 quando
712 5749 825 5802 haec
856 5734 1173 5821 gesta-sunt,
1196 5742 1429 5821 vulgaris
1458 5748 1540 5793 est
1560 5734 1849 5821 sententia,

266 5811 615 5893 quia,tnissus
645 5819 818 5893 fuerat
854 5811 885 5871 5
929 5815 1195 5893 Mauricio
1215 5814 1283 5868 ad
1322 5811 1851 5893 Persarumwregem,

271 5874 394 5964 €31};
401 5874 574 5966 '65s}.
591 5874 967 5964 postulaturus
996 5904 1008 5939 :
1041 5886 1396 5955 eumdemque
1421 5882 1569 5937 aiunt
1589 5877 1776 5934 Niczeae
1799 5874 1853 5929 in

1944 1934 2127 2001 frater,
2154 1947 2280 2000 quas
2313 1930 2403 1983 tibi
2449 1930 2710 1982 innocenti
2742 1928 3029 1981 calumnias
3065 1936 3115 1981 et
3143 1928 3531 1982 criminationes

1941 2020 2182 2087 imposui.
2230 2018 2376 2088 Rogo
2424 2026 2594 2071 autem
2634 2029 2688 2071 ut
2730 2019 2776 2071 si
2796 2014 2946 2089 quem
2981 2020 3037 2070 in
3063 2020 3293 2071 exercitu
3318 2018 3532 2071 militem

1942 2111 2177 2165 Phocam
2226 2113 2435 2164 nomine
2466 2112 2696 2173 noveris,
2746 2110 2941 2163 indices
2970 2109 3115 2162 mihi.
3168 2106 3325 2173 Novi,
3360 2109 3535 2178 inquit

1942 2203 2063 2270 ille,
2089 2203 2390 2272 quemdam,
2423 2202 2508 2272 qui
2548 2200 2748 2270 pridem
2794 2200 2859 2253 ab
2908 2200 3137 2253 exercitu
3173 2200 3386 2264 missus,
3417 2215 3532 2252 cum

1940 2297 2213 2367 majestate
2244 2305 2332 2347 tua
2350 2294 2600 2365 jurgavit.
2621 2292 2738 2348 Non
2754 2291 3332 2347 dubitavitMauricius
3358 2291 3531 2361 ipsum

1942 2403 2064 2443 esse
2094 2402 2255 2456 quem
2287 2387 2340 2440 in
2369 2386 2574 2440 somnis
2605 2384 2828 2439 viderat.

2013 2480 2067 2533 5.
2107 2478 2218 2533 Sub
2249 2478 2302 2531 id
2330 2484 2544 2546 tempus
2576 2473 2788 2540 Petrus,
2822 2473 3163 2544 imperatoris
3195 2472 3379 2539 frater,
3418 2471 3535 2542 ejus

1937 2570 2091 2641 jussu
2117 2568 2264 2623 misit
2304 2569 2514 2623 litteras
2553 2565 2619 2619 ad
2660 2564 2977 2629 exercitum,
3015 2563 3211 2631 quibus
3243 2562 3536 2631 jubebatur

1940 2661 2136 2716 Istrum
2157 2658 2408 2728 trajicere
2424 2672 2490 2712 ac
2504 2656 2700 2711 ibidem
2722 2656 3011 2725 hyemare;
3033 2653 3181 2722 quod
3197 2668 3320 2707 cum
3338 2652 3536 2707 milites

1941 2752 2171 2808 moleste
2201 2748 2435 2816 ferrent,
2464 2747 2593 2816 quia
2642 2747 2707 2800 iis
2756 2746 2809 2799 in
2857 2745 3111 2815 bybernis
3151 2744 3366 2799 assidue
3412 2757 3535 2798 cum

1942 2841 2186 2898 barbaris
2214 2849 2333 2895 erat
2375 2837 2749 2909 praeliandum,
2780 2843 3064 2906 cmperunt
3091 2835 3161 2890 de
3182 2846 3332 2890 novo
3360 2834 3535 2904 impe-

1941 2943 2127 2991 ratore
2151 2931 2385 2988 creando
2410 2944 2591 2999 agere,
2614 2942 2849 2997 moxque
2874 2926 3111 2982 Phocam
3133 2926 3533 2992 centurionem,

1943 3039 2102 3095 quem
2149 3024 2409 3078 audacem
2451 3026 2749 3085 noverant,
2799 3032 2963 3087 super
3012 3023 3228 3071 scutum
3272 3015 3340 3070 de
3386 3029 3539 3070 more

1943 3118 2240 3179 elevantes,
2267 3113 2652 3183 imperatorem
2700 3107 3071 3164 acclamarunt
3106 3104 3533 3172 salutaruntque.

1865 3228 1913 3293 ο
1944 3208 2040 3264 His
2066 3205 2283 3274 auditis,
2312 3202 2525 3269 Petrus,
2568 3200 2852 3257 confestim
2890 3196 3413 3266 Constantinopolim
3440 3210 3538 3251 ve-

1946 3301 2123 3366 niens,
2137 3312 2326 3355 eorum
2349 3294 2638 3351 certiorem
2660 3294 2805 3357 fecit,
2832 3292 3239 3361 imperatorem,
3261 3288 3353 3357 qui
3378 3287 3539 3359 paulo

1942 3398 2066 3462 post
2114 3403 2309 3443 navem
2358 3384 2679 3444 conscendit
2723 3398 2847 3438 cum
2878 3395 3049 3436 uxore
3085 3394 3150 3434 ac
3177 3378 3395 3443 liberis;
3444 3375 3541 3433 sed

1943 3487 2263 3551 tempestate
2291 3477 2557 3547 repulsus,
2587 3475 2799 3529 delatus
2843 3479 2928 3527 est
2965 3470 3032 3525 ad
3060 3468 3118 3524 8.
3150 3470 3537 3533 Antonomum,
3612 3502 3625 3513 ο

1943 3571 2243 3640 eademque
2292 3577 2453 3623 nocte
2495 3567 2747 3637 podagra:
2786 3564 3064 3620 doloribus
3092 3569 3394 3632 correptus,
3418 3573 3541 3630 quae

1943 3660 2043 3715 fuit
2070 3675 2234 3728 grave
2262 3659 2402 3727 fugai
2433 3658 2899 3728 impedimentum.

2015 3752 2233 3806 Interim
2255 3750 2572 3821 Byzantium
2602 3749 2823 3803 advolat
2852 3762 3020 3801 novus
3041 3746 3355 3815 imperator,
3388 3757 3541 3796 cum-

1944 3859 2050 3913 que
2092 3843 2201 3911 jam
2251 3841 2585 3910 pervenisset
2627 3839 2694 3891 ad
2742 3837 3111 3902 Hebdomum,
3160 3834 3287 3889 facti
3327 3840 3453 3886 sunt
3490 3831 3539 3885 ei

1946 3933 2161 3987 obviam
2191 3930 2497 4000 patriarcha
2534 3935 2893 3995 senatusque;
2944 3941 3072 3980 mox
3110 3925 3297 3979 urbem
3337 3923 3540 3990 regiam

1948 4026 2221 4093 ingressus
2255 4022 2483 4092 insignia
2530 4022 2757 4090 sumpsit
2808 4018 3177 4089 imperatoria.
3210 4014 3382 4070 Biduo
3422 4021 3545 4084 post

1948 4132 2111 4171 curru
2141 4116 2398 4170 advectus
2428 4113 2800 4185 imperatorio,
2830 4110 2978 4166 venit
3006 4111 3060 4164 in
3090 4109 3324 4191 regiam;
3354 4107 3541 4176 quinta

1946 4223 2078 4264 vero
2105 4207 2194 4261 die
2224 4205 2500 4261 Leontiam
2541 4220 2769 4259 uxorem
2813 4218 3017 4257 corona
3070 4201 3349 4270 imposita,
3382 4199 3544 4269 300

1947 4302 2243 4370 Augustam
2270 4298 2657 4369 pronuntiavit.
2712 4296 2795 4351 Ad
2826 4294 3021 4350 Phocte
3058 4293 3350 4348 adventum
3400 4290 3543 4345 cele-

1949 4391 2210 4447 brandum
2236 4390 2379 4445 edita
2408 4398 2536 4444 sunt
2580 4388 2805 4458 plurima
2845 4385 3173 4456 spectacula.
3207 4383 3448 4451 Cumque
3475 4381 3545 4438 de

1948 4499 2148 4555 pompa
2171 4491 2227 4538 ct
2247 4482 2475 4538 solemni
2496 4489 2760 4551 apparatu
2782 4478 2850 4533 ad
2870 4477 3240 4548 excipiendam
3261 4474 3543 4529 Leontiam

1950 4573 2359 4638 deliberaretur,
2386 4572 2452 4625 de
2489 4570 2606 4626 loco
2627 4569 2871 4625 stationis
2899 4569 3039 4622 inter
3065 4566 3301 4620 Venetos
3331 4570 3385 4618 et
3413 4560 3545 4615 Pra-

1950 4666 2099 4719 sinos
2130 4664 2268 4735 (dua:
2303 4669 2458 4717 crant
2484 4659 2778 4730 factiones)
2808 4666 2929 4715 orta
2957 4654 3323 4718 contentione,
3351 4651 3543 4707 Veneti

1952 4757 2019 4811 ab
2048 4755 2255 4811 aemulis
2284 4753 2425 4808 male
2455 4752 2623 4807 habiti
2654 4751 2955 4806 clamarunt
2980 4766 2992 4800 :
3026 4746 3206 4799 Adhuc
3237 4746 3353 4798 vivit
3381 4742 3543 4797 Mau-

1952 4854 2128 4919 ricius,
2153 4867 2315 4922 quem
2340 4849 2573 4903 Prasinis
2600 4846 2863 4901 infensum
2885 4841 3146 4897 sciebant.
3176 4838 3268 4893 His
3294 4838 3541 4908 cognitis,

1953 4946 2165 5001 Phocas
2205 4943 2383 4997 missis
2411 4939 2667 4993 militibus
2692 4936 2853 5004 jussit
2895 4932 3086 4988 adduci
3132 4931 3445 4986 Mauricium
3477 4931 3545 4984 ad

1953 5036 2198 5105 Eutropii
2231 5041 2465 5104 portum,
2496 5028 2585 5083 ubi
2606 5035 2730 5082 ante
2754 5024 2941 5081 oculos
2970 5023 3086 5093 ejus
3115 5023 3347 5093 primum
3380 5022 3546 5077 inter-

1949 5129 2077 5184 iecti
2100 5136 2224 5182 sunt
2244 5124 2360 5194 ejus
2375 5133 2399 5161 ⁸
2424 5123 2538 5187 filii,
2563 5128 2717 5191 patre
2740 5119 2954 5174 interim
2977 5118 3093 5174 haec
3112 5117 3364 5173 Davidica
3391 5132 3545 5170 usur-

1952 5228 2155 5293 pante:
2186 5218 2366 5273 Justus
2396 5234 2469 5284 es,
2506 5215 2748 5279 Domine,
2794 5221 2845 5266 et
2870 5219 3063 5266 rectum
3104 5209 3360 5280 judicium
3404 5218 3545 5260 tuum

1954 5314 2106 5385 (Psa.
2141 5328 2320 5378 cxvtn,
2339 5311 2485 5380 157).
2514 5296 2835 5376 Quinetiam
2863 5321 2983 5361 cum
3015 5304 3136 5359 loco
3162 5310 3290 5357 natu
3321 5299 3546 5353 minoris

1954 5407 2130 5461 adhuc
2159 5404 2404 5461 lactentis
2450 5401 2632 5458 nutrix
2674 5399 2953 5470 proprium
3003 5395 3169 5450 tilium
3226 5391 3543 5461 obtulisset,

1957 5517 2204 5589 Bythinia
2236 5522 2450 5589 postea
2489 5510 2954 5589 comprehensum
3002 5505 3188 5589 capite
3217 5510 3545 5589 .truncatum

1956 5580 2095 5644 esse.
2145 5580 2732 5654 Sed-Theophylactus
2779 5580 3077 5654 Simocatta
3127 5580 3359 5654 scriptor
3405 5586 3545 5641 pene

1955 5675 2187 5719 coaevus,
2215 5671 2376 5726 quem
2401 5646 2917 5726 proiilereacieteris
2937 5646 3184 5726 duximus
3206 5650 3545 5726 anteponen-

1953 5732 2080 5784 dum
2103 5772 2117 5796 ,
2147 5714 2347 5783 diserte
2374 5714 2887 5796 d'icit'Theodosium
2909 5732 2938 5769 a
2953 5731 3065 5796 _sua
3093 5714 3362 5796 legatione
3386 5726 3545 5767 revo-

1956 5785 2132 5856 catum
2155 5815 2185 5855 a
2204 5808 2356 5870 patre
2380 5794 2639 5851 Mauricio
2654 5793 2724 5845 ad
2750 5788 3119 5845 mutationem
3140 5785 3395 5855 adfuisse.
