4130 6462
595 425 703 484 456

1059 422 1117 481 S.
1163 421 1489 481 GREGORII
1529 420 1744 479 MAGNI
1784 419 1973 488 VITA,
2015 418 2110 474 EX
2150 414 2317 473 EJUS
2356 415 2669 472 SCRIPTIS
2712 412 3113 471 ADORNATA.
3155 413 3287 470 LIB.
3332 414 3426 470 ιν.

3800 417 3910 475 456

595 539 693 593 hoc
740 544 917 591 autem
956 536 1108 591 valde
1147 554 1230 591 me
1277 537 1575 605 continetis,
1622 536 1670 590 si
1714 534 1969 590 mercedis
2016 548 2199 587 causas
2226 533 2281 593 Α
2305 528 2630 599 explodens,
2661 529 2813 599 cujus
2860 538 3111 586 auctores
3154 530 3471 586 Antichristi
3516 531 3907 602 praedicatores

593 630 757 701 302
804 628 934 683 nulli
984 627 1194 682 assidue
1236 627 1584 699 providendas
1633 625 1863 681 studiose
1880 686 1887 689 π
1911 624 2190 695 requiritis.

596 722 711 778 Nec
738 723 875 778 vobis
902 722 1049 778 debet
1076 738 1187 777 esse
1226 714 1546 777 verecundia
1583 721 1632 774 ei
1653 720 1850 791 aliquid
1879 718 1946 772 de
1975 719 2196 772 eleemo-

592 818 736 888 synis
787 817 1083 885 importune
1112 814 1305 879 dicere,
1336 829 1485 884 quem
1531 820 1736 867 constat
1765 828 1869 865 non
1919 825 2002 864 res
2049 824 2190 871 suas,

592 909 684 964 sed
704 908 773 961 ad
801 906 1231 977 dispensandum,
1263 922 1347 961 res
1374 921 1659 977 pauperum
1684 902 1893 957 habere.
1920 901 2002 954 De
2023 900 2194 953 causis

591 1003 764 1072 itaque
784 1002 1035 1056 mercedis
1066 1000 1206 1070 apud
1234 999 1531 1068 episcopum
1554 996 1714 1051 libere
1744 1010 1895 1065 agere
1924 990 2190 1055 debuistis,

591 1094 796 1149 etiamsi
823 1110 993 1148 meum
1034 1093 1266 1145 animum
1293 1090 1465 1162 qualis
1492 1088 1550 1142 in
1583 1103 1761 1141 amore
1788 1093 1956 1139 vestro
2001 1084 2194 1137 existe-

590 1193 669 1238 ret
697 1185 982 1239 nesciretis.‘
1017 1182 1302 1253 Postquam
1328 1181 1468 1235 enim
1508 1188 1558 1232 et
1597 1195 1690 1233 nos
1721 1179 1934 1231 omnino
1967 1175 2192 1245 gloriam

590 1286 815 1332 vestram
853 1275 1153 1344 diligimus,
1183 1282 1233 1326 et
1283 1271 1665 1341 dispensatoris
1709 1268 1879 1323 locum
1922 1268 1977 1320 in
2020 1266 2191 1331 rebus,

591 1372 723 1423 sicut
746 1368 911 1435 scitis,
935 1382 1220 1438 pauperum
1230 1375 1500 1428 tenemus;
1520 1370 1712 1429 vestra,
1738 1363 1926 1432 fateor,
1944 1375 2191 1413 verecun-

590 1464 680 1516 dia
706 1462 855 1516 valde
883 1459 1193 1515 accusabilis
1222 1460 1341 1530 fuit.
1383 1455 1554 1521 Quam
1580 1456 1698 1510 ideo
1729 1462 1801 1509 tot
1830 1453 1995 1507 verbis
2022 1454 2193 1506 incre-

589 1554 765 1624 pando
792 1555 1052 1625 insequor,
1077 1558 1135 1605 ut
1164 1552 1297 1605 hanc
1326 1567 1359 1604 a
1379 1548 1534 1604 corde
1572 1555 1739 1602 vestro
1771 1545 2003 1618 funditus
2024 1547 2192 1615 repel-

589 1645 696 1700 lam
718 1646 858 1719 (Lib.
888 1662 1014 1710 xm,
1038 1663 1121 1714 ep.
1155 1642 1269 1714 19).
1299 1642 1377 1697 Ex
1418 1642 1648 1713 epistola
1680 1640 1749 1695 ad
1792 1638 2187 1693 Pantaleonem

587 1740 843 1797 discimus
862 1738 1311 1811 patrimoniorum
1336 1743 1577 1791 rectores
1605 1732 1745 1804 apud
1771 1732 2191 1787 sacratissimum

591 1848 789 1905 corpus
817 1834 964 1889 beati
990 1832 1135 1888 Petri
1156 1830 1531 1901 jusjurandum
1564 1829 1694 1884 olim
1721 1826 2037 1898 praebuisse.

660 1924 798 1981 Cum
822 1924 1049 1996 propria
1072 1922 1405 1978 auctoritate
1426 1919 1771 1991 imperatoris
1790 1917 2066 1973 ministros
2090 1916 2193 1986 pri—
2223 1935 2271 1996 Β

585 2025 837 2074 vatorum
866 2015 1046 2083 bonis,
1075 2014 1323 2069 utilitatis
1349 2012 1578 2083 publica:
1606 2010 1845 2077 nomine,
1868 2007 2187 2064 insidiantes

583 2124 842 2167 coercere
864 2124 972 2165 non
993 2116 1197 2179 posset,
1222 2107 1292 2162 de
1331 2121 1521 2162 eorum
1546 2105 1704 2160 malis
1725 2104 1933 2159 artibus
1956 2110 2012 2157 et
2038 2102 2185 2171 rapi-

582 2204 666 2259 nis
692 2203 981 2259 certiorem
1018 2200 1137 2257 ﬁeri
1166 2200 1467 2269 Augustum
1493 2199 1737 2253 curabat.
1770 2196 1886 2252 Hoc
1914 2210 2058 2251 anno
2086 2194 2185 2250 ad-

582 2294 796 2350 monuit
822 2292 1191 2347 Rusticianam
1207 2290 1492 2360 patriciam
1510 2288 1723 2342 venisse
1744 2285 1975 2341 Romam
1992 2300 2183 2355 quem-

583 2387 712 2443 dam
761 2385 1055 2448 Beatorem,
1081 2383 1173 2450 qui
1200 2398 1259 2437 se
1290 2381 1543 2436 comitem
1571 2379 1905 2449 privatarum
1952 2378 2181 2442 dicebat,

582 2485 640 2533 et
674 2476 843 2531 multa
873 2475 1060 2544 inique
1107 2472 1329 2541 agebat,
1365 2470 1601 2526 maxime
1629 2469 1891 2525 adversus
1922 2469 2096 2538 ipsam
2131 2474 2185 2522 et

584 2568 702 2638 ejus
741 2576 964 2637 neptes,
996 2564 1203 2621 scilicet
1228 2573 1253 2601 ει
1280 2563 1611 2619 Antoninam
1640 2571 1696 2618 et
1723 2562 2046 2627 Barbaram,
2078 2559 2186 2615 Ve-

584 2660 757 2715 nantii
789 2658 960 2721 tilias,
992 2657 1061 2713 de
1087 2656 1283 2726 quibus
1309 2654 1460 2711 alibi.

661 2751 749 2805 15.
776 2738 892 2806 Hoc
935 2764 1078 2805 anno
1103 2755 1321 2803 mortuo
1345 2746 1586 2813 Victore,
1622 2744 2008 2801 Panormitano
2036 2744 2183 2815 epis-

582 2858 760 2912 copo,
791 2841 1119 2906 Venantius,
1171 2838 1434 2909 patricius
1483 2837 1923 2906 Panormitanus,
1972 2837 2108 2891 alius
2153 2851 2183 2890 a

584 2936 927 3007 Syracusano
982 2932 1338 2998 exmonacho,
1362 2932 1431 2987 de
1479 2930 1631 3000 cujus
1667 2939 1845 2986 morte
1884 2932 1995 3000 jam
2042 2930 2183 2984 dixi-

583 3042 723 3094 mus,
755 3026 1011 3083 Urbicum
1059 3026 1309 3080 abbatem
1348 3024 1664 3080 monasterii
1694 3024 1751 3078 S.
1799 3023 2070 3078 Hermetis
2096 3039 2188 3079 cu-

587 3119 731 3173 ravit
748 3118 874 3187 eligi
890 3119 943 3173 in
959 3116 1119 3186 hujus
1139 3116 1285 3170 urbis
1298 3114 2052 3185 episcopum.Laudavithanc
2074 3115 2184 3168 ele-

582 3209 817 3264 ctionem
846 3209 905 3263 S.
945 3208 1258 3276 Gregorius,
1288 3206 1434 3275 quod
1460 3205 1719 3260 Urbicum
1750 3214 1934 3260 nosset
1970 3206 2186 3276 vigilan-

2298 622 2556 691 appellat,
2601 624 2688 693 qui
2735 622 2971 688 veniens,
3006 621 3212 691 inquit,
3260 622 3396 676 diem
3426 621 3719 677 Sabbatum
3752 632 3911 696 atque

2296 713 2629 769 Dominicum
2658 713 2721 767 ab
2747 716 2885 769 omni
2918 716 3074 786 faciet
3103 730 3257 783 apere
3284 714 3555 768 custodiri.
3590 714 3782 783 Iidem,
3812 725 3910 771 aut

2299 804 2388 859 alii
2406 808 2632 876 perversi
2662 807 2911 870 homines,
2946 805 3330 875 praedicabant,
3364 805 3646 861 Dominico
3670 807 3763 862 die
3794 808 3909 863 nul.

2297 898 2407 953 lum
2432 898 2631 954 debere
2659 900 2845 953 lavari.
2878 898 2949 952 Et
2969 898 3197 969 quidem,
3228 898 3419 967 inquit,
3444 900 3491 952 si
3512 917 3607 971 pro
3630 901 3761 954 luxu
3788 903 3907 955 ani-

2296 991 2367 1044 mi
2408 1000 2558 1062 atque
2594 991 2857 1061 voluptate
2899 992 3012 1061 quis
3060 990 3225 1043 lavari
3254 991 3471 1059 appetit,
3504 980 3599 1045 hoc
3648 992 3769 1061 ﬁeri
3812 1009 3906 1046 nec

2298 1085 2494 1155 reliquo
2524 1086 2746 1155 quolibet
2767 1085 2855 1138 die
2886 1084 3235 1138 concedimus.
3267 1082 3329 1137 Si
3358 1092 3529 1137 autem
3560 1102 3655 1153 pro
3678 1089 3905 1141 necessi-

2299 1186 2404 1231 tate
2422 1179 2673 1249 corporis,
2708 1179 2799 1233 hoc
2831 1195 2923 1232 nec
2948 1178 3341 1233 Dominicorum
3368 1177 3451 1231 die
3477 1178 3828 1248 prohibemus.

2899 1296 3126 1354 CAPUT
3158 1296 3299 1352 VIII.

2298 1407 2579 1475 Amm,—
2606 1410 2646 1459 1.
2671 1410 2938 1470 Gregorius
2979 1412 3129 1459 mittit
3152 1408 3467 1475 defensorem
3508 1414 3562 1475 in
3589 1412 3899 1475 HiSpaniam,

2360 1480 2413 1520 ut
2433 1473 2585 1531 judex
2626 1476 2687 1522 sit
2710 1485 2965 1522 causarum
2989 1475 3205 1534 episcop.
3229 1472 3474 1521 Judicium
3498 1472 3701 1523 Joannis
3725 1472 3903 1525 defené

2358 1537 2502 1583 suris.
2523 1560 2583 1571 »-
2604 1536 2649 1582 2.
2678 1534 2849 1585 Eidem
2876 1534 3082 1594 injungit
3107 1546 3226 1595 papa
3254 1537 3584 1597 visitationem
3612 1541 3904 1597 myrasterii

2359 1598 2530 1645 insula:
2556 1598 2814 1658 Caprariaz.
2850 1598 3198 1656 Ejusdemtpro
3222 1596 3329 1644 aliis
3370 1596 3689 1649 monasteriis
3713 1600 3899 1648 sollici-

2365 1659 2497 1708 tudo.
2524 1687 2585 1696 —
2605 1665 2649 1709 5.
2679 1660 2803 1717 Quid
2827 1660 3055 1709 statuerit
3074 1658 3137 1706 de
3164 1661 3393 1719 episcopo
3424 1660 3584 1709 Missa
3608 1664 3902 1711 sacriﬁcium

2362 1722 2426 1768 ob
2451 1722 2781 1785 infirmitatem
2806 1723 3183 1785 intermittente.
3210 1721 3341 1785 -_A4.
3368 1722 3464 1769 Pro
3490 1736 3605 1782 pace
3636 1726 3769 1773 inter
3794 1726 3899 1785 epi-

2360 1797 2534 1843 scopos
2560 1783 2857 1832 concilianda
2883 1796 3026 1845 quam
3041 1784 3190 1831 fuerit
3210 1782 3577 1833 sollicitum—5.
3596 1787 3649 1834 S.
3674 1782 3902 1845 Gregorii

2364 1849 2421 1893 ad
2448 1846 2833 1895 Theodelindam
2873 1848 3093 1905 reginam
3119 1846 3323 1906 epistola
3368 1852 3421 1894 et
3444 1846 3748 1896 munuscula.
3772 1874 3835 1883 —
3857 1850 3901 1897 6.

2302 1914 2309 1919 ‘
2366 1908 2529 1959 Ultimi
2557 1913 2610 1957 ὃ.
2632 1908 2857 1968 Gregorii
2886 1908 3077 1955 labores
3104 1921 3189 1967 pro
3209 1906 3441 1956 Ecclesia.
3470 1908 3597 1966 Quid
3623 1912 3904 1961 consulenti

2364 1974 2598 2033 episcopo
2632 1970 2937 2034 Messanensi
2964 1970 3289 2034 responderit.
3316 1996 3377 2034 -—_
3400 1971 3447 2018 7.
3474 1969 3684 2034 Consilia
3710 1974 3775 2034 alii
3803 1976 3904 2034 ipso

2357 2032 2522 2081 amicis
2544 2034 2671 2081 data.
2702 2032 2818 2093 Ejus
2840 2033 3020 2081 obitus.
3048 2032 3329 2093 Sepultura.
3345 2032 3496 2082 Sacer
3518 2033 3699 2084 cultus.
3723 2032 3905 2083 Trans-

2351 2096 2577 2145 lationes.
2611 2094 2723 2155 (An.
2747 2094 2838 2143 605
2865 2101 2917 2143 et
2938 2093 3074 2154 60L)

2361 2203 2415 2257 l.
2444 2201 2523 2255 Ex
2579 2199 2879 2256 editissima
2925 2197 3181 2254 Ecclesiae
3231 2198 3452 2269 specula
3500 2198 3558 2253 S.
3610 2197 3904 2269 Gregorius

2289 2293 2630 2363 conspiciens
2659 2294 2899 2346 turbatas
2944 2290 3325 2360 Hispaniarum
3364 2290 3672 2358 Ecclesias,
3704 2293 3779 2346 ob
3826 2293 3903 2347 iu-

2283 2386 2487 2457 justam
2515 2383 2818 2457 presbyteri
2848 2390 2904 2438 et
2946 2383 3302 2452 quorumdam
3348 2383 3728 2463 episcoporum
3760 2383 3900 2453 deje-

2288 2480 2545 2543 ctionem,
2572 2492 2638 2533 eo
2666 2476 2813 2531 misit
2832 2474 3094 2531 Joannem
3121 2475 3486 2543 defensorem,
3511 2476 3626 2545 qui,
3660 2476 3903 2531 auctori-

2291 2581 2405 2628 tate
2452 2572 2554 2627 sibi
2586 2587 2615 2625 a
2670 2586 2880 2626 summo
2930 2569 3191 2626 Pontiﬁce
3241 2570 3510 2641 delegata,
3538 2571 3704 2640 judex
3761 2573 3899 2627 sedit

2286 2664 2429 2719 inter
2460 2662 2835 2733 presbyterum
2859 2662 3254 2732 episcoposque
3280 2663 3387 2717 vim
3419 2679 3642 2733 passos,
3677 2673 3733 2718 et
3764 2665 3898 2721 alios

2286 2755 2377 2824 qui
2408 2763 2501 2807 aut
2531 2754 2677 2824 ipsos
2708 2753 2908 2820 injuste
2934 2753 3245 2822 dejecerant
3274 2762 3366 2808 aut
3396 2770 3584 2809 eorum
3612 2755 3774 2809 sedes
3819 2756 3897 2810 in-

2287 2854 2540 2901 vaserant
2575 2855 2669 2900 aut
2711 2861 2902 2900 eorum
2956 2846 3233 2900 invasores
3282 2845 3626 2914 ordinarant,
3680 2860 3897 2903 necnon

2286 2939 2427 2996 inter
2475 2940 2768 3009 gloriosum
2817 2936 3185 3003 Comitiolum,
3238 2938 3488 3008 Baiticaz,
3539 2947 3599 2993 ut
3651 2954 3752 3009 par
3810 2945 3896 2994 est

2286 3032 2529 3097 credere,
2580 3031 2932 3103 praefectum,
2973 3046 3081 3100 quo
3124 3031 3425 3100 praesertim
3474 3041 3698 3087 auctore
3746 3038 3896 3087 tanta

2286 3125 2427 3178 mala
2470 3124 2571 3178 hac
2618 3127 2670 3179 in
2704 3125 2981 3195 provincia
3013 3132 3322 3194 perpetrata
3352 3130 3499 3178 sunt.
3538 3121 3764 3178 Joannis
3793 3124 3888 3178 de—

2286 3215 2516 3271 fensoris
2561 3216 2816 3285 legationi
2872 3216 3216 3271 occasionem
3244 3215 3392 3269 dedit
3436 3213 3699 3281 Januarii,
3728 3215 3894 3271 Mala-

582 3311 707 3371 tem,
756 3300 1037 3355 sollicitum
1081 3308 1131 3352 et
1172 3299 1363 3352 divinae
1414 3296 1701 3364 Scriptura:
1747 3297 1996 3357 scientia,
2046 3296 2184 3367 quod
2210 3321 2255 3382 ρ
2288 3307 2453 3361 citani
2506 3306 2787 3378 episcopi,
2839 3307 3017 3377 petitio
3065 3323 3161 3361 seu
3201 3307 3414 3361 libellus
3466 3308 3695 3378 supplex
3744 3324 3892 3379 papae

581 3394 807 3448 maxime
854 3394 911 3446 in
963 3391 1317 3446 sacerdotibus
1373 3392 1665 3462 eligendum
1717 3398 1812 3456 est,
1870 3392 2179 3444 institutum.

583 3488 833 3553 Quietem
887 3494 1067 3539 tamen
1116 3484 1275 3553 hujus
1304 3482 1513 3539 abbatis
1556 3483 1777 3538 turbare
1803 3482 1978 3537 noluit
2006 3498 2180 3553 papa,

579 3596 666 3646 ne,
696 3594 811 3633 eum
851 3577 919 3631 ad
947 3578 1140 3632 altiora
1168 3576 1529 3647 producendo,
1554 3577 1809 3630 minorem
1856 3576 2027 3646 seipso
2068 3577 2183 3644 ﬁeri

579 3673 801 3726 missum
824 3672 880 3725 in
909 3670 1149 3740 ﬂuctibus
1177 3669 1520 3739 compelleret.
1552 3667 1579 3709 δ
1615 3667 1842 3724 Urbicus
1876 3676 1994 3722 erat
2030 3668 2185 3738 quasi

577 3765 861 3837 praefectus
888 3772 982 3818 aut
1027 3764 1349 3833 praepositus
1391 3762 1659 3832 generalis
1706 3761 1949 3817 omnium
1994 3776 2184 3816 mona-

577 3858 869 3914 steriorum
917 3855 973 3910 in
1020 3854 1233 3921 Sicilia,
1266 3854 1344 3907 uti
1380 3854 1490 3923 jam
1543 3853 1986 3919 observavimus;
2040 3852 2183 3921 quod

576 3946 811 4004 fortasse
834 3948 891 4002 in
935 3961 1098 4002 causa
1148 3944 1332 4000 fuitut
1378 3960 1503 4001 eum
1534 3944 1687 3999 atali
1736 3944 2075 4014 praefectura,
2128 3952 2186 3998 ut

576 4039 734 4095 ﬁeret
756 4040 1067 4109 episcopus,
1109 4036 1351 4092 amoveri
1382 4053 1489 4092 non
1535 4037 1608 4092 sit
1637 4051 1830 4106 passus
1866 4035 2178 4105 Gregorius.

578 4129 1022 4184 Panormitanam
1062 4128 1247 4184 sedem
1297 4127 1533 4183 obtinuit
1587 4125 1860 4193 Joannes,
1905 4142 2065 4196 quem
2121 4126 2177 4182 S.

583 4221 877 4290 Gregorius
914 4221 1127 4275 monuit
1153 4220 1222 4275 de
1250 4219 1513 4275 reditibus
1550 4216 1808 4273 Ecclesiae
1847 4210 2095 4290 quartam
2127 4220 2180 4273 in

580 4311 795 4379 integro
825 4310 1133 4382 portionem
1163 4325 1263 4366 suo
1295 4310 1444 4366 clero
1486 4310 1746 4377 tribuere,
1779 4319 1833 4366 et
1858 4311 2182 4366 tabularium

578 4402 862 4459 instituere
908 4402 1002 4473 qui
1053 4402 1276 4472 singulis
1333 4401 1546 4457 clericis
1599 4402 1781 4458 debita
1836 4403 2183 4459 distribueret

574 4492 730 4563 juxta
779 4494 1020 4549 tabulam
1065 4509 1161 4549 seu
1207 4492 1549 4548 matriculam
1599 4492 1740 4566 (Lib.
1782 4512 1908 4559 xui,
1937 4513 2020 4563 ep.
2064 4494 2178 4564 44).

575 4584 763 4644 Eidem
790 4586 990 4643 eximia
1020 4586 1222 4657 praebet
1252 4594 1522 4657 praecepta
1550 4585 1616 4641 ad
1640 4586 1898 4657 Optimam
1928 4586 2182 4642 Ecclesia:

2291 3400 2523 3463 oblatus,
2549 3416 2656 3470 quo
2684 3400 3013 3469 querebatur
3050 3414 3214 3453 unum
3245 3414 3275 3452 e
3303 3399 3413 3454 suis
3452 3401 3785 3471 presbyteris
3817 3402 3884 3457 ab

2290 3488 2469 3545 oﬂicio
2491 3506 2588 3544 suo
2612 3498 2873 3555 amotum,
2899 3497 2953 3544 et
2976 3490 3026 3543 in
3057 3490 3303 3544 exsilium
3333 3489 3677 3561 deportatum
3703 3492 3889 3548 fuisse.

2288 3579 2348 3636 In
2378 3582 2568 3637 eodem
2598 3582 2737 3636 haud
2766 3582 2928 3635 dubie
2978 3581 3161 3637 libello
3189 3583 3255 3636 de
3285 3583 3446 3638 simili
3476 3599 3691 3654 quoque
3730 3600 3891 3655 paena

2289 3676 2391 3730 sibi
2433 3675 2633 3729 inﬂicta
2663 3684 2994 3745 conquestus
3041 3687 3123 3729 εει
3167 3676 3472 3731 Januarius.
3504 3678 3653 3732 Alius
3697 3679 3895 3735 incerti

2289 3768 2396 3822 loci
2445 3768 2730 3838 episcopus
2758 3768 2975 3823 nomine
3025 3767 3333 3837 Stephanus
3362 3784 3484 3823 cum
3514 3767 3769 3824 Januario
3798 3770 3894 3825 de.

2288 3859 2496 3928 positus
2522 3867 2577 3911 et
2604 3859 2655 3912 in
2681 3859 2927 3913 exsilium
2948 3857 3174 3926 ejectus,
3198 3858 3262 3912 ad
3293 3866 3532 3913 sanctam
3558 3874 3779 3927 quoque
3808 3876 3894 3915 se-

2288 3951 2411 4005 dem
2454 3952 2841 4020 appellaverat.
2869 3949 2940 4005 Ut
2968 3951 3020 4005 in
3052 3951 3135 4005 his
3162 3952 3541 4021 episcoporum
3577 3960 3633 4006 et
3663 3953 3892 4024 presby-

2288 4050 2530 4097 terorum
2570 4042 2748 4097 causis
2777 4049 2927 4097 recte
2964 4043 3291 4097 sententiam
3318 4041 3487 4097 ferret
3509 4040 3767 4107 Joannes,
3800 4044 3893 4099 de-

2286 4134 2367 4189 dit
2396 4135 2494 4205 ipsi
2527 4151 2666 4204 papa
2696 4135 2895 4205 duplex
2936 4136 3234 4205 capitulare
3267 4151 3360 4191 seu
3392 4138 3889 4203 commonitorium,

2285 4238 2517 4292 quorum
2550 4239 2714 4278 unum
2743 4224 3045 4293 praescribit
3088 4224 3347 4293 quidquid
3392 4225 3538 4279 facto
3569 4240 3705 4294 opus
3738 4226 3805 4280 sit
3836 4227 3890 4281 in

2286 4315 2369 4371 his
2394 4316 2576 4370 litibus
2623 4321 2737 4369 tum
2784 4316 3112 4371 instruendis
3153 4324 3267 4371 tum
3310 4316 3614 4385 judicandis
3655 4319 3887 4374 alterum

2286 4409 2528 4464 continet
2557 4408 2702 4477 leges
2729 4408 3037 4479 imperiales
3065 4409 3132 4465 de
3160 4410 3485 4465 clericorum
3525 4411 3887 4467 immunitate.

2281 4498 2341 4555 In
2370 4502 2637 4556 sententia
2668 4500 2893 4558 Joannis
2920 4502 3245 4570 defensoris,
3278 4516 3443 4572 quem
3485 4518 3679 4558 omnes
3704 4514 3889 4574 partes

2236 4658 2237 4661 η
2286 4607 2383 4663 pro
2410 4592 2650 4661 legitimo
2679 4610 2779 4649 suo
2802 4595 2987 4664 judice
3018 4603 3378 4664 agnoverunt,
3414 4594 3560 4649 nulla
3593 4594 3653 4648 fit
3680 4597 3887 4651 mentio

575 4680 1044 4750 gubernationem.
1071 4677 1158 4731 Ad
1185 4676 1449 4733 Joannem
1478 4678 1698 4749 pallium
1738 4680 1850 4747 jam
1880 4679 2041 4748 paulo
2081 4693 2178 4732 an-
2199 4711 2255 4772 Β
2285 4683 2547 4754 Stephani
2589 4686 2829 4757 episcopi
2857 4695 2912 4741 et
2939 4687 3239 4758 presbyteri
3270 4686 3599 4752 Malacitani,
3628 4688 3725 4743 sed
3772 4698 3891 4743 tan-

577 4782 669 4830 tea
696 4775 874 4831 fuerat
892 4774 1137 4830 missum.
1168 4774 1228 4828 In
1252 4774 1482 4845 epistola
1510 4788 1617 4843 qua
1646 4773 2015 4829 sanctissimus
2038 4787 2174 4842 pon-

578 4868 713 4924 tifex
745 4884 938 4925 recens
974 4868 1279 4924 ordinatura
1312 4866 1628 4938 episcopum
1653 4865 1775 4935 jure
1797 4863 1979 4918 utendi
2011 4862 2173 4934 pallio

580 4960 822 5027 donavit,
856 4960 935 5014 ait
969 4974 1092 5014 eum
1113 4958 1468 5029 speculatoris
1492 4955 1749 5011 Ecclesia:
1778 4953 2174 5008 Panormitante

580 5051 813 5108 ofﬁcium
833 5051 1169 5121 suscepisse;
1204 5064 1401 5105 nomen
1443 5047 1684 5118 episcopi
1709 5046 1881 5117 probe
1902 5044 2171 5115 interpre-

582 5150 724 5197 tatus
752 5139 938 5214 (ιωάη
969 5158 1052 5213 ep.
1079 5140 1196 5211 57).

651 5252 739 5307 14.
766 5250 927 5308 Certe
960 5253 1362 5323 speculatorem
1391 5248 1717 5304 indefessum
1745 5261 1811 5301 ac
1838 5246 2176 5317 vigilantissi-

579 5359 729 5402 mum
748 5360 869 5402 sese
887 5345 1156 5417 probabat
1174 5339 1858 5416 ipse~Gregorius,assidue
1877 5339 2172 5408 excubans,

580 5437 710 5494 licet
730 5438 1059 5509 gravissimis
1083 5436 1287 5492 morbis
1326 5432 1698 5496 decumberet,
1725 5440 1782 5486 ut
1808 5448 1838 5487 a
1861 5445 2023 5501 grege
2051 5447 2172 5498 suo,

580 5528 841 5600 quidquid
884 5528 1190 5583 immineret
1211 5525 1339 5581 mali
1385 5532 1616 5579 arceret.
1652 5522 1805 5579 Unde
1849 5538 1971 5579 cum
2022 5523 2175 5578 intel-

580 5618 802 5677 lexisset
827 5618 1092 5691 quosdam
1134 5619 1190 5672 in
1219 5617 1335 5686 ipsa
1360 5615 1494 5670 urbe
1524 5613 1695 5671 Roma
1740 5614 1979 5685 perversi
2010 5612 2170 5684 spiri-

544 5738 545 5741 η
579 5718 673 5769 ιω
696 5710 944 5768 homines
966 5710 1056 5765 die
1097 5707 1319 5764 Sabbati
1365 5706 1562 5777 aliquid
1589 5707 1803 5778 operari
1852 5706 2171 5789 prohibere;

582 5804 651 5858 ad
678 5803 823 5859 cives
848 5800 1125 5857 Romanos
1152 5799 1392 5869 scripsit,
1415 5798 1699 5858 Judaicum
1743 5799 1889 5855 hunc
1931 5812 2173 5854 errorem

657 5970 685 5996 ι
715 5956 793 6012 ita
815 5960 1105 6025 anguntur
1123 5954 1405 6014 Barouius.

2284 4785 2394 4829 tum
2424 4776 2692 4843 Januarii,
2726 4779 2965 4849 episcopi
2994 4778 3153 4849 hujus
3184 4779 3359 4845 urbis,
3392 4780 3487 4849 qui
3519 4779 3624 4834 hoc
3654 4780 3889 4834 solemni

2278 4866 2484 4936 judicio
2515 4868 2613 4922 fuit
2639 4868 2893 4925 Ecclesiae
2926 4886 3037 4924 sum
3074 4871 3357 4926 restitutus
3385 4889 3397 4925 :
3432 4869 3683 4938 Nullam,
3712 4870 3889 4939 inquit

2279 4958 2538 5026 Joannes,
2562 4963 2618 5013 in
2646 4962 2901 5016 antedicto
2924 4961 3180 5017 Januario
3211 4965 3417 5032 culpam
3446 4979 3561 5033 qua:
3590 4963 3781 5016 exsilio
3812 4962 3889 5015 vel

2282 5051 2600 5122 depositione
2617 5056 2776 5125 digna
2792 5066 2923 5108 esset
2946 5057 3141 5125 puniri,
3173 5056 3263 5108 sed
3292 5057 3459 5124 magis
3488 5055 3637 5107 illum
3666 5055 3886 5124 ejectum

2282 5143 2345 5197 de
2372 5143 2611 5199 Ecclesia
2649 5148 2893 5200 violenter
2922 5147 3115 5204 inveni.
3148 5146 3217 5199 Et
3253 5148 3413 5217 303
3441 5164 3757 5217 quamquam
3790 5147 3887 5198 hu-

2269 5236 2501 5305 jusmodi
2543 5240 2880 5292 temeritatem
2916 5240 3087 5309 legum
3125 5254 3344 5292 censura
3381 5238 3767 5291 districtissime
3808 5240 3884 5308 [σε
3907 5252 3951 5302 ν’

2276 5331 2400 5395 rint,
2422 5347 2515 5400 ego
2548 5340 2715 5384 tamen
2740 5331 2907 5401 legum
2930 5333 3155 5401 vigorem
3184 5331 3499 5384 sacerdotali
3524 5327 3937 5384 moderatione

2278 5431 2588 5493 temperans,
2613 5423 2795 5476 mediis
2818 5423 3164 5476 sacrosanctis
3190 5420 3512 5493 Evangeliis,
3537 5422 3721 5494 quibus
3745 5438 3882 5493 pra:-

2273 5514 2502 5566 sentibus
2551 5512 2614 5565 ab
2652 5514 2800 5567 initio
2846 5514 2900 5566 in
2947 5514 3042 5566 hoc
3082 5515 3317 5583 cognitor
3361 5514 3529 5568 resedi
3558 5514 3785 5586 judicio,
3818 5530 3881 5567 ea

2275 5619 2390 5674 qua
2417 5613 2599 5658 contra
2628 5622 2740 5658 eum
2766 5614 2958 5659 statuta
3005 5614 3154 5668 sunt,
3185 5606 3303 5659 licet
3337 5607 3459 5676 jure
3502 5624 3605 5661 non
3647 5617 3874 5671 teneant,

2276 5714 2367 5751 nec
2384 5699 2605 5769 alicujus
2622 5701 2723 5752 sint
2744 5700 3011 5763 momenti,
3032 5700 3087 5752 in
3085 5701 3231 5770 justa
3253 5710 3425 5753 tamen
3457 5710 3506 5754 et
3527 5701 3745 5769 inﬁrma
3767 5716 3879 5754 esse

2276 5795 2577 5863 pronuntio,
2594 5804 2743 5863 atque
2770 5794 2887 5846 illos
2908 5802 2955 5847 et
2970 5793 3093 5848 illos
3113 5802 3427 5849 memoratos
3443 5795 3732 5865 episcopos,
3762 5794 3875 5865 qui,

2351 5951 2379 5991 ι)
2396 5951 2530 6007 Vide
2546 5951 2820 6010 Mabillon.
2838 5951 3032 6009 Annal.
3049 5953 3252 6011 Beued.
3277 5954 3369 6011 lib.
3383 5970 3499 6024 Vlll,
3523 5969 3581 6009 n.
3603 5950 3677 6008 55
3699 5960 3755 6008 et
3774 5948 3868 6005 59.
