4130 6500
258 455 400 533 ,457

769 450 829 506 S.
870 446 1193 505 GREGORII
1231 447 1447 506 MAGNI
1486 446 1668 512 VITA,
1710 444 1807 501 EX
1846 444 2009 501 EJUS
2049 440 2350 501 SCRIPTIS
2387 443 2781 501 ADORNATA.
2825 442 2953 499 LIB.
2996 442 3083 498 Ν.

3458 442 3565 500 458

298 560 584 632 postposita
631 558 1043 613 consideratione
1096 558 1438 626 sacerdotali,
1486 560 1539 612 in
1582 556 1765 629 fratris
1803 556 1885 610 sui
1910 560 1959 617 Α
1989 556 2479 627 berentpercipere;
2509 556 2603 611 sed
2631 554 2946 611 admonendi
2972 559 3113 619 sunt,
3143 550 3317 621 inquit
3352 559 3571 610 sanctus

298 648 655 720 pratjudicium
696 656 848 719 atque
882 649 1365 704 condemnationem
1390 649 1585 720 injuste
1611 656 1661 700 et
1702 654 1883 700 contra

300 739 396 795 Dei
424 739 660 793 timorm
685 740 873 793 versati
900 748 1048 803 sunt,
1080 738 1459 803 condemnans,
1490 738 1545 790 in
1570 735 1884 789 monasterio

298 829 616 900 recipiendos
641 829 709 883 ad
734 830 992 901 agendam
1010 831 1067 884 in
1107 840 1302 901 tempus
1333 828 1687 899 paenitentiam
1714 833 1883 879 statuo

297 930 447 993 atque
480 920 716 977 decerno.
751 920 911 976 Illum
938 938 1055 977 vero
1084 922 1171 992 qui
1208 922 1376 975 locum
1404 918 1649 972 antedicti
1671 917 1888 970 sanctis-

298 1014 416 1069 simi
442 1000 688 1067 Januarii
717 1023 899 1068 contra
918 1028 1188 1067 sacrorum
1208 1027 1466 1066 canonum
1489 1016 1684 1063 statuta
1704 1007 1886 1078 nequi-

301 1114 375 1159 ter
402 1106 733 1175 prtesumpsit
762 1105 1007 1159 invadere
1035 1104 1408 1171 condemnans,
1433 1102 1626 1173 privari
1647 1099 1889 1155 sacerdo-

301 1196 369 1250 tio
394 1204 443 1249 et
464 1196 527 1249 ab
554 1197 693 1252 omni
709 1194 1058 1251 ecclesiastico
1080 1195 1261 1250 ordine
1282 1192 1531 1249 removeri
1558 1200 1749 1256 statuo,
1765 1197 1891 1243 utet

299 1289 395 1344 hoc
414 1289 552 1361 quod
566 1289 702 1343 male
715 1297 790 1343 est
806 1288 1022 1360 adeptas
1048 1288 1274 1354 amittat,
1293 1304 1386 1342 nec
1410 1286 1479 1339 ad
1509 1286 1726 1356 ofﬁcium
1754 1282 1891 1354 quod

298 1388 421 1433 ante
453 1379 668 1449 indigne
702 1388 960 1450 gesserat,
992 1387 1296 1434 revertatur.
1333 1377 1683 1447 Swpedictum
1722 1383 1892 1428 autem

297 1473 681 1526 sanctissimum
710 1472 1022 1527 Januarium
1037 1475 1333 1543 episcopum
1351 1472 1641 1526 absolutum
1662 1469 1774 1524 loco
1800 1483 1891 1522 suo

298 1563 351 1617 in
363 1564 687 1635 episcopatus
699 1564 866 1635 gradu
878 1563 990 1619 Deo
1004 1573 1211 1619 auctore
1222 1564 1402 1617 reverti
1416 1561 1676 1634 (Lib.xm,
1686 1578 1767 1631 ep.
1776 1558 1891 1629 45).

366 1653 424 1707 2.
443 1653 627 1711 Eidem
642 1655 914 1711 defensori
929 1655 987 1711 S.
1008 1655 1303 1724 Gregorius
1323 1656 1377 1710 in
1396 1654 1664 1709 mandatis
1676 1653 1821 1708 dedit
1834 1659 1893 1705 ut

295 1738 683 1793 monasterium
712 1738 1044 1809 Capricante,
1072 1754 1167 1794 seu
1189 1738 1463 1809 Caprarite
1490 1738 1680 1793 insulse
1720 1751 1893 1808 prope

294 1824 609 1896 Majoricam
635 1829 897 1893 visitaret,
927 1837 985 1885 et
1030 1830 1422 1885 monachorum
1451 1826 1737 1900 corruptos
1765 1843 1887 1884 mo-

1984 647 2206 713 Doctor,
2231 655 2289 700 ut
2316 647 2611 700 nullatenus
2632 648 3016 717 pertimescant,
3039 642 3130 698 sed
3159 658 3278 695 cum
3308 642 3450 695 omni
3466 642 3581 710 ﬁde,

1985 748 2033 794 et
2053 740 2326 794 securitate
2351 740 2742 803 communicent,
2766 740 2887 809 quia
2908 735 3159 808 (egritudo
3180 750 3412 804 persona:
3432 735 3575 788 sacri

1988 830 2219 901 mysterii
2253 828 2658 882 benedictionem
2686 843 2778 881 nec
2815 835 2982 880 mutat
3022 842 3115 880 nec
3154 824 3358 893 polluit.
3392 822 3577 878 Voluit.

1988 922 2336 978 nihilominus
2362 937 2394 976 a
2420 920 2581 975 Vitali
2611 920 2820 989 suggeri
2848 917 3122 983 Januario,
3145 925 3204 972 ut
3227 916 3443 987 quoties
3470 915 3573 970 ali-

1988 1028 2151 1082 quam
2178 1012 2404 1068 sentiret
2428 1011 2753 1073 molestiam,
2778 1026 2883 1063 non
2909 1008 3245 1079 procederet;
3274 1021 3346 1061 ne
3373 1020 3443 1062 ex
3469 1005 3577 1060 hoc

1990 1116 2047 1163 et
2085 1122 2145 1162 se
2172 1106 2552 1176 despicabilem
2594 1103 2883 1174 praeberet,
2913 1110 2968 1156 et
3011 1101 3345 1156 inﬁrmorum
3383 1099 3578 1155 animis

1990 1208 2279 1271 generaret
2301 1198 2633 1257 scandalum.

2066 1287 2543 1361 lnﬁrmalJanuarii
2557 1287 2810 1344 valetudo
2829 1286 2882 1342 in
2894 1294 3153 1358 provecta
3180 1292 3363 1355 aetate,
3383 1299 3581 1355 magna

2000 1382 2276 1448 Ecclesiis,
2289 1381 2658 1445 xenodochiis,
2681 1388 2736 1435 et
2747 1378 3091 1436 monasteriis
3113 1376 3310 1431 damna
3326 1377 3584 1431 intulerat

1994 1473 2048 1528 in
2081 1471 2348 1527 Sardinia.
2383 1469 2859 1526 Xenodochiorum
2886 1483 3071 1524 curam
3095 1466 3298 1522 habere
3328 1464 3582 1521 Ecclesiae

1993 1564 2313 1619 Caralitanae
2324 1578 2664 1620 oeconomum
2678 1569 2735 1617 et
2753 1559 3279 1631 archipresbyterum
3296 1558 3457 1629 jussit
3485 1574 3585 1628 pa-

1994 1670 2081 1726 pa,
2096 1653 2163 1709 de
2188 1654 2457 1724 neglectu,
2478 1653 2526 1709 si
2547 1652 2669 1721 quis
2690 1650 2944 1721 deinceps
2958 1658 3121 1717 esset,
3135 1664 3325 1720 paenae
3336 1649 3585 1705 daturos.

2064 1746 2117 1799 4.
2150 1745 2396 1815 Gregorii
2423 1744 2839 1802 sollicitudinem
2862 1758 2963 1814 pro
2984 1751 3101 1798 tota
3123 1740 3388 1811 Ecclesia,
3410 1755 3589 1811 neque

1994 1840 2370 1909 ingravescens
2396 1845 2546 1903 tetas,
2574 1850 2753 1905 neque
2780 1833 2980 1890 assidui
3006 1833 3349 1903 acrioresque
3374 1832 3591 1888 labores

293 1932 384 1973 res
430 1920 743 1975 emendaret
774 1919 913 1992 (Lib.
944 1937 1058 1988 xui,
1087 1938 1168 1991 ep.
1199 1920 1312 1991 46).
1340 1920 1474 1974 Nam
1522 1921 1596 1975 ita
1636 1934 1892 1992 perverse
1919 1939 1969 2000 Β
1994 1934 2050 1987 in
2077 1931 2191 1986 dies
2211 1929 2408 1994 morbi,
2439 1927 2532 1997 qui
2550 1934 2782 1983 mortem
2812 1925 3245 1996 praenuntiabant
3264 1923 3588 1994 proximam,

294 2023 463 2079 agere
489 2010 832 2079 dicebantur,
862 2020 925 2066 ut
972 2026 1082 2066 non
1127 2012 1265 2079 Deo,
1295 2011 1391 2085 sed
1437 2011 1662 2080 antiquo
1710 2010 1892 2081 potius

293 2100 474 2168 hosti,
506 2118 565 2157 se
613 2103 848 2158 militare
900 2103 1267 2159 ostenderent.
1321 2103 1412 2159 Sic
1449 2103 1684 2158 studium
1737 2117 1893 2157 suum

296 2209 402 2263 pro
451 2194 822 2250 conservanda
852 2205 944 2250 aut
994 2195 1337 2252 resarcienda
1378 2197 1678 2251 monastica
1726 2196 1893 2251 disci-

294 2285 452 2356 plina
475 2287 675 2355 ubique
699 2287 1108 2343 demonstrabat
1134 2288 1503 2344 sanctissimus
1528 2298 1704 2358 pater.
1736 2287 1893 2343 Anno

298 2376 423 2445 ejus
447 2376 795 2447 pontiﬁcatus
834 2378 1046 2435 decimo
1094 2387 1287 2450 quarto
1334 2380 1578 2448 ineunte,
1608 2380 1711 2449 ipsi
1750 2394 1895 2434 curae

298 2464 408 2520 fuit
453 2467 740 2536 providere
782 2469 1114 2525 monasterio
1161 2478 1473 2526 sanctorum
1517 2469 1797 2525 Laurentii
1841 2476 1898 2523 et

300 2554 542 2612 Zenonis
579 2556 635 2611 in
660 2555 923 2614 Caesenati
964 2567 1174 2625 castro,
1202 2559 1346 2629 quod
1377 2557 1711 2614 Concordius
1739 2557 1898 2626 hujus

300 2644 415 2701 loci
441 2646 724 2718 episcopus
766 2649 1011 2703 turbarat
1039 2646 1235 2718 injusta
1265 2647 1548 2703 Fortunati
1575 2646 1784 2703 abbatis
1811 2646 1901 2702 de-

302 2738 599 2809 positione.
630 2740 711 2795 Ab
738 2739 854 2809 ejus
883 2750 1227 2797 antecessore
1253 2740 1451 2808 Natali,
1482 2740 1719 2797 Caesenae
1759 2738 1900 2809 epis-

306 2845 468 2900 copo,
504 2830 833 2887 Fortunatus
871 2832 1151 2889 ordinatus
1190 2830 1368 2889 fuerat
1395 2833 1559 2887 abbas
1586 2831 1746 2900 hujus
1784 2847 1902 2886 mo-

306 2921 567 2989 nasterii;
598 2931 653 2977 et
679 2923 724 2977 si
752 2923 901 2977 nulla
930 2924 1196 2979 existente
1221 2939 1385 2979 causa
1410 2939 1583 2979 novus
1614 2922 1903 2992 episcopus

309 3029 439 3070 eum
470 3014 537 3069 ab
564 3014 667 3070 hoc
707 3023 988 3071 amoverat
1031 3016 1230 3083 ofﬁcio,
1275 3015 1549 3085 aliumque
1593 3015 1906 3071 instituerat

312 3105 587 3160 abbatem.
616 3104 944 3162 Fortunatus
985 3107 1053 3162 de
1089 3122 1188 3163 sua
1210 3105 1511 3175 dejectione
1531 3106 1809 3177 querelam
1837 3105 1906 3160 ad

309 3210 583 3251 summum
629 3196 822 3252 detulit
861 3198 1205 3268 pontiﬁcem,
1236 3199 1353 3267 qui,
1386 3199 1631 3267 quamvis
1679 3214 1746 3253 ex
1786 3198 1905 3267 ipso

1994 2028 2290 2094 potuerunt
2334 2019 2685 2084 imminuere;
2717 2018 2951 2071 maxime
2995 2032 3118 2071 cum
3148 2015 3219 2069 de
3262 2030 3399 2084 pace
3425 2015 3588 2069 resti-

1993 2111 2196 2168 tuenda
2219 2112 2362 2166 inter
2378 2109 2662 2180 episcopos
2682 2108 2959 2177 agebatur.
2992 2107 3146 2173 Quod
3181 2106 3296 2175 ipse
3322 2106 3591 2175 signiﬁcat

1997 2203 2053 2257 in
2077 2201 2307 2271 epistola
2336 2200 2443 2255 hoc
2463 2214 2609 2254 anno
2633 2200 2831 2268 scripta
2858 2215 2872 2251 :
2906 2196 3138 2264 Quoties,
3168 2196 3360 2264 inquit,
3392 2212 3486 2249 nos
3511 2212 3592 2249 eo-

1997 2312 2111 2348 rum
2140 2291 2402 2348 discordia
2438 2293 2608 2345 tristes
2635 2292 2792 2362 facit,
2813 2290 2902 2361 qui
2929 2289 3073 2359 pacis
3092 2288 3460 2359 prtedicatores
3481 2303 3593 2341 esse

1932 2437 1939 2441 .
1998 2387 2300 2451 debuerant,
2328 2400 2519 2456 magna
2548 2382 2895 2439 sollicitudine
2922 2381 3231 2435 studendum
3252 2388 3418 2444 est,ut
3438 2378 3594 2448 litigii

1998 2478 2175 2531 ablata
2200 2476 2447 2542 materia,
2477 2473 2547 2527 ad
2567 2472 2898 2528 concordiam
2924 2470 3157 2534 redeant,
3186 2470 3271 2539 qui
3298 2468 3498 2522 diversa
3528 2466 3591 2519 ab

1999 2570 2216 2625 invicem
2260 2568 2524 2623 voluntate
2568 2565 2870 2620 discordant
2916 2562 3057 2633 (Lib.
3102 2578 3212 2628 xlv,
3243 2577 3324 2630 ep.
3358 2559 3437 2629 8).
3468 2558 3596 2614 Haec

2002 2664 2079 2717 ait
2125 2662 2412 2717 occasione
2466 2659 2576 2713 litis
2632 2657 2772 2711 inter
2828 2654 3174 2725 Alcysonem,
3223 2650 3505 2721 Corcyrae,
3539 2658 3597 2705 et

2001 2752 2286 2819 Joannem,
2311 2751 2485 2806 Eurite
2506 2751 2561 2805 in
2580 2748 2742 2818 Epiro
2765 2747 3100 2817 episcopum,
3130 2743 3221 2813 qui
3241 2758 3309 2796 ex
3337 2742 3440 2795 hac
3464 2740 3597 2795 urbe

2004 2844 2189 2914 fugere
2216 2851 2434 2899 coactus
2456 2857 2488 2897 a
2528 2841 2780 2896 Barbaris
2808 2855 2913 2894 una
2944 2854 3067 2893 cum
3096 2839 3272 2902 clero,
3306 2836 3597 2903 ablatoque

2003 2951 2189 2992 secum
2217 2935 2392 2991 sancti
2422 2943 2449 2972 ι
2478 2934 2670 2989 Donati
2699 2946 2929 3002 corpore
2949 2932 3003 2985 in
3024 2929 3268 2998 Cassiopi
3305 2935 3484 2982 castro
3506 2940 3596 2979 sa—

2006 3044 2127 3085 cras
2148 3029 2268 3084 illas
2288 3026 2543 3098 reliquias
2565 3026 2910 3095 deposuerat,
2928 3022 3139 3091 sibique
3170 3036 3234 3075 ac
3255 3019 3366 3075 suis
3386 3016 3598 3073 clericis

2008 3119 2193 3175 sedem
2223 3118 2433 3182 ﬁxerat,
2464 3123 2735 3171 annuente
2764 3114 3051 3185 Alcysone,
3073 3111 3361 3181 Corcyraeo
3385 3107 3597 3178 episcou-

2012 3226 2104 3281 po,
2133 3208 2203 3264 ad
2222 3208 2373 3277 cujus
2400 3206 2675 3262 dimcesim
2703 3203 3013 3275 pertinebat
3039 3208 3293 3256 castrum.
3318 3198 3388 3252 At
3414 3205 3601 3251 contra

310 3288 603 3345 Concordii
630 3289 857 3346 diacono
884 3291 1135 3347 abbatem
1162 3292 1359 3360 injuste
1387 3291 1677 3361 spoliatum
1703 3305 1904 3359 cogno-

2012 3301 2416 3356 ecclesiasticam
2444 3299 2844 3362 ordinationem,
2870 3303 3054 3351 contra
3083 3292 3454 3347 sacerdotalem
3484 3306 3599 3343 mo-

310 3381 501 3447 visset,
527 3380 595 3435 de
632 3381 736 3436 hoc
761 3382 977 3451 negotio
1003 3390 1186 3437 tamen
1214 3381 1591 3448 Marinianum,
1623 3382 1907 3437 Ravenna-

314 3478 427 3527 tem
474 3472 965 3543 archiepiscopum,
993 3474 1164 3529 voluit
1189 3475 1494 3543 inquirere,
1524 3476 1665 3545 quia,
1710 3476 1902 3546 inquit,

314 3562 507 3615 certior
533 3562 590 3615 in
622 3561 854 3631 partibus
882 3561 968 3617 ubi
997 3581 1078 3617 res
1116 3572 1232 3617 acta
1262 3573 1357 3630 est,
1388 3572 1554 3634 potest
1578 3582 1688 3619 esse
1716 3565 1910 3636 proba-

315 3655 412 3708 tio.
444 3653 512 3707 Et
541 3655 585 3710 si
615 3656 760 3710 nulla
786 3655 1070 3712 manifesta
1098 3672 1258 3713 causa
1285 3658 1637 3729 depositionis
1664 3658 1903 3713 exstitis-

314 3752 422 3810 set,
447 3744 605 3813 jussit
630 3747 985 3802 Fortunatum
1012 3750 1067 3803 in
1096 3749 1380 3819 pristinum
1409 3749 1633 3817 gradum
1660 3749 1905 3814 restitui,

314 3836 695 3907 increparique
741 3841 1058 3910 episcopum
1103 3840 1197 3908 qui
1250 3840 1553 3895 decessoris
1599 3841 1704 3907 sui,
1752 3841 1912 3895 nullis

316 3934 648 3998 provocatus
685 3930 1019 3997 excessibus,
1048 3929 1327 3985 destruere
1373 3930 1767 3986 ordinationem
1796 3946 1914 3985 mo-

318 4016 449 4073 litus
468 4017 539 4071 sit
566 4015 707 4087 (Lib.
730 4034 840 4085 xlv,
872 4036 955 4090 ep.
980 4018 1058 4089 6).

392 4109 472 4165 De
499 4109 821 4179 quibusdam
857 4110 1141 4166 abbatibus
1166 4110 1615 4167 monasteriorum
1654 4110 1917 4165 Sardiniae

318 4199 537 4269 scripsit
559 4198 749 4256 eodem
778 4200 894 4256 fere
915 4208 1159 4273 tempore
1184 4203 1242 4258 S.
1275 4201 1661 4272 Gregorius'ad
1684 4200 1914 4256 Vitalem

320 4292 484 4363 hujus
506 4294 693 4349 insula:
718 4293 1058 4351 defensorem
1076 4338 1090 4361 ,
1115 4310 1212 4351 eos
1238 4295 1333 4365 qui
1359 4310 1481 4351 cum
1507 4295 1685 4350 adhuc
1722 4295 1777 4348 in
1805 4310 1916 4346 mo-

318 4385 599 4440 nachicoet
615 4386 803 4441 minori
836 4395 1007 4441 essent
1039 4387 1240 4452 ordine,
1271 4387 1409 4458 lapsi
1437 4387 1670 4453 fuerant,
1704 4386 1915 4442 abbatis

321 4475 561 4532 ofﬁcium
582 4478 857 4548 suscipere
886 4479 1111 4534 minime
1138 4478 1411 4546 debuisse,
1443 4479 1547 4533 nisi
1568 4479 1778 4535 omnino
1800 4495 1915 4534 cor-

321 4578 467 4625 recta
509 4571 612 4625 vita
650 4582 699 4625 et
728 4571 886 4643 digna
930 4572 1252 4643 praecedente
1281 4573 1620 4643 paenitentia;
1650 4572 1746 4627 sed
1790 4572 1916 4641 quia

319 4659 435 4731 jam
473 4661 696 4717 abbates
730 4660 858 4717 facti
884 4671 1070 4729 erant,
1101 4663 1273 4718 voluit
1302 4663 1731 4732 sapientissimus
1758 4660 1921 4717 Pater

323 4761 386 4808 ut
404 4752 474 4808 de
493 4768 680 4809 eorum
701 4755 831 4819 vita,
862 4755 1101 4810 moribus
1130 4770 1195 4809 ac
1223 4755 1584 4812 sollicitudine
1609 4770 1796 4810 curam
1825 4771 1918 4826 ge-

322 4851 474 4899 reret
492 4843 701 4899 Vitalis.
716 4843 780 4899 Et
804 4843 849 4899 si
870 4853 1020 4900 actus
1042 4859 1229 4900 eorum
1256 4846 1458 4900 inventi
1472 4855 1659 4902 contra
1686 4845 1922 4902 ofﬁcium

328 4950 443 4991 non
459 4934 702 5002 fuissent,
719 4936 774 4990 in
787 4943 1011 5006 accepto
1026 4944 1436 5005 perseverarent
1451 4938 1633 4992 ordine
1647 4946 1703 4992 et
1715 4936 1918 4995 olﬁcio.

328 5026 573 5097 Alioquin
602 5029 834 5097 remotis,
852 5027 1042 5096 inquit,
1066 5029 1137 5081 eis
1167 5027 1260 5080 alii
1280 5030 1364 5097 qui
1382 5031 1666 5084 commissis
1683 5030 1780 5085 sibi
1809 5032 1926 5086 ani-

329 5118 513 5174 mabus
541 5121 784 5190 prodesse
808 5121 1014 5175 valeant
1041 5120 1343 5175 ordinentur
1367 5119 1506 5190 (Lib.
1529 5138 1638 5187 xw,
1660 5141 1743 5193 ep.
1772 5123 1851 5193 2).

401 5208 458 5263 5.
481 5209 542 5264 ln
574 5211 804 5281 epistola
833 5209 900 5265 ad
920 5209 1150 5266 Vitalem
1179 5226 1243 5265 ea
1282 5210 1348 5266 de
1380 5226 1441 5267 re
1467 5213 1667 5282 scripta
1694 5228 1924 5285 respon-

334 5297 428 5354 det
453 5298 511 5355 S.
542 5299 835 5371 Gregorius
881 5301 1163 5372 quaestioni
1211 5302 1499 5371 propositae
1525 5302 1593 5358 de
1640 5302 1922 5375 Januario,

333 5388 646 5448 Caralitano
676 5394 1097 5465 archiepiscopo,
1115 5395 1206 5465 qui
1232 5404 1457 5467 tempore
1483 5412 1581 5467 quo
1611 5398 1925 5468 sacriﬁcium

338 5481 629 5537 celebrabat
652 5494 848 5540 tantam
861 5489 1164 5559 frequenter
1209 5489 1503 5559 angustiam
1532 5488 1846 5559 patiebatur,
1868 5500 1926 5545 ut

337 5572 428 5627 vix
454 5583 569 5645 post
589 5575 744 5646 longa
767 5578 1040 5632 intervalla
1067 5579 1135 5630 ad
1156 5579 1322 5633 locum
1353 5581 1568 5635 canonis
1597 5581 1765 5636 redire
1794 5583 1927 5636 vale-

340 5674 440 5721 ret.
486 5667 616 5723 lnde
669 5669 851 5725 multis
900 5670 1211 5727 ollensionis
1266 5671 1390 5727 data
1443 5674 1688 5740 occasio,
1739 5674 1814 5728 ita
1868 5683 1926 5729 ut

342 5755 670 5827 dubitarent,
698 5762 743 5814 si
764 5763 1174 5818 communionem
1202 5764 1263 5818 de
1292 5765 1403 5835 ejus
1431 5765 1819 5821 consecratione
1844 5766 1928 5820 de-

2010 3391 2248 3455 destiam,
2280 3398 2461 3443 contra
2489 3402 2760 3441 sacrorum
2778 3401 3033 3438 canonum
3055 3391 3267 3448 statuta,
3296 3378 3603 3449 prazdictum

2011 3491 2236 3536 castrum
2248 3481 2310 3537 de
2324 3477 2972 3551 jurisdictioneAlcysonis
2985 3475 3237 3529 abducere
3251 3491 3314 3527 ac
3331 3490 3438 3527 sate
3451 3473 3604 3526 moli—

2013 3584 2093 3627 tus
2109 3581 2184 3627 est
2194 3572 2435 3643 potestati
2448 3570 2717 3640 subjicere,
2731 3576 2786 3621 ut
2808 3570 2995 3638 ﬁerent
3016 3566 3394 3638 quodammodo
3408 3564 3605 3618 domini

2012 3665 2250 3734 ubiprius
2263 3663 2485 3733 suscepti
2506 3664 2713 3733 fuerant
2729 3660 3007 3731 peregrini.
3027 3659 3103 3713 De
3128 3659 3338 3725 ingrato
3366 3654 3607 3725 episcopi

2015 3757 2234 3818 animo,
2289 3754 2592 3820 injustaque
2642 3751 2804 3807 castri
2848 3749 3199 3819 usurpatione
3243 3744 3609 3816 expostulavit

2017 3844 2251 3914 Alcyson
2276 3849 2388 3895 tum
2411 3840 2551 3911 apud
2576 3842 2979 3909 imperatorem,
3015 3846 3126 3890 tum
3152 3834 3293 3904 apud
3317 3833 3605 3897 Andream,

2021 3932 2453 4003 Nicopolitanum
2526 3931 2839 4000 episcOpum
2873 3966 2888 3993 ,
2948 3926 3229 3993 utriusque
3298 3921 3610 3991 metropoli-

2022 4036 2155 4090 tam,
2203 4023 2315 4092 qui,
2347 4030 2461 4076 tum
2513 4035 2583 4075 ex
2629 4017 2829 4084 ofﬁcio,
2886 4025 2998 4071 tum
3047 4032 3116 4071 ex
3156 4014 3413 4085 principis
3464 4027 3609 4082 prte-

2022 4123 2182 4186 cepto
2211 4114 2320 4168 lata
2366 4110 2660 4174 sententia,
2684 4109 2925 4165 decrevit
2964 4105 3207 4175 Cassiopi
3245 4112 3483 4160 castrum
3512 4103 3611 4157 sub

2017 4206 2395 4278 jurisdictione
2430 4203 2793 4274 Corcyritanae
2825 4199 3079 4256 Ecclesia:
3105 4198 3288 4252 debere
3314 4197 3609 4268 persistere.

2023 4297 2425 4370 Metropolitani
2492 4294 2815 4351 sententiam
2896 4290 3270 4363 comprobavit
3341 4305 3501 4360 papa.
3546 4288 3615 4342 Et

2023 4392 2270 4463 quamvis
2307 4390 2679 4444 districtionem
2719 4396 2900 4441 contra
2937 4402 2991 4439 se
3013 4402 3117 4439 non
3160 4383 3415 4438 modicam
3456 4379 3615 4447 hujus

2025 4484 2179 4554 litigii
2227 4483 2383 4554 culpa
2412 4481 2685 4538 videretur
2734 4480 2983 4551 exigere,
3011 4486 3234 4550 propter
3281 4474 3424 4544 quod
3471 4472 3614 4525 mala

1950 4615 1999 4678 υ
2026 4593 2127 4649 pro
2157 4576 2315 4631 bonis
2345 4583 2471 4631 sunt
2501 4574 2744 4630 reddita:
2767 4572 3094 4628 Studendum
3120 4580 3290 4623 tamen
3313 4574 3408 4633 est,
3441 4566 3615 4634 inquit

2025 4668 2473 4725 clementissimus
2502 4668 2682 4733 Pater,
2720 4674 2775 4721 ut
2806 4682 3017 4722 excessu
3055 4663 3343 4733 benignitas
3378 4676 3482 4714 non
3506 4660 3617 4713 vin-

2025 4774 2190 4829 catur,
2224 4780 2316 4817 nec
2336 4762 2467 4816 illud
2492 4762 2625 4831 quod
2652 4760 2912 4814 extraneis
2935 4754 3161 4819 debetur,
3186 4748 3431 4824 fratribus
3462 4752 3617 4807 etiam

2027 4855 2383 4909 necessitatem
2424 4851 2736 4921 patientibus
2775 4848 3112 4917 denegetur...
3152 4850 3350 4912 oportet
3399 4857 3522 4912 ergo
3562 4850 3618 4893 ut

2026 4944 2319 4998 sacerdotes
2358 4942 2435 4995 vel
2474 4940 2638 4993 clerus
2671 4936 2847 4990 Euria:
2885 4934 3104 4987 civitatis
3144 4932 3207 4985 ab
3239 4932 3457 5003 antefati
3497 4929 3620 4983 Cas-

2028 5035 2162 5102 siopi
2199 5032 2356 5085 castri
2386 5030 2703 5083 habitatione
2744 5025 3035 5079 nullatenus
3073 5023 3420 5092 repellantur,
3448 5022 3540 5077 sed
3569 5029 3619 5073 et

2033 5124 2166 5178 beati
2183 5124 2381 5177 Donati
2403 5130 2637 5175 sanctum
2660 5136 2721 5173 ac
2744 5118 3033 5173 venerabile
3061 5134 3267 5188 corpus,
3285 5116 3420 5188 quod
3448 5131 3619 5170 secum

2034 5216 2345 5279 detulerunt,
2368 5216 2423 5269 in
2444 5231 2550 5267 una
2573 5214 2909 5266 ecclesiarum
2930 5211 3178 5265 antedicti
3198 5212 3296 5266 loci
3326 5227 3481 5281 quam
3511 5208 3618 5262 ele-

2036 5307 2224 5375 gerint,
2251 5308 2354 5360 sive
2383 5306 2542 5369 intus,
2575 5306 2679 5358 sive
2705 5305 2833 5375 foris
2856 5302 3080 5357 habeant
3103 5303 3415 5357 recondendi
3446 5299 3618 5353 debita

2033 5416 2146 5452 cum
2177 5398 2501 5452 veneratione
2520 5397 2799 5450 licentiam.
2827 5396 2917 5451 Sic
2946 5405 3119 5449 tamen
3150 5405 3206 5449 ut
3235 5393 3498 5447 dilectioni
3521 5402 3620 5445 tute

2033 5489 2089 5543 in
2122 5490 2270 5559 cujus
2300 5488 2549 5558 parochia
2592 5496 2820 5541 castrum
2848 5488 3019 5557 ipsum
3049 5496 3125 5539 est
3157 5485 3402 5553 positum,
3433 5481 3620 5537 emissa

2033 5590 2334 5653 procuretur
2355 5583 2589 5635 cautione
2616 5581 2834 5635 munitio
2851 5621 2865 5645 ,
2899 5598 2989 5650 per
3014 5595 3167 5650 quam
3190 5577 3457 5646 promittat
3480 5576 3623 5643 epis-

2034 5692 2189 5744 copas
2219 5673 2397 5729 Eurias
2425 5674 2625 5727 nullam
2654 5673 2753 5727 sibi
2775 5673 2827 5726 in
2848 5688 2907 5728 eo
2936 5677 3259 5739 potestatem,
3290 5665 3488 5719 nullum
3519 5663 3622 5734 pri-

2033 5768 2271 5837 vilegium
2299 5767 2430 5836 fore,
2462 5764 2660 5819 nullam
2688 5763 3123 5834 jarisdictionem,
3148 5757 3346 5814 nullam
3374 5764 3623 5827 tanquam

416 5906 439 5987 ξ
477 5900 517 5953 Α
536 5915 643 5971 quo
666 5899 781 5955 haec
799 5901 926 5956 urbs
944 5917 1143 5959 nomen
1159 5905 1386 5976 accepit,
1410 5914 1743 5976 vocaturque
1763 5906 1926 5962 etiam
1957 5920 2099 5962 nunc
2134 5901 2501 5959 Son-Donato.

627 5997 898 6054 PATROL.
931 5996 1189 6056 LXXV.

3152 5993 3222 6053 15
