4130 6470
506 474 615 532 689

980 470 1036 525 S.
1081 460 1409 524 GREGORII
1447 460 1664 521 MAGNI
1702 458 1888 525 VlTA,
1932 453 2027 512 EX
2066 452 2228 511 EJUS
2267 455 2574 513 SCRIPTIS
2611 452 3003 510 ADORNATA.
3046 450 3177 507 LIB.
3221 446 3310 507 IV.

3669 447 3778 503 460
3812 472 3839 493 ο

507 583 787 643 cardinalis
826 582 1095 650 episcopus
1131 578 1345 633 ulterius
1385 575 1747 629 auctoritatem
1777 550 2085 641 defendere,
2120 552 2171 628 Α
2195 550 2351 624 ὴῖείς
2369 566 2471 624 sibi
2500 548 2746 633 subditis,
2778 572 2831 621 et
2852 556 2919 620 de
2947 538 3197 620 Beclesiis
3219 538 3285 618 die
3310 536 3535 633 quarum
3564 546 3782 618 dedica-

507 676 597 732 sed
622 688 748 744 pace
775 672 887 726 Deo
917 672 1141 742 propitio
1170 668 1396 733 reddita,
1425 665 1599 721 ablato
1629 661 1791 735 305.
1815 654 2098 715 venerabili
2199 660 2347 718 tione
2361 660 2724 718 dubitabatur.
2740 652 2821 715 Ad
2841 658 3071 731 primum
3084 657 3213 712 dicit
3228 671 3288 712 ea
3306 669 3424 726 quae
3446 654 3666 710 indulsit
3678 654 3785 710 An-

508 768 674 822 sancti
712 762 927 829 Donati,
954 764 999 817 si
1050 762 1346 825 maluerint,
1384 773 1618 829 corpore,
1669 755 1738 809 ad
1783 750 2001 824 propria
2042 764 2100 803 se
2199 752 2299 823 glis
2321 752 2784 824 neophytis(L.u,
2807 747 3289 822 ep.64),nimirum
3305 755 3365 803 ut
3382 745 3786 802 matrimonium

508 858 677 916 modis
724 859 959 914 omnibus
988 871 1281 912 reversuros
1313 852 1453 924 (Lib.
1487 867 1596 918 xrv,
1621 867 1703 924 ep.
1733 848 1808 917 7).

580 946 716 1006 Huic
732 944 936 1020 judicio
962 963 1071 1004 non
1100 948 1281 1003 statim
1302 944 1570 1015 acquievit
1589 942 1874 1012 episcopus
1902 936 2098 1004 Eurim,

511 1039 609 1098 sed
637 1041 702 1097 ab
744 1040 1071 1111 imperatore
1118 1037 1491 1107 subreptitiam
1534 1032 1769 1091 obtinuit
1808 1029 2105 1101 iussionem

513 1142 618 1202 qua
647 1131 700 1186 in
744 1140 980 1186 castrum
1008 1128 1254 1199 Cassiopi
1283 1141 1499 1183 omnem
1530 1124 1631 1181 sibi
1669 1120 1974 1178 vindicabat
2002 1133 2105 1189 po-'

515 1232 789 1280 testatem.
824 1223 879 1277 ω
903 1237 1046 1293 aegre
1074 1221 1198 1276 tulit
1224 1220 1282 1275 S.
1315 1216 1636 1288 Gregorius;
1669 1228 1738 1269 ne
1767 1222 1946 1267 tamen
1978 1222 2108 1264 con-

517 1320 600 1369 ira
632 1311 855 1383 Augusti
882 1317 1212 1381 praeceptum
1242 1315 1334 1363 aut
1378 1307 1432 1361 in
1462 1306 1778 1375 despectum
1817 1301 1985 1371 ipsius
2011 1298 2109 1352 ali-

522 1403 655 1476 quid
701 1403 883 1459 facere
923 1402 1214 1467 videretur,
1247 1397 1379 1454 nulli
1427 1396 1659 1467 partium
1699 1394 1823 1449 data
1863 1406 1933 1447 ex
1976 1389 2113 1459 juris

519 1496 767 1554 formulis
820 1496 1089 1553 sententia
1134 1511 1148 1547 :
1194 1492 1327 1549 satis
1380 1489 1567 1546 habuit
1622 1502 1745 1543 eum
1797 1484 2110 1550 admonere,

521 1586 780 1643 Bonifacii
828 1586 989 1657 legati
1017 1586 1103 1642 sui
1131 1598 1328 1655 opera,
1368 1582 1437 1637 de
1456 1579 1711 1651 jussionis
1740 1578 1806 1633 ab
1851 1577 1969 1647 ipso
1994 1589 2117 1632 sur-

522 1682 693 1747 repta:
714 1676 1015 1745 iniquitate,
1044 1688 1345 1744 rogareque
1373 1680 1432 1727 ut
1460 1670 1784 1727 contrariam
1804 1666 1976 1730 daret,
2008 1680 2116 1736 qua

523 1768 882 1838 metropolitae
923 1767 1183 1837 judicium
1213 1781 1242 1820 a
1270 1774 1454 1820 sancta
1495 1764 1625 1819 sede
1653 1767 1829 1816 ratum
1875 1758 2118 1813 habitum

526 1860 938 1917 continuaretur
979 1858 1117 1931 (Lib.
1166 1875 1289 1924 xxv,
1339 1874 1419 1926 ep.
1464 1854 1541 1926 8).
1591 1854 1900 1924 Resipuisse
1946 1849 2119 1906 Euriae

2202 843 2255 899 in
2285 842 2540 913 gradibus
2579 841 2860 913 prohibitis
2897 840 3219 897 contrahere
3246 844 3487 911 possent,
3532 854 3640 893 non
3665 852 3787 894 esse

2204 936 2454 993 omnibus
2469 951 2498 991 a
2520 951 2579 993 se
2598 951 2851 993 concessa
2872 951 2886 1003 ;
2908 936 3015 991 imo
3034 940 3132 991 nec
3148 934 3389 1006 ipsismet
3404 932 3588 1005 Anglis
3601 932 3702 991 nisi
3720 928 3788 988 ad

2206 1036 2438 1098 tempus,
2485 1020 2734 1082 videlicet
2772 1024 2948 1083 donec
2996 1026 3052 1081 in
3105 1026 3184 1082 eis
3223 1025 3557 1083 coalesceret
3598 1024 3791 1096 religio

2205 1117 2529 1175 Christiana.
2583 1118 2664 1174 Ad
2706 1118 3002 1175 secundum
3045 1118 3327 1189 quaesitum
3356 1117 3695 1191 respondet:
3734 1114 3797 1174 Si

2209 1209 2396 1275 David,
2447 1220 2625 1282 regum
2665 1211 3005 1282 iustissimus,
3047 1210 3103 1264 in
3134 1209 3284 1275 Saul,
3334 1224 3481 1281 quem
3527 1207 3799 1263 constabat

2204 1304 2319 1375 jam
2354 1314 2387 1354 a
2426 1298 2651 1356 Domino
2688 1301 3013 1373 reprobatum
3040 1318 3183 1369 esse,
3214 1317 3424 1355 manum
3453 1301 3653 1354 mittere
3693 1316 3799 1353 non

2211 1393 2560 1464 pratsumpsit,
2603 1400 2795 1462 quanto
2834 1394 2998 1463 magis
3038 1392 3320 1446 cavendum
3359 1400 3434 1446 est
3482 1408 3545 1445 ne
3587 1406 3803 1444 manum

2213 1484 2543 1538 detractionis
2586 1493 2673 1537 aut
2708 1484 3127 1553 vituperationis,
3157 1485 3261 1538 sive
3299 1482 3685 1538 indiscretionis
3714 1478 3806 1535 aut

2215 1576 2669 1640 dehanorationis,
2699 1574 2907 1645 quidam
2954 1575 3163 1629 mittant
3202 1575 3259 1629 in
3305 1580 3513 1629 unctum
3555 1570 3803 1642 Domini,

2217 1666 2296 1721 vel
2348 1667 2402 1720 in
2454 1667 2819 1736 praedicatores
2874 1674 3071 1719 sanctae
3129 1663 3415 1719 Ecclesia?
3464 1664 3583 1736 quia
3630 1680 3806 1718 eorum

2218 1758 2422 1813 vexatio
2452 1759 2555 1812 sive
2584 1757 2835 1812 detractio
2858 1757 2926 1809 ad
2953 1755 3213 1811 Christum
3241 1756 3481 1827 pertinet,
3514 1755 3663 1826 cujus
3704 1754 3810 1808 rica

2219 1851 2276 1905 in
2306 1848 2543 1903 Ecclesia
2572 1848 2827 1919 legatione
2850 1849 3155 1919 funguntur.
3192 1843 3339 1901 Unde
3368 1846 3693 1915 summOpere
3717 1862 3809 1897 ca-

526 1949 842 2019 episcopum
870 1962 970 2002 nos
998 1948 1157 2003 docet
1200 1947 1400 2015 scripta
1431 1944 1498 1998 ad
1536 1944 1859 2013 Alcysonem
1893 1939 2127 2010 epistola
2155 1938 2198 2006 Β
2224 1940 2440 1995 vendam
2463 1946 2539 1993 est
2570 1938 2803 1994 omnibus
2833 1936 3101 2009 ﬁdelibus,
3131 1955 3197 1991 ne
3225 1937 3459 1990 clanculo
3489 1945 3579 1989 aut
3612 1935 3811 2007 publice

528 2039 719 2113 (Ibid,
749 2057 831 2109 ep.
874 2039 984 2110 l3).
1018 2039 1153 2094 Nam
1190 2038 1479 2109 capitulare
1517 2034 1710 2091 obtulit
1745 2048 1854 2104 quo
1898 2030 2125 2113 supplex

528 2112 751 2204 patebat
797 2147 829 2187 a
869 2130 1223 2202 Corcyritano
1272 2129 1534 2191 antistite,
1578 2134 1638 2181 ut
1684 2126 1739 2180 in
1786 2123 2026 2179 Ecclesia
2064 2112 2123 2176 S.’

528 2221 773 2288 Joannis,
810 2223 950 2276 intra
978 2230 1216 2276 castrum
1264 2219 1507 2287 Cassiopi
1549 2216 1757 2287 posita,
1793 2212 2008 2268 licentia
2038 2227 2126 2266 re-

531 2312 799 2367 condendi
828 2312 1071 2379 corporis
1116 2311 1261 2365 beati
1306 2310 1499 2364 Donati
1541 2307 1642 2361 sibi
1680 2305 1938 2369 daretur;
1970 2316 2131 2371 para-

533 2412 758 2472 tumque
784 2416 844 2456 se
872 2399 1149 2455 asserebat
1175 2401 1240 2452 ad
1276 2397 1613 2453 emittendam
1652 2393 1993 2448 munitionem
2024 2404 2129 2458 qua

534 2494 716 2550 locum
743 2493 889 2547 hunc
915 2490 1281 2560 Corcyritanae
1328 2488 1576 2543 dimcesis
1611 2499 1731 2541 esse
1775 2484 1916 2537 ultro
1959 2494 2128 2550 agno-

534 2590 744 2648 sceret,
779 2581 1092 2648 nullumque
1132 2580 1234 2635 sibi
1265 2580 1353 2648 jus
1390 2578 1443 2632 in
1473 2577 1626 2631 illum
1666 2589 1904 2643 unquam
1934 2572 2122 2627 vendi-

534 2684 781 2733 caturum
800 2674 1165 2745 polliceretur.
1196 2672 1519 2743 Alcysonem
1546 2670 1790 2735 hortatus
1810 2675 1894 2721 est
1912 2680 2049 2736 papa
2074 2671 2133 2718 ut

538 2774 760 2836 accepta
790 2767 1043 2821 cautione
1068 2764 1338 2834 postulata
1367 2761 1708 2824 concederet,
1735 2758 2133 2827 sponderetque

538 2866 652 2914 tum
681 2860 938 2929 episcopo
961 2856 1140 2911 Euria:
1171 2866 1284 2910 tum
1304 2856 1420 2924 ejus
1441 2853 1672 2915 clericis,
1702 2851 1949 2905 restituta
1972 2862 2130 2918 pace,

539 2970 662 3010 cum
711 2954 778 3008 ad
815 2952 1089 3023 propriam
1141 2948 1319 3005 redire
1375 2948 1562 3001 liceret
1609 2943 1934 3006 Ecclesiam,
1986 2941 2134 3009 ipsos

539 3046 814 3102 auferendi
843 3059 1025 3100 secum
1051 3057 1249 3112 corpus
1289 3039 1460 3094 sancti
1503 3036 1701 3090 Donati
1727 3033 1808 3087 fas
1832 3032 2129 3086 habituros.

608 3135 663 3191 ὅς
696 3137 873 3191 Eurize
897 3135 1211 3204 episcopum
1240 3130 1309 3186 ad
1337 3128 1615 3202 propriam
1649 3124 1945 3181 Ecclesiam
1975 3122 2135 3175 dese-

538 3213 765 3283 rendam
793 3233 1040 3281 coactum
1086 3237 1207 3279 esse
1231 3236 1263 3276 a
1309 3217 1517 3275 Sclavis
1546 3225 1639 3271 aut
1662 3214 1924 3269 Avaribus
1959 3211 2135 3281 suspi-a

2226 2032 2521 2099 episcopum
2544 2044 2710 2093 suum,
2735 2028 2791 2081 id
2818 2037 2893 2084 est
2914 2036 3121 2082 unctum
3151 2027 3383 2094 Domini,
3408 2024 3810 2082 detractionibus

2228 2127 2317 2173 aut
2344 2118 2803 2190 vituperationibus
2831 2119 3105 2174 dilanient.
3133 2118 3209 2173 Ad
3241 2117 3454 2174 tertiam
3485 2134 3613 2173 vero
3648 2116 3812 2171 inter-

2228 2213 2563 2281 rogationem
2602 2212 2679 2267 ait
2710 2229 2721 2263 :
2754 2212 2833 2266 De
2877 2211 3257 2266 dedicationum
3294 2230 3411 2267 vero
3462 2202 3815 2266 Ecclesiarum

2230 2301 2568 2369 dubitatione,
2608 2320 2761 2373 super
2796 2321 2896 2375 qua
2926 2305 3060 2358 inter
3088 2314 3275 2360 cratera
3304 2321 3397 2360 nos
3434 2302 3702 2359 consulere
3730 2319 3815 2356 ro-

2231 2395 2420 2463 luistis,
2448 2396 2544 2450 hoc
2571 2412 2657 2452 vos
2688 2397 2785 2450 rite
2815 2407 2987 2451 tenere
3015 2397 3226 2463 debetis,
3255 2394 3393 2468 quod
3421 2395 3483 2450 ab
3525 2408 3816 2450 antecesso-

2230 2485 2371 2540 ribus
2417 2489 2609 2543 nostris
2657 2488 2909 2543 traditum
2946 2489 3238 2559 accepimus
3266 2506 3282 2541 :
3312 2488 3367 2541 id
3396 2495 3492 2556 est,
3522 2499 3577 2539 ut
3623 2487 3817 2557 quoties

2234 2586 2338 2631 tam
2367 2579 2429 2631 de
2459 2578 2711 2647 baptismo
2752 2580 3041 2652 aliquorum
3087 2579 3164 2633 vel
3210 2578 3635 2648 conﬁrmatione,
3667 2592 3818 2648 quam

2234 2669 2296 2723 de
2324 2671 2655 2725 ecclesiarum
2682 2671 3067 2726 consecratione
3097 2668 3347 2725 dubitatio
3378 2670 3609 2735 habetur,
3648 2678 3696 2721 et
3726 2684 3818 2721 nec

2233 2760 2457 2829 scriptis,
2491 2776 2582 2814 nec
2608 2759 2818 2815 testibus
2856 2761 2991 2815 ratio
3032 2771 3170 2814 certa
3200 2759 3412 2813 habetur
3452 2768 3622 2811 utrum
3653 2754 3820 2827 bapti-

2236 2852 2356 2915 zati,
2389 2852 2468 2905 vel
2494 2852 2808 2922 conﬁrmati,
2838 2853 2943 2907 sive
2979 2852 3209 2907 ecclesia:
3233 2862 3545 2906 consecrata:
3590 2852 3691 2904 sint
3718 2865 3737 2903 :
3767 2857 3822 2901 ut

2236 2943 2559 3012 baptizentur
2590 2944 2712 2997 tales
2736 2960 2797 2997 ac
2820 2945 3210 3014 conﬁrmentur,
3234 2956 3385 3015 atque
3409 2943 3637 2997 ecclesiae
3662 2959 3821 2996 cano-

2236 3037 2350 3089 nice
2376 3035 2693 3102 dedicentur,
2726 3052 2788 3090 ne
2820 3037 2941 3090 talis
2967 3036 3218 3091 dubitatio
3249 3038 3401 3089 ruina
3423 3035 3664 3105 ﬁdelibus
3684 3035 3779 3103 ﬁat
3804 3050 3821 3087 :

2237 3130 2479 3199 quoniam
2529 3146 2633 3183 non
2682 3139 3000 3184 monstratur
3040 3131 3307 3199 iteratum,
3348 3129 3484 3201 quod
3527 3145 3631 3183 non
3670 3127 3824 3181 certis

2236 3220 2443 3273 indiciis
2464 3219 2753 3274 ostenditur
2776 3222 2873 3275 rite
2896 3232 3180 3291 peractum.

543 3328 751 3385 camnr,
781 3326 889 3367 non
917 3327 1047 3367 vero
1068 3326 1100 3366 a
1126 3307 1513 3379 Langobardis,
1542 3322 1668 3361 cum
1707 3307 1901 3375 quibus
1923 3302 2127 3356 nullum

2311 3311 2361 3365 7.
2392 3308 2487 3365 His
2515 3312 2789 3380 responsis
2814 3319 2985 3367 totam
3016 3310 3308 3368 informare
3336 3306 3635 3367 Ecclesiam
3668 3326 3829 3366 cura-

541 3416 673 3461 tunc
700 3390 863 3460 fuisse
883 3403 1083 3458 bellum
1112 3401 1426 3471 conjicimus
1452 3413 1523 3453 ex
1549 3397 1742 3452 litteris
1763 3403 1819 3450 et
1841 3407 2129 3448 munuscu-

544 3503 610 3559 lis
658 3518 711 3556 a
738 3499 796 3555 S.
849 3498 1109 3567 Gregorio
1159 3497 1225 3551 ad
1276 3492 1701 3550 Theodelindam
1747 3490 1987 3559 reginam
2032 3487 2137 3543 hoc

544 3609 687 3650 anno
715 3592 889 3648 missis
920 3590 1060 3664 (Lib.
1086 3605 1195 3655 xxv,
1212 3607 1294 3659 ep.
1318 3588 1434 3657 ‘21).
1465 3585 1585 3657 Ipsa
1608 3585 1901 3654 scripserat
1928 3594 2136 3636 summo

543 3684 809 3757 pontifici,
838 3691 899 3739 ut
939 3696 1063 3739 eum
1090 3682 1170 3737 sui
1193 3680 1372 3750 gaudii
1417 3678 1736 3749 participem
1785 3675 2027 3730 alliceret
2066 3672 2137 3728 ob

544 3774 894 3831 Adaloaldum
938 3771 1105 3827 illium
1142 3772 1197 3826 in
1242 3770 1419 3825 lucem
1466 3768 1705 3831 editum,
1740 3780 1901 3835 quem
1930 3765 1985 3818 in
2034 3764 2138 3818 ﬁde

543 3866 806 3922 catholica
860 3863 1119 3934 baptizari
1163 3867 1479 3929 curaverat,
1528 3859 1655 3914 licet
1702 3856 1964 3926 Agilulius
2014 3868 2135 3920 rex,

546 3958 662 4026 ejus
710 3963 885 4026 pater,
930 3954 1169 4010 nondum
1216 3952 1581 4008 Arianismum
1628 3950 1911 4019 ejurasset.
1966 3946 2136 4017 Regio

544 4062 712 4117 puero
741 4046 966 4115 ejusque
994 4044 1167 4100 sorori
1199 4058 1339 4114 papa
1369 4043 1517 4097 misit
1546 4054 1701 4096 sacra
1730 4038 1975 4109 quaedam
1997 4037 2139 4090 dona

544 4147 600 4191 et
640 4137 742 4191 alia
784 4136 1133 4198 munuscula,
1167 4135 1236 4189 de
1282 4135 1473 4204 quibus
1520 4132 1745 4201 legenda
1794 4129 2024 4198 epistola
2072 4128 2139 4183 ad

546 4228 786 4297 reginam
827 4228 1047 4295 scripta.
1089 4228 1261 4294 Ipsam
1304 4224 1517 4292 rogavit
1546 4231 1605 4276 ut
1634 4237 1733 4277 suo
1778 4221 1998 4279 nomine
2026 4219 2141 4287 regi

548 4319 762 4388 conjugi
791 4320 857 4374 de
900 4319 1042 4373 facta
1079 4333 1216 4387 pace
1246 4317 1447 4387 gratias
1488 4328 1649 4383 agere
1697 4314 2029 4382 dignaretur,
2061 4319 2142 4365 at-

547 4424 654 4478 que
693 4409 811 4479 ejus
847 4410 1116 4474 animum,
1147 4408 1287 4462 sicut
1319 4412 1706 4469 consueverat,
1758 4404 1825 4458 ad
1857 4418 2046 4473 pacem
2073 4405 2140 4457 de

545 4501 728 4557 futuro
757 4511 1097 4571 provocarat.

614 4592 677 4649 ln
705 4594 896 4650 eadem
936 4592 1191 4664 epistola,
1225 4606 1350 4648 cum
1394 4598 1615 4661 rogatus
1653 4597 1799 4646 esset
1829 4604 1860 4644 a
1890 4588 2140 4644 Theode-

2238 3403 2331 3456 bat
2356 3402 2720 3457 sanctissimus
2749 3402 2966 3467 Doctor,
2986 3419 3086 3458 nec
3111 3403 3178 3457 ab
3199 3400 3551 3459 admonendis
3576 3398 3827 3474 privatim

2240 3490 2449 3558 amicis,
2479 3490 2570 3544 ubi
2611 3504 2643 3544 e
2683 3505 2744 3545 re
2770 3488 3021 3546 Ecclesia:
3058 3508 3179 3548 esse
3221 3492 3525 3560 videbatur,
3557 3488 3826 3547 cessabat.

2240 3581 2553 3638 Gratulatus
2587 3589 2669 3638 est
2715 3583 2878 3638 Paulo
2925 3582 3255 3640 Scholastico
3296 3583 3436 3655 (Lib.
3484 3602 3602 3648 xxv,
3635 3604 3715 3655 ep.
3751 3586 3827 3655 1),

2241 3684 2355 3730 tum
2382 3677 2450 3730 de
2480 3676 2644 3745 ipsius
2680 3676 3041 3733 sollicitudine
3070 3678 3122 3733 in
3169 3674 3479 3736 coercendis
3513 3679 3831 3749 puniendis-

2242 3780 2348 3835 que
2386 3765 2682 3832 mafeﬁcis,
2728 3778 2839 3823 tum
2869 3766 2936 3824 de
2985 3767 3102 3839 ejus
3148 3785 3271 3825 cum
3301 3768 3510 3838 Leone,
3541 3768 3834 3824 Catanensi

2243 3861 2499 3931 episcopo
2519 3903 2532 3927 ,
2563 3862 3038 3930 reconciliatione;
3070 3873 3121 3920 et
3161 3873 3449 3939 utrumque
3477 3867 3723 3922 hortatus
3751 3874 3837 3922 est

2243 3954 2312 4008 ad
2365 3953 2691 4023 diligendam
2735 3971 2955 4025 pacem,
3005 3954 3400 4030 fovendamque
3453 3961 3772 4018 charitatem
3816 3978 3830 4014 :

2243 4048 2893 4118 quatenus’reciprocum
2948 4048 3220 4121 allectum,
3267 4054 3423 4124 quasi
3454 4062 3702 4110 mutuum
3744 4053 3837 4108 ali-

2245 4136 2389 4205 quod
2405 4135 2774 4207 fceneratores,
2790 4156 3003 4212 semper
3026 4144 3091 4198 ab
3108 4144 3338 4201 invicem
3356 4155 3581 4217 possent
3595 4149 3834 4217 exigere.

2315 4229 2553 4286 Audiens
2581 4230 2864 4288 abductam
2911 4250 2941 4290 a
2971 4236 3204 4306 quodam
3234 4240 3404 4297 milite
3429 4240 3680 4297 ancillam
3718 4240 3834 4307 Dei,

2245 4324 2311 4379 de
2340 4332 2488 4379 tanto
2534 4323 2771 4382 facinore
2817 4328 3093 4400 puniendo
3133 4332 3349 4402 scripsit
3391 4333 3459 4387 ad
3507 4331 3833 4398 Guduinum,

2246 4414 2654 4486 Neapolitanum
2677 4418 2889 4485 ducem,
2914 4420 2967 4475 in
2991 4414 3106 4477 haec
3130 4425 3293 4478 verba
3322 4442 3334 4477 :
3363 4423 3492 4479 Cum
3517 4425 3652 4478 inter
3677 4425 3841 4479 multa

2245 4509 2378 4563 bona
2408 4528 2521 4581 qum
2552 4510 2697 4566 nobis
2720 4512 2782 4567 de
2804 4514 3159 4585 magnitudine
3182 4525 3350 4571 vestra
3374 4519 3569 4589 stepius
3592 4517 3842 4571 nuntian—

2249 4609 2350 4663 tur,
2383 4601 2514 4654 illud
2541 4603 2594 4655 in
2620 4602 2759 4657 vobis
2782 4604 2897 4675 plus
2926 4604 3186 4660 laudabile
3208 4607 3415 4662 dicatur
3434 4610 3676 4677 existere,
3703 4608 3841 4680 quod

549 4688 693 4741 linda
720 4686 1054 4757 respondere
1079 4686 1283 4756 scripto
1304 4684 1596 4741 Secundini
1618 4682 1828 4739 abbatis
1851 4698 1950 4753 pro
1973 4681 2143 4737 tribus
2170 4665 2229 4730 Β
2251 4691 2539 4745 castitatem
2572 4665 2809 4764 diligitis,
2840 4702 2888 4748 et
2920 4695 3277 4766 disciplinam,
3323 4700 3457 4753 sicut
3487 4665 3839 4770 dignur’n'est,

548 4776 799 4845 capitulis
845 4776 1200 4843 decertantis,
1229 4782 1549 4832 excusatum
1593 4788 1653 4831 se
1680 4774 1867 4830 haberi
1903 4774 2143 4842 postulat

550 4868 620 4921 ob
657 4867 1047 4937 inﬁrmitatem,
1076 4868 1230 4938 cujus
1255 4875 1421 4922 testes
1456 4864 1672 4922 fuerant
1707 4865 1913 4935 reginas
1937 4863 2138 4932 legati;

550 4958 983 5030 quandoquidem
1035 4960 1208 5030 ipsum
1265 4960 1601 5015 discedentes
1656 4959 1713 5014 in
1758 4970 1970 5015 summo
2015 4955 2140 5010 vita:

547 5051 792 5120 periculo
821 5065 885 5107 ac
921 5051 1229 5108 discrimine
1256 5053 1604 5122 reliquerant.

619 5143 673 5197 6.
702 5143 887 5212 Neque
909 5152 1088 5199 tamen
1110 5160 1208 5215 pro
1230 5143 1471 5200 Ecclesia
1500 5143 1918 5201 sollicitudinem
1948 5157 2139 5211 gerere

550 5236 859 5293 intermisit.
916 5236 1049 5291 Nam
1102 5237 1297 5293 eodem
1354 5246 1600 5310 tempore
1624 5278 1639 5304 ,
1703 5253 1826 5292 cum
1892 5242 2141 5291 vacasset

547 5336 766 5399 pastore
794 5327 1131 5383 Anconitana
1153 5326 1410 5398 Ecclesia,
1442 5331 1511 5385 de
1547 5329 1850 5385 ordinando
1880 5327 2138 5399 episcopo

546 5420 639 5490 qui
662 5421 853 5492 dignus
882 5428 1024 5478 esset
1052 5420 1145 5476 diu
1173 5419 1517 5487 deliberavit,
1552 5423 1715 5476 animi
1756 5422 1931 5489 dotes,
1966 5421 2137 5476 virtu-

546 5520 651 5583 tes,
678 5529 859 5571 mores
889 5515 1049 5570 trium
1086 5516 1187 5595 qui
1223 5516 1383 5572 electi
1426 5516 1640 5572 fuerant
1668 5516 1957 5586 explorans
1988 5515 2134 5590 (Lib.

547 5622 655 5673 11v,
687 5624 767 5678 ep.
798 5608 918 5679 ii);
950 5616 1007 5666 et
1045 5607 1112 5663 ad
1140 5609 1371 5680 plurima
1409 5610 1631 5679 quaesita
1671 5608 1898 5675 Felicis,
1932 5609 2135 5665 Messa-

545 5701 727 5755 nensis
756 5703 994 5773 episcopi
1024 5702 1354 5773 amplissime
1375 5702 1655 5774 respondit
1687 5701 1873 5776 (Ibid.,
1906 5719 1988 5776 ep.
2023 5704 2134 5771 17),

546 5790 753 5847 scilicet
780 5795 853 5847 de
892 5795 1373 5862 consanguinitatis
1402 5793 1655 5864 gradibus
1687 5796 1827 5851 intra
1857 5811 1995 5866 quos
2034 5811 2136 5849 nu-

548 5881 676 5935 bere
705 5882 847 5949 Iicet,
880 5886 945 5940 de
975 5887 1259 5943 vexatione
1286 5904 1448 5956 quam
1479 5889 1718 5960 episcopi
1739 5890 2085 5963 patiebantur
2105 5905 2136 5943 a

2251 4785 2517 4838 custoditis
2547 4802 2562 4838 :
2592 4786 2720 4839 satis
2756 4787 2931 4841 mirati
2960 4805 3135 4844 sumus
3173 4792 3308 4862 quod
3346 4793 3401 4845 in
3446 4793 3609 4845 milite
3637 4791 3725 4845 illo
3757 4791 3843 4859 qui

2251 4876 2497 4928 ancillam
2526 4874 2621 4929 Dei
2649 4877 2906 4931 diabolica
2949 4880 3284 4951 instigatione
3313 4882 3623 4952 perdiderit,
3662 4882 3843 4935 distri-

2250 4965 2478 5019 ctissima
2506 4964 2752 5019 hactenus
2793 4967 3020 5022 vindicta
3066 4971 3207 5041 facta
3248 4988 3352 5026 non
3398 4972 3575 5043 fuerit.
3612 4969 3752 5025 Nam
3793 4980 3846 5025 et

2247 5056 2473 5113 moribus
2513 5067 2564 5112 et
2610 5057 2826 5113 bonitati
2869 5069 3050 5115 vestra:
3093 5062 3242 5116 valde
3283 5066 3592 5135 conveniens
3624 5066 3741 5133 fuit,
3788 5072 3845 5117 ut

2246 5156 2367 5203 ante
2403 5148 2473 5203 ad
2509 5164 2602 5205 nos
2631 5148 2757 5204 ultio
2808 5168 2961 5222 quam
3014 5162 3322 5223 perpetratte
3374 5154 3544 5222 culpa:
3597 5154 3845 5224 iniquitas

2245 5240 2548 5310 perveniret,
2581 5248 2686 5296 etc.
2741 5239 2846 5297 Pro
2887 5243 3120 5297 exarcho
3166 5242 3463 5311 sollicitus,
3509 5260 3633 5299 cum
3680 5246 3848 5301 sciret

2245 5351 2366 5391 eum
2422 5351 2488 5390 ex.
2538 5336 2732 5404 lingure
2781 5337 3169 5393 incontinentia
3217 5353 3281 5393 ea
3329 5354 3474 5409 saepe
3525 5338 3676 5409 loqui
3730 5352 3849 5410 quas

2246 5446 2418 5484 omnes
2443 5430 2527 5503 qui
2548 5430 2695 5484 illum
2726 5429 2995 5498 amabant,
3024 5429 3094 5484 ad
3116 5431 3420 5486 inimicitias
3448 5431 3592 5485 illius
3613 5430 3847 5485 valerent

2244 5539 2540 5593 provocare,
2567 5522 2632 5577 ad
2660 5522 2943 5593 quemdam
2970 5522 3087 5591 ejus
3118 5524 3436 5579 familiarem
3464 5508 3681 5595 scripsit
3697 5531 3759 5579 ut
3779 5538 3849 5580 ea

2243 5614 2311 5669 de
2330 5630 2391 5669 re
2414 5614 2647 5669 amicum
2676 5629 3026 5670 commonere
3052 5614 3294 5672 studeret
3320 5614 3463 5687 (Lib.
3493 5632 3601 5684 nv,
3620 5634 3705 5689 ep.
3727 5611 3843 5683 i5).

2315 5705 2368 5760 8.
2408 5704 2504 5761 His
2533 5706 2759 5762 assiduis
2802 5704 3077 5765 laboribus
3118 5725 3225 5765 non
3255 5709 3435 5766 minus
3473 5723 3638 5780 quam
3669 5708 3847 5770 conti-

2243 5798 2367 5854 nuis
2396 5798 2599 5853 morbis
2639 5798 2957 5869 absumptus
2982 5788 3296 5871 Gregorius,
3341 5800 3558 5864 tandem
3592 5801 3658 5856 ad
3686 5807 3843 5870 opta-

2248 5904 2355 5949 tam
2383 5892 2620 5962 quietem
2649 5893 2898 5950 transivit
2931 5908 2985 5951 tv
3018 5896 3140 5951 ldus
3187 5896 3435 5966 Martias,
3472 5904 3613 5955 anno
3648 5888 3845 5954 Phoctn
