4130 6448
356 404 457 465 461

1366 408 1453 464 ne
1492 400 1889 469 IMAGINIBUS
1929 412 1985 469 s.
2028 398 2630 476 cnuconil'uacm.

3537 420 3644 483 463

348 517 694 589 imperatoris
722 515 981 585 secundo,
1010 525 1034 554 λ
1066 516 1249 575 indict.
1284 534 1385 590 vn,
1418 511 1618 577 Christi
1648 513 1943 592 anno’ﬂO-l,
1974 532 2025 592 Α
2051 524 2104 581 in
2128 526 2537 586 celeberrimum
2563 519 2621 587 S.
2653 518 2897 589 Hedardi
2930 532 3237 590 coenobium
3274 527 3485 606 legendi
3521 532 3639 595 Ma-

348 615 406 663 et
432 607 674 678 sepultus
700 610 783 663 est
810 602 865 661 in
898 614 1145 665 extrema
1162 608 1375 680 porticu
1403 609 1642 667 basilicae
1670 612 1815 669 beati
1842 614 1943 671 Pe-

347 702 420 758 tri
443 700 675 772 apostoli
699 708 826 756 ante
854 708 1009 757 vetus
1036 703 1406 758 secretarium.
1445 705 1516 758 De
1542 704 1625 759 his
1650 719 1712 760 ac
1732 704 1798 761 de
1826 706 1943 776 ejus

346 793 625 864 epitaphio
656 793 913 864 legendus
939 788 1175 849 Joannes
1198 793 1467 851 Dlaconus
1492 788 1631 867 (Lib.
1656 810 1728 860 iv,
1755 813 1802 852 c.
1825 794 1939 870 68),

343 887 439 956 qui
469 886 545 941 ait
580 887 893 942 venerabile
933 886 1051 957 ejus
1092 902 1291 957 corpus
1320 902 1353 943 a
1386 872 1653 957 Gregorio
1692 881 1760 945 IV
1801 905 1941 961 papa

346 977 511 1048 305
543 977 862 1032 translatum
898 984 1025 1032 ante
1067 978 1338 1032 novellum
1380 980 1754 1049 secretarium,
1805 996 1939 1037 con-

342 1068 566 1123 structis
592 1067 885 1131 absidibus,
910 1068 1009 1122 sub
1037 1066 1195 1121 altari
1222 1068 1307 1122 sui
1334 1069 1567 1124 nominis
1595 1070 1938 1142 collocatum,
1960 1084 1965 1087 '

272 1200 293 1216 .
348 1159 441 1214 ubi
492 1158 609 1228 ejus
654 1158 1020 1213 anniversaria
1074 1158 1389 1217 solemnitas
1434 1161 1645 1216 cunctis
1692 1162 1969 1218 certatim,

340 1252 784 1322 pernoctantibus
823 1240 1197 1305 celebrabatur
1226 1246 1415 1320 (Ibid.,
1454 1267 1501 1305 c.
1540 1246 1655 1331 780).
1689 1249 1937 1308 Honores

341 1343 391 1397 ei
418 1342 554 1398 sacri
585 1343 653 1399 ab
693 1342 986 1410 Anglicana
1015 1340 1254 1396 Ecclesia
1284 1342 1486 1397 decreti
1526 1355 1650 1398 sunt
1678 1346 1735 1398 in
1762 1347 1939 1401 conci-

339 1435 416 1490 lio
448 1434 820 1501 Clovesbovim
857 1449 947 1488 an.
980 1431 1102 1499 747,
1132 1448 1251 1488 can.
1279 1433 1346 1491 17
1376 1452 1390 1488 :
1425 1434 1493 1488 Ut
1530 1435 1637 1489 dies
1668 1437 1937 1491 natalitius

337 1525 478 1579 beati
506 1540 658 1596 popcc
685 1524 946 1596 Gregorii,
970 1532 1019 1578 et
1041 1522 1148 1577 dies
1169 1538 1365 1595 quoque
1386 1521 1721 1596 depositionis
1750 1523 1815 1581 Ss
1837 1526 1937 1579 Au-

335 1619 535 1691 gustini
576 1618 803 1688 archiep.
850 1618 915 1670 ab
956 1616 1217 1683 omnibus,
1262 1618 1392 1670 sicut
1440 1618 1604 1684 decet,
1649 1619 1935 1689 honoriﬁce

332 1716 668 1774 venerentur;
703 1709 777 1762 ita
806 1715 861 1761 ut
884 1718 1094 1781 uterque
1120 1707 1227 1762 dies
1257 1707 1321 1761 ab
1343 1710 1704 1765 ecclesiasticis
1729 1718 1781 1765 et
1818 1727 1931 1767 mo-

329 1799 702 1859 nasterialibus
756 1802 969 1871 feriatus
1016 1799 1285 1856 habeatur.
1336 1799 1455 1858 Non
1492 1817 1522 1857 a
1569 1803 1697 1859 solis
1726 1802 1934 1861 Latinis

2045 616 2297 675 billonius
2338 628 2394 676 et
2428 616 2718 693 Bollandus
2746 620 2978 697 (Saecula
3011 638 3064 683 tv
3093 617 3312 698 Benest,
3343 635 3483 701 part.
3506 643 3545 699 ι,
3577 644 3637 702 ρ.

2046 708 2178 780 385;
2210 711 2458 772 Bolland.
2481 710 2564 771 die
2588 717 2656 772 η
2683 714 2896 792 Πᾶν-1.),
2927 722 3020 793 qui
3048 724 3157 792 agit
3176 724 3339 779 etiam
3366 723 3434 780 de
3457 732 3637 781 trans-

2044 796 2157 863 lato
2196 807 2439 879 ejusdem
2478 810 2653 867 sancti
2673 814 2850 886 capite
2878 815 2945 870 ad
2983 807 3370 873 monasterium
3398 810 3459 874 S.
3492 815 3643 876 Petri

2042 888 2151 955 vivi
2179 899 2318 970 apud
2364 898 2633 970 Senonas,
2677 903 2822 959 circa
2867 918 2955 961 an.
2988 898 3118 978 876,
3147 922 3216 966 ex
3244 910 3386 969 dono
3414 906 3642 971 Joannis
3712 966 3717 971 λ

2042 1007 2214 1062 νίψω,
2245 994 2462 1050 favente
2488 994 2684 1073 Garolo
2709 993 2899 1066 Calvo,
2924 997 3254 1056 Francorum
3294 1017 3424 1074 rege
3460 1011 3516 1058 et
3542 1002 3641 1059 im-

2041 1090 2324 1152 peratore,
2366 1072 2781 1158 postulanteque
2805 1074 3066 1158 Ansegiso
3082 1129 3100 1157 ,
3130 1072 3524 1149 Senonensium
3548 1108 3639 1151 ar-

2039 1172 2412 1246 ehiepiscopo.

2111 1264 2385 1322 Staturam
2413 1267 2735 1325 sanctissimi
2762 1262 3058 1337 Pontiﬁcis,
3082 1272 3261 1328 vultus
3284 1274 3634 1345 lineamenta,

2038 1356 2492 1425 capillamentum,
2533 1358 2791 1426 barbam,
2821 1367 2877 1415 et
2922 1375 3261 1431 quaecunque
3300 1364 3367 1419 ad
3405 1365 3638 1421 formam

2037 1454 2321 1515 spectant,
2352 1447 2483 1521 satis
2512 1455 2764 1504 accurate
2804 1449 3044 1520 depingit
3096 1450 3335 1509 Joannes
3366 1453 3635 1512 Diaconus

2038 1532 2181 1607 (Lib.
2233 1552 2307 1604 ιν,
2351 1553 2398 1591 c.
2450 1536 2564 1611 84).
2608 1538 2679 1595 At
2725 1531 3153 1613 praestantissimi
3198 1543 3365 1602 animi
3409 1552 3631 1615 statum,

2035 1630 2510 1702 ﬂagrantissimum
2537 1646 2781 1690 amorem
2819 1635 2875 1691 in
2901 1633 3109 1704 Deum,
3142 1636 3463 1694 immensam
3502 1654 3634 1711 erga

2036 1722 2341 1790 proximum
2386 1720 2735 1792 cbaritatem,
2773 1724 3212 1783 demississimam
3242 1729 3629 1797 humilitatem.

2032 1812 2410 1873 fortitudinem
2438 1815 2721 1874 infractam
2746 1818 2802 1875 in
2831 1819 3092 1890 adversis,
3120 1823 3463 1892 modestiam,
3494 1833 3633 1880 tem-

328 1892 460 1954 coli.
486 1894 680 1947 meruit
714 1892 798 1947 vir
845 1892 1236 1961 sanctissimus,
1282 1892 1381 1948 sed
1427 1894 1590 1949 etiam
1630 1912 1660 1950 a
1704 1895 1925 1981 Graecis,
1960 1924 2006 1982 Β
2032 1910 2363 1976 perantiam,
2395 1910 2758 1981 vigilantiam,
2791 1912 3133 1983 prudentiam
3162 1925 3494 1987 caeterasque
3522 1919 3631 1974 vir-

330 1990 565 2052 quorum
594 1982 903 2050 menologio
954 1997 1166 2038 sacrum
1209 1982 1327 2051 ejus
1373 1998 1569 2039 nomen
1618 1985 1928 2043 inscribitur

327 2071 399 2126 ad
430 2072 573 2129 diem
604 2072 667 2128 li
715 2071 922 2140 Martii,
950 2088 1073 2129 cum
1110 2073 1442 2144 amplissimo
1489 2076 1736 2134 encomio
1783 2078 1929 2150 quod

330 2164 504 2219 refert
530 2164 839 2223 Bollandus.
1248 2188 1249 2191 η

376 2256 379 2257 ⁷
405 2254 484 2309 De
516 2255 871 2312 translatione
910 2268 1181 2312 sacrarum
1208 2256 1556 2331 reliquiarum
1592 2262 1650 2317 S.
1674 2262 1923 2335 Gregorii

404 2376 432 2404 ἰ
459 2366 587 2436 Ejus
625 2375 808 2426 tamen
847 2370 1057 2448 obitum
1084 2370 1229 2448 B_e_da
1267 2375 1550 2448 consignat
1582 2377 1770 2433 indict.
1803 2396 1917 2448 vui,

324 2452 490 2508 quem
517 2449 736 2496 secutus
760 2448 842 2496 est
869 2439 1067 2497 Paulus
1105 2442 1374 2500 Diaconus
1396 2439 1451 2501 in
1498 2445 1735 2504 Historia
1777 2439 1917 2506 Lani

2028 2005 2172 2054 tutes
2200 2014 2320 2069 quas
2357 2000 2678 2072 Gregorium
2710 2013 2956 2060 nostrum
2985 2009 3235 2063 certatim
3272 2019 3624 2078 ornaverunt,

2029 2088 2149 2158 quis
2178 2084 2482 2145 describere
2511 2092 2726 2149 valeat?
2754 2091 2826 2150 Ut
2868 2095 3012 2151 enim
3062 2114 3181 2153 cum
3213 2097 3271 2155 Β.
3312 2099 3627 2158 Hildefonso

2028 2178 2237 2247 loquar,
2279 2177 2415 2234 Vicit
2449 2183 2726 2240 sanctitate
2754 2185 3056 2252 Antonium,
3089 2189 3377 2263 eloquentia
3401 2191 3625 2263 Cypria-

2026 2286 2169 2339 num,
2195 2274 2456 2342 sapientia
2478 2275 2825 2347 Augustinum
2839 2278 2980 2351 (Lib.
3006 2282 3071 2336 de
3096 2283 3230 2338 Viris
3253 2283 3457 2341 Illustr.
3476 2303 3524 2342 c.
3544 2285 3622 2357 i).

2028 2381 2182 2507 ἔξω
2221 2392 2278 2439 at
2305 2391 2533 2457 uterque
2572 2385 2792 2463 fallitur,
2825 2393 3093 2464 utprobat
3134 2394 3337 2454 Baron.
3375 2399 3445 2455 ad
3481 2399 3630 2459 hunc

808 2658 1441 2767 IMAGINES
1520 2666 1910 2771 BEATI
1984 2644 2609 2779 GREGORII
2684 2674 3115 2789 MAGNI

1610 2847 1892 2909 EJUSQUE
1927 2852 2298 2922 PARENTUM,

352 2976 377 2977 η
441 2945 493 3005 Α
520 2943 769 3005 Joanne
797 2943 1083 3059 diacono!
1097 2945 1430 3059 descriptus
1461 2950 1574 3059 lib.
1606 2953 1767 3059 novin
1799 2955 2080 3050 ejusdem
2107 2959 2321 3059 §ancti
2347 2962 2885 3059 Vi‘ta,.cap.‘83‘et
2905 2969 3011 3048 8b,
3043 2978 3106 3035 et
3139 2975 3223 3039 ab
3248 2978 3498 3059 Augelo

1038 3026 1273 3101 Rocca,
1303 3031 1637 3107 apostolici
1674 3026 1943 3096 sacrarii
1978 3039 2303 3119 prwfecto,
2332 3026 2890 3111 uotis'illustrataa:

538 3233 697 3305 312
724 3231 804 3285 De
820 3232 1048 3303 imagine
1078 3231 1139 3287 Β.
1171 3232 1430 3305 Gregorii,
1460 3251 1577 3307 cap.
1610 3236 1700 3291 84.

397 3322 459 3377 In
502 3333 525 3360 ει
559 3323 850 3379 absidicula
887 3322 1178 3393 Gregorius
1225 3323 1279 3377 in
1330 3334 1450 3379 rota
1495 3341 1694 3399 gypsea
1741 3327 1919 3398 pictus

328 3416 649 3482 ostenditur,
683 3424 888 3472 statura
928 3416 1073 3485 justa
1118 3425 1172 3472 et
1214 3417 1353 3473 bene
1390 3419 1653 3487 formata,
1687 3419 1824 3477 facie
1854 3419 1921 3476 de

327 3517 569 3578 paternae
598 3506 752 3562 faciei
794 3507 1157 3577 longitudine,
1187 3517 1242 3563 et
1280 3519 1523 3565 materna
1566 3511 1918 3582 rotunditate,

330 3601 409 3658 ita
452 3599 629 3656 medie
672 3608 1005 3671 temperata,
1036 3612 1095 3656 ut
1138 3608 1261 3658 cum
1304 3604 1636 3659 rotunditate
1688 3606 1918 3675 quadarn

324 3688 704 3752 decentissime
742 3692 989 3749 videatur
1028 3710 1145 3749 esse
1194 3695 1456 3763 deducta;
1485 3697 1651 3752 barba
1692 3706 1918 3767 paterno

325 3797 478 3837 more
502 3782 767 3846 subfulva,
799 3790 855 3836 et
880 3781 1090 3837 modica
1116 3800 1132 3849 ;
1157 3783 1230 3837 ira
1263 3785 1551 3851 calvaster,
1578 3792 1637 3838 ut
1660 3786 1711 3838 in
1740 3786 1919 3840 medio

325 3878 504 3933 fronte
542 3877 799 3949 gemellos
829 3877 1109 3934 cincinnos
1138 3879 1443 3934 raruscnlos
1467 3881 1685 3948 habeat,
1717 3887 1771 3935 et
1794 3883 1922 3937 dex-

324 3979 562 4027 trorsum
607 3967 871 4035 reﬂexos;
904 3984 1106 4024 corona
1142 3970 1372 4024 rotunda
1394 4011 1409 4039 ,
1439 3980 1495 4027 et
1519 3972 1792 4042 spatiosa,
1828 3989 1918 4029 ca-

322 4063 457 4133 pillo
503 4064 760 4131 subnigro
810 4070 864 4117 et
917 4062 1174 4118 decenter
1223 4065 1461 4131 intorto,
1514 4066 1613 4121 sub
1663 4068 1917 4124 auricula:

322 4153 559 4210 medium
591 4152 986 4226 propendente;
1020 4153 1195 4209 fronte
1224 4155 1498 4225 speciosa,
1532 4156 1688 4211 elatis
1717 4165 1772 4213 et
1802 4160 1917 4213 lon-

320 4248 423 4317 gis,
454 4249 549 4307 sed
578 4247 806 4307 exilibus
834 4248 1162 4317 superciliis;
1196 4248 1367 4303 oculis
1397 4249 1597 4319 pupilla
1624 4250 1776 4309 fulvis
1805 4252 1912 4325 [ΑΙ.

321 4340 531 4411 furvis],
564 4355 671 4396 non
699 4340 911 4410 quidem
943 4341 1168 4409 magnis,
1203 4342 1298 4396 sed
1329 4343 1543 4411 patulis,
1574 4341 1600 4381 ι’
1624 4344 1913 4399 subocula-

321 4430 468 4485 ribus
494 4430 695 4501 plenis;
729 4446 859 4485 naso
881 4445 916 4484 a'
932 4430 1112 4485 radice
1132 4433 1467 4500 vergentium
1496 4433 1911 4502 superciliorum

319 4525 586 4581 subtiliter
615 4524 844 4591 directo,
874 4524 1017 4580 circa
1046 4523 1279 4579 medium
1307 4524 1522 4593 latiore,
1554 4524 1746 4580 deinde
1776 4540 1903 4595 pau-

1948 3243 1993 3304 c
2028 3248 2130 3308 est,
2160 3241 2469 3311 praeferens,
2500 3262 2611 3304 non
2641 3264 2922 3309 coronam.
2952 3253 3033 3310 Ex
3053 3270 3162 3326 quo
3188 3260 3625 3326 manifestissime

2024 3334 2350 3412 declaratur,
2382 3341 2507 3411 quia
2535 3342 2993 3419 Gregorius,dum
3017 3350 3194 3408 adhuc
3214 3354 3441 3425 viveret,
3470 3372 3623 3418 suam

2026 3428 2434 3489 similitudinem
2492 3435 2710 3507 depingi
2768 3439 3058 3497 salubriter
3114 3444 3285 3499 voluit
3332 3464 3345 3500 :
3405 3448 3459 3503 in
3516 3466 3624 3521 qua

2021 3530 2209 3590 posset
2237 3538 2269 3578 a
2298 3526 2409 3580 suis
2438 3526 2739 3595 monachis,
2771 3545 2878 3586 non
2906 3548 3005 3603 pro
3024 3534 3277 3593 elationis
3305 3537 3498 3607 gloria,
3524 3542 3624 3597 sed

2022 3628 2123 3682 pro
2144 3618 2371 3684 cognitae
2399 3616 2419 3655 τ
2445 3619 2792 3676 districtionis
2812 3625 3024 3680 cautela
3046 3624 3378 3696 frequentius
3399 3631 3617 3690 intueri.

2024 3702 2126 3761 Ubi
2156 3707 2463 3777 hujusmodi
2488 3712 2758 3769 distichon
2782 3715 2899 3785 ipse
2920 3718 3145 3775 dictavit
3172 3739 3184 3774 :

2084 3797 2276 3878 gilii-iste
2302 3811 2495 3878 potens,
2526 3803 2752 3878 Dom-ine,
2782 3810 2931 3878 nostri
2956 3808 3163 3878 largitor
3190 3813 3409 3878 honoris,

2086 3856 2327 3909 ludultum
2352 3856 2561 3913 ofﬁcium
2584 3867 2724 3914 solita
2741 3856 2941 3927 pietate
2972 3856 3215 3931 gul'ierna:

2270 3946 2430 4016 313
2469 3946 2549 4003 De
2572 3949 2800 4020 imagine
2823 3951 3099 4023 Gordiani,
3130 3975 3246 4031 cap.
3276 3960 3367 4017 83.

2092 4039 2149 4096 ln
2198 4045 2520 4119 venerabilis
2565 4057 2590 4095 ε
2630 4055 2943 4117 monasterii
2982 4057 3120 4112 atrio
3168 4058 3319 4130 jussu
3364 4060 3611 4135 Gregorii

2015 4128 2167 4199 juxta
2197 4132 2520 4206 Nymphium
2562 4140 2680 4196 dua:
2708 4142 2898 4202 iconia:
2927 4128 3234 4206 veterrima:
3262 4128 3617 4215 artiﬁcialiter

2018 4221 2244 4292 depicta:
2286 4240 2457 4297 usque
2484 4230 2746 4289 hactenus
2774 4236 3041 4294 videntur.
3076 4241 3138 4296 ln
3169 4258 3395 4313 quarum
3444 4249 3613 4305 altera

2018 4313 2211 4373 beatus
2242 4319 2432 4376 Petrus
2471 4326 2748 4395 apostolus
2775 4330 2966 4387 sedens
2997 4336 3348 4406 conspicitur,
3381 4349 3613 4399 stantem

2018 4407 2347 4469 Gordianum
2376 4413 2401 4453 ¹³
2439 4406 2829 4488 regionarium,
2862 4423 3113 4482 videlicet
3161 4439 3371 4500 patrem
3401 4430 3610 4503 Grego-

2016 4505 2102 4571 rii,
2136 4523 2295 4563 manu
2338 4510 2561 4567 dextera
2605 4529 2704 4583 per
2741 4516 3020 4573 dexteram
3050 4521 3398 4576 nihilominus
3425 4539 3611 4581 susce-

318 4614 487 4669 Mum
516 4630 766 4681 recurvo,
797 4623 852 4669 ει
872 4616 923 4668 in
955 4623 1200 4670 extremo
1228 4600 1424 4684 patulis
1454 4615 1676 4671 naribus
1702 4618 1909 4686 pmmi,
1941 4619 1992 4679 Ι)
2015 4595 2179 4665 pisse.
2204 4597 2368 4668 Cujus
2397 4598 2655 4657 Gordiani
2676 4603 2891 4661 habitus
2913 4609 3153 4662 castanei
3178 4610 3375 4665 coloris
3396 4612 3612 4681 planeta

319 4716 516 4774 nente;
549 4722 644 4762 ore
672 4707 858 4770 rubeo,
891 4707 1085 4762 crassis
1122 4716 1178 4762 et
1205 4709 1535 4763 subdividuis
1556 4710 1731 4773 labiis,
1762 4712 1911 4778 genis

290 4799 666 4869 compositis,
700 4806 882 4853 mento
910 4813 938 4851 a
968 4797 1203 4855 conﬁnio
1238 4799 1575 4854 maxillarum
1612 4800 1912 4856 decibiliter

316 4892 697 4962 prominente;
728 4888 913 4944 colore
940 4899 961 4927 ο
994 4888 1253 4957 aquilino,
1286 4897 1338 4944 et
1369 4890 1530 4944 livido
1554 4890 1660 4963 [Αἰ.
1684 4890 1906 4962 vivido},

314 4982 578 5049 nondum,
624 4980 765 5036 sicut
808 4979 859 5035 ei
906 4990 1095 5049 postea
1141 4980 1385 5047 contigit,
1424 4979 1715 5046 cardiaco;
1758 4980 1906 5034 vultu

315 5076 479 5143 mitis,
511 5077 758 5133 manibus
805 5074 1061 5147 pulchris,
1097 5075 1354 5130 teretibus
1382 5075 1581 5143 digitis,
1625 5082 1679 5128 et
1716 5066 1907 5129 habili-

314 5165 414 5226 bus
443 5168 512 5223 ad
538 5167 898 5225 scribendum.
925 5167 1193 5221 Prmterea
1223 5165 1436 5236 planeta
1467 5178 1629 5233 super
1653 5162 1900 5218 dalmati-

314 5264 433 5313 ‘cam
460 5267 734 5325 castanea,
766 5258 1113 5328 Evangelium
1149 5257 1202 5311 in
1233 5256 1449 5311 sinistra
1470 5290 1486 5321 ,
1515 5255 1705 5310 modus
1730 5254 1905 5312 crucis

312 5348 368 5406 in
398 5351 624 5420 dextra;
653 5350 679 5389 ἀ
722 5351 886 5423 pallio
916 5349 1171 5406 mediocri
1214 5365 1241 5403 a
1281 5347 1474 5403 dextro
1522 5346 1774 5403 videlicet
1802 5348 1902 5403 hu—

313 5455 464 5498 mero
492 5442 591 5498 sub
615 5451 834 5513 pectore
858 5458 1021 5513 supcr
1049 5440 1388 5498 stomachum
1414 5437 1712 5494 circulatim
1735 5438 1905 5493 dedu-

312 5543 441 5599 cto;
490 5532 688 5589 deinde
727 5549 938 5589 sursum
988 5548 1084 5603 per
1130 5532 1404 5587 sinistrum
1448 5530 1729 5584 humerum
1779 5540 1903 5599 post

312 5626 519 5692 tergum
567 5623 837 5693 deposito,
868 5624 1018 5693 cujus
1064 5639 1191 5694 pars
1234 5624 1402 5678 altera
1451 5637 1612 5692 super
1653 5622 1901 5678 eumdem

310 5707 591 5770 humerum
624 5715 845 5770 veniens
874 5716 1088 5786 propria
1117 5708 1439 5771 rectitudine
1462 5756 1477 5783 ,
1510 5729 1616 5768 non
1659 5729 1754 5783 per
1782 5728 1899 5769 me-

310 5800 456 5860 dium
484 5806 749 5877 corporis,
772 5804 869 5863 sed
897 5820 967 5860 ex
993 5805 1163 5861 latere
1207 5805 1434 5877 pendet;
1466 5806 1608 5861 circa
1638 5805 1897 5861 verticem

306 5904 441 5955 vero
471 5909 494 5937 ο
525 5896 717 5954 tabula
761 5894 1205 5963 similitudinem,
1234 5898 1377 5965 quod
1423 5897 1653 5955 viventis
1692 5896 1899 5965 insigne

2016 4702 2118 4760 est,
2151 4695 2249 4752 sub
2286 4699 2504 4767 planetu
2534 4698 2853 4769 dalmatica,
2894 4704 2948 4758 in
2976 4702 3202 4774 pedibus
3238 4702 3252 4742 ί
3288 4707 3488 4778 caligas
3514 4710 3611 4767 ha-

2014 4786 2179 4855 bens,
2224 4796 2432 4844 statura
2465 4791 2658 4860 longa,
2701 4792 2869 4848 facies
2898 4794 3126 4848 deducta
3149 4835 3163 4859 ,
3202 4796 3398 4854 virides
3438 4802 3602 4869 oculi,

2012 4872 2178 4935 barba
2208 4872 2439 4949 modica,
2471 4884 2650 4952 capilli
2680 4884 2957 4951 condensi,
2988 4885 3166 4941 vultus
3190 4891 3386 4956 gravis.

2357 4972 2437 5027 De
2461 4975 2688 5043 imagine
2717 4974 2916 5045 Silviae,
2940 4978 3118 5031 eodem
3148 4997 3263 5050 cap.

2083 5061 2138 5115 ln
2167 5064 2332 5117 altera
2360 5064 2513 5118 icona
2563 5072 2735 5119 mater
2761 5065 3005 5135 Gregorii
3052 5070 3244 5129 sedens
3281 5073 3493 5145 depicta
3523 5086 3606 5136 est

2008 5152 2208 5220 Silvia,
2252 5154 2483 5209 candido
2526 5156 2789 5211 velamine
2835 5173 2865 5212 a
2909 5159 3103 5217 dextro
3148 5164 3374 5223 humero
3424 5170 3604 5224 taliter

2008 5255 2193 5301 eontra
2224 5247 2491 5301 sinistram
2525 5248 2769 5304 revoluto
2799 5258 3069 5323 contecta,
3102 5263 3159 5309 ut
3188 5258 3287 5313 sub
3315 5274 3381 5313 eo
3412 5275 3601 5314 manus

2008 5350 2262 5410 tanquam
2310 5340 2375 5397 de
2417 5342 2630 5411 planeta
2677 5344 2961 5411 subducat,
2993 5355 3048 5401 et
3074 5348 3218 5404 circa
3262 5359 3451 5417 pectus
3492 5352 3592 5405 sub

2010 5435 2133 5501 gula
2160 5434 2379 5489 inferior
2415 5436 2599 5490 tunica
2621 5434 2647 5473 ¹ι
2677 5435 3066 5507 pseudolactini
3096 5439 3294 5493 coloris
3320 5452 3595 5509 appareat,

2007 5541 2125 5595 quae
2154 5539 2348 5594 magno
2379 5526 2677 5582 sinuamine
2722 5543 2881 5598 super
2917 5526 3083 5598 pedes
3110 5526 3344 5594 deﬂuat;
3392 5528 3598 5584 duabus

2017 5619 2027 5657 ¹
2054 5622 2203 5676 zonis
2217 5621 2285 5676 ad
2308 5622 2712 5677 similitudinem
2728 5621 3154 5685 dalmaticarum,
3171 5621 3264 5675 sed
3294 5620 3594 5690 latioribus,

2006 5714 2227 5769 omnino
2257 5713 2503 5769 distincta
2531 5731 2544 5779 ;
2584 5722 2791 5768 statura
2818 5714 2997 5782 plena,
3034 5711 3197 5766 iacies
3227 5713 3455 5766 rotunda
3481 5716 3599 5783 qni-

2006 5806 2127 5861 dem
2172 5812 2228 5861 et
2250 5805 2506 5874 candida,
2547 5804 2643 5861 sed
2673 5805 2824 5859 senio
2850 5802 2961 5872 jam
3006 5816 3229 5871 rugosa,
3270 5816 3431 5873 quam
3478 5806 3592 5876 ipsa

2004 5912 2221 5969 quoque
2272 5906 2523 5955 senectus
2587 5894 3001 5968 pulcherrimam
3066 5893 3229 5954 fuisse
3289 5896 3591 5970 signiﬁcat;
