4130 6518
537 384 645 442 465

1486 389 1573 445 DE
1614 388 2004 449 IMAGINIBUS
2041 393 2099 449 S.
2141 392 2471 451 GREGORII
2505 394 2743 451 MAGNI.

3707 394 3813 448 464

499 563 502 565 λ
532 502 705 579 oculis
740 500 946 572 glaucis
972 509 1031 557 et
1056 500 1376 571 grandibus,
1421 505 1724 575 superciliis
1751 506 2008 574 modicis,
2041 507 2120 562 la-
2145 509 2199 571 Α
2223 510 2482 576 retinens,
2513 510 2567 565 in
2587 525 2695 581 quo
2724 509 2830 564 hoc
2853 508 3112 579 scriptum
3138 515 3221 563 est
3245 524 3257 562 :
3296 506 3433 562 Vivit
3460 506 3639 561 anima
3670 522 3809 573 mea,

500 666 505 670 π
530 595 689 651 bellis
716 593 979 657 venustis,
1008 594 1161 650 vultu
1188 594 1392 661 hilaris,
1421 594 1599 653 ferens
1626 599 1681 653 in
1709 600 1887 669 capite
1917 608 2118 656 matro-

532 690 711 745 nalem
732 699 771 727 ω
790 689 1005 744 mitram
1033 688 1314 747 candentis
1340 690 1563 746 brandei
1587 693 1808 748 raritate
1835 693 2113 762 niblatam,

526 779 741 836 duobus
784 780 1023 836 dexterae
1063 780 1243 851 digitis
1287 782 1567 852 signaculo
1596 770 1772 840 crueis
1814 800 1875 841 se
1904 786 2119 842 munire

490 940 493 945 ί
526 873 666 929 velle
692 872 1142 945 praetendensyin
1170 874 1387 931 sinistra
1410 890 1543 932 vero
1572 864 1763 947 patens
1799 878 2117 948 psalterium

2219 614 2268 657 et
2297 603 2526 659 laudabit
2553 614 2617 669 te,
2643 612 2692 659 et
2708 603 2911 674 judicia
2934 611 3023 656 tua
3052 601 3369 673 adjuvabunt
3389 617 3489 656 me.
3513 600 3559 654 A
3583 599 3811 656 dextero

2218 712 2352 753 vero
2379 697 2561 752 cubito
2588 711 2756 764 usque
2788 694 2854 748 ad
2895 693 3167 749 sinistrum
3196 694 3342 748 circa
3371 691 3620 762 scapulas
3638 730 3655 757 ,
3685 706 3814 745 ver-

2218 803 2309 843 sus
2338 786 2633 843 ascendens
2656 785 2969 854 reﬂectitur,
2992 784 3081 855 qui
3111 784 3185 840 ita
3212 799 3272 841 se
3296 785 3497 841 habet:
3528 782 3811 855 Gregorius

2221 878 2401 934 Silvia:
2426 880 2582 933 matri
2612 878 2754 951 fecit.

1174 1213 2156 1303 OBSERVATIONES
2208 1217 2648 1303 ANGELI
2694 1213 3181 1319 ROCC/E.

594 1509 930 1638 3:,5viltec
965 1505 1208 1588 Joannes
1248 1504 1677 1589 Diaconus_lib."
1697 1521 1781 1572 ιν,
1811 1520 1931 1575 cap.
1958 1503 2108 1587 8'5_et

596 1626 611 1638 .
680 1599 711 1638 e
790 1590 861 1635 Ita
881 1580 943 1635 Β.
966 1577 1212 1638 Gregorii
1235 1577 1434 1638 Magni,
1457 1592 1550 1638 qut
1571 1578 1706 1632 obut
1725 1593 1867 1631 anno
1895 1576 2108 1630 Domini

594 1518 782 1639 θέἀν
803 1518 930 1565 Haec
965 1518 1199 1564 Joannes
1252 1518 1516 1561 Diaconus
1560 1518 1653 1562 ιιι).
1697 1521 1781 1572 ιν,
1811 1520 1931 1575 cap.
1958 1518 2029 1558 bo
2054 1518 2108 1585 et

490 1586 495 1591 ’
522 1584 611 1650 84,
680 1599 711 1638 e
790 1584 861 1635 ita
881 1580 943 1635 Β.
966 1577 1434 1650 ϐιθερτιίᾃΜίιςιιί,
1457 1577 1550 1650 qui
1571 1577 1706 1632 obiit
1725 1593 1867 1631 anno
1895 1576 2110 1650 D_o_min1

492 1680 493 1683 η
521 1646 627 1711 604
655 1654 741 1709 vel
782 1650 907 1717 605,
938 1658 1076 1706 teste
1106 1648 1435 1714 Trithemio;
1466 1647 1703 1703 Joannes
1744 1663 1876 1702 vero
1918 1646 2109 1701 Diaco-

520 1743 623 1782 nus
646 1724 842 1781 claruit
869 1722 1013 1777 circa
1033 1734 1231 1773 annum
1259 1718 1470 1772 Domini
1497 1717 1623 1775 870.
1645 1718 1899 1784 Quamvis
1928 1726 2108 1771 autem

522 1798 681 1853 dictae
719 1793 979 1864 imagines
1020 1806 1051 1845 a
1078 1789 1288 1864 Joanne
1323 1788 1606 1864 descriptae
1649 1788 2002 1864 _non_eodet_n
2054 1788 2109 1840 in

521 1868 645 1922 loco
675 1858 856 1921 essent
878 1902 893 1926 ,
927 1877 1018 1917 eas
1050 1869 1231 1915 tamen
1276 1861 1380 1913 hoc
1424 1860 1663 1928 disposui
1706 1858 1927 1921 ordine,
1954 1858 2109 1926 juxta

489 1944 492 1948 ‘
520 1951 684 2007 quem
713 1933 1005 2007 inaedicula
1033 1931 1204 1987 sancti
1229 1929 1458 2007 Andreas
1478 1931 1649 1999 pictas
1671 1929 1855 1983 Roma:
1885 1928 2064 2007 inveni
2092 1945 2104 1979 :

519 1999 605 2061 lite
633 2020 868 2068 namque
905 2003 1047 2058 circa
1097 2009 1369 2057 trecentos
1398 1999 1509 2055 fere
1554 2015 1723 2054 annos
1767 2014 1835 2054 ex
1884 2000 1949 2054 iis
1974 2013 2108 2068 quas

518 2076 754 2132 Joannes
778 2068 1053 2129 Diaconus
1073 2087 1166 2127 sua
1198 2078 1519 2140 tempestate
1546 2072 1599 2124 in
1624 2071 1763 2125 atrio
1793 2068 2108 2124 monasuerii

520 2148 791 2204 exstitisse
817 2152 1065 2209 testatur,
1089 2142 1385 2210 desumpta:
1422 2140 1689 2205 videntur,
1723 2156 1754 2194 a
1783 2140 1991 2209 pictore
2023 2147 2106 2192 ta-

520 2234 645 2275 men
677 2234 785 2273 non
814 2216 946 2271 satis
965 2214 1160 2284 perito,
1190 2212 1327 2284 sicut
1353 2227 1441 2267 res
1468 2213 1835 2284 minusaptaz,
1866 2211 2111 2284 minusve

492 2326 495 2329 ›
520 2290 590 2343 ad
620 2298 792 2343 artem
820 2280 1106 2355 pictoriam
1131 2283 1483 2355 pertinentes,
1508 2282 1561 2355 id_
1582 2282 1736 2355 nobis
1759 2280 2108 2355 persuadent.

520 2359 729 2414 Idcirco
750 2349 852 2425 ego
873 2349 1532 2425 suasione'judiciosorum
1550 2349 1829 2425 hominum
1852 2349 2108 2425 monitus,

520 2429 693 2483 dictas
723 2420 986 2495 imagines
1009 2420 1162 2495 juxta
1194 2423 1594 2495 exactissimam
1638 2420 1858 2477 Joannis
1892 2420 2111 2495 Diaconi

522 2488 955 2567 descriptionem
988 2488 1141 2563 quasi
1187 2492 1437 2567 penicillo
1480 2499 1918 2567 repraesentatas,
1961 2488 2109 2567 omni

520 2583 590 2623 ex
617 2559 771 2631 parte
799 2565 867 2620 ad
904 2559 1086 2619 vivum
1125 2559 1500 2631 ex‘primendas
1546 2559 1860 2631 diligenter,
1872 2559 2062 2631 curavi
2093 2576 2106 2610 :

519 2630 717 2708 quibus
741 2637 906 2691 etiam
947 2647 1140 2708 magna
1168 2630 1254 2708 _ex_
1273 2642 1427 2701 parte
1454 2631 1799 2708 respondent
1830 2630 1966 2708 illm,
1991 2644 2111 2699 qua:

521 2700 641 2763 rudi
672 2723 813 2763 nunc
843 2714 960 2761 arte
986 2700 1143 2774 picta:
1166 2703 1218 2756 in
1241 2700 1355 2772 ipsa
1385 2700 1686 2774 cernuntur,
1702 2700 1943 2774 aedicula.

591 2779 839 2846 Quonam
860 2771 1041 2831 autem
1069 2776 1123 2828 in
1152 2771 1481 2846 monasterio
1501 2772 1655 2846 dicta;
1677 2771 2110 2846 imaginespictm

518 2841 739 2913 fuerint,
770 2864 879 2903 non
924 2846 1055 2900 satis
1081 2851 1313 2906 constat,
1346 2843 1392 2896 si
1419 2844 1585 2913 verba
1627 2843 1848 2897 Joannis
1889 2841 2109 2913 Diaconi

518 2934 641 2989 cap.
674 2910 743 2972 8'5
792 2913 1504 2989 accurateAperpendantur.
1537 2912 1650 2989 Ego
1698 2920 1879 2989 autem
1924 2910 2110 2989 Romae

520 2980 912 3043 monasterium
942 2984 1073 3040 illud
1092 2980 1214 3038 esse
1243 2983 1429 3047 credo,
1451 2982 1597 3051 quod
1624 2984 1676 3036 in
1700 2981 1945 3050 ejusdem
1967 2980 2109 3034 beati

516 3057 760 3129 Gregorii
800 3055 1006 3129 aedibus
1025 3055 1103 3129 ad
1130 3053 1338 3129 Clivum
1383 3052 1574 3108 Scauri
1619 3051 2110 3129 prope_ecclesiam

518 3120 898 3183 SS.'Joannis
940 3133 995 3179 et
1024 3124 1175 3178 Pauli
1223 3124 1278 3177 in
1326 3125 1589 3178 honorem
1621 3120 1811 3176 'sancti
1860 3120 2106 3182 Andreae,

517 3206 657 3253 teste
678 3198 886 3252 JOanne
914 3195 1151 3250 Diacono
1175 3194 1268 3248 lib.
1298 3209 1336 3258 ι,
1366 3208 1487 3261 cap.
1514 3191 1568 3255 6,
1596 3193 1761 3261 etlib.
1786 3206 1859 3244 vu
1882 3190 2111 3261 Registri

517 3267 690 3321 sancti
726 3266 970 3332 Gregorii
1000 3280 1088 3334 ep.
1121 3264 1211 3330 15,
1240 3260 1610 3334 constructum
1644 3260 1790 3334 fuit_:
1825 3276 1980 3334 cuius
2005 3260 2107 3315 Ec-

518 3336 680 3392 clesia
707 3330 943 3406 prtesens
968 3334 1022 3388 in
1039 3330 1264 3406 tempus
1288 3333 1507 3406 nomine
1531 3330 2111 3406 sancti_(_iregorii_vo-

516 3399 733 3459 citatur'.
757 3405 922 3472 quue
950 3419 1019 3458 ex
1040 3417 1106 3458 eo
1127 3399 1269 3471 quod
1291 3418 1410 3472 cap.
1433 3400 1524 3472 95,
1552 3399 1620 3453 96
1636 3408 1690 3455 et
1716 3400 1804 3472 9'],
1828 3399 1894 3454 ab
1914 3399 2110 3472 eodem

514 3472 727 3529 Joanne
756 3469 994 3527 Diacono
1023 3469 1296 3539 scribitur,
1320 3469 1499 3540 colligi
1527 3478 1725 3541 potest.
1758 3469 1872 3524 Huc
1902 3470 2111 3525 accedit

516 3545 665 3613 quod
708 3543 943 3600 Joannes
972 3543 1238 3596 Diaconus
1274 3542 1443 3613 dictas
1473 3541 1735 3613 imagines
1780 3541 2106 3613 describere,

517 3611 573 3670 et
600 3615 755 3684 quasi
784 3612 1055 3685 penicillo,
1089 3611 1417 3685 earumdem,
1450 3620 1509 3665 ut
1529 3613 1604 3665 ita
1626 3612 1821 3685 dicam,
1855 3611 2110 3685 minutias

518 3680 637 3739 tam
651 3680 840 3740 exacte
864 3699 973 3738 non
991 3684 1254 3752 potuisset
1283 3690 1693 3751 repraesentare,
1713 3682 1759 3735 si
1786 3697 1880 3737 eas
1901 3680 2106 3746 Romae,

516 3757 609 3811 ubi
639 3755 804 3809 vitam
841 3753 1091 3821 degebat,
1125 3767 1232 3807 non
1261 3752 1497 3821 vidisset.

588 3825 706 3880 Non
736 3820 931 3880 desunt
956 3824 1050 3892 qui
1079 3824 1302 3892 aibeato
1332 3820 1594 3890 Gregorio
1624 3821 1818 3889 Magno
1855 3821 1963 3877 duo
1992 3835 2109 3878 mo-

518 3896 753 3952 nasteria
779 3895 847 3950 ad
875 3891 1088 3948 Clivum
1116 3891 1304 3948 Scauri
1346 3901 1652 3948 constructa
1696 3892 1857 3947 fuisse
1886 3893 2112 3962 opinen-

517 3976 624 4033 tur,
654 3965 789 4020 moti
817 3980 887 4019 ex
913 3964 1006 4026 iis,
1041 3978 1160 4033 qum
1190 3963 1303 4033 lib.
1322 3980 1343 4033 ι
1368 3963 1421 4016 in
1450 3963 1692 4029 ejusdem
1731 3964 1916 4017 Sancti
1942 3964 2110 4033 vitam

515 4030 637 4106 cap.
662 4036 733 4090 '52
750 4044 804 4091 et
825 4033 918 4097 58,
943 4030 1098 4106 lib.jt
1127 4048 1249 4103 cap.
1280 4032 1371 4097 45,
1402 4040 1458 4106 et
1480 4034 1572 4087 lib.
1597 4049 1650 4087 tv
1670 4048 1800 4106 cap.
1829 4033 1916 4086 9'7.
1947 4030 2113 4106 Joan-

514 4100 613 4161 nes
640 4106 910 4160 Diaconus
948 4103 1153 4167 scribit,
1182 4100 1479 4173 prtesertim
1508 4118 1637 4157 vero
1668 4100 1763 4173 lib.
1793 4120 1829 4157 ιι
1865 4118 1984 4171 cap.
2016 4100 2107 4167 45,

516 4176 572 4227 in
621 4189 728 4243 quo
782 4175 897 4243 ipse
940 4172 1207 4228 Diaconus
1245 4188 1313 4227 ex
1359 4174 1516 4234 libro,
1548 4173 1640 4243 qui
1686 4172 1872 4227 Grrece
1922 4176 2110 4243 Λειμὼν

517 4241 733 4309 dicitur,
764 4241 952 4312 Latine
972 4251 1152 4297 autem
1181 4243 1432 4312 Campus,
1453 4243 1578 4312 sive
1606 4241 1845 4312 Pratum,
1880 4241 2110 4296 haecin-

519 4314 730 4367 venisse
768 4314 844 4366 ait
868 4329 882 4365 :
912 4311 967 4365 Is
1001 4313 1216 4380 (nempe
1238 4310 1552 4380 Gregorius)
1578 4311 1789 4379 effectus
1817 4329 1954 4382 papa
1983 4312 2111 4366 aedi-

518 4384 697 4453 ﬁcavit
734 4384 1107 4438 monasterium
1132 4384 1359 4436 virorum
1392 4398 1668 4452 magnum,
1698 4390 1746 4453 et
1786 4382 1926 4453 dedit
1956 4399 2108 4453 man-

519 4452 719 4520 datum,
734 4461 791 4506 ut
817 4454 989 4507 nullus
1009 4452 1377 4522 monachorum
1398 4452 1878 4522 propriumaliquid
1903 4452 2110 4506 haberet

514 4541 675 4592 usque
701 4524 769 4577 ad
795 4540 955 4577 unum
983 4521 1208 4578 obolum.
1242 4521 1370 4577 Haec
1394 4521 1629 4577 Joannes
1664 4521 1949 4577 DiaConus.
1976 4522 2111 4577 Cum

516 4603 695 4649 autem
725 4609 756 4648 a
785 4594 947 4649 beato
981 4592 1256 4662 Gregorio,
1285 4592 1672 4648 monasterium
1701 4607 1863 4647 unum
1904 4594 1971 4647 ad
1998 4594 2109 4648 Cli-

519 4681 640 4717 vum
678 4664 868 4719 Scauri
907 4673 1034 4718 ante
1079 4660 1474 4733 pontiﬁcatum,
1519 4672 1732 4717 mortuo
1774 4673 1930 4733 patre
1977 4662 2111 4718 Gor-

516 4735 699 4799 diano,
723 4734 1043 4789 aedificatum
1062 4734 1228 4789 fuisse
1250 4742 1491 4798 constet;
1514 4734 1763 4795 alterum,
1781 4742 1837 4788 et
1857 4748 2109 4803 magnum

518 4804 754 4875 quidem,
770 4803 1147 4875 inpontiticatu
1158 4812 1526 4875 constructum
1541 4804 1703 4859 fuisse
1715 4804 1860 4859 dicas
1871 4811 2109 4875 oportet,

518 4874 621 4928 nisi
670 4874 798 4928 illud
835 4872 1051 4945 ipsum,
1089 4890 1122 4929 a
1165 4874 1375 4930 Joanne
1421 4874 1659 4929 Diacono
1695 4875 1787 4945 lib.
1833 4890 1869 4939 ι,
1899 4872 2105 4945 cap.6,

518 4943 1020 5016 commemoratum,
1050 4946 1106 5000 in
1128 4946 1445 5016 ampliorem
1458 4945 1663 5016 deinde
1687 4943 1918 5016 formam
1948 4944 2107 5016 reda-

516 5021 661 5067 ctum
685 5013 943 5083 dicamus.
967 5013 1370 5081 Quamvis’item
1397 5031 1428 5069 a
1452 5014 1658 5069 Joanne
1684 5015 1923 5070 Diacono
1953 5015 2047 5070 lib.
2066 5032 2106 5083 ι,

517 5096 637 5151 cap.
671 5082 723 5146 6,
757 5083 1145 5154 monasterium
1175 5101 1205 5140 a
1249 5088 1409 5140 beato
1439 5084 1701 5154 Gregorio
1738 5082 2105 5141 constructum

514 5153 615 5207 sub
644 5152 863 5223 nomine
887 5155 1063 5209 sancti
1099 5155 1360 5218 Andreae,
1392 5164 1448 5208 et
1485 5152 1605 5223 cap.
1637 5152 1706 5206 58
1740 5156 1839 5209 sub
1889 5157 2107 5210 nomine

512 5222 842 5278 venerabilis
889 5222 1065 5280 levita:
1114 5224 1361 5293 Gregorii
1403 5231 1790 5294 nuncupetur,
1819 5233 2106 5294 utrumque

514 5300 693 5348 tamen
724 5308 847 5349 esse
874 5302 1072 5363 potest,
1097 5296 1307 5350 etiamsi
1336 5310 1500 5348 unmn
1531 5302 1739 5347 tantum
1770 5293 1958 5350 fuisset
1987 5293 2104 5350 mo-

514 5365 810 5434 nasterium
836 5382 849 5416 :
880 5380 1004 5419 nam
1036 5366 1206 5421 sancti
1244 5365 1470 5419 Andreae
1491 5363 1604 5434 _dici
1632 5365 1807 5432 valet,
1840 5381 2106 5434 quatenus

511 5433 567 5487 in
597 5433 867 5491 honorem
905 5435 1021 5504 ejus
1061 5437 1423 5500 mdiﬁcatum;
1475 5432 1872 5502 Gregorianuni
1918 5445 2101 5491 autem

511 5513 778 5576 quatenus
803 5521 835 5560 a
864 5504 1125 5576 Gregorio
1168 5512 1558 5576 constructum.
1590 5504 1727 5559 Hinc
1763 5505 2011 5575 Pelagius
2035 5506 2100 5569 ll,

511 5582 572 5646 ut
607 5574 925 5646 legiturlib.
960 5573 995 5630 ι*
1015 5593 1133 5646 cap.
1182 5575 1255 5629 ’52
1292 5573 1518 5646 Joannis
1549 5576 1790 5641 Diaconi,
1823 5584 1877 5630 et
1903 5573 2038 5630 tom.
2080 5578 2103 5632 Ι

480 5649 482 5651 ’
511 5642 780 5716 Decreta].
812 5645 977 5716 Epist.
1014 5642 1107 5701 ult'.
1141 5646 1209 5700 ad
1237 5646 1454 5700 beatum
1482 5644 1829 5713 Gregorium,
1864 5657 1991 5699 tunc
2020 5648 2100 5700 le-

510 5713 707 5781 vitam,
758 5724 814 5771 et
854 5713 1325 5787 Constantinopoli
1371 5716 1777 5787 apocrisiarium
1822 5718 2094 5784 scribens,

511 5787 930 5855 monasterium,
960 5787 1027 5842 ab
1055 5785 1247 5842 eodem
1285 5785 1548 5855 Gregorio
1588 5785 1931 5849 aediﬁcatum,
1963 5787 2099 5843 Gre-

513 5854 796 5919 gorianum
824 5856 1083 5910 nominat.
1116 5856 1258 5912 ldem
1284 5854 1536 5913 scribitur
1556 5874 1587 5911 a
1607 5858 1816 5913 Joanne
1857 5859 2097 5914 Diacono

470 5946 471 5949 η
512 5919 611 5976 lib.
631 5938 817 5992 rv_cap.
843 5923 912 5978 88
934 5936 988 5981 et
1018 5927 1137 5982 aliis
1156 5929 1211 5983 in
1232 5928 1396 5995 locis;
1420 5928 1668 5998 idemque
1693 5928 1886 5997 legitur
1921 5928 2013 5983 lib.
2042 5945 2095 5984 ill

2135 4871 2188 4933 Ι)
2217 4874 2449 4942 Registri
2474 4874 2660 4930 indict.
2692 4875 2747 4943 2,
2774 4877 2932 4945 epist.
2958 4875 3010 4941 1,
3042 4877 3182 4931 circa
3211 4891 3411 4930 annum
3436 4890 3545 4931 suae

2218 1502 2561 1573 Dialogorum
2575 1515 2695 1573 cap.
2708 1500 2807 1573 756,
2826 1500 2860 1555 l.
2886 1515 2940 1554 tv
2956 1499 3162 1573 Dialog.
3179 1513 3299 1573 cap.
3313 1498 3377 1552 2i
3399 1500 3557 1573 et26,
3575 1508 3630 1556 et
3652 1503 3801 1559 alibi.

2288 1569 2393 1629 Sed
2424 1572 2594 1628 nodus
2618 1569 2883 1627 ditlicilior
2907 1570 3147 1642 redditur
3173 1571 3242 1642 ab
3267 1570 3381 1640 ipso
3408 1569 3668 1635 Diacono,
3691 1578 3805 1642 qui,

2216 1646 2309 1700 lib.
2341 1660 2393 1699 tv
2415 1660 2535 1713 cap.
2567 1644 2657 1710 97,
2689 1642 2877 1698 eodem
2923 1642 2975 1695 in
3005 1640 3127 1713 loco
3153 1641 3221 1695 de
3249 1642 3573 1713 monasterio
3600 1640 3809 1713 Grego-

2216 1717 2392 1782 riano,
2430 1711 2639 1769 necnon
2666 1714 2733 1768 de
2763 1712 3092 1767 monasterio
3118 1711 3605 1782 sanctimonialium
3629 1711 3805 1770 sancti

2216 1778 2445 1839 Andreae
2467 1786 2796 1839 mentionem
2816 1782 2964 1845 facit,
2996 1781 3145 1851 quasi
3170 1798 3335 1836 unum
3359 1778 3516 1835 fuerit
3538 1782 3802 1848 virorum,

2217 1857 2443 1910 alterum
2492 1855 2846 1910 feminarum:
2881 1855 3025 1922 quod
3070 1855 3257 1918 etiam,
3290 1861 3348 1905 ut
3395 1851 3662 1908 Diaconus
3707 1870 3806 1909 ex-

2216 1941 2401 1995 presse
2441 1927 2534 1991 ait,
2582 1925 2761 1979 Clivus
2813 1922 3442 1995 Scauriqappellabatug;
3491 1923 3606 1995 fieri
3655 1926 3803 1979 enim

2216 1989 2394 2066 potest
2442 1989 2710 2066 ut'vctus
2748 1989 3134 2066 monasterium
3181 1992 3341 2047 modo
3385 1989 3802 2066 Gregorianum,

2214 2062 2377 2121 modo
2404 2067 2574 2120 sancti
2601 2065 2826 2120 Andreae
2854 2066 2923 2121 ob
2950 2064 3270 2131 assignatam
3302 2062 3567 2116 rationem
3597 2062 3806 2119 nuncul-

2217 2146 2422 2207 patum,
2442 2143 2603 2191 astate
2628 2135 2849 2207 Joannis
2877 2133 3124 2207 Diaconi,
3158 2133 3526 2207 nonvirorum
3550 2133 3643 2188 sed
3672 2149 3805 2190 san-

2216 2202 2603 2263 ctimonialium
2631 2206 2789 2260 foret.
2814 2206 2949 2259 Sunt
2976 2206 3181 2259 interea
3203 2204 3295 2272 qui
3322 2202 3601 2257 aediculam
3630 2207 3807 2261 sancti

2215 2277 2443 2332 Andreae
2468 2276 2787 2343 vocitatam,
2818 2276 2979 2330 fuisse
3007 2275 3302 2345 oratorium
3348 2275 3662 2345 monasterii
3692 2279 3806 2345 pri-

2214 2349 2376 2402 mitus
2404 2346 2651 2400 :ndilicati
2679 2365 2689 2398 :
2718 2347 2977 2415 majorem
2998 2344 3128 2400 vero
3152 2343 3450 2415 Ecclesiam
3468 2343 3804 2415 monasterio

2214 2432 2501 2481 annexam,
2533 2417 2702 2471 multo
2731 2412 2851 2485 post
2874 2426 3117 2485 tempore
3146 2416 3214 2469 ab
3237 2414 3428 2470 eodem
3454 2412 3718 2483 Gregorio
3747 2417 3805 2471 in

2213 2502 2312 2542 suo
2353 2487 2600 2541 videlicet
2620 2486 2932 2556 pontificatu
2962 2493 3327 2542 constructam
3357 2499 3475 2538 esse
3514 2485 3673 2609 3’15
3704 2502 3804 2542 ve-

2213 2558 2332 2609 lint.
2354 2558 2636 2609 opinantes
2659 2557 2789 2609 illud
2818 2557 2981 2609 fuisse
3001 2555 3319 2609 oratorium.
3344 2554 3411 2608 de
3431 2569 3538 2609 auo
3598 2571 3803 2609 oannes

2213 2558 2332 2621 lint,
2354 2554 2637 2626 opinantes
2659 2557 2789 2611 illud
2818 2557 2981 2611 fuisse
3001 2555 3319 2619 oratorium,
3344 2554 3411 2626 de
3431 2554 3547 2623 quo
3562 2554 3803 2626 Joannes

2214 2622 2483 2682 Diaconus
2529 2627 2621 2682 lib.
2653 2642 2689 2693 ι,
2721 2642 2841 2696 cap.
2878 2626 2965 2691 12,
3013 2626 3341 2696 mentionem
3383 2622 3527 2696 facit.
3565 2625 3703 2696 time
3736 2627 3805 2681 de

2213 2698 2543 2753 monasterio
2566 2706 2623 2751 et
2662 2694 2889 2752 ecclesia
2932 2697 3103 2752 sancti
3130 2695 3357 2749 Andreas
3404 2710 3469 2749 ac
3495 2695 3635 2749 beati
3664 2694 3806 2751 Gre—

2212 2769 2347 2837 gorii
2377 2769 2507 2822 mihi
2546 2767 2770 2823 dicenda
2798 2768 3115 2823 videbantur
3146 2784 3158 2817 :
3191 2764 3319 2837 quid
3348 2772 3529 2819 autem
3557 2767 3801 2821 sentien-

2214 2836 2343 2893 dum
2372 2839 2464 2905 sit,
2482 2838 2725 2907 judicent
2746 2839 2856 2904 alii,
2881 2839 3178 2894 rationibus
3196 2836 3264 2890 ad
3284 2844 3570 2904 utramque
3590 2845 3801 2906 partem

2213 2908 2496 2974 diligenter
2524 2910 2823 2979 pensitatis.

2283 2976 2539 3045 Quatuor
2555 2980 2759 3035 interea
2785 2981 2929 3034 circa
2955 2978 3302 3046 descriptam,
3325 2985 3380 3031 et
3405 2976 3628 3031 incisam
3656 2977 3802 3032 beati

2212 3047 2455 3118 Gregorii
2507 3049 2683 3117 Magni
2730 3050 2961 3118 eitigiem
3001 3048 3273 3117 explicatu
3320 3047 3478 3115 digna
3516 3047 3799 3118 videntur;

2213 3135 2311 3173 cur
2331 3116 2545 3175 scilicet
2574 3116 2751 3187 imago
2780 3116 2895 3187 ipsa
2920 3120 3141 3173 senilem
3179 3124 3393 3171 aetatem
3423 3132 3530 3171 non
3561 3116 3758 3172 referat
3783 3136 3800 3183 ;

2214 3205 2311 3243 cur
2350 3190 2574 3244 barbata
2617 3190 2718 3255 sit;
2750 3205 2847 3244 cur
2891 3189 3018 3243 item
3071 3187 3276 3256 absque
3323 3187 3586 3241 columba:
3622 3190 3803 3255 specie

2212 3267 2503 3329 appareat,
2536 3274 2659 3313 nam
2693 3260 2905 3323 senior,
2942 3258 3177 3329 rabrasa,
3219 3265 3280 3329 et
3313 3256 3597 3329 columine
3623 3259 3805 3329 specie

2214 3325 2381 3398 prope
2398 3332 2516 3397 ejus
2542 3338 2702 3397 caput
2722 3328 3004 3391 exstantis,
3028 3328 3095 3381 ab
3118 3326 3367 3398 omnibus
3387 3325 3601 3395 depingi
3630 3327 3799 3391 solet;

2211 3397 2569 3468 cur’denique
2597 3401 2714 3453 sine
2743 3400 2924 3465 mitra,
2953 3405 3045 3451 aut
3064 3398 3181 3452 sine
3209 3397 3364 3459 tiara,
3393 3411 3556 3466 quam
3577 3410 3805 3463 regnum

2213 3478 2431 3535 vocant,
2460 3468 2668 3525 eﬂictus
2696 3477 2967 3524 cernatur.
3572 3485 3575 3488 ν

2286 3538 2576 3607 Gregorius
2604 3540 2824 3607 Magnus
2844 3582 2859 3606 ,
2890 3546 2949 3593 ut
2976 3538 3148 3593 nodos
3194 3536 3508 3608 propositos,
3531 3535 3801 3608 dissolva-

2216 3625 2355 3677 mus,
2388 3606 2512 3665 dum
2545 3606 2725 3675 levita,
2754 3619 2812 3664 ut
2837 3610 2913 3663 ait
2938 3607 3175 3663 Joannes
3195 3606 3471 3662 Diaconus
3498 3606 3591 3661 lib.
3616 3623 3652 3672 ι,
3679 3622 3801 3676 cap.

2218 3678 2306 3745 41,
2340 3680 2410 3734 45
2437 3690 2492 3734 et
2518 3678 2607 3744 Η,
2638 3681 2695 3734 in
2724 3679 2967 3748 ejusdem
2995 3678 3139 3734 beati
3161 3677 3405 3748 Gregorii
3435 3678 3573 3743 Vita,
3603 3678 3715 3731 sive
3740 3677 3800 3733 S.

2216 3749 2282 3804 R.
2316 3748 2377 3803 Ε.
2412 3750 2698 3806 cardinalis
2725 3747 2985 3805 diaconus
3022 3749 3195 3804 adhuc
3224 3747 3392 3812 foret,
3426 3762 3533 3802 uno
3561 3748 3803 3803 omnium

2214 3836 2501 3887 consensu,
2533 3821 2729 3875 invitus
2759 3828 2960 3886 tamen,
2988 3820 3228 3889 pontifex
3256 3826 3491 3878 creatur,
3526 3817 3711 3882 homo,
3742 3829 3805 3872 ut

2216 3892 2523 3959 conjectare
2548 3891 2697 3957 licet,
2722 3906 2985 3945 annorum
3015 3889 3115 3957 46,
3144 3890 3231 3945 vel
3260 3891 3327 3943 ad
3350 3904 3619 3947 summum
3644 3890 3807 3958 quiu-

2214 3962 2622 4030 quagenarius:
2666 3968 2951 4031 propterea
3020 3960 3165 4029 quod
3242 3975 3385 4015 anno
3414 3960 3606 4031 ipsius
3656 3960 3804 4014 beati

2215 4032 2459 4101 Gregorii
2508 4030 2850 4101 pontiﬁcatus
2887 4048 2939 4086 tv
2983 4031 3163 4086 nutrix
3210 4031 3326 4101 ejus
3372 4030 3604 4093 vivebat,
3648 4037 3709 4101 ut
3736 4044 3804 4085 ex

2214 4102 2455 4171 ejusdem
2502 4100 2645 4156 beati
2691 4103 2937 4170 Gregorii
2985 4101 3106 4156 libri
3136 4116 3193 4156 ιιι
3222 4100 3585 4171 Epistolarum
3616 4100 3805 4156 ultima

2216 4169 2396 4228 videre
2418 4173 2544 4227 licet
2578 4191 2589 4224 :
2619 4169 2837 4228 sanctus
2863 4186 3096 4241 namque
3116 4169 3408 4238 Gregbrius
3432 4172 3498 4224 ad
3526 4169 3804 4224 Rusticia-

2213 4258 2337 4297 nam
2386 4243 2666 4311 patriciam
2711 4243 2950 4298 scribens
2996 4243 3072 4297 ait
3114 4241 3417 4296 :Domnam
3464 4257 3580 4295 vero
3630 4241 3801 4308 illam,

2213 4315 2466 4395 nutricem
2494 4329 2682 4381 meam,
2712 4330 2866 4395 quam
2892 4329 2983 4395 per
3021 4312 3222 4395 litteras
3252 4312 3645 4395 commendatis,
3675 4328 3806 4395 nom-

2214 4384 2337 4437 nino
2362 4385 2541 4453 diligo,
2573 4394 2623 4436 et
2649 4381 2857 4453 gravari
2886 4381 2941 4436 in
2973 4384 3114 4436 nullo
3137 4386 3271 4453 poto.
3304 4381 3430 4437 Hmc
3453 4382 3642 4436 beatus
3670 4382 3805 4453 Gre-

2213 4456 2395 4520 gorius
2440 4451 2580 4507 circa
2612 4451 2810 4507 annum
2843 4454 2931 4522 sui
2973 4451 3316 4522 pontiﬁcatus
3345 4460 3619 4522 quartum.
3651 4452 3803 4507 Adde

2213 4524 2375 4577 etiam
2402 4522 2549 4593 quod
2590 4523 2781 4578 beatus
2824 4521 3117 4591 GregOrius
3161 4538 3435 4593 nunquam
3463 4521 3531 4577 de
3568 4531 3803 4577 senecta:

2212 4602 2388 4659 :etate,
2438 4609 2557 4661 quae
2601 4596 2820 4649 morbus
2865 4595 2981 4664 ipse
3008 4594 3232 4648 vocitari
3276 4595 3433 4658 solet,
3476 4600 3803 4661 conquestus

2212 4672 2315 4726 est,
2346 4665 2544 4735 quippe
2574 4666 2663 4733 qui
2691 4665 3023 4735 praecipitata
3071 4672 3164 4719 aut
3208 4665 3615 4733 ingravescente
3632 4671 3803 4735 aetate

2214 4750 2322 4806 non
2351 4732 2468 4787 erat
2482 4732 2500 4797 7;
2527 4732 2621 4790 sed
2650 4732 3136 4806 tantum—podagra:
3166 4750 3230 4789 ac
3249 4732 3509 4806 stomachi
3536 4732 3801 4806 molestiis

2212 4818 2272 4858 se
2300 4805 2571 4860 laborasse
2601 4806 2780 4860 multis
2809 4812 2861 4860 in
2886 4804 3037 4860 locis
3073 4805 3313 4860 narravit
3341 4822 3355 4859 :
3388 4805 3553 4861 immo
3590 4804 3690 4858 lib.
3730 4818 3802 4858 vu

2217 4874 2449 4929 Registri
2474 4874 2660 4929 indict.
2692 4875 2747 4929 2.
2774 4877 2932 4929 epist.
2958 4875 3010 4929 1.
3042 4877 3182 4929 circa
3211 4891 3411 4929 annum
3436 4890 3545 4929 suae
3573 4860 3800 4929 Ordina-

3621 4875 3800 4929 rdina-

2215 4944 2393 5008 tionis,
2422 4960 2483 5000 se
2516 4946 2692 5014 potius
2732 4944 3001 5014 juniorem
3036 4962 3198 5015 quam
3244 4961 3428 5001 senem
3470 4945 3728 5007 ostendit,
3758 4944 3802 4999 si

2218 5015 2378 5069 verba
2419 5016 2535 5084 ejus
2563 5015 2847 5085 diligenter
2876 5018 3271 5072 examinentur.
3302 5016 3453 5070 Dicta
3485 5030 3715 5084 namque
3746 5015 3800 5069 in

2211 5085 2460 5157 epistola,
2508 5087 2632 5139 dum
2679 5085 3355 5157 Januarium,epi500pum
3406 5086 3799 5157 Caralitanum,

2210 5156 2480 5211 hominem
2509 5171 2713 5222 senem,
2751 5156 3150 5226 reprehendere
3176 5156 3388 5224 studet,
3417 5156 3799 5224 reprehensio-

2210 5240 2332 5279 nem
2362 5226 2429 5279 ab
2469 5227 2556 5280 illa
2585 5227 2729 5281 beati
2755 5226 2905 5281 Pauli
2928 5227 3159 5297 apostoli
3184 5228 3450 5282 sententia
3481 5227 3502 5281 l
3529 5226 3799 5281 Timothei

2207 5312 2326 5364 cap.
2350 5313 2382 5351 v
2410 5297 2706 5367 exorditur,
2737 5298 2922 5352 dicens
2954 5317 2967 5350 :
3000 5298 3271 5353 Seniorem
3310 5314 3374 5352 ne
3412 5299 3796 5367 increpaveris;

2210 5382 2271 5441 ea
2281 5382 2438 5435 mque
2463 5368 2515 5421 in
2550 5366 2794 5441 ejusdem
2825 5368 3067 5441 epistola:
3085 5369 3265 5441 Ainitio
3282 5366 3701 5441 interpretatur,
3720 5383 3801 5441 _ne

2208 5436 2322 5505 ipse
2352 5437 2662 5506 apostolicze
2689 5436 2970 5493 sententia:
3015 5438 3283 5507 refragari
3306 5436 3574 5501 videatur,
3616 5437 3800 5493 senio-

2207 5522 2319 5560 rem
2359 5523 2417 5561 se
2457 5509 2875 5577 reprehendens.
2906 5509 2956 5564 Is
3002 5509 3208 5563 interea
3238 5510 3293 5563 in
3321 5508 3415 5563 lib.
3449 5509 3796 5576 Dialogorum

2204 5592 2279 5640 ιιι,
2313 5593 2431 5647 cap.
2464 5578 2516 5637 2,
2564 5595 2659 5633 sua
2690 5588 3009 5649 tempestate
3040 5579 3167 5649 (hoc
3208 5587 3293 5634 est
3327 5578 3581 5643 intantili,
3616 5578 3799 5649 veliad

2204 5662 2471 5702 summum
2518 5650 2738 5718 puerili,
2788 5648 2848 5704 ut
2884 5648 3149 5718 conjicio,
3196 5650 3380 5719 actate)
3412 5649 3666 5712 Totilam,
3694 5648 3801 5703 Go-

2205 5720 2418 5773 thorum
2447 5733 2627 5787 regem
2646 5760 2660 5785 ,
2690 5735 2783 5775 vui
2830 5721 2897 5775 ab
2928 5719 3071 5775 Urbe
3115 5720 3366 5776 milliario
3402 5735 3523 5776 cum
3553 5720 3800 5775 exercitu

2206 5791 2467 5862 resedisse
2506 5798 2753 5862 testatur.
2780 5789 2955 5846 Totila
2976 5806 3128 5855 ,vero
3148 5833 3162 5857 ,
3195 5801 3462 5862 occupata
3503 5791 3651 5845 omni
3684 5789 3801 5846 fere

2204 5857 2369 5914 Italiae
2410 5870 2583 5931 parte,
2616 5860 2844 5932 Romam
2871 5877 2968 5932 per
2990 5877 3188 5917 annum
3216 5857 3495 5930 integrum
3513 5862 3800 5916 obsessam

2204 5932 2526 6000 expugnavit
2553 5947 2696 5988 anno
2722 5931 2935 5989 Domini
2957 5932 3079 6000 546,
3104 5950 3245 5990 anno
3274 5934 3307 5990 9
3328 5932 3507 6003 Vigilii
3538 5945 3713 6005 papae,
3741 5938 3798 5987 et
