  <div class='ocr_page' id='page_1' title='image "/cluster/home/n/w/nwhite01/storage/ocr_20150623/75/hvd.32044015469380/238.png"; bbox 0 0 4130 6458; ppageno 0'>
   <div class='ocr_carea' id='block_1_1' title="bbox 373 491 475 547">
    <p class='ocr_par' dir='ltr' id='par_1_1' title="bbox 373 491 475 547">
     <span class='ocr_line' id='line_1_1' title="bbox 373 491 475 547; baseline 0 0"><span class='ocrx_word' id='word_1_1' title='bbox 373 491 475 547; x_wconf 74' lang='grc'><strong>465</strong></span> 
     </span>
    </p>
   </div>
   <div class='ocr_carea' id='block_1_2' title="bbox 1343 480 2594 547">
    <p class='ocr_par' dir='ltr' id='par_1_2' title="bbox 1343 480 2594 547">
     <span class='ocr_line' id='line_1_2' title="bbox 1343 480 2594 547; baseline 0.006 -7"><span class='ocrx_word' id='word_1_2' title='bbox 1343 484 1431 541; x_wconf 81' lang='lat' dir='ltr'><strong>DE</strong></span> <span class='ocrx_word' id='word_1_3' title='bbox 1472 483 1866 542; x_wconf 77' lang='lat' dir='ltr'><strong>IMAGINIBUS</strong></span> <span class='ocrx_word' id='word_1_4' title='bbox 1901 484 1956 539; x_wconf 89' lang='lat' dir='ltr'><strong>S.</strong></span> <span class='ocrx_word' id='word_1_5' title='bbox 1998 480 2323 543; x_wconf 75' lang='lat' dir='ltr'><strong>GREGOPJI</strong></span> <span class='ocrx_word' id='word_1_6' title='bbox 2360 488 2594 547; x_wconf 79' lang='lat' dir='ltr'><strong>MAGNI.</strong></span> 
     </span>
    </p>
   </div>
   <div class='ocr_carea' id='block_1_3' title="bbox 3529 492 3634 547">
    <p class='ocr_par' dir='ltr' id='par_1_3' title="bbox 3529 492 3634 547">
     <span class='ocr_line' id='line_1_3' title="bbox 3529 492 3634 547; baseline 0.01 -1"><span class='ocrx_word' id='word_1_7' title='bbox 3529 492 3634 547; x_wconf 79' lang='grc'><strong>466</strong></span> 
     </span>
    </p>
   </div>
   <div class='ocr_carea' id='block_1_4' title="bbox 374 595 3633 681">
    <p class='ocr_par' dir='ltr' id='par_1_4' title="bbox 374 595 3633 681">
     <span class='ocr_line' id='line_1_4' title="bbox 374 595 3633 681; baseline 0.003 -27"><span class='ocrx_word' id='word_1_8' title='bbox 374 595 888 681; x_wconf 52' lang='lat' dir='ltr'><strong>nuperiinJustiniani</strong></span> <span class='ocrx_word' id='word_1_9' title='bbox 910 595 998 663; x_wconf 85' lang='grc'><strong>19,</strong></span> <span class='ocrx_word' id='word_1_10' title='bbox 1012 595 1135 681; x_wconf 41' lang='lat' dir='ltr'><strong>(vel,</strong></span> <span class='ocrx_word' id='word_1_11' title='bbox 1160 604 1230 679; x_wconf 41' lang='lat' dir='ltr'><strong>ut.</strong></span> <span class='ocrx_word' id='word_1_12' title='bbox 1247 595 1338 652; x_wconf 87' lang='lat' dir='ltr'><strong>alii</strong></span> <span class='ocrx_word' id='word_1_13' title='bbox 1361 598 1576 679; x_wconf 73' lang='lat' dir='ltr'><strong>volunt,</strong></span> <span class='ocrx_word' id='word_1_14' title='bbox 1598 600 1802 681; x_wconf 63' lang='lat' dir='ltr'><strong>aliquot</strong></span> <span class='ocrx_word' id='word_1_15' title='bbox 1826 608 1949 681; x_wconf 75' lang='lat' dir='ltr'><strong>post</strong></span> <span class='ocrx_word' id='word_1_16' title='bbox 1975 603 2024 661; x_wconf 82' lang='lat' dir='ltr'><strong>A</strong></span> <span class='ocrx_word' id='word_1_17' title='bbox 2050 601 2171 681; x_wconf 70' lang='lat' dir='ltr'><strong>regi</strong></span> <span class='ocrx_word' id='word_1_18' title='bbox 2192 601 2545 673; x_wconf 81' lang='lat' dir='ltr'><strong>Francorum,</strong></span> <span class='ocrx_word' id='word_1_19' title='bbox 2571 620 2827 681; x_wconf 77' lang='lat' dir='ltr'><strong>coronam</strong></span> <span class='ocrx_word' id='word_1_20' title='bbox 2850 620 3076 681; x_wconf 69' lang='lat' dir='ltr'><strong>auream</strong></span> <span class='ocrx_word' id='word_1_21' title='bbox 3098 606 3633 681; x_wconf 28' lang='lat' dir='ltr'><strong>cum-gemmis_dono</strong></span> 
     </span>
    </p>
   </div>
   <div class='ocr_carea' id='block_1_5' title="bbox 373 664 1949 735">
    <p class='ocr_par' dir='ltr' id='par_1_5' title="bbox 373 664 1949 735">
     <span class='ocr_line' id='line_1_5' title="bbox 373 664 1949 735; baseline -0.003 -9"><span class='ocrx_word' id='word_1_22' title='bbox 373 664 540 727; x_wconf 77' lang='lat' dir='ltr'><strong>annis.</strong></span> <span class='ocrx_word' id='word_1_23' title='bbox 575 668 772 722; x_wconf 91' lang='lat' dir='ltr'><strong>Beatus</strong></span> <span class='ocrx_word' id='word_1_24' title='bbox 801 674 980 721; x_wconf 89' lang='lat' dir='ltr'><strong>autem</strong></span> <span class='ocrx_word' id='word_1_25' title='bbox 1010 664 1298 735; x_wconf 74' lang='lat' dir='ltr'><strong>Gregorius</strong></span> <span class='ocrx_word' id='word_1_26' title='bbox 1325 669 1468 724; x_wconf 90' lang='lat' dir='ltr'><strong>circa</strong></span> <span class='ocrx_word' id='word_1_27' title='bbox 1498 664 1703 724; x_wconf 75' lang='lat' dir='ltr'><strong>annum</strong></span> <span class='ocrx_word' id='word_1_28' title='bbox 1736 664 1949 725; x_wconf 82' lang='lat' dir='ltr'><strong>Domini</strong></span> 
     </span>
    </p>
   </div>
   <div class='ocr_carea' id='block_1_6' title="bbox 372 736 1952 804">
    <p class='ocr_par' dir='ltr' id='par_1_6' title="bbox 372 736 1952 804">
     <span class='ocr_line' id='line_1_6' title="bbox 372 736 1952 804; baseline -0.003 -7"><span class='ocrx_word' id='word_1_29' title='bbox 372 742 469 797; x_wconf 81' lang='grc'><strong>591</strong></span> <span class='ocrx_word' id='word_1_30' title='bbox 500 740 773 794; x_wconf 83' lang='lat' dir='ltr'><strong>Romanus</strong></span> <span class='ocrx_word' id='word_1_31' title='bbox 799 736 1041 804; x_wconf 90' lang='lat' dir='ltr'><strong>pontifex</strong></span> <span class='ocrx_word' id='word_1_32' title='bbox 1070 738 1425 804; x_wconf 75' lang='lat' dir='ltr'><strong>renuntiatus,</strong></span> <span class='ocrx_word' id='word_1_33' title='bbox 1455 755 1595 794; x_wconf 93' lang='lat' dir='ltr'><strong>anno</strong></span> <span class='ocrx_word' id='word_1_34' title='bbox 1617 740 1825 794; x_wconf 92' lang='lat' dir='ltr'><strong>Domini</strong></span> <span class='ocrx_word' id='word_1_35' title='bbox 1847 739 1952 794; x_wconf 78' lang='lat'><strong>604</strong></span> 
     </span>
    </p>
   </div>
   <div class='ocr_carea' id='block_1_7' title="bbox 371 808 1949 879">
    <p class='ocr_par' dir='ltr' id='par_1_7' title="bbox 371 808 1949 879">
     <span class='ocr_line' id='line_1_7' title="bbox 371 808 1949 879; baseline -0.001 -12"><span class='ocrx_word' id='word_1_36' title='bbox 371 813 453 867; x_wconf 82' lang='lat' dir='ltr'><strong>vel</strong></span> <span class='ocrx_word' id='word_1_37' title='bbox 480 808 583 864; x_wconf 84' lang='lat'><strong>605</strong></span> <span class='ocrx_word' id='word_1_38' title='bbox 613 809 771 865; x_wconf 89' lang='lat' dir='ltr'><strong>obiit.</strong></span> <span class='ocrx_word' id='word_1_39' title='bbox 795 808 932 864; x_wconf 83' lang='lat' dir='ltr'><strong>Hinc</strong></span> <span class='ocrx_word' id='word_1_40' title='bbox 976 809 1221 864; x_wconf 90' lang='lat' dir='ltr'><strong>eumdem</strong></span> <span class='ocrx_word' id='word_1_41' title='bbox 1252 819 1525 876; x_wconf 89' lang='lat' dir='ltr'><strong>sanctum,</strong></span> <span class='ocrx_word' id='word_1_42' title='bbox 1552 819 1613 864; x_wconf 93' lang='lat' dir='ltr'><strong>ut</strong></span> <span class='ocrx_word' id='word_1_43' title='bbox 1640 810 1949 879; x_wconf 73' lang='lat' dir='ltr'><strong>conjectura</strong></span> 
     </span>
    </p>
   </div>
   <div class='ocr_carea' id='block_1_8' title="bbox 373 879 1946 951">
    <p class='ocr_par' dir='ltr' id='par_1_8' title="bbox 373 879 1946 951">
     <span class='ocr_line' id='line_1_8' title="bbox 373 879 1946 951; baseline -0.001 -14"><span class='ocrx_word' id='word_1_44' title='bbox 373 898 487 937; x_wconf 90' lang='lat' dir='ltr'><strong>mea</strong></span> <span class='ocrx_word' id='word_1_45' title='bbox 527 882 652 948; x_wconf 91' lang='lat' dir='ltr'><strong>fert,</strong></span> <span class='ocrx_word' id='word_1_46' title='bbox 684 888 846 951; x_wconf 88' lang='lat' dir='ltr'><strong>atque</strong></span> <span class='ocrx_word' id='word_1_47' title='bbox 873 895 942 935; x_wconf 90' lang='lat' dir='ltr'><strong>ex</strong></span> <span class='ocrx_word' id='word_1_48' title='bbox 963 879 1200 951; x_wconf 80' lang='lat' dir='ltr'><strong>ejusdem</strong></span> <span class='ocrx_word' id='word_1_49' title='bbox 1229 880 1318 934; x_wconf 90' lang='lat' dir='ltr'><strong>lib.</strong></span> <span class='ocrx_word' id='word_1_50' title='bbox 1352 879 1691 951; x_wconf 86' lang='lat' dir='ltr'><strong>Dialogorum</strong></span> <span class='ocrx_word' id='word_1_51' title='bbox 1719 897 1795 947; x_wconf 87' lang='grc' dir='ltr'>ιιι,</span> <span class='ocrx_word' id='word_1_52' title='bbox 1826 896 1946 950; x_wconf 93' lang='lat' dir='ltr'><strong>cap.</strong></span> 
     </span>
    </p>
   </div>
   <div class='ocr_carea' id='block_1_9' title="bbox 372 950 1949 1020">
    <p class='ocr_par' dir='ltr' id='par_1_9' title="bbox 372 950 1949 1020">
     <span class='ocr_line' id='line_1_9' title="bbox 372 950 1949 1020; baseline -0.001 -14"><span class='ocrx_word' id='word_1_53' title='bbox 372 954 425 1019; x_wconf 73' lang='grc'><strong>4,</strong></span> <span class='ocrx_word' id='word_1_54' title='bbox 457 951 490 1004; x_wconf 84' lang='lat'><strong>5</strong></span> <span class='ocrx_word' id='word_1_55' title='bbox 516 959 571 1006; x_wconf 86' lang='lat' dir='ltr'><strong>et</strong></span> <span class='ocrx_word' id='word_1_56' title='bbox 600 951 693 1019; x_wconf 86' lang='grc'><strong>11,</strong></span> <span class='ocrx_word' id='word_1_57' title='bbox 736 950 1025 1020; x_wconf 74' lang='lat' dir='ltr'><strong>colligitur,</strong></span> <span class='ocrx_word' id='word_1_58' title='bbox 1070 950 1523 1019; x_wconf 79' lang='lat' dir='ltr'><strong>quinquagenaria</strong></span> <span class='ocrx_word' id='word_1_59' title='bbox 1569 952 1635 1006; x_wconf 90' lang='lat' dir='ltr'><strong>ad</strong></span> <span class='ocrx_word' id='word_1_60' title='bbox 1682 968 1949 1007; x_wconf 90' lang='lat' dir='ltr'><strong>summum</strong></span> 
     </span>
    </p>
   </div>
   <div class='ocr_carea' id='block_1_10' title="bbox 370 1021 1950 1090">
    <p class='ocr_par' dir='ltr' id='par_1_10' title="bbox 370 1021 1950 1090">
     <span class='ocr_line' id='line_1_10' title="bbox 370 1021 1950 1090; baseline -0.001 -12"><span class='ocrx_word' id='word_1_61' title='bbox 370 1034 466 1078; x_wconf 78' lang='lat' dir='ltr'><strong>:eta</strong></span> <span class='ocrx_word' id='word_1_62' title='bbox 476 1032 547 1086; x_wconf 90' lang='lat' dir='ltr'><strong>te,</strong></span> <span class='ocrx_word' id='word_1_63' title='bbox 570 1021 637 1077; x_wconf 89' lang='lat' dir='ltr'><strong>ad</strong></span> <span class='ocrx_word' id='word_1_64' title='bbox 657 1022 1027 1089; x_wconf 88' lang='lat' dir='ltr'><strong>pontificatum</strong></span> <span class='ocrx_word' id='word_1_65' title='bbox 1049 1021 1209 1075; x_wconf 90' lang='lat' dir='ltr'><strong>fuisse</strong></span> <span class='ocrx_word' id='word_1_66' title='bbox 1230 1033 1558 1090; x_wconf 83' lang='lat' dir='ltr'><strong>assumptum</strong></span> <span class='ocrx_word' id='word_1_67' title='bbox 1580 1022 1950 1077; x_wconf 83' lang='lat' dir='ltr'><strong>aﬂirmandum</strong></span> 
     </span>
    </p>
   </div>
   <div class='ocr_carea' id='block_1_11' title="bbox 368 1091 1951 1159">
    <p class='ocr_par' dir='ltr' id='par_1_11' title="bbox 368 1091 1951 1159">
     <span class='ocr_line' id='line_1_11' title="bbox 368 1091 1951 1159; baseline -0.001 -11"><span class='ocrx_word' id='word_1_68' title='bbox 368 1094 601 1149; x_wconf 82' lang='lat' dir='ltr'><strong>videtur.</strong></span> <span class='ocrx_word' id='word_1_69' title='bbox 643 1092 736 1147; x_wconf 88' lang='lat' dir='ltr'><strong>llle</strong></span> <span class='ocrx_word' id='word_1_70' title='bbox 780 1093 923 1147; x_wconf 91' lang='lat' dir='ltr'><strong>enim</strong></span> <span class='ocrx_word' id='word_1_71' title='bbox 962 1092 1062 1146; x_wconf 90' lang='lat' dir='ltr'><strong>sub</strong></span> <span class='ocrx_word' id='word_1_72' title='bbox 1099 1091 1309 1146; x_wconf 89' lang='lat' dir='ltr'><strong>initium</strong></span> <span class='ocrx_word' id='word_1_73' title='bbox 1339 1091 1526 1146; x_wconf 82' lang='lat' dir='ltr'><strong>Totilae</strong></span> <span class='ocrx_word' id='word_1_74' title='bbox 1556 1094 1706 1159; x_wconf 80' lang='lat' dir='ltr'><strong>regni</strong></span> <span class='ocrx_word' id='word_1_75' title='bbox 1742 1092 1951 1147; x_wconf 89' lang='lat' dir='ltr'><strong>duobus</strong></span> 
     </span>
    </p>
   </div>
   <div class='ocr_carea' id='block_1_12' title="bbox 369 1160 1950 1232">
    <p class='ocr_par' dir='ltr' id='par_1_12' title="bbox 369 1160 1950 1232">
     <span class='ocr_line' id='line_1_12' title="bbox 369 1160 1950 1232; baseline 0 -15"><span class='ocrx_word' id='word_1_76' title='bbox 369 1164 616 1218; x_wconf 70' lang='lat' dir='ltr'><strong>videlicet</strong></span> <span class='ocrx_word' id='word_1_77' title='bbox 643 1163 796 1217; x_wconf 90' lang='lat' dir='ltr'><strong>annis</strong></span> <span class='ocrx_word' id='word_1_78' title='bbox 824 1164 945 1232; x_wconf 87' lang='lat' dir='ltr'><strong>plus</strong></span> <span class='ocrx_word' id='word_1_79' title='bbox 982 1162 1223 1232; x_wconf 84' lang='lat' dir='ltr'><strong>minusve</strong></span> <span class='ocrx_word' id='word_1_80' title='bbox 1263 1170 1386 1215; x_wconf 87' lang='lat' dir='ltr'><strong>ante</strong></span> <span class='ocrx_word' id='word_1_81' title='bbox 1437 1160 1591 1217; x_wconf 89' lang='lat' dir='ltr'><strong>Urbis</strong></span> <span class='ocrx_word' id='word_1_82' title='bbox 1614 1163 1950 1218; x_wconf 90' lang='lat' dir='ltr'><strong>obsidionem</strong></span> 
     </span>
    </p>
   </div>
   <div class='ocr_carea' id='block_1_13' title="bbox 369 1231 1952 1301">
    <p class='ocr_par' dir='ltr' id='par_1_13' title="bbox 369 1231 1952 1301">
     <span class='ocr_line' id='line_1_13' title="bbox 369 1231 1952 1301; baseline -0.001 -12"><span class='ocrx_word' id='word_1_83' title='bbox 369 1243 524 1289; x_wconf 90' lang='lat' dir='ltr'><strong>natus</strong></span> <span class='ocrx_word' id='word_1_84' title='bbox 554 1231 840 1299; x_wconf 79' lang='lat' dir='ltr'><strong>indicatur,</strong></span> <span class='ocrx_word' id='word_1_85' title='bbox 862 1241 921 1286; x_wconf 90' lang='lat' dir='ltr'><strong>ut</strong></span> <span class='ocrx_word' id='word_1_86' title='bbox 946 1248 1013 1286; x_wconf 86' lang='lat' dir='ltr'><strong>ex</strong></span> <span class='ocrx_word' id='word_1_87' title='bbox 1047 1231 1180 1286; x_wconf 92' lang='lat' dir='ltr'><strong>locis</strong></span> <span class='ocrx_word' id='word_1_88' title='bbox 1207 1246 1378 1301; x_wconf 89' lang='lat' dir='ltr'><strong>nuper</strong></span> <span class='ocrx_word' id='word_1_89' title='bbox 1425 1232 1601 1288; x_wconf 86' lang='lat' dir='ltr'><strong>citatis</strong></span> <span class='ocrx_word' id='word_1_90' title='bbox 1635 1247 1698 1287; x_wconf 93' lang='lat' dir='ltr'><strong>ac</strong></span> <span class='ocrx_word' id='word_1_91' title='bbox 1725 1233 1952 1301; x_wconf 89' lang='lat' dir='ltr'><strong>diligen—</strong></span> 
     </span>
    </p>
   </div>
   <div class='ocr_carea' id='block_1_14' title="bbox 370 1301 1951 1373">
    <p class='ocr_par' dir='ltr' id='par_1_14' title="bbox 370 1301 1951 1373">
     <span class='ocr_line' id='line_1_14' title="bbox 370 1301 1951 1373; baseline 0 -15"><span class='ocrx_word' id='word_1_92' title='bbox 370 1313 452 1359; x_wconf 90' lang='lat' dir='ltr'><strong>ter</strong></span> <span class='ocrx_word' id='word_1_93' title='bbox 480 1305 775 1373; x_wconf 83' lang='lat' dir='ltr'><strong>perspectis</strong></span> <span class='ocrx_word' id='word_1_94' title='bbox 819 1303 1003 1358; x_wconf 91' lang='lat' dir='ltr'><strong>videre</strong></span> <span class='ocrx_word' id='word_1_95' title='bbox 1049 1302 1205 1373; x_wconf 45' lang='lat' dir='ltr'><strong>licet;</strong></span> <span class='ocrx_word' id='word_1_96' title='bbox 1224 1303 1305 1355; x_wconf 82' lang='lat' dir='ltr'><strong>Ad</strong></span> <span class='ocrx_word' id='word_1_97' title='bbox 1347 1301 1485 1373; x_wconf 82' lang='lat' dir='ltr'><strong>hanc</strong></span> <span class='ocrx_word' id='word_1_98' title='bbox 1511 1302 1578 1357; x_wconf 89' lang='lat' dir='ltr'><strong>de</strong></span> <span class='ocrx_word' id='word_1_99' title='bbox 1604 1301 1662 1355; x_wconf 85' lang='grc' dir='ltr'><strong>Β.</strong></span> <span class='ocrx_word' id='word_1_100' title='bbox 1700 1302 1951 1373; x_wconf 73' lang='lat' dir='ltr'><strong>Gregorii</strong></span> 
     </span>
    </p>
   </div>
   <div class='ocr_carea' id='block_1_15' title="bbox 369 1370 1947 1442">
    <p class='ocr_par' dir='ltr' id='par_1_15' title="bbox 369 1370 1947 1442">
     <span class='ocr_line' id='line_1_15' title="bbox 369 1370 1947 1442; baseline 0.001 -14"><span class='ocrx_word' id='word_1_101' title='bbox 369 1370 545 1442; x_wconf 81' lang='lat' dir='ltr'><strong>Magni</strong></span> <span class='ocrx_word' id='word_1_102' title='bbox 591 1370 751 1427; x_wconf 44' lang='lat' dir='ltr'><strong>aetate</strong></span> <span class='ocrx_word' id='word_1_103' title='bbox 799 1372 1120 1428; x_wconf 89' lang='lat' dir='ltr'><strong>sententiam</strong></span> <span class='ocrx_word' id='word_1_104' title='bbox 1166 1370 1343 1426; x_wconf 70' lang='lat' dir='ltr'><strong>Caesar</strong></span> <span class='ocrx_word' id='word_1_105' title='bbox 1389 1371 1652 1429; x_wconf 88' lang='lat' dir='ltr'><strong>Baronius</strong></span> <span class='ocrx_word' id='word_1_106' title='bbox 1690 1372 1746 1427; x_wconf 91' lang='lat' dir='ltr'><strong>S.</strong></span> <span class='ocrx_word' id='word_1_107' title='bbox 1787 1370 1851 1426; x_wconf 76' lang='grc' dir='ltr'><strong>Κ.</strong></span> <span class='ocrx_word' id='word_1_108' title='bbox 1883 1373 1947 1429; x_wconf 87' lang='grc' dir='ltr'><strong>Ε.</strong></span> 
     </span>
    </p>
   </div>
   <div class='ocr_carea' id='block_1_16' title="bbox 368 1442 1950 1512">
    <p class='ocr_par' dir='ltr' id='par_1_16' title="bbox 368 1442 1950 1512">
     <span class='ocr_line' id='line_1_16' title="bbox 368 1442 1950 1512; baseline -0.001 -13"><span class='ocrx_word' id='word_1_109' title='bbox 368 1444 654 1499; x_wconf 88' lang='lat' dir='ltr'><strong>cardinalis</strong></span> <span class='ocrx_word' id='word_1_110' title='bbox 674 1444 885 1499; x_wconf 90' lang='lat' dir='ltr'><strong>videtur</strong></span> <span class='ocrx_word' id='word_1_111' title='bbox 912 1442 1194 1508; x_wconf 85' lang='lat' dir='ltr'><strong>accedere,</strong></span> <span class='ocrx_word' id='word_1_112' title='bbox 1224 1443 1357 1497; x_wconf 89' lang='lat' dir='ltr'><strong>sicut</strong></span> <span class='ocrx_word' id='word_1_113' title='bbox 1378 1457 1445 1497; x_wconf 91' lang='lat' dir='ltr'><strong>ex</strong></span> <span class='ocrx_word' id='word_1_114' title='bbox 1468 1442 1532 1497; x_wconf 90' lang='lat' dir='ltr'><strong>iis</strong></span> <span class='ocrx_word' id='word_1_115' title='bbox 1553 1458 1673 1512; x_wconf 60' lang='lat' dir='ltr'><strong>quae</strong></span> <span class='ocrx_word' id='word_1_116' title='bbox 1703 1451 1834 1497; x_wconf 92' lang='lat' dir='ltr'><strong>tom.</strong></span> <span class='ocrx_word' id='word_1_117' title='bbox 1860 1443 1950 1498; x_wconf 86' lang='lat' dir='ltr'><strong>Vll</strong></span> 
     </span>
    </p>
   </div>
   <div class='ocr_carea' id='block_1_17' title="bbox 366 1513 1945 1638">
    <p class='ocr_par' dir='ltr' id='par_1_17' title="bbox 366 1513 1945 1638">
     <span class='ocr_line' id='line_1_17' title="bbox 366 1513 1945 1638; baseline 0.001 -71"><span class='ocrx_word' id='word_1_118' title='bbox 366 1514 654 1638; x_wconf 66' lang='lat' dir='ltr'><strong>Anlpalium</strong></span> <span class='ocrx_word' id='word_1_119' title='bbox 682 1529 789 1569; x_wconf 92' lang='lat' dir='ltr'><strong>non</strong></span> <span class='ocrx_word' id='word_1_120' title='bbox 812 1514 988 1568; x_wconf 89' lang='lat' dir='ltr'><strong>minus</strong></span> <span class='ocrx_word' id='word_1_121' title='bbox 1016 1520 1284 1579; x_wconf 87' lang='lat' dir='ltr'><strong>accurate,</strong></span> <span class='ocrx_word' id='word_1_122' title='bbox 1317 1528 1475 1582; x_wconf 91' lang='lat' dir='ltr'><strong>quam</strong></span> <span class='ocrx_word' id='word_1_123' title='bbox 1505 1514 1713 1569; x_wconf 89' lang='lat' dir='ltr'><strong>erudite</strong></span> <span class='ocrx_word' id='word_1_124' title='bbox 1740 1513 1945 1581; x_wconf 88' lang='lat' dir='ltr'><strong>scribit,</strong></span> 
     </span>
     <span class='ocr_line' id='line_1_18' title="bbox 366 1593 775 1638; baseline 0 0"><span class='ocrx_word' id='word_1_125' title='bbox 366 1600 428 1638; x_wconf 92' lang='lat' dir='ltr'><strong>co</strong></span> <span class='ocrx_word' id='word_1_126' title='bbox 476 1601 547 1638; x_wconf 82' lang='lat' dir='ltr'><strong>itu</strong></span> <span class='ocrx_word' id='word_1_127' title='bbox 576 1593 775 1638; x_wconf 79' lang='lat' dir='ltr'><strong>potest.</strong></span> 
     </span>
    </p>
   </div>
   <div class='ocr_carea' id='block_1_18' title="bbox 365 1586 775 1640">
    <p class='ocr_par' dir='ltr' id='par_1_18' title="bbox 365 1586 775 1640">
     <span class='ocr_line' id='line_1_19' title="bbox 365 1586 775 1640; baseline -0.002 -1"><span class='ocrx_word' id='word_1_128' title='bbox 365 1586 547 1640; x_wconf 69' lang='lat' dir='ltr'><strong>colligi</strong></span> <span class='ocrx_word' id='word_1_129' title='bbox 576 1593 775 1640; x_wconf 81' lang='lat' dir='ltr'><strong>potest.</strong></span> 
     </span>
    </p>
   </div>
   <div class='ocr_carea' id='block_1_19' title="bbox 435 1601 1948 1725">
    <p class='ocr_par' dir='ltr' id='par_1_19' title="bbox 435 1601 1948 1725">
     <span class='ocr_line' id='line_1_20' title="bbox 435 1601 1948 1725; baseline 0 -14"><span class='ocrx_word' id='word_1_130' title='bbox 435 1601 866 1712; x_wconf 47' lang='lat' dir='ltr'><strong>iligbipgiﬁilatus</strong></span> <span class='ocrx_word' id='word_1_131' title='bbox 894 1670 925 1709; x_wconf 89' lang='lat' dir='ltr'><strong>a</strong></span> <span class='ocrx_word' id='word_1_132' title='bbox 966 1654 1119 1710; x_wconf 90' lang='lat' dir='ltr'><strong>nobis</strong></span> <span class='ocrx_word' id='word_1_133' title='bbox 1164 1669 1450 1725; x_wconf 82' lang='lat' dir='ltr'><strong>expressus</strong></span> <span class='ocrx_word' id='word_1_134' title='bbox 1488 1663 1588 1721; x_wconf 92' lang='lat' dir='ltr'><strong>est,</strong></span> <span class='ocrx_word' id='word_1_135' title='bbox 1619 1670 1727 1710; x_wconf 90' lang='lat' dir='ltr'><strong>non</strong></span> <span class='ocrx_word' id='word_1_136' title='bbox 1772 1657 1948 1711; x_wconf 90' lang='lat' dir='ltr'><strong>solum</strong></span> 
     </span>
    </p>
   </div>
   <div class='ocr_carea' id='block_1_20' title="bbox 358 1724 1951 1796">
    <p class='ocr_par' dir='ltr' id='par_1_20' title="bbox 358 1724 1951 1796">
     <span class='ocr_line' id='line_1_21' title="bbox 358 1724 1951 1796; baseline 0.001 -16"><span class='ocrx_word' id='word_1_137' title='bbox 358 1724 514 1794; x_wconf 83' lang='lat' dir='ltr'><strong>juxta</strong></span> <span class='ocrx_word' id='word_1_138' title='bbox 544 1727 829 1796; x_wconf 77' lang='lat' dir='ltr'><strong>picturam,</strong></span> <span class='ocrx_word' id='word_1_139' title='bbox 857 1740 975 1790; x_wconf 71' lang='lat' dir='ltr'><strong>qua:</strong></span> <span class='ocrx_word' id='word_1_140' title='bbox 997 1726 1050 1780; x_wconf 92' lang='lat' dir='ltr'><strong>in</strong></span> <span class='ocrx_word' id='word_1_141' title='bbox 1078 1724 1301 1796; x_wconf 70' lang='lat' dir='ltr'><strong>aedicula</strong></span> <span class='ocrx_word' id='word_1_142' title='bbox 1327 1724 1383 1780; x_wconf 91' lang='lat' dir='ltr'><strong>S.</strong></span> <span class='ocrx_word' id='word_1_143' title='bbox 1412 1725 1638 1780; x_wconf 76' lang='lat' dir='ltr'><strong>Andrea:</strong></span> <span class='ocrx_word' id='word_1_144' title='bbox 1667 1734 1724 1780; x_wconf 92' lang='lat' dir='ltr'><strong>et</strong></span> <span class='ocrx_word' id='word_1_145' title='bbox 1751 1728 1805 1781; x_wconf 92' lang='lat' dir='ltr'><strong>in</strong></span> <span class='ocrx_word' id='word_1_146' title='bbox 1833 1742 1951 1781; x_wconf 87' lang='lat' dir='ltr'><strong>ora-</strong></span> 
     </span>
    </p>
   </div>
   <div class='ocr_carea' id='block_1_21' title="bbox 365 1795 1948 1866">
    <p class='ocr_par' dir='ltr' id='par_1_21' title="bbox 365 1795 1948 1866">
     <span class='ocr_line' id='line_1_22' title="bbox 365 1795 1948 1866; baseline 0.001 -16"><span class='ocrx_word' id='word_1_147' title='bbox 365 1798 505 1851; x_wconf 92' lang='lat' dir='ltr'><strong>torio</strong></span> <span class='ocrx_word' id='word_1_148' title='bbox 531 1795 681 1851; x_wconf 73' lang='lat' dir='ltr'><strong>Aula:</strong></span> <span class='ocrx_word' id='word_1_149' title='bbox 729 1795 978 1850; x_wconf 72' lang='lat' dir='ltr'><strong>Leonina:</strong></span> <span class='ocrx_word' id='word_1_150' title='bbox 1025 1808 1193 1866; x_wconf 88' lang='lat' dir='ltr'><strong>prope</strong></span> <span class='ocrx_word' id='word_1_151' title='bbox 1222 1795 1434 1851; x_wconf 87' lang='lat' dir='ltr'><strong>Scalam</strong></span> <span class='ocrx_word' id='word_1_152' title='bbox 1464 1804 1705 1850; x_wconf 88' lang='lat' dir='ltr'><strong>sanctam</strong></span> <span class='ocrx_word' id='word_1_153' title='bbox 1736 1812 1948 1852; x_wconf 91' lang='lat' dir='ltr'><strong>annexo</strong></span> 
     </span>
    </p>
   </div>
   <div class='ocr_carea' id='block_1_22' title="bbox 362 1866 1948 1935">
    <p class='ocr_par' dir='ltr' id='par_1_22' title="bbox 362 1866 1948 1935">
     <span class='ocr_line' id='line_1_23' title="bbox 362 1866 1948 1935; baseline 0.001 -14"><span class='ocrx_word' id='word_1_154' title='bbox 362 1875 559 1929; x_wconf 85' lang='lat' dir='ltr'><strong>exstat,</strong></span> <span class='ocrx_word' id='word_1_155' title='bbox 586 1867 678 1922; x_wconf 92' lang='lat' dir='ltr'><strong>sed</strong></span> <span class='ocrx_word' id='word_1_156' title='bbox 703 1866 856 1935; x_wconf 80' lang='lat' dir='ltr'><strong>juxta</strong></span> <span class='ocrx_word' id='word_1_157' title='bbox 883 1867 1045 1920; x_wconf 89' lang='lat' dir='ltr'><strong>etiam</strong></span> <span class='ocrx_word' id='word_1_158' title='bbox 1073 1867 1550 1921; x_wconf 80' lang='lat' dir='ltr'><strong>fueulentissimum</strong></span> <span class='ocrx_word' id='word_1_159' title='bbox 1583 1867 1948 1923; x_wconf 86' lang='lat' dir='ltr'><strong>testimonium</strong></span> 
     </span>
    </p>
   </div>
   <div class='ocr_carea' id='block_1_23' title="bbox 359 1935 1949 2006">
    <p class='ocr_par' dir='ltr' id='par_1_23' title="bbox 359 1935 1949 2006">
     <span class='ocr_line' id='line_1_24' title="bbox 359 1935 1949 2006; baseline 0 -14"><span class='ocrx_word' id='word_1_160' title='bbox 359 1935 585 1992; x_wconf 82' lang='lat' dir='ltr'><strong>Joannis</strong></span> <span class='ocrx_word' id='word_1_161' title='bbox 615 1938 832 1991; x_wconf 82' lang='lat' dir='ltr'><strong>Diaconi</strong></span> <span class='ocrx_word' id='word_1_162' title='bbox 851 1976 866 1999; x_wconf 95' lang='lat'><strong>,</strong></span> <span class='ocrx_word' id='word_1_163' title='bbox 912 1938 1004 2005; x_wconf 89' lang='lat' dir='ltr'><strong>qui</strong></span> <span class='ocrx_word' id='word_1_164' title='bbox 1050 1935 1229 1991; x_wconf 83' lang='lat' dir='ltr'><strong>floruit</strong></span> <span class='ocrx_word' id='word_1_165' title='bbox 1269 1936 1484 1991; x_wconf 86' lang='lat' dir='ltr'><strong>circiter</strong></span> <span class='ocrx_word' id='word_1_166' title='bbox 1508 1935 1615 1990; x_wconf 76' lang='grc'><strong>265</strong></span> <span class='ocrx_word' id='word_1_167' title='bbox 1643 1938 1799 1991; x_wconf 89' lang='lat' dir='ltr'><strong>annis</strong></span> <span class='ocrx_word' id='word_1_168' title='bbox 1824 1946 1949 2006; x_wconf 86' lang='lat' dir='ltr'><strong>post</strong></span> 
     </span>
    </p>
   </div>
   <div class='ocr_carea' id='block_1_24' title="bbox 359 2006 1948 2075">
    <p class='ocr_par' dir='ltr' id='par_1_24' title="bbox 359 2006 1948 2075">
     <span class='ocr_line' id='line_1_25' title="bbox 359 2006 1948 2075; baseline 0.001 -13"><span class='ocrx_word' id='word_1_169' title='bbox 359 2009 568 2062; x_wconf 89' lang='lat' dir='ltr'><strong>obitum</strong></span> <span class='ocrx_word' id='word_1_170' title='bbox 615 2006 760 2061; x_wconf 87' lang='lat' dir='ltr'><strong>beati</strong></span> <span class='ocrx_word' id='word_1_171' title='bbox 813 2006 1098 2073; x_wconf 78' lang='lat' dir='ltr'><strong>Gregorii,</strong></span> <span class='ocrx_word' id='word_1_172' title='bbox 1145 2022 1348 2070; x_wconf 81' lang='lat' dir='ltr'><strong>suaque</strong></span> <span class='ocrx_word' id='word_1_173' title='bbox 1401 2014 1720 2075; x_wconf 88' lang='lat' dir='ltr'><strong>tempestate</strong></span> <span class='ocrx_word' id='word_1_174' title='bbox 1773 2008 1948 2064; x_wconf 89' lang='lat' dir='ltr'><strong>dictas</strong></span> 
     </span>
    </p>
   </div>
   <div class='ocr_carea' id='block_1_25' title="bbox 360 2076 1945 2202">
    <p class='ocr_par' dir='ltr' id='par_1_25' title="bbox 360 2076 1945 2202">
     <span class='ocr_line' id='line_1_26' title="bbox 360 2076 1945 2202; baseline 0 -70"><span class='ocrx_word' id='word_1_175' title='bbox 360 2079 624 2202; x_wconf 50' lang='lat' dir='ltr'><strong>imigines</strong></span> <span class='ocrx_word' id='word_1_176' title='bbox 636 2077 913 2130; x_wconf 87' lang='lat' dir='ltr'><strong>hominum</strong></span> <span class='ocrx_word' id='word_1_177' title='bbox 925 2078 1233 2146; x_wconf 89' lang='lat' dir='ltr'><strong>prospectui</strong></span> <span class='ocrx_word' id='word_1_178' title='bbox 1245 2076 1427 2142; x_wconf 89' lang='lat' dir='ltr'><strong>fuisse,</strong></span> <span class='ocrx_word' id='word_1_179' title='bbox 1440 2077 1698 2144; x_wconf 92' lang='lat' dir='ltr'><strong>scriptum</strong></span> <span class='ocrx_word' id='word_1_180' title='bbox 1710 2077 1945 2147; x_wconf 90' lang='lat' dir='ltr'><strong>reliquit.</strong></span> 
     </span>
     <span class='ocr_line' id='line_1_27' title="bbox 519 2145 1945 2202; baseline 0 0"><span class='ocrx_word' id='word_1_181' title='bbox 519 2162 653 2202; x_wconf 88' lang='lat' dir='ltr'><strong>saue</strong></span> <span class='ocrx_word' id='word_1_182' title='bbox 679 2148 885 2201; x_wconf 87' lang='lat' dir='ltr'><strong>interea</strong></span> <span class='ocrx_word' id='word_1_183' title='bbox 908 2147 1170 2201; x_wconf 77' lang='lat' dir='ltr'><strong>columba:</strong></span> <span class='ocrx_word' id='word_1_184' title='bbox 1195 2148 1376 2202; x_wconf 85' lang='lat' dir='ltr'><strong>specie</strong></span> <span class='ocrx_word' id='word_1_185' title='bbox 1403 2164 1434 2201; x_wconf 90' lang='lat' dir='ltr'><strong>a</strong></span> <span class='ocrx_word' id='word_1_186' title='bbox 1472 2145 1680 2201; x_wconf 85' lang='lat' dir='ltr'><strong>Joanne</strong></span> <span class='ocrx_word' id='word_1_187' title='bbox 1707 2146 1945 2202; x_wconf 89' lang='lat' dir='ltr'><strong>Diacono</strong></span> 
     </span>
    </p>
   </div>
   <div class='ocr_carea' id='block_1_26' title="bbox 362 2145 1948 2273">
    <p class='ocr_par' dir='ltr' id='par_1_26' title="bbox 362 2145 1948 2273">
     <span class='ocr_line' id='line_1_28' title="bbox 434 2145 1948 2273; baseline 0.001 -70"><span class='ocrx_word' id='word_1_188' title='bbox 434 2145 653 2273; x_wconf 52' lang='lat' dir='ltr'><strong>Absqpe</strong></span> <span class='ocrx_word' id='word_1_189' title='bbox 679 2148 885 2201; x_wconf 87' lang='lat' dir='ltr'><strong>interea</strong></span> <span class='ocrx_word' id='word_1_190' title='bbox 908 2145 1170 2201; x_wconf 77' lang='lat' dir='ltr'><strong>columba:</strong></span> <span class='ocrx_word' id='word_1_191' title='bbox 1195 2148 1376 2216; x_wconf 90' lang='lat' dir='ltr'><strong>specie</strong></span> <span class='ocrx_word' id='word_1_192' title='bbox 1403 2164 1434 2201; x_wconf 90' lang='lat' dir='ltr'><strong>a</strong></span> <span class='ocrx_word' id='word_1_193' title='bbox 1472 2145 1680 2201; x_wconf 85' lang='lat' dir='ltr'><strong>Joanne</strong></span> <span class='ocrx_word' id='word_1_194' title='bbox 1707 2145 1948 2204; x_wconf 77' lang='lat' dir='ltr'><strong>Diacono</strong></span> 
     </span>
     <span class='ocr_line' id='line_1_29' title="bbox 362 2217 1948 2273; baseline -0.001 0"><span class='ocrx_word' id='word_1_195' title='bbox 362 2218 542 2273; x_wconf 77' lang='lat' dir='ltr'><strong>imaao</strong></span> <span class='ocrx_word' id='word_1_196' title='bbox 608 2218 714 2273; x_wconf 91' lang='lat' dir='ltr'><strong>eati</strong></span> <span class='ocrx_word' id='word_1_197' title='bbox 744 2217 987 2273; x_wconf 74' lang='lat' dir='ltr'><strong>Gregorii</strong></span> <span class='ocrx_word' id='word_1_198' title='bbox 1030 2217 1366 2273; x_wconf 89' lang='lat' dir='ltr'><strong>describitur.</strong></span> <span class='ocrx_word' id='word_1_199' title='bbox 1395 2217 1594 2273; x_wconf 83' lang='lat' dir='ltr'><strong>unione</strong></span> <span class='ocrx_word' id='word_1_200' title='bbox 1635 2232 1754 2273; x_wconf 69' lang='grc' dir='ltr'>σιω</span> <span class='ocrx_word' id='word_1_201' title='bbox 1798 2217 1948 2273; x_wconf 90' lang='lat' dir='ltr'><strong>iussu</strong></span> 
     </span>
    </p>
   </div>
   <div class='ocr_carea' id='block_1_27' title="bbox 360 2233 542 2288">
    <p class='ocr_par' dir='ltr' id='par_1_27' title="bbox 360 2233 542 2288">
     <span class='ocr_line' id='line_1_30' title="bbox 360 2233 542 2288; baseline -0.005 -15"><span class='ocrx_word' id='word_1_202' title='bbox 360 2233 542 2288; x_wconf 83' lang='lat' dir='ltr'><strong>imago</strong></span> 
     </span>
    </p>
   </div>
   <div class='ocr_carea' id='block_1_28' title="bbox 359 2285 1950 2359">
    <p class='ocr_par' dir='ltr' id='par_1_28' title="bbox 359 2285 1950 2359">
     <span class='ocr_line' id='line_1_31' title="bbox 359 2285 1950 2359; baseline 0.001 -16"><span class='ocrx_word' id='word_1_203' title='bbox 359 2285 603 2357; x_wconf 75' lang='lat' dir='ltr'><strong>ejusdem</strong></span> <span class='ocrx_word' id='word_1_204' title='bbox 634 2287 845 2357; x_wconf 88' lang='lat' dir='ltr'><strong>depicta</strong></span> <span class='ocrx_word' id='word_1_205' title='bbox 874 2285 993 2359; x_wconf 84' lang='lat' dir='ltr'><strong>fuit,</strong></span> <span class='ocrx_word' id='word_1_206' title='bbox 1024 2303 1090 2359; x_wconf 92' lang='lat' dir='ltr'><strong>eo</strong></span> <span class='ocrx_word' id='word_1_207' title='bbox 1112 2287 1319 2359; x_wconf 85' lang='lat' dir='ltr'><strong>scilicet</strong></span> <span class='ocrx_word' id='word_1_208' title='bbox 1344 2285 1609 2359; x_wconf 84' lang='lat' dir='ltr'><strong>tempore,</strong></span> <span class='ocrx_word' id='word_1_209' title='bbox 1632 2285 1740 2355; x_wconf 92' lang='lat' dir='ltr'><strong>quo</strong></span> <span class='ocrx_word' id='word_1_210' title='bbox 1769 2285 1950 2359; x_wconf 88' lang='lat' dir='ltr'><strong>(utsic</strong></span> 
     </span>
    </p>
   </div>
   <div class='ocr_carea' id='block_1_29' title="bbox 357 2358 1949 2427">
    <p class='ocr_par' dir='ltr' id='par_1_29' title="bbox 357 2358 1949 2427">
     <span class='ocr_line' id='line_1_32' title="bbox 357 2358 1949 2427; baseline 0 -14"><span class='ocrx_word' id='word_1_211' title='bbox 357 2359 613 2426; x_wconf 81' lang='lat' dir='ltr'><strong>dixerim)</strong></span> <span class='ocrx_word' id='word_1_212' title='bbox 659 2358 924 2427; x_wconf 90' lang='lat' dir='ltr'><strong>apparitio</strong></span> <span class='ocrx_word' id='word_1_213' title='bbox 961 2358 1222 2412; x_wconf 63' lang='lat' dir='ltr'><strong>columbae</strong></span> <span class='ocrx_word' id='word_1_214' title='bbox 1265 2358 1354 2412; x_wconf 91' lang='lat' dir='ltr'><strong>illa</strong></span> <span class='ocrx_word' id='word_1_215' title='bbox 1398 2359 1463 2413; x_wconf 91' lang='lat' dir='ltr'><strong>ad</strong></span> <span class='ocrx_word' id='word_1_216' title='bbox 1514 2358 1681 2427; x_wconf 90' lang='lat' dir='ltr'><strong>ipsius</strong></span> <span class='ocrx_word' id='word_1_217' title='bbox 1708 2367 1872 2427; x_wconf 91' lang='lat' dir='ltr'><strong>caput</strong></span> <span class='ocrx_word' id='word_1_218' title='bbox 1915 2374 1949 2413; x_wconf 86' lang='lat' dir='ltr'><strong>a</strong></span> 
     </span>
    </p>
   </div>
   <div class='ocr_carea' id='block_1_30' title="bbox 358 2427 1948 2497">
    <p class='ocr_par' dir='ltr' id='par_1_30' title="bbox 358 2427 1948 2497">
     <span class='ocr_line' id='line_1_33' title="bbox 358 2427 1948 2497; baseline 0 -14"><span class='ocrx_word' id='word_1_219' title='bbox 358 2429 526 2485; x_wconf 86' lang='lat' dir='ltr'><strong>Petro</strong></span> <span class='ocrx_word' id='word_1_220' title='bbox 572 2428 812 2483; x_wconf 89' lang='lat' dir='ltr'><strong>Diacono</strong></span> <span class='ocrx_word' id='word_1_221' title='bbox 857 2427 975 2497; x_wconf 92' lang='lat' dir='ltr'><strong>ejus</strong></span> <span class='ocrx_word' id='word_1_222' title='bbox 1026 2427 1439 2484; x_wconf 85' lang='lat' dir='ltr'><strong>familiarissimo</strong></span> <span class='ocrx_word' id='word_1_223' title='bbox 1485 2430 1727 2497; x_wconf 17' lang='lat' dir='ltr'><strong>nondum,</strong></span> <span class='ocrx_word' id='word_1_224' title='bbox 1770 2427 1948 2483; x_wconf 80' lang='lat' dir='ltr'><strong>fuerat</strong></span> 
     </span>
    </p>
   </div>
   <div class='ocr_carea' id='block_1_31' title="bbox 276 2496 1948 2571">
    <p class='ocr_par' dir='ltr' id='par_1_31' title="bbox 276 2496 1948 2571">
     <span class='ocr_line' id='line_1_34' title="bbox 276 2496 1948 2571; baseline -0.001 -16"><span class='ocrx_word' id='word_1_225' title='bbox 276 2510 279 2513; x_wconf 87' lang='lat'>&#39;</span> <span class='ocrx_word' id='word_1_226' title='bbox 359 2499 699 2571; x_wconf 75' lang='lat' dir='ltr'><strong>promulgata</strong></span> <span class='ocrx_word' id='word_1_227' title='bbox 739 2516 751 2551; x_wconf 91' lang='lat'><strong>:</strong></span> <span class='ocrx_word' id='word_1_228' title='bbox 786 2497 874 2553; x_wconf 88' lang='lat' dir='ltr'><strong>hic</strong></span> <span class='ocrx_word' id='word_1_229' title='bbox 892 2496 1043 2571; x_wconf 79' lang='lat' dir='ltr'><strong>enim</strong></span> <span class='ocrx_word' id='word_1_230' title='bbox 1083 2498 1299 2553; x_wconf 89' lang='lat' dir='ltr'><strong>nonnisi</strong></span> <span class='ocrx_word' id='word_1_231' title='bbox 1332 2506 1473 2571; x_wconf 85' lang='lat' dir='ltr'><strong>post</strong></span> <span class='ocrx_word' id='word_1_232' title='bbox 1512 2499 1657 2553; x_wconf 87' lang='lat' dir='ltr'><strong>beati</strong></span> <span class='ocrx_word' id='word_1_233' title='bbox 1699 2496 1948 2567; x_wconf 86' lang='lat' dir='ltr'><strong>Gregorii</strong></span> 
     </span>
    </p>
   </div>
   <div class='ocr_carea' id='block_1_32' title="bbox 359 2568 1949 2639">
    <p class='ocr_par' dir='ltr' id='par_1_32' title="bbox 359 2568 1949 2639">
     <span class='ocr_line' id='line_1_35' title="bbox 359 2568 1949 2639; baseline -0.002 -13"><span class='ocrx_word' id='word_1_234' title='bbox 359 2568 569 2639; x_wconf 74' lang='lat' dir='ltr'><strong>obitum</strong></span> <span class='ocrx_word' id='word_1_235' title='bbox 598 2569 798 2623; x_wconf 86' lang='lat' dir='ltr'><strong>dictam</strong></span> <span class='ocrx_word' id='word_1_236' title='bbox 847 2568 1131 2639; x_wconf 64' lang='lat' dir='ltr'><strong>columbae</strong></span> <span class='ocrx_word' id='word_1_237' title='bbox 1158 2568 1547 2638; x_wconf 86' lang='lat' dir='ltr'><strong>apparitionem</strong></span> <span class='ocrx_word' id='word_1_238' title='bbox 1595 2583 1759 2639; x_wconf 69' lang='lat' dir='ltr'><strong>super</strong></span> <span class='ocrx_word' id='word_1_239' title='bbox 1786 2578 1949 2639; x_wconf 89' lang='lat' dir='ltr'><strong>caput</strong></span> 
     </span>
    </p>
   </div>
   <div class='ocr_carea' id='block_1_33' title="bbox 356 2638 1948 2709">
    <p class='ocr_par' dir='ltr' id='par_1_33' title="bbox 356 2638 1948 2709">
     <span class='ocr_line' id='line_1_36' title="bbox 356 2638 1948 2709; baseline 0.001 -14"><span class='ocrx_word' id='word_1_240' title='bbox 356 2638 608 2709; x_wconf 84' lang='lat' dir='ltr'><strong>Gregorii</strong></span> <span class='ocrx_word' id='word_1_241' title='bbox 635 2639 920 2695; x_wconf 87' lang='lat' dir='ltr'><strong>scribentis</strong></span> <span class='ocrx_word' id='word_1_242' title='bbox 946 2653 1006 2693; x_wconf 92' lang='lat' dir='ltr'><strong>se</strong></span> <span class='ocrx_word' id='word_1_243' title='bbox 1030 2638 1225 2709; x_wconf 81' lang='lat' dir='ltr'><strong>vidisse</strong></span> <span class='ocrx_word' id='word_1_244' title='bbox 1249 2648 1473 2709; x_wconf 86' lang='lat' dir='ltr'><strong>testatus</strong></span> <span class='ocrx_word' id='word_1_245' title='bbox 1500 2647 1602 2704; x_wconf 88' lang='lat' dir='ltr'><strong>est,</strong></span> <span class='ocrx_word' id='word_1_246' title='bbox 1627 2647 1685 2693; x_wconf 92' lang='lat' dir='ltr'><strong>ut</strong></span> <span class='ocrx_word' id='word_1_247' title='bbox 1713 2638 1948 2696; x_wconf 82' lang='lat' dir='ltr'><strong>Joannes</strong></span> 
     </span>
    </p>
   </div>
   <div class='ocr_carea' id='block_1_34' title="bbox 359 2707 1946 2779">
    <p class='ocr_par' dir='ltr' id='par_1_34' title="bbox 359 2707 1946 2779">
     <span class='ocr_line' id='line_1_37' title="bbox 359 2707 1946 2779; baseline -0.001 -14"><span class='ocrx_word' id='word_1_248' title='bbox 359 2707 631 2767; x_wconf 78' lang='lat' dir='ltr'><strong>Diaéonus</strong></span> <span class='ocrx_word' id='word_1_249' title='bbox 673 2710 766 2764; x_wconf 88' lang='lat' dir='ltr'><strong>lib.</strong></span> <span class='ocrx_word' id='word_1_250' title='bbox 801 2725 872 2776; x_wconf 83' lang='lat' dir='ltr'><strong>iv,</strong></span> <span class='ocrx_word' id='word_1_251' title='bbox 905 2724 1026 2779; x_wconf 89' lang='lat' dir='ltr'><strong>cap.</strong></span> <span class='ocrx_word' id='word_1_252' title='bbox 1059 2707 1129 2762; x_wconf 89' lang='lat'><strong>69</strong></span> <span class='ocrx_word' id='word_1_253' title='bbox 1157 2717 1211 2764; x_wconf 90' lang='lat' dir='ltr'><strong>et</strong></span> <span class='ocrx_word' id='word_1_254' title='bbox 1242 2708 1340 2776; x_wconf 89' lang='lat'><strong>70,</strong></span> <span class='ocrx_word' id='word_1_255' title='bbox 1372 2709 1555 2779; x_wconf 86' lang='lat' dir='ltr'><strong>refert.</strong></span> <span class='ocrx_word' id='word_1_256' title='bbox 1589 2710 1739 2763; x_wconf 85' lang='lat' dir='ltr'><strong>Adde</strong></span> <span class='ocrx_word' id='word_1_257' title='bbox 1783 2711 1946 2765; x_wconf 91' lang='lat' dir='ltr'><strong>etiam</strong></span> 
     </span>
    </p>
   </div>
   <div class='ocr_carea' id='block_1_35' title="bbox 357 2778 1948 2850">
    <p class='ocr_par' dir='ltr' id='par_1_35' title="bbox 357 2778 1948 2850">
     <span class='ocr_line' id='line_1_38' title="bbox 357 2778 1948 2850; baseline 0.001 -17"><span class='ocrx_word' id='word_1_258' title='bbox 357 2783 505 2850; x_wconf 82' lang='lat' dir='ltr'><strong>quod</strong></span> <span class='ocrx_word' id='word_1_259' title='bbox 533 2780 767 2850; x_wconf 89' lang='lat' dir='ltr'><strong>Spiritus</strong></span> <span class='ocrx_word' id='word_1_260' title='bbox 792 2778 1009 2850; x_wconf 75' lang='lat' dir='ltr'><strong>sanctus</strong></span> <span class='ocrx_word' id='word_1_261' title='bbox 1038 2780 1091 2834; x_wconf 90' lang='lat' dir='ltr'><strong>in</strong></span> <span class='ocrx_word' id='word_1_262' title='bbox 1118 2780 1298 2848; x_wconf 91' lang='lat' dir='ltr'><strong>specie</strong></span> <span class='ocrx_word' id='word_1_263' title='bbox 1326 2778 1590 2835; x_wconf 66' lang='lat' dir='ltr'><strong>columbae</strong></span> <span class='ocrx_word' id='word_1_264' title='bbox 1614 2794 1778 2850; x_wconf 89' lang='lat' dir='ltr'><strong>super</strong></span> <span class='ocrx_word' id='word_1_265' title='bbox 1801 2780 1948 2835; x_wconf 88' lang='lat' dir='ltr'><strong>beati</strong></span> 
     </span>
    </p>
   </div>
   <div class='ocr_carea' id='block_1_36' title="bbox 354 2849 1946 2923">
    <p class='ocr_par' dir='ltr' id='par_1_36' title="bbox 354 2849 1946 2923">
     <span class='ocr_line' id='line_1_39' title="bbox 354 2849 1946 2923; baseline -0.003 -15"><span class='ocrx_word' id='word_1_266' title='bbox 354 2849 606 2923; x_wconf 84' lang='lat' dir='ltr'><strong>Gregorii</strong></span> <span class='ocrx_word' id='word_1_267' title='bbox 630 2859 818 2923; x_wconf 89' lang='lat' dir='ltr'><strong>caput,</strong></span> <span class='ocrx_word' id='word_1_268' title='bbox 843 2849 1006 2922; x_wconf 80' lang='lat'><strong>316</strong></span> <span class='ocrx_word' id='word_1_269' title='bbox 1026 2850 1238 2904; x_wconf 88' lang='lat' dir='ltr'><strong>nonnisi</strong></span> <span class='ocrx_word' id='word_1_270' title='bbox 1267 2850 1393 2904; x_wconf 92' lang='lat' dir='ltr'><strong>dum</strong></span> <span class='ocrx_word' id='word_1_271' title='bbox 1420 2861 1638 2923; x_wconf 76' lang='lat' dir='ltr'><strong>sanctus</strong></span> <span class='ocrx_word' id='word_1_272' title='bbox 1664 2849 1865 2923; x_wconf 71' lang='lat' dir='ltr'><strong>Doctor</strong></span> <span class='ocrx_word' id='word_1_273' title='bbox 1892 2850 1946 2904; x_wconf 92' lang='lat' dir='ltr'><strong>in</strong></span> 
     </span>
    </p>
   </div>
   <div class='ocr_carea' id='block_1_37' title="bbox 357 2918 1947 2991">
    <p class='ocr_par' dir='ltr' id='par_1_37' title="bbox 357 2918 1947 2991">
     <span class='ocr_line' id='line_1_40' title="bbox 357 2918 1947 2991; baseline -0.002 -13"><span class='ocrx_word' id='word_1_274' title='bbox 357 2931 440 2978; x_wconf 87' lang='lat' dir='ltr'><strong>act</strong></span> <span class='ocrx_word' id='word_1_275' title='bbox 451 2918 496 2977; x_wconf 59' lang='lat' dir='ltr'><strong>u&#39;</strong></span> <span class='ocrx_word' id='word_1_276' title='bbox 517 2918 799 2977; x_wconf 74' lang='lat' dir='ltr'><strong>scribentis</strong></span> <span class='ocrx_word' id='word_1_277' title='bbox 825 2918 1260 2991; x_wconf 53' lang='lat' dir='ltr'><strong>rép—rzcsentatur,</strong></span> <span class='ocrx_word' id='word_1_278' title='bbox 1294 2928 1431 2976; x_wconf 86' lang='lat' dir='ltr'><strong>teste</strong></span> <span class='ocrx_word' id='word_1_279' title='bbox 1451 2918 1657 2991; x_wconf 87' lang='lat' dir='ltr'><strong>Joanne</strong></span> <span class='ocrx_word' id='word_1_280' title='bbox 1685 2918 1947 2991; x_wconf 87' lang='lat' dir='ltr'><strong>Diacono,</strong></span> 
     </span>
    </p>
   </div>
   <div class='ocr_carea' id='block_1_38' title="bbox 359 2989 1948 3064">
    <p class='ocr_par' dir='ltr' id='par_1_38' title="bbox 359 2989 1948 3064">
     <span class='ocr_line' id='line_1_41' title="bbox 359 2989 1948 3064; baseline -0.003 -15"><span class='ocrx_word' id='word_1_281' title='bbox 359 2993 577 3064; x_wconf 88' lang='lat' dir='ltr'><strong>depingi</strong></span> <span class='ocrx_word' id='word_1_282' title='bbox 604 2992 744 3064; x_wconf 69' lang='lat' dir='ltr'><strong>solet</strong></span> <span class='ocrx_word' id='word_1_283' title='bbox 776 3009 789 3044; x_wconf 90' lang='lat'><strong>:</strong></span> <span class='ocrx_word' id='word_1_284' title='bbox 822 2989 1004 3064; x_wconf 30' lang='lat' dir='ltr'><strong>iniquo</strong></span> <span class='ocrx_word' id='word_1_285' title='bbox 1029 2991 1279 3064; x_wconf 80' lang='lat' dir='ltr'><strong>videlicet</strong></span> <span class='ocrx_word' id='word_1_286' title='bbox 1297 2990 1617 3064; x_wconf 83' lang='lat' dir='ltr'><strong>actu_ipsam</strong></span> <span class='ocrx_word' id='word_1_287' title='bbox 1640 2989 1948 3064; x_wconf 80' lang='lat' dir='ltr'><strong>columbam</strong></span> 
     </span>
    </p>
   </div>
   <div class='ocr_carea' id='block_1_39' title="bbox 357 3060 1949 3132">
    <p class='ocr_par' dir='ltr' id='par_1_39' title="bbox 357 3060 1949 3132">
     <span class='ocr_line' id='line_1_42' title="bbox 357 3060 1949 3132; baseline -0.001 -15"><span class='ocrx_word' id='word_1_288' title='bbox 357 3060 447 3117; x_wconf 64' lang='lat' dir='ltr'><strong>ad&#39;</strong></span> <span class='ocrx_word' id='word_1_289' title='bbox 476 3060 622 3118; x_wconf 84' lang='lat' dir='ltr'><strong>beati</strong></span> <span class='ocrx_word' id='word_1_290' title='bbox 676 3060 919 3131; x_wconf 89' lang='lat' dir='ltr'><strong>Gregorii</strong></span> <span class='ocrx_word' id='word_1_291' title='bbox 966 3068 1140 3132; x_wconf 8' lang='lat' dir='ltr'><strong>caput,</strong></span> <span class='ocrx_word' id='word_1_292' title='bbox 1172 3060 1605 3132; x_wconf 81' lang='lat' dir='ltr'><strong>frequentissime</strong></span> <span class='ocrx_word' id='word_1_293' title='bbox 1647 3075 1723 3132; x_wconf 25' lang='lat' dir='ltr'><strong>se;</strong></span> <span class='ocrx_word' id='word_1_294' title='bbox 1752 3060 1949 3116; x_wconf 87' lang='lat' dir='ltr'><strong>vidisse</strong></span> 
     </span>
    </p>
   </div>
   <div class='ocr_carea' id='block_1_40' title="bbox 358 3128 1947 3199">
    <p class='ocr_par' dir='ltr' id='par_1_40' title="bbox 358 3128 1947 3199">
     <span class='ocr_line' id='line_1_43' title="bbox 358 3128 1947 3199; baseline -0.001 -12"><span class='ocrx_word' id='word_1_295' title='bbox 358 3132 557 3189; x_wconf 91' lang='lat' dir='ltr'><strong>Petrus</strong></span> <span class='ocrx_word' id='word_1_296' title='bbox 584 3128 850 3188; x_wconf 67' lang='lat' dir='ltr'><strong>Diaconos</strong></span> <span class='ocrx_word' id='word_1_297' title='bbox 872 3128 1049 3187; x_wconf 76' lang='lat' dir='ltr'><strong>medio</strong></span> <span class='ocrx_word' id='word_1_298' title='bbox 1068 3128 1294 3186; x_wconf 82' lang='lat' dir='ltr'><strong>solemni</strong></span> <span class='ocrx_word' id='word_1_299' title='bbox 1314 3131 1620 3199; x_wconf 86' lang='lat' dir='ltr'><strong>juramento</strong></span> <span class='ocrx_word' id='word_1_300' title='bbox 1639 3128 1947 3199; x_wconf 86' lang='lat' dir='ltr'><strong>affirmavit,</strong></span> 
     </span>
    </p>
   </div>
   <div class='ocr_carea' id='block_1_41' title="bbox 356 3200 1949 3273">
    <p class='ocr_par' dir='ltr' id='par_1_41' title="bbox 356 3200 1949 3273">
     <span class='ocr_line' id='line_1_44' title="bbox 356 3200 1949 3273; baseline -0.003 -14"><span class='ocrx_word' id='word_1_301' title='bbox 356 3204 654 3273; x_wconf 87' lang='lat' dir='ltr'><strong>divinoque</strong></span> <span class='ocrx_word' id='word_1_302' title='bbox 700 3203 963 3273; x_wconf 87' lang='lat' dir='ltr'><strong>miraculo</strong></span> <span class='ocrx_word' id='word_1_303' title='bbox 1014 3202 1333 3273; x_wconf 87' lang='lat' dir='ltr'><strong>approbavit</strong></span> <span class='ocrx_word' id='word_1_304' title='bbox 1382 3211 1438 3257; x_wconf 93' lang='lat' dir='ltr'><strong>et</strong></span> <span class='ocrx_word' id='word_1_305' title='bbox 1484 3200 1843 3273; x_wconf 72' lang='lat' dir='ltr'><strong>confirmavit,</strong></span> <span class='ocrx_word' id='word_1_306' title='bbox 1890 3210 1949 3273; x_wconf 82' lang='lat' dir='ltr'><strong>ut</strong></span> 
     </span>
    </p>
   </div>
   <div class='ocr_carea' id='block_1_42' title="bbox 356 3270 1947 3400">
    <p class='ocr_par' dir='ltr' id='par_1_42' title="bbox 356 3270 1947 3400">
     <span class='ocr_line' id='line_1_45' title="bbox 356 3270 1947 3346; baseline -0.003 -16"><span class='ocrx_word' id='word_1_307' title='bbox 356 3275 550 3331; x_wconf 87' lang='lat' dir='ltr'><strong>scribit</strong></span> <span class='ocrx_word' id='word_1_308' title='bbox 566 3270 804 3329; x_wconf 91' lang='lat' dir='ltr'><strong>Joannes</strong></span> <span class='ocrx_word' id='word_1_309' title='bbox 821 3270 1106 3341; x_wconf 76' lang='lat' dir='ltr'><strong>Diaconus,</strong></span> <span class='ocrx_word' id='word_1_310' title='bbox 1128 3273 1223 3329; x_wconf 88' lang='lat' dir='ltr'><strong>lib.</strong></span> <span class='ocrx_word' id='word_1_311' title='bbox 1250 3288 1305 3329; x_wconf 85' lang='lat' dir='ltr'><strong>iv</strong></span> <span class='ocrx_word' id='word_1_312' title='bbox 1324 3287 1444 3346; x_wconf 86' lang='lat' dir='ltr'><strong>cap.</strong></span> <span class='ocrx_word' id='word_1_313' title='bbox 1472 3271 1540 3326; x_wconf 91' lang='lat'><strong>69</strong></span> <span class='ocrx_word' id='word_1_314' title='bbox 1566 3272 1634 3327; x_wconf 93' lang='lat' dir='ltr'><strong>de</strong></span> <span class='ocrx_word' id='word_1_315' title='bbox 1660 3270 1781 3326; x_wconf 91' lang='lat' dir='ltr'><strong>Vita</strong></span> <span class='ocrx_word' id='word_1_316' title='bbox 1802 3271 1947 3326; x_wconf 84' lang='lat' dir='ltr'><strong>beati</strong></span> 
     </span>
     <span class='ocr_line' id='line_1_46' title="bbox 358 3343 813 3400; baseline -0.002 0"><span class='ocrx_word' id='word_1_317' title='bbox 358 3343 611 3400; x_wconf 71' lang='lat' dir='ltr'><strong>Gregorii</strong></span> <span class='ocrx_word' id='word_1_318' title='bbox 640 3359 813 3400; x_wconf 63' lang='lat' dir='ltr'><strong>uanae.</strong></span> 
     </span>
    </p>
   </div>
   <div class='ocr_carea' id='block_1_43' title="bbox 411 3360 813 3402">
    <p class='ocr_par' dir='ltr' id='par_1_43' title="bbox 411 3360 813 3402">
     <span class='ocr_line' id='line_1_47' title="bbox 411 3360 813 3402; baseline -0.005 -1"><span class='ocrx_word' id='word_1_319' title='bbox 411 3360 611 3402; x_wconf 74' lang='lat' dir='ltr'><strong>rettorn</strong></span> <span class='ocrx_word' id='word_1_320' title='bbox 640 3360 813 3402; x_wconf 63' lang='lat'><strong>030$.</strong></span> 
     </span>
    </p>
   </div>
   <div class='ocr_carea' id='block_1_44' title="bbox 433 3359 1949 3483">
    <p class='ocr_par' dir='ltr' id='par_1_44' title="bbox 433 3359 1949 3483">
     <span class='ocr_line' id='line_1_48' title="bbox 433 3359 1949 3483; baseline -0.001 -13"><span class='ocrx_word' id='word_1_321' title='bbox 433 3360 706 3472; x_wconf 44' lang='lat'><strong>$11253</strong></span> <span class='ocrx_word' id='word_1_322' title='bbox 712 3359 944 3470; x_wconf 55' lang='lat' dir='ltr'><strong>1iiueatum</strong></span> <span class='ocrx_word' id='word_1_323' title='bbox 971 3413 1289 3482; x_wconf 89' lang='lat' dir='ltr'><strong>Gregorium</strong></span> <span class='ocrx_word' id='word_1_324' title='bbox 1315 3412 1458 3470; x_wconf 90' lang='lat' dir='ltr'><strong>nudo</strong></span> <span class='ocrx_word' id='word_1_325' title='bbox 1484 3412 1663 3483; x_wconf 90' lang='lat' dir='ltr'><strong>capite</strong></span> <span class='ocrx_word' id='word_1_326' title='bbox 1690 3411 1949 3481; x_wconf 90' lang='lat' dir='ltr'><strong>effingen-</strong></span> 
     </span>
    </p>
   </div>
   <div class='ocr_carea' id='block_1_45' title="bbox 358 3483 1950 3554">
    <p class='ocr_par' dir='ltr' id='par_1_45' title="bbox 358 3483 1950 3554">
     <span class='ocr_line' id='line_1_49' title="bbox 358 3483 1950 3554; baseline -0.003 -12"><span class='ocrx_word' id='word_1_327' title='bbox 358 3486 489 3542; x_wconf 91' lang='lat' dir='ltr'><strong>dum</strong></span> <span class='ocrx_word' id='word_1_328' title='bbox 519 3486 722 3548; x_wconf 87' lang='lat' dir='ltr'><strong>curavi,</strong></span> <span class='ocrx_word' id='word_1_329' title='bbox 764 3485 892 3554; x_wconf 88' lang='lat' dir='ltr'><strong>quia</strong></span> <span class='ocrx_word' id='word_1_330' title='bbox 920 3500 1029 3540; x_wconf 88' lang='lat' dir='ltr'><strong>non</strong></span> <span class='ocrx_word' id='word_1_331' title='bbox 1068 3484 1243 3540; x_wconf 91' lang='lat' dir='ltr'><strong>solum</strong></span> <span class='ocrx_word' id='word_1_332' title='bbox 1286 3485 1342 3539; x_wconf 89' lang='lat' dir='ltr'><strong>in</strong></span> <span class='ocrx_word' id='word_1_333' title='bbox 1377 3485 1602 3539; x_wconf 70' lang='lat' dir='ltr'><strong>tedicula</strong></span> <span class='ocrx_word' id='word_1_334' title='bbox 1641 3483 1809 3538; x_wconf 89' lang='lat' dir='ltr'><strong>sancti</strong></span> <span class='ocrx_word' id='word_1_335' title='bbox 1838 3483 1950 3538; x_wconf 85' lang='lat' dir='ltr'><strong>An-</strong></span> 
     </span>
    </p>
   </div>
   <div class='ocr_carea' id='block_1_46' title="bbox 358 3554 1947 3627">
    <p class='ocr_par' dir='ltr' id='par_1_46' title="bbox 358 3554 1947 3627">
     <span class='ocr_line' id='line_1_50' title="bbox 358 3554 1947 3627; baseline -0.003 -16"><span class='ocrx_word' id='word_1_336' title='bbox 358 3562 505 3612; x_wconf 62' lang='lat' dir='ltr'><strong>dreae</strong></span> <span class='ocrx_word' id='word_1_337' title='bbox 533 3558 607 3611; x_wconf 90' lang='lat' dir='ltr'><strong>ita</strong></span> <span class='ocrx_word' id='word_1_338' title='bbox 653 3557 884 3627; x_wconf 87' lang='lat' dir='ltr'><strong>pictum,</strong></span> <span class='ocrx_word' id='word_1_339' title='bbox 935 3570 1120 3627; x_wconf 87' lang='lat' dir='ltr'><strong>verum</strong></span> <span class='ocrx_word' id='word_1_340' title='bbox 1168 3555 1331 3627; x_wconf 82' lang='lat' dir='ltr'><strong>etiam</strong></span> <span class='ocrx_word' id='word_1_341' title='bbox 1356 3571 1404 3627; x_wconf 10' lang='lat' dir='ltr'><strong>7a</strong></span> <span class='ocrx_word' id='word_1_342' title='bbox 1452 3554 1660 3627; x_wconf 87' lang='lat' dir='ltr'><strong>Joanne</strong></span> <span class='ocrx_word' id='word_1_343' title='bbox 1705 3554 1947 3627; x_wconf 81' lang='lat' dir='ltr'><strong>Diacono</strong></span> 
     </span>
    </p>
   </div>
   <div class='ocr_carea' id='block_1_47' title="bbox 359 3624 1951 3706">
    <p class='ocr_par' dir='ltr' id='par_1_47' title="bbox 359 3624 1951 3706">
     <span class='ocr_line' id='line_1_51' title="bbox 359 3624 1951 3706; baseline -0.003 -23"><span class='ocrx_word' id='word_1_344' title='bbox 359 3630 628 3706; x_wconf 74' lang='lat' dir='ltr'><strong>scriptore</strong></span> <span class='ocrx_word' id='word_1_345' title='bbox 648 3624 1073 3706; x_wconf 69' lang='lat' dir='ltr'><strong>accuratissima,</strong></span> <span class='ocrx_word' id='word_1_346' title='bbox 1096 3626 1170 3679; x_wconf 90' lang='lat' dir='ltr'><strong>ita</strong></span> <span class='ocrx_word' id='word_1_347' title='bbox 1192 3625 1522 3706; x_wconf 75' lang='lat' dir='ltr'><strong>descriptum</strong></span> <span class='ocrx_word' id='word_1_348' title='bbox 1542 3624 1739 3705; x_wconf 77' lang='lat' dir='ltr'><strong>inveni,</strong></span> <span class='ocrx_word' id='word_1_349' title='bbox 1764 3625 1951 3704; x_wconf 74' lang='lat' dir='ltr'><strong>etiam-</strong></span> 
     </span>
    </p>
   </div>
   <div class='ocr_carea' id='block_1_48' title="bbox 358 3694 1948 3819">
    <p class='ocr_par' dir='ltr' id='par_1_48' title="bbox 358 3694 1948 3819">
     <span class='ocr_line' id='line_1_52' title="bbox 358 3694 1948 3819; baseline -0.002 -67"><span class='ocrx_word' id='word_1_350' title='bbox 358 3698 407 3753; x_wconf 89' lang='lat' dir='ltr'><strong>si</strong></span> <span class='ocrx_word' id='word_1_351' title='bbox 424 3694 546 3819; x_wconf 57' lang='lat' dir='ltr'><strong>‘jam</strong></span> <span class='ocrx_word' id='word_1_352' title='bbox 575 3696 700 3751; x_wconf 91' lang='lat' dir='ltr'><strong>inde</strong></span> <span class='ocrx_word' id='word_1_353' title='bbox 728 3712 758 3750; x_wconf 91' lang='lat' dir='ltr'><strong>a</strong></span> <span class='ocrx_word' id='word_1_354' title='bbox 805 3696 1064 3776; x_wconf 73' lang='lat' dir='ltr'><strong>Silvestro</strong></span> <span class='ocrx_word' id='word_1_355' title='bbox 1110 3711 1246 3777; x_wconf 85' lang='lat' dir='ltr'><strong>papa</strong></span> <span class='ocrx_word' id='word_1_356' title='bbox 1293 3694 1451 3764; x_wconf 88' lang='lat' dir='ltr'><strong>hujus</strong></span> <span class='ocrx_word' id='word_1_357' title='bbox 1480 3695 1711 3750; x_wconf 88' lang='lat' dir='ltr'><strong>nominis</strong></span> <span class='ocrx_word' id='word_1_358' title='bbox 1752 3694 1948 3772; x_wconf 87' lang='lat' dir='ltr'><strong>primo,</strong></span> 
     </span>
     <span class='ocr_line' id='line_1_53' title="bbox 360 3765 1948 3819; baseline 0 0"><span class='ocrx_word' id='word_1_359' title='bbox 360 3768 417 3819; x_wconf 92' lang='lat' dir='ltr'><strong>in</strong></span> <span class='ocrx_word' id='word_1_360' title='bbox 446 3769 586 3819; x_wconf 88' lang='lat' dir='ltr'><strong>ulam</strong></span> <span class='ocrx_word' id='word_1_361' title='bbox 642 3767 728 3819; x_wconf 86' lang='lat' dir='ltr'><strong>vel</strong></span> <span class='ocrx_word' id='word_1_362' title='bbox 774 3765 1431 3819; x_wconf 81' lang='lat' dir='ltr'><strong>mitramebiscoualem:</strong></span> <span class='ocrx_word' id='word_1_363' title='bbox 1474 3780 1684 3819; x_wconf 87' lang='lat' dir='ltr'><strong>necnon</strong></span> <span class='ocrx_word' id='word_1_364' title='bbox 1735 3772 1948 3819; x_wconf 82' lang='lat' dir='ltr'><strong>tiaram.</strong></span> 
     </span>
    </p>
   </div>
   <div class='ocr_carea' id='block_1_49' title="bbox 360 3765 1948 3834">
    <p class='ocr_par' dir='ltr' id='par_1_49' title="bbox 360 3765 1948 3834">
     <span class='ocr_line' id='line_1_54' title="bbox 360 3765 1948 3834; baseline -0.003 -14"><span class='ocrx_word' id='word_1_365' title='bbox 360 3765 586 3821; x_wconf 86' lang='lat' dir='ltr'><strong>infulam</strong></span> <span class='ocrx_word' id='word_1_366' title='bbox 642 3767 728 3820; x_wconf 86' lang='lat' dir='ltr'><strong>vel</strong></span> <span class='ocrx_word' id='word_1_367' title='bbox 774 3765 1431 3834; x_wconf 70' lang='lat' dir='ltr'><strong>mitramepiscopalem;</strong></span> <span class='ocrx_word' id='word_1_368' title='bbox 1474 3780 1684 3819; x_wconf 89' lang='lat' dir='ltr'><strong>necnon</strong></span> <span class='ocrx_word' id='word_1_369' title='bbox 1735 3768 1948 3830; x_wconf 83' lang='lat' dir='ltr'><strong>tiaram,</strong></span> 
     </span>
    </p>
   </div>
   <div class='ocr_carea' id='block_1_50' title="bbox 361 3835 1950 3905">
    <p class='ocr_par' dir='ltr' id='par_1_50' title="bbox 361 3835 1950 3905">
     <span class='ocr_line' id='line_1_55' title="bbox 361 3835 1950 3905; baseline -0.002 -16"><span class='ocrx_word' id='word_1_370' title='bbox 361 3852 530 3905; x_wconf 93' lang='lat' dir='ltr'><strong>quam</strong></span> <span class='ocrx_word' id='word_1_371' title='bbox 559 3836 797 3905; x_wconf 85' lang='lat' dir='ltr'><strong>cydarim</strong></span> <span class='ocrx_word' id='word_1_372' title='bbox 826 3845 882 3888; x_wconf 91' lang='lat' dir='ltr'><strong>et</strong></span> <span class='ocrx_word' id='word_1_373' title='bbox 906 3836 1151 3905; x_wconf 79' lang='lat' dir='ltr'><strong>diadema</strong></span> <span class='ocrx_word' id='word_1_374' title='bbox 1175 3873 1190 3899; x_wconf 90' lang='lat'><strong>,</strong></span> <span class='ocrx_word' id='word_1_375' title='bbox 1223 3835 1306 3888; x_wconf 88' lang='lat' dir='ltr'><strong>vel</strong></span> <span class='ocrx_word' id='word_1_376' title='bbox 1349 3849 1608 3905; x_wconf 82' lang='lat' dir='ltr'><strong>coronam</strong></span> <span class='ocrx_word' id='word_1_377' title='bbox 1636 3843 1692 3887; x_wconf 91' lang='lat' dir='ltr'><strong>et</strong></span> <span class='ocrx_word' id='word_1_378' title='bbox 1727 3846 1950 3905; x_wconf 85' lang='lat' dir='ltr'><strong>regnum</strong></span> 
     </span>
    </p>
   </div>
   <div class='ocr_carea' id='block_1_51' title="bbox 364 3902 1949 3972">
    <p class='ocr_par' dir='ltr' id='par_1_51' title="bbox 364 3902 1949 3972">
     <span class='ocr_line' id='line_1_56' title="bbox 364 3902 1949 3972; baseline -0.003 -13"><span class='ocrx_word' id='word_1_379' title='bbox 364 3902 780 3971; x_wconf 58' lang='lat' dir='ltr'><strong>vocant,&#39;fuisse</strong></span> <span class='ocrx_word' id='word_1_380' title='bbox 825 3914 1056 3958; x_wconf 91' lang='lat' dir='ltr'><strong>constet.</strong></span> <span class='ocrx_word' id='word_1_381' title='bbox 1089 3903 1183 3957; x_wconf 83' lang='lat' dir='ltr'><strong>Hac</strong></span> <span class='ocrx_word' id='word_1_382' title='bbox 1210 3918 1471 3972; x_wconf 88' lang='lat' dir='ltr'><strong>namque,</strong></span> <span class='ocrx_word' id='word_1_383' title='bbox 1515 3904 1671 3956; x_wconf 90' lang='lat' dir='ltr'><strong>mitra</strong></span> <span class='ocrx_word' id='word_1_384' title='bbox 1720 3902 1949 3967; x_wconf 87' lang='lat' dir='ltr'><strong>scilicet,</strong></span> 
     </span>
    </p>
   </div>
   <div class='ocr_carea' id='block_1_52' title="bbox 362 3972 1948 4047">
    <p class='ocr_par' dir='ltr' id='par_1_52' title="bbox 362 3972 1948 4047">
     <span class='ocr_line' id='line_1_57' title="bbox 362 3972 1948 4047; baseline -0.004 -15"><span class='ocrx_word' id='word_1_385' title='bbox 362 3990 467 4047; x_wconf 85' lang='lat' dir='ltr'><strong>per</strong></span> <span class='ocrx_word' id='word_1_386' title='bbox 490 3990 651 4046; x_wconf 91' lang='lat' dir='ltr'><strong>quam</strong></span> <span class='ocrx_word' id='word_1_387' title='bbox 672 3974 1278 4047; x_wconf 79' lang='lat' dir='ltr'><strong>spiritualisauctoritas</strong></span> <span class='ocrx_word' id='word_1_388' title='bbox 1294 3991 1307 4039; x_wconf 92' lang='lat'><strong>;</strong></span> <span class='ocrx_word' id='word_1_389' title='bbox 1325 3989 1389 4028; x_wconf 91' lang='lat' dir='ltr'><strong>ac</strong></span> <span class='ocrx_word' id='word_1_390' title='bbox 1408 3974 1565 4047; x_wconf 71' lang='lat' dir='ltr'><strong>tiara,</strong></span> <span class='ocrx_word' id='word_1_391' title='bbox 1586 3972 1699 4026; x_wconf 83' lang='lat' dir='ltr'><strong>sive</strong></span> <span class='ocrx_word' id='word_1_392' title='bbox 1726 3986 1948 4037; x_wconf 89' lang='lat' dir='ltr'><strong>corona,</strong></span> 
     </span>
    </p>
   </div>
   <div class='ocr_carea' id='block_1_53' title="bbox 402 4043 1952 4116">
    <p class='ocr_par' dir='ltr' id='par_1_53' title="bbox 402 4043 1952 4116">
     <span class='ocr_line' id='line_1_58' title="bbox 402 4043 1952 4116; baseline -0.003 -15"><span class='ocrx_word' id='word_1_393' title='bbox 402 4062 465 4101; x_wconf 93' lang='lat' dir='ltr'><strong>er</strong></span> <span class='ocrx_word' id='word_1_394' title='bbox 508 4043 674 4116; x_wconf 78' lang='lat' dir='ltr'><strong>quam</strong></span> <span class='ocrx_word' id='word_1_395' title='bbox 704 4043 1032 4116; x_wconf 76' lang='lat' dir='ltr'><strong>temporalis</strong></span> <span class='ocrx_word' id='word_1_396' title='bbox 1059 4051 1350 4116; x_wconf 64' lang='lat' dir='ltr'><strong>potestas,</strong></span> <span class='ocrx_word' id='word_1_397' title='bbox 1395 4043 1781 4116; x_wconf 85' lang='lat' dir='ltr'><strong>significantur,</strong></span> <span class='ocrx_word' id='word_1_398' title='bbox 1815 4049 1952 4116; x_wconf 73' lang='lat' dir='ltr'><strong>teste</strong></span> 
     </span>
    </p>
   </div>
   <div class='ocr_carea' id='block_1_54' title="bbox 386 4111 1952 4181">
    <p class='ocr_par' dir='ltr' id='par_1_54' title="bbox 386 4111 1952 4181">
     <span class='ocr_line' id='line_1_59' title="bbox 386 4111 1952 4181; baseline -0.004 -8"><span class='ocrx_word' id='word_1_399' title='bbox 386 4111 681 4179; x_wconf 75' lang='lat' dir='ltr'><strong>nuncentio</strong></span> <span class='ocrx_word' id='word_1_400' title='bbox 731 4111 1025 4181; x_wconf 60' lang='lat' dir='ltr'><strong>lll,&#39;serm.</strong></span> <span class='ocrx_word' id='word_1_401' title='bbox 1057 4113 1092 4168; x_wconf 78' lang='grc'><strong>5</strong></span> <span class='ocrx_word' id='word_1_402' title='bbox 1133 4113 1200 4168; x_wconf 94' lang='lat' dir='ltr'><strong>de</strong></span> <span class='ocrx_word' id='word_1_403' title='bbox 1238 4113 1644 4169; x_wconf 89' lang='lat' dir='ltr'><strong>consecratione</strong></span> <span class='ocrx_word' id='word_1_404' title='bbox 1687 4111 1952 4180; x_wconf 86' lang='lat' dir='ltr'><strong>pontificis</strong></span> 
     </span>
    </p>
   </div>
   <div class='ocr_carea' id='block_1_55' title="bbox 362 4182 1954 4251">
    <p class='ocr_par' dir='ltr' id='par_1_55' title="bbox 362 4182 1954 4251">
     <span class='ocr_line' id='line_1_60' title="bbox 362 4182 1954 4251; baseline -0.003 -9"><span class='ocrx_word' id='word_1_405' title='bbox 362 4187 610 4251; x_wconf 80' lang='lat' dir='ltr'><strong>Maximi,</strong></span> <span class='ocrx_word' id='word_1_406' title='bbox 641 4186 803 4241; x_wconf 90' lang='lat' dir='ltr'><strong>beato</strong></span> <span class='ocrx_word' id='word_1_407' title='bbox 832 4186 1093 4240; x_wconf 85' lang='lat' dir='ltr'><strong>Silvestro</strong></span> <span class='ocrx_word' id='word_1_408' title='bbox 1121 4183 1258 4239; x_wconf 66' lang='lat' dir='ltr'><strong>datae</strong></span> <span class='ocrx_word' id='word_1_409' title='bbox 1277 4193 1422 4250; x_wconf 89' lang='lat' dir='ltr'><strong>sunt,</strong></span> <span class='ocrx_word' id='word_1_410' title='bbox 1453 4192 1512 4238; x_wconf 94' lang='lat' dir='ltr'><strong>ut</strong></span> <span class='ocrx_word' id='word_1_411' title='bbox 1532 4185 1584 4237; x_wconf 88' lang='lat' dir='ltr'><strong>in</strong></span> <span class='ocrx_word' id='word_1_412' title='bbox 1608 4182 1777 4248; x_wconf 90' lang='lat' dir='ltr'><strong>prima</strong></span> <span class='ocrx_word' id='word_1_413' title='bbox 1799 4190 1954 4251; x_wconf 85' lang='lat' dir='ltr'><strong>parte</strong></span> 
     </span>
    </p>
   </div>
   <div class='ocr_carea' id='block_1_56' title="bbox 362 4251 1953 4324">
    <p class='ocr_par' dir='ltr' id='par_1_56' title="bbox 362 4251 1953 4324">
     <span class='ocr_line' id='line_1_61' title="bbox 362 4251 1953 4324; baseline -0.004 -13"><span class='ocrx_word' id='word_1_414' title='bbox 362 4258 602 4323; x_wconf 89' lang='lat' dir='ltr'><strong>Decreti,</strong></span> <span class='ocrx_word' id='word_1_415' title='bbox 632 4257 866 4311; x_wconf 88' lang='lat' dir='ltr'><strong>distinct.</strong></span> <span class='ocrx_word' id='word_1_416' title='bbox 901 4254 990 4317; x_wconf 90' lang='lat'><strong>96,</strong></span> <span class='ocrx_word' id='word_1_417' title='bbox 1022 4271 1140 4324; x_wconf 88' lang='lat' dir='ltr'><strong>cap.</strong></span> <span class='ocrx_word' id='word_1_418' title='bbox 1176 4254 1260 4320; x_wconf 76' lang='grc'><strong>14,</strong></span> <span class='ocrx_word' id='word_1_419' title='bbox 1292 4264 1348 4309; x_wconf 88' lang='lat' dir='ltr'><strong>et</strong></span> <span class='ocrx_word' id='word_1_420' title='bbox 1389 4255 1529 4324; x_wconf 91' lang='lat' dir='ltr'><strong>apud</strong></span> <span class='ocrx_word' id='word_1_421' title='bbox 1572 4252 1778 4306; x_wconf 86' lang='lat' dir='ltr'><strong>Theod.</strong></span> <span class='ocrx_word' id='word_1_422' title='bbox 1805 4251 1953 4324; x_wconf 79' lang='lat' dir='ltr'><strong>__Bal-</strong></span> 
     </span>
    </p>
   </div>
   <div class='ocr_carea' id='block_1_57' title="bbox 360 4322 1948 4395">
    <p class='ocr_par' dir='ltr' id='par_1_57' title="bbox 360 4322 1948 4395">
     <span class='ocr_line' id='line_1_62' title="bbox 360 4322 1948 4395; baseline -0.005 -10"><span class='ocrx_word' id='word_1_423' title='bbox 360 4345 503 4385; x_wconf 86' lang='lat' dir='ltr'><strong>sam.</strong></span> <span class='ocrx_word' id='word_1_424' title='bbox 535 4322 593 4382; x_wconf 90' lang='lat' dir='ltr'><strong>in</strong></span> <span class='ocrx_word' id='word_1_425' title='bbox 616 4325 910 4382; x_wconf 77' lang='lat' dir='ltr'><strong>Nofnocan.</strong></span> <span class='ocrx_word' id='word_1_426' title='bbox 934 4322 1130 4390; x_wconf 87' lang='lat' dir='ltr'><strong>Photii,</strong></span> <span class='ocrx_word' id='word_1_427' title='bbox 1158 4326 1247 4379; x_wconf 74' lang='lat' dir='ltr'><strong>tit.</strong></span> <span class='ocrx_word' id='word_1_428' title='bbox 1273 4328 1323 4395; x_wconf 71' lang='lat'><strong>8.</strong></span> <span class='ocrx_word' id='word_1_429' title='bbox 1351 4322 1469 4395; x_wconf 82' lang='lat' dir='ltr'><strong>cap.</strong></span> <span class='ocrx_word' id='word_1_430' title='bbox 1505 4325 1531 4379; x_wconf 89' lang='grc'><strong>1</strong></span> <span class='ocrx_word' id='word_1_431' title='bbox 1551 4364 1568 4391; x_wconf 85' lang='grc'><em>,</em></span> <span class='ocrx_word' id='word_1_432' title='bbox 1595 4324 1779 4395; x_wconf 89' lang='lat' dir='ltr'><strong>videre</strong></span> <span class='ocrx_word' id='word_1_433' title='bbox 1805 4322 1863 4375; x_wconf 76' lang='grc' dir='ltr'>Ιὶι</span> <span class='ocrx_word' id='word_1_434' title='bbox 1875 4331 1948 4395; x_wconf 89' lang='lat' dir='ltr'><strong>et.</strong></span> 
     </span>
    </p>
   </div>
   <div class='ocr_carea' id='block_1_58' title="bbox 362 4394 1953 4462">
    <p class='ocr_par' dir='ltr' id='par_1_58' title="bbox 362 4394 1953 4462">
     <span class='ocr_line' id='line_1_63' title="bbox 362 4394 1953 4462; baseline -0.005 -8"><span class='ocrx_word' id='word_1_435' title='bbox 362 4399 505 4454; x_wconf 76' lang='lat' dir='ltr'><strong>Hinc</strong></span> <span class='ocrx_word' id='word_1_436' title='bbox 532 4397 744 4451; x_wconf 89' lang='lat' dir='ltr'><strong>Platina</strong></span> <span class='ocrx_word' id='word_1_437' title='bbox 772 4397 826 4450; x_wconf 91' lang='lat' dir='ltr'><strong>in</strong></span> <span class='ocrx_word' id='word_1_438' title='bbox 848 4396 991 4451; x_wconf 74' lang='lat' dir='ltr'><strong>beati</strong></span> <span class='ocrx_word' id='word_1_439' title='bbox 1019 4396 1265 4450; x_wconf 85' lang='lat' dir='ltr'><strong>Silvestri</strong></span> <span class='ocrx_word' id='word_1_440' title='bbox 1294 4394 1505 4449; x_wconf 30' lang='lat' dir='ltr'><strong>Vita’de</strong></span> <span class='ocrx_word' id='word_1_441' title='bbox 1544 4394 1702 4462; x_wconf 87' lang='lat' dir='ltr'><strong>hujus</strong></span> <span class='ocrx_word' id='word_1_442' title='bbox 1741 4394 1953 4460; x_wconf 84' lang='lat' dir='ltr'><strong>generis</strong></span> 
     </span>
    </p>
   </div>
   <div class='ocr_carea' id='block_1_59' title="bbox 360 4463 1955 4524">
    <p class='ocr_par' dir='ltr' id='par_1_59' title="bbox 360 4463 1955 4524">
     <span class='ocr_line' id='line_1_64' title="bbox 360 4463 1955 4524; baseline -0.006 0"><span class='ocrx_word' id='word_1_443' title='bbox 360 4470 717 4524; x_wconf 77' lang='lat' dir='ltr'><strong>concessione</strong></span> <span class='ocrx_word' id='word_1_444' title='bbox 739 4482 802 4521; x_wconf 92' lang='lat' dir='ltr'><strong>ac</strong></span> <span class='ocrx_word' id='word_1_445' title='bbox 828 4466 1117 4522; x_wconf 90' lang='lat' dir='ltr'><strong>donatione</strong></span> <span class='ocrx_word' id='word_1_446' title='bbox 1147 4466 1622 4521; x_wconf 90' lang='lat' dir='ltr'><strong>luculentissimam</strong></span> <span class='ocrx_word' id='word_1_447' title='bbox 1645 4463 1773 4517; x_wconf 87' lang='lat' dir='ltr'><strong>facit</strong></span> <span class='ocrx_word' id='word_1_448' title='bbox 1802 4478 1955 4517; x_wconf 90' lang='lat' dir='ltr'><strong>men-</strong></span> 
     </span>
    </p>
   </div>
   <div class='ocr_carea' id='block_1_60' title="bbox 365 4534 1954 4605">
    <p class='ocr_par' dir='ltr' id='par_1_60' title="bbox 365 4534 1954 4605">
     <span class='ocr_line' id='line_1_65' title="bbox 365 4534 1954 4605; baseline -0.004 -11"><span class='ocrx_word' id='word_1_449' title='bbox 365 4541 593 4594; x_wconf 87' lang='lat' dir='ltr'><strong>tionem.</strong></span> <span class='ocrx_word' id='word_1_450' title='bbox 624 4539 697 4592; x_wconf 93' lang='lat' dir='ltr'><strong>De</strong></span> <span class='ocrx_word' id='word_1_451' title='bbox 727 4538 885 4590; x_wconf 90' lang='lat' dir='ltr'><strong>mitra</strong></span> <span class='ocrx_word' id='word_1_452' title='bbox 912 4552 1041 4591; x_wconf 86' lang='lat' dir='ltr'><strong>vero</strong></span> <span class='ocrx_word' id='word_1_453' title='bbox 1071 4552 1176 4605; x_wconf 90' lang='lat' dir='ltr'><strong>qua</strong></span> <span class='ocrx_word' id='word_1_454' title='bbox 1198 4552 1327 4590; x_wconf 89' lang='lat' dir='ltr'><strong>usus</strong></span> <span class='ocrx_word' id='word_1_455' title='bbox 1347 4547 1430 4591; x_wconf 91' lang='lat' dir='ltr'><strong>est</strong></span> <span class='ocrx_word' id='word_1_456' title='bbox 1456 4537 1648 4591; x_wconf 90' lang='lat' dir='ltr'><strong>beatus</strong></span> <span class='ocrx_word' id='word_1_457' title='bbox 1674 4534 1954 4605; x_wconf 81' lang='lat' dir='ltr'><strong>Silvester,</strong></span> 
     </span>
    </p>
   </div>
   <div class='ocr_carea' id='block_1_61' title="bbox 366 4603 1955 4677">
    <p class='ocr_par' dir='ltr' id='par_1_61' title="bbox 366 4603 1955 4677">
     <span class='ocr_line' id='line_1_66' title="bbox 366 4603 1955 4677; baseline -0.005 -13"><span class='ocrx_word' id='word_1_458' title='bbox 366 4611 420 4664; x_wconf 90' lang='lat' dir='ltr'><strong>in</strong></span> <span class='ocrx_word' id='word_1_459' title='bbox 473 4609 693 4677; x_wconf 89' lang='lat' dir='ltr'><strong>Eugenii</strong></span> <span class='ocrx_word' id='word_1_460' title='bbox 742 4607 806 4660; x_wconf 87' lang='lat' dir='ltr'><strong>IV</strong></span> <span class='ocrx_word' id='word_1_461' title='bbox 838 4606 959 4659; x_wconf 84' lang='lat' dir='ltr'><strong>Vita</strong></span> <span class='ocrx_word' id='word_1_462' title='bbox 1004 4603 1147 4661; x_wconf 74' lang='lat' dir='ltr'><strong>idem</strong></span> <span class='ocrx_word' id='word_1_463' title='bbox 1196 4605 1402 4677; x_wconf 80' lang='lat' dir='ltr'><strong>Platiua</strong></span> <span class='ocrx_word' id='word_1_464' title='bbox 1444 4606 1679 4674; x_wconf 89' lang='lat' dir='ltr'><strong>loquitur</strong></span> <span class='ocrx_word' id='word_1_465' title='bbox 1720 4605 1863 4677; x_wconf 78' lang='lat' dir='ltr'><strong>hunc</strong></span> <span class='ocrx_word' id='word_1_466' title='bbox 1900 4603 1955 4658; x_wconf 92' lang='lat' dir='ltr'><strong>in</strong></span> 
     </span>
    </p>
   </div>
   <div class='ocr_carea' id='block_1_62' title="bbox 364 4672 1955 4749">
    <p class='ocr_par' dir='ltr' id='par_1_62' title="bbox 364 4672 1955 4749">
     <span class='ocr_line' id='line_1_67' title="bbox 364 4672 1955 4749; baseline -0.005 -14"><span class='ocrx_word' id='word_1_467' title='bbox 364 4672 587 4735; x_wconf 71' lang='lat' dir='ltr'><strong>modum</strong></span> <span class='ocrx_word' id='word_1_468' title='bbox 630 4678 937 4749; x_wconf 83' lang='lat' dir='ltr'><strong>:Eugenius</strong></span> <span class='ocrx_word' id='word_1_469' title='bbox 985 4678 1154 4731; x_wconf 77' lang='lat' dir='ltr'><strong>sancti</strong></span> <span class='ocrx_word' id='word_1_470' title='bbox 1204 4676 1441 4749; x_wconf 80' lang='lat' dir='ltr'><strong>silvestri</strong></span> <span class='ocrx_word' id='word_1_471' title='bbox 1491 4672 1697 4749; x_wconf 70' lang='lat' dir='ltr'><strong>mitram</strong></span> <span class='ocrx_word' id='word_1_472' title='bbox 1734 4672 1955 4727; x_wconf 83' lang='lat' dir='ltr'><strong>Romam</strong></span> 
     </span>
    </p>
   </div>
   <div class='ocr_carea' id='block_1_63' title="bbox 364 4745 1954 4815">
    <p class='ocr_par' dir='ltr' id='par_1_63' title="bbox 364 4745 1954 4815">
     <span class='ocr_line' id='line_1_68' title="bbox 364 4745 1954 4815; baseline -0.004 -11"><span class='ocrx_word' id='word_1_473' title='bbox 364 4752 625 4805; x_wconf 77' lang='lat' dir='ltr'><strong>Avenione</strong></span> <span class='ocrx_word' id='word_1_474' title='bbox 651 4745 876 4802; x_wconf 72' lang='lat' dir='ltr'><strong>delatam</strong></span> <span class='ocrx_word' id='word_1_475' title='bbox 894 4786 911 4813; x_wconf 95' lang='lat'><strong>,</strong></span> <span class='ocrx_word' id='word_1_476' title='bbox 940 4749 1154 4815; x_wconf 81' lang='lat' dir='ltr'><strong>ipsemet</strong></span> <span class='ocrx_word' id='word_1_477' title='bbox 1181 4762 1209 4799; x_wconf 92' lang='lat' dir='ltr'><strong>e</strong></span> <span class='ocrx_word' id='word_1_478' title='bbox 1250 4748 1498 4801; x_wconf 85' lang='lat' dir='ltr'><strong>Vaticano</strong></span> <span class='ocrx_word' id='word_1_479' title='bbox 1542 4747 1609 4799; x_wconf 85' lang='lat' dir='ltr'><strong>ad</strong></span> <span class='ocrx_word' id='word_1_480' title='bbox 1638 4745 1954 4815; x_wconf 81' lang='lat' dir='ltr'><strong>Lateranum</strong></span> 
     </span>
    </p>
   </div>
   <div class='ocr_carea' id='block_1_64' title="bbox 364 4813 1951 4883">
    <p class='ocr_par' dir='ltr' id='par_1_64' title="bbox 364 4813 1951 4883">
     <span class='ocr_line' id='line_1_69' title="bbox 364 4813 1951 4883; baseline -0.006 -7"><span class='ocrx_word' id='word_1_481' title='bbox 364 4822 567 4876; x_wconf 85' lang='lat' dir='ltr'><strong>detulit.</strong></span> <span class='ocrx_word' id='word_1_482' title='bbox 602 4820 725 4873; x_wconf 74' lang='lat' dir='ltr'><strong>Haec</strong></span> <span class='ocrx_word' id='word_1_483' title='bbox 763 4813 991 4872; x_wconf 85' lang='lat' dir='ltr'><strong>Platina.</strong></span> <span class='ocrx_word' id='word_1_484' title='bbox 1025 4816 1175 4872; x_wconf 81' lang='lat' dir='ltr'><strong>Nunc</strong></span> <span class='ocrx_word' id='word_1_485' title='bbox 1197 4825 1377 4872; x_wconf 91' lang='lat' dir='ltr'><strong>autem</strong></span> <span class='ocrx_word' id='word_1_486' title='bbox 1405 4816 1665 4871; x_wconf 91' lang='lat' dir='ltr'><strong>medietas</strong></span> <span class='ocrx_word' id='word_1_487' title='bbox 1690 4813 1951 4883; x_wconf 87' lang='lat' dir='ltr'><strong>ejusdem,</strong></span> 
     </span>
    </p>
   </div>
   <div class='ocr_carea' id='block_1_65' title="bbox 365 4884 1955 4945">
    <p class='ocr_par' dir='ltr' id='par_1_65' title="bbox 365 4884 1955 4945">
     <span class='ocr_line' id='line_1_70' title="bbox 365 4884 1955 4945; baseline -0.006 0"><span class='ocrx_word' id='word_1_488' title='bbox 365 4901 463 4945; x_wconf 91' lang='lat' dir='ltr'><strong>aut</strong></span> <span class='ocrx_word' id='word_1_489' title='bbox 488 4890 708 4944; x_wconf 87' lang='lat' dir='ltr'><strong>alterius</strong></span> <span class='ocrx_word' id='word_1_490' title='bbox 736 4888 908 4941; x_wconf 74' lang='lat' dir='ltr'><strong>mitra:</strong></span> <span class='ocrx_word' id='word_1_491' title='bbox 936 4887 1079 4941; x_wconf 88' lang='lat' dir='ltr'><strong>beati</strong></span> <span class='ocrx_word' id='word_1_492' title='bbox 1107 4888 1350 4941; x_wconf 86' lang='lat' dir='ltr'><strong>Silvestri</strong></span> <span class='ocrx_word' id='word_1_493' title='bbox 1386 4890 1451 4941; x_wconf 88' lang='lat' dir='ltr'><strong>ad</strong></span> <span class='ocrx_word' id='word_1_494' title='bbox 1482 4895 1727 4941; x_wconf 88' lang='lat' dir='ltr'><strong>sanctum</strong></span> <span class='ocrx_word' id='word_1_495' title='bbox 1771 4884 1955 4938; x_wconf 85' lang='lat' dir='ltr'><strong>Marti-</strong></span> 
     </span>
    </p>
   </div>
   <div class='ocr_carea' id='block_1_66' title="bbox 368 4954 1953 5025">
    <p class='ocr_par' dir='ltr' id='par_1_66' title="bbox 368 4954 1953 5025">
     <span class='ocr_line' id='line_1_71' title="bbox 368 4954 1953 5025; baseline -0.005 -10"><span class='ocrx_word' id='word_1_496' title='bbox 368 4979 497 5016; x_wconf 88' lang='lat' dir='ltr'><strong>num</strong></span> <span class='ocrx_word' id='word_1_497' title='bbox 545 4962 597 5014; x_wconf 92' lang='lat' dir='ltr'><strong>in</strong></span> <span class='ocrx_word' id='word_1_498' title='bbox 628 4958 899 5019; x_wconf 80' lang='lat' dir='ltr'><strong>Montibus</strong></span> <span class='ocrx_word' id='word_1_499' title='bbox 928 4957 1066 5011; x_wconf 86' lang='lat' dir='ltr'><strong>inter</strong></span> <span class='ocrx_word' id='word_1_500' title='bbox 1110 4957 1360 5025; x_wconf 90' lang='lat' dir='ltr'><strong>reliquias</strong></span> <span class='ocrx_word' id='word_1_501' title='bbox 1398 4956 1718 5011; x_wconf 86' lang='lat' dir='ltr'><strong>custoditur.</strong></span> <span class='ocrx_word' id='word_1_502' title='bbox 1752 4954 1835 5025; x_wconf 88' lang='lat' dir='ltr'><strong>De</strong></span> <span class='ocrx_word' id='word_1_503' title='bbox 1856 4969 1953 5009; x_wconf 89' lang='lat' dir='ltr'><strong>sua</strong></span> 
     </span>
    </p>
   </div>
   <div class='ocr_carea' id='block_1_67' title="bbox 368 5024 1957 5103">
    <p class='ocr_par' dir='ltr' id='par_1_67' title="bbox 368 5024 1957 5103">
     <span class='ocr_line' id='line_1_72' title="bbox 368 5024 1957 5103; baseline -0.007 -16"><span class='ocrx_word' id='word_1_504' title='bbox 368 5033 537 5103; x_wconf 85' lang='lat' dir='ltr'><strong>ipsius</strong></span> <span class='ocrx_word' id='word_1_505' title='bbox 566 5031 720 5103; x_wconf 76' lang='lat' dir='ltr'><strong>mitra</strong></span> <span class='ocrx_word' id='word_1_506' title='bbox 752 5032 979 5098; x_wconf 88' lang='lat' dir='ltr'><strong>ipsemet</strong></span> <span class='ocrx_word' id='word_1_507' title='bbox 1004 5024 1309 5103; x_wconf 62' lang='lat' dir='ltr'><strong>Gregorius</strong></span> <span class='ocrx_word' id='word_1_508' title='bbox 1325 5027 1695 5103; x_wconf 76' lang='lat' dir='ltr'><strong>Nazianzenus</strong></span> <span class='ocrx_word' id='word_1_509' title='bbox 1728 5026 1782 5079; x_wconf 91' lang='lat' dir='ltr'><strong>in</strong></span> <span class='ocrx_word' id='word_1_510' title='bbox 1812 5024 1957 5103; x_wconf 45' lang='lat' dir='ltr'><strong>Apo-r</strong></span> 
     </span>
    </p>
   </div>
   <div class='ocr_carea' id='block_1_68' title="bbox 371 5093 1956 5172">
    <p class='ocr_par' dir='ltr' id='par_1_68' title="bbox 371 5093 1956 5172">
     <span class='ocr_line' id='line_1_73' title="bbox 371 5093 1956 5172; baseline -0.006 -15"><span class='ocrx_word' id='word_1_511' title='bbox 371 5093 605 5172; x_wconf 72' lang='lat' dir='ltr'><strong>lbgetico</strong></span> <span class='ocrx_word' id='word_1_512' title='bbox 635 5093 1017 5172; x_wconf 77' lang='lat' dir='ltr'><strong>5_sermoiiem</strong></span> <span class='ocrx_word' id='word_1_513' title='bbox 1063 5093 1244 5172; x_wconf 54' lang='lat' dir='ltr'><strong>habet.</strong></span> <span class='ocrx_word' id='word_1_514' title='bbox 1268 5097 1352 5172; x_wconf 86' lang='lat' dir='ltr'><strong>De</strong></span> <span class='ocrx_word' id='word_1_515' title='bbox 1399 5098 1555 5150; x_wconf 89' lang='lat' dir='ltr'><strong>mitra</strong></span> <span class='ocrx_word' id='word_1_516' title='bbox 1608 5111 1738 5151; x_wconf 89' lang='lat' dir='ltr'><strong>vero</strong></span> <span class='ocrx_word' id='word_1_517' title='bbox 1783 5093 1956 5149; x_wconf 92' lang='lat' dir='ltr'><strong>sancti</strong></span> 
     </span>
    </p>
   </div>
   <div class='ocr_carea' id='block_1_69' title="bbox 372 5166 1955 5237">
    <p class='ocr_par' dir='ltr' id='par_1_69' title="bbox 372 5166 1955 5237">
     <span class='ocr_line' id='line_1_74' title="bbox 372 5166 1955 5237; baseline -0.007 -9"><span class='ocrx_word' id='word_1_518' title='bbox 372 5166 640 5228; x_wconf 77' lang='lat' dir='ltr'><strong>Ambrosii</strong></span> <span class='ocrx_word' id='word_1_519' title='bbox 670 5168 946 5224; x_wconf 88' lang='lat' dir='ltr'><strong>Ennodius</strong></span> <span class='ocrx_word' id='word_1_520' title='bbox 973 5169 1029 5223; x_wconf 90' lang='lat' dir='ltr'><strong>in</strong></span> <span class='ocrx_word' id='word_1_521' title='bbox 1057 5183 1156 5222; x_wconf 91' lang='lat' dir='ltr'><strong>suo</strong></span> <span class='ocrx_word' id='word_1_522' title='bbox 1183 5166 1602 5237; x_wconf 86' lang='lat' dir='ltr'><strong>Epigrammate,</strong></span> <span class='ocrx_word' id='word_1_523' title='bbox 1628 5179 1779 5237; x_wconf 90' lang='lat' dir='ltr'><strong>more</strong></span> <span class='ocrx_word' id='word_1_524' title='bbox 1821 5178 1955 5237; x_wconf 86' lang='lat' dir='ltr'><strong>poe-</strong></span> 
     </span>
    </p>
   </div>
   <div class='ocr_carea' id='block_1_70' title="bbox 376 5236 1959 5310">
    <p class='ocr_par' dir='ltr' id='par_1_70' title="bbox 376 5236 1959 5310">
     <span class='ocr_line' id='line_1_75' title="bbox 376 5236 1959 5310; baseline -0.007 -11"><span class='ocrx_word' id='word_1_525' title='bbox 376 5246 505 5310; x_wconf 89' lang='lat' dir='ltr'><strong>tico,</strong></span> <span class='ocrx_word' id='word_1_526' title='bbox 536 5242 635 5297; x_wconf 87' lang='lat' dir='ltr'><strong>sub</strong></span> <span class='ocrx_word' id='word_1_527' title='bbox 654 5249 920 5297; x_wconf 90' lang='lat' dir='ltr'><strong>sertorum</strong></span> <span class='ocrx_word' id='word_1_528' title='bbox 945 5239 1162 5310; x_wconf 83' lang='lat' dir='ltr'><strong>nomine</strong></span> <span class='ocrx_word' id='word_1_529' title='bbox 1189 5236 1353 5310; x_wconf 80' lang='lat' dir='ltr'><strong>verba</strong></span> <span class='ocrx_word' id='word_1_530' title='bbox 1374 5236 1520 5291; x_wconf 88' lang='lat' dir='ltr'><strong>facit.</strong></span> <span class='ocrx_word' id='word_1_531' title='bbox 1545 5236 1959 5310; x_wconf 63' lang='lat' dir='ltr'><strong>Medietasvero</strong></span> 
     </span>
    </p>
   </div>
   <div class='ocr_carea' id='block_1_71' title="bbox 377 5304 1962 5370">
    <p class='ocr_par' dir='ltr' id='par_1_71' title="bbox 377 5304 1962 5370">
     <span class='ocr_line' id='line_1_76' title="bbox 377 5304 1962 5370; baseline -0.008 -1"><span class='ocrx_word' id='word_1_532' title='bbox 377 5304 548 5369; x_wconf 62' lang='lat' dir='ltr'><strong>mitrae</strong></span> <span class='ocrx_word' id='word_1_533' title='bbox 578 5313 722 5368; x_wconf 89' lang='lat' dir='ltr'><strong>beati</strong></span> <span class='ocrx_word' id='word_1_534' title='bbox 761 5310 1003 5366; x_wconf 86' lang='lat' dir='ltr'><strong>Silvestri</strong></span> <span class='ocrx_word' id='word_1_535' title='bbox 1033 5308 1335 5365; x_wconf 90' lang='lat' dir='ltr'><strong>holoserica</strong></span> <span class='ocrx_word' id='word_1_536' title='bbox 1375 5323 1480 5361; x_wconf 92' lang='lat' dir='ltr'><strong>non</strong></span> <span class='ocrx_word' id='word_1_537' title='bbox 1526 5307 1745 5370; x_wconf 86' lang='lat' dir='ltr'><strong>villosa,</strong></span> <span class='ocrx_word' id='word_1_538' title='bbox 1776 5304 1962 5358; x_wconf 88' lang='lat' dir='ltr'><strong>viridis</strong></span> 
     </span>
    </p>
   </div>
   <div class='ocr_carea' id='block_1_72' title="bbox 376 5374 1961 5450">
    <p class='ocr_par' dir='ltr' id='par_1_72' title="bbox 376 5374 1961 5450">
     <span class='ocr_line' id='line_1_77' title="bbox 376 5374 1961 5450; baseline -0.009 -8"><span class='ocrx_word' id='word_1_539' title='bbox 376 5385 575 5443; x_wconf 89' lang='lat' dir='ltr'><strong>coloris</strong></span> <span class='ocrx_word' id='word_1_540' title='bbox 598 5392 700 5449; x_wconf 87' lang='lat' dir='ltr'><strong>est,</strong></span> <span class='ocrx_word' id='word_1_541' title='bbox 732 5383 786 5437; x_wconf 90' lang='lat' dir='ltr'><strong>in</strong></span> <span class='ocrx_word' id='word_1_542' title='bbox 806 5397 911 5450; x_wconf 90' lang='lat' dir='ltr'><strong>qua</strong></span> <span class='ocrx_word' id='word_1_543' title='bbox 938 5381 1109 5436; x_wconf 79' lang='lat' dir='ltr'><strong>beata:</strong></span> <span class='ocrx_word' id='word_1_544' title='bbox 1129 5379 1308 5433; x_wconf 75' lang='lat' dir='ltr'><strong>Maria:</strong></span> <span class='ocrx_word' id='word_1_545' title='bbox 1336 5393 1556 5450; x_wconf 79' lang='lat' dir='ltr'><strong>semper</strong></span> <span class='ocrx_word' id='word_1_546' title='bbox 1570 5376 1807 5450; x_wconf 87' lang='lat' dir='ltr'><strong>Virginis</strong></span> <span class='ocrx_word' id='word_1_547' title='bbox 1826 5374 1961 5450; x_wconf 73' lang='lat' dir='ltr'><strong>ima-</strong></span> 
     </span>
    </p>
   </div>
   <div class='ocr_carea' id='block_1_73' title="bbox 374 5446 1959 5525">
    <p class='ocr_par' dir='ltr' id='par_1_73' title="bbox 374 5446 1959 5525">
     <span class='ocr_line' id='line_1_78' title="bbox 374 5446 1959 5525; baseline -0.008 -14"><span class='ocrx_word' id='word_1_548' title='bbox 374 5470 441 5525; x_wconf 89' lang='lat' dir='ltr'><strong>go</strong></span> <span class='ocrx_word' id='word_1_549' title='bbox 464 5455 657 5510; x_wconf 87' lang='lat' dir='ltr'><strong>Filium</strong></span> <span class='ocrx_word' id='word_1_550' title='bbox 686 5446 748 5507; x_wconf 80' lang='lat' dir='ltr'><strong>in</strong></span> <span class='ocrx_word' id='word_1_551' title='bbox 779 5446 984 5521; x_wconf 75' lang='lat' dir='ltr'><strong>gremio</strong></span> <span class='ocrx_word' id='word_1_552' title='bbox 1006 5450 1288 5525; x_wconf 80' lang='lat' dir='ltr'><strong>gestantis,</strong></span> <span class='ocrx_word' id='word_1_553' title='bbox 1321 5464 1419 5503; x_wconf 92' lang='lat' dir='ltr'><strong>acu</strong></span> <span class='ocrx_word' id='word_1_554' title='bbox 1443 5446 1584 5525; x_wconf 63' lang='lat' dir='ltr'><strong>(rudi</strong></span> <span class='ocrx_word' id='word_1_555' title='bbox 1613 5455 1792 5525; x_wconf 75' lang='lat' dir='ltr'><strong>tamen</strong></span> <span class='ocrx_word' id='word_1_556' title='bbox 1820 5446 1959 5514; x_wconf 89' lang='lat' dir='ltr'><strong>arte)</strong></span> 
     </span>
    </p>
   </div>
   <div class='ocr_carea' id='block_1_74' title="bbox 376 5518 1959 5596">
    <p class='ocr_par' dir='ltr' id='par_1_74' title="bbox 376 5518 1959 5596">
     <span class='ocr_line' id='line_1_79' title="bbox 376 5518 1959 5596; baseline -0.008 -15"><span class='ocrx_word' id='word_1_557' title='bbox 376 5518 519 5596; x_wconf 76' lang='lat' dir='ltr'><strong>picta</strong></span> <span class='ocrx_word' id='word_1_558' title='bbox 534 5518 804 5596; x_wconf 71' lang='lat' dir='ltr'><strong>cernitur,</strong></span> <span class='ocrx_word' id='word_1_559' title='bbox 832 5518 1070 5596; x_wconf 75' lang='lat' dir='ltr'><strong>puerulis</strong></span> <span class='ocrx_word' id='word_1_560' title='bbox 1098 5521 1355 5596; x_wconf 74' lang='lat' dir='ltr'><strong>alatisac</strong></span> <span class='ocrx_word' id='word_1_561' title='bbox 1382 5518 1609 5574; x_wconf 90' lang='lat' dir='ltr'><strong>stellulis</strong></span> <span class='ocrx_word' id='word_1_562' title='bbox 1630 5518 1959 5596; x_wconf 61' lang='lat' dir='ltr'><strong>circumspe-</strong></span> 
     </span>
    </p>
   </div>
   <div class='ocr_carea' id='block_1_75' title="bbox 374 5586 1959 5664">
    <p class='ocr_par' dir='ltr' id='par_1_75' title="bbox 374 5586 1959 5664">
     <span class='ocr_line' id='line_1_80' title="bbox 374 5586 1959 5664; baseline -0.008 -12"><span class='ocrx_word' id='word_1_563' title='bbox 374 5586 482 5652; x_wconf 74' lang='lat' dir='ltr'><strong>cta.</strong></span> <span class='ocrx_word' id='word_1_564' title='bbox 506 5586 868 5664; x_wconf 73' lang='lat' dir='ltr'><strong>Usumlitaque</strong></span> <span class='ocrx_word' id='word_1_565' title='bbox 887 5595 1060 5648; x_wconf 73' lang='lat' dir='ltr'><strong>mitra:</strong></span> <span class='ocrx_word' id='word_1_566' title='bbox 1081 5591 1506 5664; x_wconf 83' lang='lat' dir='ltr'><strong>antiquissimum</strong></span> <span class='ocrx_word' id='word_1_567' title='bbox 1527 5598 1653 5664; x_wconf 80' lang='lat' dir='ltr'><strong>ante</strong></span> <span class='ocrx_word' id='word_1_568' title='bbox 1671 5588 1816 5642; x_wconf 88' lang='lat' dir='ltr'><strong>beati</strong></span> <span class='ocrx_word' id='word_1_569' title='bbox 1832 5586 1959 5640; x_wconf 91' lang='lat' dir='ltr'><strong>Gre-</strong></span> 
     </span>
    </p>
   </div>
   <div class='ocr_carea' id='block_1_76' title="bbox 374 5660 1953 5737">
    <p class='ocr_par' dir='ltr' id='par_1_76' title="bbox 374 5660 1953 5737">
     <span class='ocr_line' id='line_1_81' title="bbox 374 5660 1953 5737; baseline -0.008 -13"><span class='ocrx_word' id='word_1_570' title='bbox 374 5670 508 5737; x_wconf 88' lang='lat' dir='ltr'><strong>gorii</strong></span> <span class='ocrx_word' id='word_1_571' title='bbox 538 5660 715 5737; x_wconf 77' lang='lat' dir='ltr'><strong>Magni</strong></span> <span class='ocrx_word' id='word_1_572' title='bbox 740 5660 1108 5737; x_wconf 79' lang='lat' dir='ltr'><strong>pontificatum</strong></span> <span class='ocrx_word' id='word_1_573' title='bbox 1134 5661 1295 5737; x_wconf 68' lang='lat' dir='ltr'><strong>fuisse</strong></span> <span class='ocrx_word' id='word_1_574' title='bbox 1315 5660 1953 5737; x_wconf 70' lang='lat' dir='ltr'><strong>ambigendumnonest.</strong></span> 
     </span>
    </p>
   </div>
   <div class='ocr_carea' id='block_1_77' title="bbox 447 5728 1960 5805">
    <p class='ocr_par' dir='ltr' id='par_1_77' title="bbox 447 5728 1960 5805">
     <span class='ocr_line' id='line_1_82' title="bbox 447 5728 1960 5805; baseline -0.007 -14"><span class='ocrx_word' id='word_1_575' title='bbox 447 5728 705 5805; x_wconf 72' lang='lat' dir='ltr'><strong>Quamvis</strong></span> <span class='ocrx_word' id='word_1_576' title='bbox 731 5728 909 5805; x_wconf 80' lang='lat' dir='ltr'><strong>autem</strong></span> <span class='ocrx_word' id='word_1_577' title='bbox 949 5732 1266 5805; x_wconf 68' lang='lat' dir='ltr'><strong>diadematis</strong></span> <span class='ocrx_word' id='word_1_578' title='bbox 1308 5732 1394 5786; x_wconf 89' lang='lat' dir='ltr'><strong>vel</strong></span> <span class='ocrx_word' id='word_1_579' title='bbox 1420 5728 1636 5805; x_wconf 59' lang='lat' dir='ltr'><strong>corona</strong></span> <span class='ocrx_word' id='word_1_580' title='bbox 1672 5731 1785 5805; x_wconf 65' lang='lat' dir='ltr'><strong>sive</strong></span> <span class='ocrx_word' id='word_1_581' title='bbox 1812 5728 1960 5805; x_wconf 68' lang='lat' dir='ltr'><strong>tiarae</strong></span> 
     </span>
    </p>
   </div>
   <div class='ocr_carea' id='block_1_78' title="bbox 415 5796 1961 5871">
    <p class='ocr_par' dir='ltr' id='par_1_78' title="bbox 415 5796 1961 5871">
     <span class='ocr_line' id='line_1_83' title="bbox 415 5796 1961 5871; baseline -0.007 -9"><span class='ocrx_word' id='word_1_582' title='bbox 415 5796 704 5863; x_wconf 61' lang='lat' dir='ltr'><strong>oritificalis</strong></span> <span class='ocrx_word' id='word_1_583' title='bbox 750 5804 1009 5871; x_wconf 89' lang='lat' dir='ltr'><strong>originem</strong></span> <span class='ocrx_word' id='word_1_584' title='bbox 1060 5802 1370 5871; x_wconf 89' lang='lat' dir='ltr'><strong>Sigebertus</strong></span> <span class='ocrx_word' id='word_1_585' title='bbox 1426 5803 1491 5856; x_wconf 90' lang='lat' dir='ltr'><strong>ad</strong></span> <span class='ocrx_word' id='word_1_586' title='bbox 1541 5816 1712 5856; x_wconf 87' lang='lat' dir='ltr'><strong>annos</strong></span> <span class='ocrx_word' id='word_1_587' title='bbox 1747 5796 1961 5871; x_wconf 80' lang='lat' dir='ltr'><strong>Domini</strong></span> 
     </span>
    </p>
   </div>
   <div class='ocr_carea' id='block_1_79' title="bbox 379 5825 1961 5941">
    <p class='ocr_par' dir='ltr' id='par_1_79' title="bbox 379 5825 1961 5941">
     <span class='ocr_line' id='line_1_84' title="bbox 415 5825 1961 5871; baseline -0.007 -9"><span class='ocrx_word' id='word_1_588' title='bbox 415 5825 704 5863; x_wconf 72' lang='lat' dir='ltr'><strong>Ollllllcalls</strong></span> <span class='ocrx_word' id='word_1_589' title='bbox 750 5825 1009 5871; x_wconf 80' lang='lat' dir='ltr'><strong>originem</strong></span> <span class='ocrx_word' id='word_1_590' title='bbox 1060 5825 1370 5871; x_wconf 69' lang='lat' dir='ltr'><strong>atgcuertus</strong></span> <span class='ocrx_word' id='word_1_591' title='bbox 1426 5825 1491 5856; x_wconf 79' lang='lat' dir='ltr'><strong>au</strong></span> <span class='ocrx_word' id='word_1_592' title='bbox 1541 5825 1712 5856; x_wconf 73' lang='lat' dir='ltr'><strong>annos</strong></span> <span class='ocrx_word' id='word_1_593' title='bbox 1747 5825 1961 5853; x_wconf 84' lang='grc' dir='ltr'>υυωιιιι</span> 
     </span>
     <span class='ocr_line' id='line_1_85' title="bbox 379 5825 1961 5941; baseline -0.006 -7"><span class='ocrx_word' id='word_1_594' title='bbox 379 5825 504 5941; x_wconf 58' lang='grc' dir='ltr'><strong>ἓόθ.</strong></span> <span class='ocrx_word' id='word_1_595' title='bbox 536 5888 591 5933; x_wconf 91' lang='lat' dir='ltr'><strong>et</strong></span> <span class='ocrx_word' id='word_1_596' title='bbox 617 5874 898 5930; x_wconf 81' lang='lat' dir='ltr'><strong>Aimoinus</strong></span> <span class='ocrx_word' id='word_1_597' title='bbox 926 5876 1040 5930; x_wconf 89' lang='lat' dir='ltr'><strong>sive</strong></span> <span class='ocrx_word' id='word_1_598' title='bbox 1068 5873 1347 5927; x_wconf 82' lang='lat' dir='ltr'><strong>Annonius</strong></span> <span class='ocrx_word' id='word_1_599' title='bbox 1386 5871 1677 5928; x_wconf 87' lang='lat' dir='ltr'><strong>monachus</strong></span> <span class='ocrx_word' id='word_1_600' title='bbox 1704 5871 1757 5925; x_wconf 89' lang='lat' dir='ltr'><strong>in</strong></span> <span class='ocrx_word' id='word_1_601' title='bbox 1778 5868 1961 5924; x_wconf 77' lang='lat' dir='ltr'><strong>Histo-</strong></span> 
     </span>
    </p>
   </div>
   <div class='ocr_carea' id='block_1_80' title="bbox 379 5941 1963 6014">
    <p class='ocr_par' dir='ltr' id='par_1_80' title="bbox 379 5941 1963 6014">
     <span class='ocr_line' id='line_1_86' title="bbox 379 5941 1963 6014; baseline -0.006 -12"><span class='ocrx_word' id='word_1_602' title='bbox 379 5950 459 6004; x_wconf 84' lang='lat' dir='ltr'><strong>ria</strong></span> <span class='ocrx_word' id='word_1_603' title='bbox 488 5948 817 6004; x_wconf 84' lang='lat' dir='ltr'><strong>Francorum</strong></span> <span class='ocrx_word' id='word_1_604' title='bbox 837 5986 854 6014; x_wconf 94' lang='lat'><strong>,</strong></span> <span class='ocrx_word' id='word_1_605' title='bbox 883 5946 975 6000; x_wconf 82' lang='lat' dir='ltr'><strong>lib.</strong></span> <span class='ocrx_word' id='word_1_606' title='bbox 1008 5959 1045 6009; x_wconf 81' lang='grc' dir='ltr'>ι,</span> <span class='ocrx_word' id='word_1_607' title='bbox 1077 5958 1193 6012; x_wconf 86' lang='lat' dir='ltr'><strong>cap.</strong></span> <span class='ocrx_word' id='word_1_608' title='bbox 1231 5941 1303 5995; x_wconf 66' lang='grc' dir='ltr'><strong>ΞΜ</strong></span> <span class='ocrx_word' id='word_1_609' title='bbox 1324 5983 1339 6008; x_wconf 86' lang='grc'><em>,</em></span> <span class='ocrx_word' id='word_1_610' title='bbox 1367 5942 1639 5999; x_wconf 89' lang='lat' dir='ltr'><strong>Clodoveo</strong></span> <span class='ocrx_word' id='word_1_611' title='bbox 1679 5950 1963 6014; x_wconf 72' lang='lat' dir='ltr'><strong>acceptam</strong></span> 
     </span>
    </p>
   </div>
   <div class='ocr_carea' id='block_1_81' title="bbox 380 6011 1961 6085">
    <p class='ocr_par' dir='ltr' id='par_1_81' title="bbox 380 6011 1961 6085">
     <span class='ocr_line' id='line_1_87' title="bbox 380 6011 1961 6085; baseline -0.004 -14"><span class='ocrx_word' id='word_1_612' title='bbox 380 6022 636 6085; x_wconf 73' lang='lat' dir='ltr'><strong>referant,</strong></span> <span class='ocrx_word' id='word_1_613' title='bbox 652 6011 891 6073; x_wconf 76' lang='lat' dir='ltr'><strong>dicentes</strong></span> <span class='ocrx_word' id='word_1_614' title='bbox 910 6011 1248 6071; x_wconf 79' lang='lat' dir='ltr'><strong>Anastasiuro</strong></span> <span class='ocrx_word' id='word_1_615' title='bbox 1267 6014 1646 6081; x_wconf 81' lang='lat' dir='ltr'><strong>imperatorem</strong></span> <span class='ocrx_word' id='word_1_616' title='bbox 1666 6011 1961 6079; x_wconf 86' lang='lat' dir='ltr'><strong>Clodoveo,</strong></span> 
     </span>
    </p>
   </div>
   <div class='ocr_carea' id='block_1_82' title="bbox 608 2217 1971 2287">
    <p class='ocr_par' dir='ltr' id='par_1_82' title="bbox 608 2217 1971 2287">
     <span class='ocr_line' id='line_1_88' title="bbox 608 2217 1971 2287; baseline -0.004 -15"><span class='ocrx_word' id='word_1_617' title='bbox 608 2218 714 2273; x_wconf 90' lang='lat' dir='ltr'><strong>eati</strong></span> <span class='ocrx_word' id='word_1_618' title='bbox 744 2217 987 2287; x_wconf 82' lang='lat' dir='ltr'><strong>Gregorii</strong></span> <span class='ocrx_word' id='word_1_619' title='bbox 1030 2217 1366 2283; x_wconf 89' lang='lat' dir='ltr'><strong>describitur,</strong></span> <span class='ocrx_word' id='word_1_620' title='bbox 1395 2217 1594 2287; x_wconf 91' lang='lat' dir='ltr'><strong>quippe</strong></span> <span class='ocrx_word' id='word_1_621' title='bbox 1635 2232 1754 2286; x_wconf 64' lang='lat' dir='ltr'><strong>quae</strong></span> <span class='ocrx_word' id='word_1_622' title='bbox 1795 2217 1971 2286; x_wconf 63' lang='lat' dir='ltr'><strong>jussu~</strong></span> 
     </span>
    </p>
   </div>
   <div class='ocr_carea' id='block_1_83' title="bbox 2054 671 3634 747">
    <p class='ocr_par' dir='ltr' id='par_1_83' title="bbox 2054 671 3634 747">
     <span class='ocr_line' id='line_1_89' title="bbox 2054 671 3634 747; baseline 0.005 -21"><span class='ocrx_word' id='word_1_623' title='bbox 2054 671 2282 747; x_wconf 78' lang='lat' dir='ltr'><strong>misisse,</strong></span> <span class='ocrx_word' id='word_1_624' title='bbox 2310 671 2541 747; x_wconf 85' lang='lat' dir='ltr'><strong>eamque</strong></span> <span class='ocrx_word' id='word_1_625' title='bbox 2567 675 2760 747; x_wconf 78' lang='lat' dir='ltr'><strong>deinde</strong></span> <span class='ocrx_word' id='word_1_626' title='bbox 2779 692 2810 731; x_wconf 91' lang='lat' dir='ltr'><strong>a</strong></span> <span class='ocrx_word' id='word_1_627' title='bbox 2837 677 3113 734; x_wconf 82' lang='lat' dir='ltr'><strong>Clodoveo</strong></span> <span class='ocrx_word' id='word_1_628' title='bbox 3142 676 3239 747; x_wconf 93' lang='lat' dir='ltr'><strong>ipsi</strong></span> <span class='ocrx_word' id='word_1_629' title='bbox 3252 671 3452 733; x_wconf 57' lang='lat' dir='ltr'><strong>&#39;sancto</strong></span> <span class='ocrx_word' id='word_1_630' title='bbox 3474 675 3634 734; x_wconf 92' lang='lat' dir='ltr'><strong>Petro</strong></span> 
     </span>
    </p>
   </div>
   <div class='ocr_carea' id='block_1_84' title="bbox 2054 742 3634 819">
    <p class='ocr_par' dir='ltr' id='par_1_84' title="bbox 2054 742 3634 819">
     <span class='ocr_line' id='line_1_90' title="bbox 2054 742 3634 819; baseline 0.005 -25"><span class='ocrx_word' id='word_1_631' title='bbox 2054 742 2196 819; x_wconf 71' lang='lat' dir='ltr'><strong>ultro</strong></span> <span class='ocrx_word' id='word_1_632' title='bbox 2234 742 2468 819; x_wconf 78' lang='lat' dir='ltr'><strong>oblatam</strong></span> <span class='ocrx_word' id='word_1_633' title='bbox 2498 745 2833 819; x_wconf 42' lang='lat' dir='ltr'><strong>velintllegi</strong></span> <span class='ocrx_word' id='word_1_634' title='bbox 2879 757 3058 804; x_wconf 89' lang='lat' dir='ltr'><strong>tamen</strong></span> <span class='ocrx_word' id='word_1_635' title='bbox 3107 742 3249 819; x_wconf 79' lang='lat' dir='ltr'><strong>apud</strong></span> <span class='ocrx_word' id='word_1_636' title='bbox 3295 747 3634 819; x_wconf 86' lang='lat' dir='ltr'><strong>Anastasium</strong></span> 
     </span>
    </p>
   </div>
   <div class='ocr_carea' id='block_1_85' title="bbox 2052 812 3634 894">
    <p class='ocr_par' dir='ltr' id='par_1_85' title="bbox 2052 812 3634 894">
     <span class='ocr_line' id='line_1_91' title="bbox 2052 812 3634 894; baseline 0.006 -29"><span class='ocrx_word' id='word_1_637' title='bbox 2052 812 2523 894; x_wconf 68' lang='lat' dir='ltr'><strong>Biblipthecarium</strong></span> <span class='ocrx_word' id='word_1_638' title='bbox 2549 854 2565 879; x_wconf 90' lang='lat'><strong>,</strong></span> <span class='ocrx_word' id='word_1_639' title='bbox 2596 825 2651 870; x_wconf 89' lang='lat' dir='ltr'><strong>et</strong></span> <span class='ocrx_word' id='word_1_640' title='bbox 2680 812 2941 873; x_wconf 76' lang='lat' dir='ltr'><strong>Platinam</strong></span> <span class='ocrx_word' id='word_1_641' title='bbox 2961 812 3429 894; x_wconf 77' lang='lat' dir='ltr'><strong>_,_complur_esque</strong></span> <span class='ocrx_word' id='word_1_642' title='bbox 3458 818 3594 894; x_wconf 76' lang='lat' dir='ltr'><strong>alios</strong></span> <span class='ocrx_word' id='word_1_643' title='bbox 3616 860 3634 885; x_wconf 93' lang='lat'><strong>,</strong></span> 
     </span>
    </p>
   </div>
   <div class='ocr_carea' id='block_1_86' title="bbox 2052 883 3633 959">
    <p class='ocr_par' dir='ltr' id='par_1_86' title="bbox 2052 883 3633 959">
     <span class='ocr_line' id='line_1_92' title="bbox 2052 883 3633 959; baseline 0.003 -23"><span class='ocrx_word' id='word_1_644' title='bbox 2052 883 2146 953; x_wconf 91' lang='lat' dir='ltr'><strong>qui</strong></span> <span class='ocrx_word' id='word_1_645' title='bbox 2174 883 2409 959; x_wconf 79' lang='lat' dir='ltr'><strong>Annales</strong></span> <span class='ocrx_word' id='word_1_646' title='bbox 2436 885 2799 959; x_wconf 78' lang='lat' dir='ltr'><strong>Romanorum</strong></span> <span class='ocrx_word' id='word_1_647' title='bbox 2826 883 3382 959; x_wconf 58' lang='lat' dir='ltr'><strong>pontificum&#39;scriptis</strong></span> <span class='ocrx_word' id='word_1_648' title='bbox 3413 883 3633 959; x_wconf 55' lang='lat' dir='ltr'><strong>manda;</strong></span> 
     </span>
    </p>
   </div>
   <div class='ocr_carea' id='block_1_87' title="bbox 2053 955 3632 1029">
    <p class='ocr_par' dir='ltr' id='par_1_87' title="bbox 2053 955 3632 1029">
     <span class='ocr_line' id='line_1_93' title="bbox 2053 955 3632 1029; baseline 0.003 -22"><span class='ocrx_word' id='word_1_649' title='bbox 2053 961 2208 1029; x_wconf 77' lang='lat' dir='ltr'><strong>runt,</strong></span> <span class='ocrx_word' id='word_1_650' title='bbox 2240 955 2437 1029; x_wconf 81' lang='lat' dir='ltr'><strong>multos</strong></span> <span class='ocrx_word' id='word_1_651' title='bbox 2464 972 2533 1011; x_wconf 87' lang='lat' dir='ltr'><strong>ex</strong></span> <span class='ocrx_word' id='word_1_652' title='bbox 2560 955 2951 1025; x_wconf 87' lang='lat' dir='ltr'><strong>antiquioribus</strong></span> <span class='ocrx_word' id='word_1_653' title='bbox 2986 955 3325 1029; x_wconf 83' lang='lat' dir='ltr'><strong>pontificibus</strong></span> <span class='ocrx_word' id='word_1_654' title='bbox 3353 968 3479 1014; x_wconf 91' lang='lat' dir='ltr'><strong>ante</strong></span> <span class='ocrx_word' id='word_1_655' title='bbox 3502 956 3632 1012; x_wconf 85' lang='lat' dir='ltr'><strong>Clo-</strong></span> 
     </span>
    </p>
   </div>
   <div class='ocr_carea' id='block_1_88' title="bbox 2052 1023 3633 1105">
    <p class='ocr_par' dir='ltr' id='par_1_88' title="bbox 2052 1023 3633 1105">
     <span class='ocr_line' id='line_1_94' title="bbox 2052 1023 3633 1105; baseline 0.003 -27"><span class='ocrx_word' id='word_1_656' title='bbox 2052 1023 2282 1105; x_wconf 77' lang='lat' dir='ltr'><strong>doveutn</strong></span> <span class='ocrx_word' id='word_1_657' title='bbox 2303 1025 2464 1081; x_wconf 86' lang='lat' dir='ltr'><strong>fuisse</strong></span> <span class='ocrx_word' id='word_1_658' title='bbox 2484 1023 2793 1091; x_wconf 78' lang='lat' dir='ltr'><strong>coronatos,</strong></span> <span class='ocrx_word' id='word_1_659' title='bbox 2818 1023 3101 1105; x_wconf 83' lang='lat' dir='ltr'><strong>pap_alique</strong></span> <span class='ocrx_word' id='word_1_660' title='bbox 3129 1030 3633 1105; x_wconf 70' lang='lat' dir='ltr'><strong>insignitoscorona</strong></span> 
     </span>
    </p>
   </div>
   <div class='ocr_carea' id='block_1_89' title="bbox 2052 1097 3634 1178">
    <p class='ocr_par' dir='ltr' id='par_1_89' title="bbox 2052 1097 3634 1178">
     <span class='ocr_line' id='line_1_95' title="bbox 2052 1097 3634 1178; baseline 0.003 -30"><span class='ocrx_word' id='word_1_661' title='bbox 2052 1097 2165 1178; x_wconf 79' lang='lat' dir='ltr'><strong>sive</strong></span> <span class='ocrx_word' id='word_1_662' title='bbox 2202 1097 2550 1178; x_wconf 76' lang='lat' dir='ltr'><strong>tiara,_quam</strong></span> <span class='ocrx_word' id='word_1_663' title='bbox 2590 1097 3335 1178; x_wconf 30' lang='lat' dir='ltr'><strong>regnum’vulgo&#39;appellant.</strong></span> <span class='ocrx_word' id='word_1_664' title='bbox 3362 1098 3497 1153; x_wconf 90' lang='lat' dir='ltr'><strong>lllud</strong></span> <span class='ocrx_word' id='word_1_665' title='bbox 3537 1113 3634 1178; x_wconf 82' lang='lat' dir='ltr'><strong>a_u-</strong></span> 
     </span>
    </p>
   </div>
   <div class='ocr_carea' id='block_1_90' title="bbox 2052 1167 3630 1237">
    <p class='ocr_par' dir='ltr' id='par_1_90' title="bbox 2052 1167 3630 1237">
     <span class='ocr_line' id='line_1_96' title="bbox 2052 1167 3630 1237; baseline 0.003 -19"><span class='ocrx_word' id='word_1_666' title='bbox 2052 1171 2163 1237; x_wconf 87' lang='lat' dir='ltr'><strong>tem</strong></span> <span class='ocrx_word' id='word_1_667' title='bbox 2190 1167 2327 1221; x_wconf 91' lang='lat' dir='ltr'><strong>scitu</strong></span> <span class='ocrx_word' id='word_1_668' title='bbox 2355 1167 2573 1236; x_wconf 89' lang='lat' dir='ltr'><strong>dignum</strong></span> <span class='ocrx_word' id='word_1_669' title='bbox 2600 1168 2833 1234; x_wconf 90' lang='lat' dir='ltr'><strong>videtur,</strong></span> <span class='ocrx_word' id='word_1_670' title='bbox 2863 1169 3003 1237; x_wconf 92' lang='lat' dir='ltr'><strong>quod</strong></span> <span class='ocrx_word' id='word_1_671' title='bbox 3034 1167 3169 1224; x_wconf 81' lang='lat' dir='ltr'><strong>tiara</strong></span> <span class='ocrx_word' id='word_1_672' title='bbox 3196 1171 3368 1226; x_wconf 91' lang='lat' dir='ltr'><strong>tribus</strong></span> <span class='ocrx_word' id='word_1_673' title='bbox 3395 1168 3630 1233; x_wconf 91' lang='lat' dir='ltr'><strong>coronis,</strong></span> 
     </span>
    </p>
   </div>
   <div class='ocr_carea' id='block_1_91' title="bbox 2051 1236 3635 1309">
    <p class='ocr_par' dir='ltr' id='par_1_91' title="bbox 2051 1236 3635 1309">
     <span class='ocr_line' id='line_1_97' title="bbox 2051 1236 3635 1309; baseline 0.002 -19"><span class='ocrx_word' id='word_1_674' title='bbox 2051 1236 2254 1309; x_wconf 85' lang='lat' dir='ltr'><strong>regiam</strong></span> <span class='ocrx_word' id='word_1_675' title='bbox 2283 1238 2509 1309; x_wconf 89' lang='lat' dir='ltr'><strong>scilicet,</strong></span> <span class='ocrx_word' id='word_1_676' title='bbox 2541 1236 2961 1309; x_wconf 84' lang='lat' dir='ltr'><strong>imperatoriam,</strong></span> <span class='ocrx_word' id='word_1_677' title='bbox 2994 1248 3051 1295; x_wconf 91' lang='lat' dir='ltr'><strong>et</strong></span> <span class='ocrx_word' id='word_1_678' title='bbox 3069 1240 3487 1305; x_wconf 87' lang='lat' dir='ltr'><strong>sacerdotalem,</strong></span> <span class='ocrx_word' id='word_1_679' title='bbox 3517 1239 3635 1307; x_wconf 85' lang='lat' dir='ltr'><strong>ple-</strong></span> 
     </span>
    </p>
   </div>
   <div class='ocr_carea' id='block_1_92' title="bbox 2052 1307 3634 1379">
    <p class='ocr_par' dir='ltr' id='par_1_92' title="bbox 2052 1307 3634 1379">
     <span class='ocr_line' id='line_1_98' title="bbox 2052 1307 3634 1379; baseline 0.002 -20"><span class='ocrx_word' id='word_1_680' title='bbox 2052 1307 2260 1361; x_wconf 89' lang='lat' dir='ltr'><strong>nariam</strong></span> <span class='ocrx_word' id='word_1_681' title='bbox 2290 1308 2544 1364; x_wconf 86' lang='lat' dir='ltr'><strong>videlicet</strong></span> <span class='ocrx_word' id='word_1_682' title='bbox 2570 1307 2632 1362; x_wconf 73' lang='lat' dir='ltr'><strong>et</strong></span> <span class='ocrx_word' id='word_1_683' title='bbox 2653 1310 3013 1365; x_wconf 90' lang='lat' dir='ltr'><strong>universalem</strong></span> <span class='ocrx_word' id='word_1_684' title='bbox 3041 1310 3205 1365; x_wconf 90' lang='lat' dir='ltr'><strong>totius</strong></span> <span class='ocrx_word' id='word_1_685' title='bbox 3224 1309 3371 1379; x_wconf 84' lang='lat' dir='ltr'><strong>orbis</strong></span> <span class='ocrx_word' id='word_1_686' title='bbox 3394 1317 3634 1379; x_wconf 86' lang='lat' dir='ltr'><strong>potesta-</strong></span> 
     </span>
    </p>
   </div>
   <div class='ocr_carea' id='block_1_93' title="bbox 2054 1378 3632 1447">
    <p class='ocr_par' dir='ltr' id='par_1_93' title="bbox 2054 1378 3632 1447">
     <span class='ocr_line' id='line_1_99' title="bbox 2054 1378 3632 1447; baseline 0.002 -18"><span class='ocrx_word' id='word_1_687' title='bbox 2054 1384 2160 1447; x_wconf 75' lang='lat' dir='ltr'><strong>tem</strong></span> <span class='ocrx_word' id='word_1_688' title='bbox 2186 1380 2710 1447; x_wconf 74' lang='lat' dir='ltr'><strong>reprzrsentantibus,</strong></span> <span class='ocrx_word' id='word_1_689' title='bbox 2740 1380 3015 1447; x_wconf 87' lang='lat' dir='ltr'><strong>decorata,</strong></span> <span class='ocrx_word' id='word_1_690' title='bbox 3050 1379 3262 1434; x_wconf 88' lang='lat' dir='ltr'><strong>nonnisi</strong></span> <span class='ocrx_word' id='word_1_691' title='bbox 3297 1378 3407 1447; x_wconf 90' lang='lat' dir='ltr'><strong>jam</strong></span> <span class='ocrx_word' id='word_1_692' title='bbox 3452 1378 3574 1433; x_wconf 91' lang='lat' dir='ltr'><strong>inde</strong></span> <span class='ocrx_word' id='word_1_693' title='bbox 3600 1393 3632 1432; x_wconf 89' lang='lat' dir='ltr'><strong>a</strong></span> 
     </span>
    </p>
   </div>
   <div class='ocr_carea' id='block_1_94' title="bbox 2052 1445 3633 1528">
    <p class='ocr_par' dir='ltr' id='par_1_94' title="bbox 2052 1445 3633 1528">
     <span class='ocr_line' id='line_1_100' title="bbox 2052 1445 3633 1528; baseline 0.001 -29"><span class='ocrx_word' id='word_1_694' title='bbox 2052 1445 2329 1528; x_wconf 76' lang='lat' dir='ltr'><strong>Bonifacio</strong></span> <span class='ocrx_word' id='word_1_695' title='bbox 2356 1447 2490 1514; x_wconf 90' lang='lat' dir='ltr'><strong>Vlll,</strong></span> <span class='ocrx_word' id='word_1_696' title='bbox 2519 1464 2585 1528; x_wconf 73' lang='lat' dir='ltr'><strong>ex</strong></span> <span class='ocrx_word' id='word_1_697' title='bbox 2612 1450 2939 1528; x_wconf 83' lang='lat' dir='ltr'><strong>nobilissima</strong></span> <span class='ocrx_word' id='word_1_698' title='bbox 2965 1445 3224 1519; x_wconf 84' lang='lat' dir='ltr'><strong>Cajetana</strong></span> <span class='ocrx_word' id='word_1_699' title='bbox 3241 1445 3633 1528; x_wconf 79' lang='lat' dir='ltr'><strong>familia,us_um</strong></span> 
     </span>
    </p>
   </div>
   <div class='ocr_carea' id='block_1_95' title="bbox 2051 1516 3633 1588">
    <p class='ocr_par' dir='ltr' id='par_1_95' title="bbox 2051 1516 3633 1588">
     <span class='ocr_line' id='line_1_101' title="bbox 2051 1516 3633 1588; baseline 0 -18"><span class='ocrx_word' id='word_1_700' title='bbox 2051 1519 2257 1588; x_wconf 87' lang='lat' dir='ltr'><strong>recepit</strong></span> <span class='ocrx_word' id='word_1_701' title='bbox 2287 1536 2300 1571; x_wconf 91' lang='lat'><strong>:</strong></span> <span class='ocrx_word' id='word_1_702' title='bbox 2333 1528 2459 1574; x_wconf 90' lang='lat' dir='ltr'><strong>ante</strong></span> <span class='ocrx_word' id='word_1_703' title='bbox 2484 1521 2626 1574; x_wconf 92' lang='lat' dir='ltr'><strong>enim</strong></span> <span class='ocrx_word' id='word_1_704' title='bbox 2656 1521 2847 1575; x_wconf 87' lang='lat' dir='ltr'><strong>tiaram</strong></span> <span class='ocrx_word' id='word_1_705' title='bbox 2876 1536 2981 1575; x_wconf 89' lang='lat' dir='ltr'><strong>una</strong></span> <span class='ocrx_word' id='word_1_706' title='bbox 3012 1516 3218 1575; x_wconf 84' lang='lat' dir='ltr'><strong>tantum</strong></span> <span class='ocrx_word' id='word_1_707' title='bbox 3244 1534 3444 1574; x_wconf 90' lang='lat' dir='ltr'><strong>corona</strong></span> <span class='ocrx_word' id='word_1_708' title='bbox 3481 1516 3633 1588; x_wconf 89' lang='lat' dir='ltr'><strong>idem</strong></span> 
     </span>
    </p>
   </div>
   <div class='ocr_carea' id='block_1_96' title="bbox 2052 1587 3635 1668">
    <p class='ocr_par' dir='ltr' id='par_1_96' title="bbox 2052 1587 3635 1668">
     <span class='ocr_line' id='line_1_102' title="bbox 2052 1587 3635 1668; baseline 0.001 -27"><span class='ocrx_word' id='word_1_709' title='bbox 2052 1587 2308 1668; x_wconf 75' lang='lat' dir='ltr'><strong>implicite</strong></span> <span class='ocrx_word' id='word_1_710' title='bbox 2336 1591 2828 1668; x_wconf 71' lang='lat' dir='ltr'><strong>comprehendente</strong></span> <span class='ocrx_word' id='word_1_711' title='bbox 2870 1606 2937 1668; x_wconf 81' lang='lat' dir='ltr'><strong>eo</strong></span> <span class='ocrx_word' id='word_1_712' title='bbox 2981 1606 3153 1668; x_wconf 80' lang='lat' dir='ltr'><strong>usque</strong></span> <span class='ocrx_word' id='word_1_713' title='bbox 3181 1596 3428 1668; x_wconf 75' lang='lat' dir='ltr'><strong>ornatam</strong></span> <span class='ocrx_word' id='word_1_714' title='bbox 3469 1587 3635 1668; x_wconf 77' lang='lat' dir='ltr'><strong>fuisse</strong></span> 
     </span>
    </p>
   </div>
   <div class='ocr_carea' id='block_1_97' title="bbox 2052 1657 3634 1730">
    <p class='ocr_par' dir='ltr' id='par_1_97' title="bbox 2052 1657 3634 1730">
     <span class='ocr_line' id='line_1_103' title="bbox 2052 1657 3634 1730; baseline -0.001 -18"><span class='ocrx_word' id='word_1_715' title='bbox 2052 1657 2252 1725; x_wconf 89' lang='lat' dir='ltr'><strong>inveni,</strong></span> <span class='ocrx_word' id='word_1_716' title='bbox 2283 1668 2343 1713; x_wconf 91' lang='lat' dir='ltr'><strong>ut</strong></span> <span class='ocrx_word' id='word_1_717' title='bbox 2369 1657 2557 1716; x_wconf 80' lang='lat' dir='ltr'><strong>videre</strong></span> <span class='ocrx_word' id='word_1_718' title='bbox 2584 1669 2667 1715; x_wconf 92' lang='lat' dir='ltr'><strong>est</strong></span> <span class='ocrx_word' id='word_1_719' title='bbox 2708 1662 2761 1716; x_wconf 91' lang='lat' dir='ltr'><strong>in</strong></span> <span class='ocrx_word' id='word_1_720' title='bbox 2792 1657 3181 1730; x_wconf 86' lang='lat' dir='ltr'><strong>antiquissimis</strong></span> <span class='ocrx_word' id='word_1_721' title='bbox 3204 1660 3452 1722; x_wconf 90' lang='lat' dir='ltr'><strong>musivis,</strong></span> <span class='ocrx_word' id='word_1_722' title='bbox 3482 1667 3539 1714; x_wconf 91' lang='lat' dir='ltr'><strong>et</strong></span> <span class='ocrx_word' id='word_1_723' title='bbox 3578 1657 3634 1730; x_wconf 81' lang='lat' dir='ltr'><strong>in</strong></span> 
     </span>
    </p>
   </div>
   <div class='ocr_carea' id='block_1_98' title="bbox 2050 1728 3636 1801">
    <p class='ocr_par' dir='ltr' id='par_1_98' title="bbox 2050 1728 3636 1801">
     <span class='ocr_line' id='line_1_104' title="bbox 2050 1728 3636 1801; baseline -0.001 -18"><span class='ocrx_word' id='word_1_724' title='bbox 2050 1730 2289 1801; x_wconf 86' lang='lat' dir='ltr'><strong>omnium</strong></span> <span class='ocrx_word' id='word_1_725' title='bbox 2321 1730 2686 1786; x_wconf 84' lang='lat' dir='ltr'><strong>Romanorum</strong></span> <span class='ocrx_word' id='word_1_726' title='bbox 2709 1728 3021 1801; x_wconf 17' lang='lat' dir='ltr'><strong>pontificium</strong></span> <span class='ocrx_word' id='word_1_727' title='bbox 3047 1732 3312 1798; x_wconf 88' lang='lat' dir='ltr'><strong>iconibus,</strong></span> <span class='ocrx_word' id='word_1_728' title='bbox 3333 1744 3453 1801; x_wconf 65' lang='lat' dir='ltr'><strong>qua:</strong></span> <span class='ocrx_word' id='word_1_729' title='bbox 3472 1728 3636 1801; x_wconf 73' lang='lat' dir='ltr'><strong>mucis</strong></span> 
     </span>
    </p>
   </div>
   <div class='ocr_carea' id='block_1_99' title="bbox 2054 1798 3635 1870">
    <p class='ocr_par' dir='ltr' id='par_1_99' title="bbox 2054 1798 3635 1870">
     <span class='ocr_line' id='line_1_105' title="bbox 2054 1798 3635 1870; baseline -0.002 -16"><span class='ocrx_word' id='word_1_730' title='bbox 2054 1799 2191 1870; x_wconf 76' lang='lat' dir='ltr'><strong>typis</strong></span> <span class='ocrx_word' id='word_1_731' title='bbox 2236 1800 2417 1855; x_wconf 69' lang='lat' dir='ltr'><strong>incisae</strong></span> <span class='ocrx_word' id='word_1_732' title='bbox 2462 1798 2773 1857; x_wconf 85' lang='lat' dir='ltr'><strong>cernuntur.</strong></span> <span class='ocrx_word' id='word_1_733' title='bbox 2814 1802 2953 1856; x_wconf 84' lang='lat' dir='ltr'><strong>Ante</strong></span> <span class='ocrx_word' id='word_1_734' title='bbox 2995 1803 3155 1870; x_wconf 88' lang='lat' dir='ltr'><strong>igitur</strong></span> <span class='ocrx_word' id='word_1_735' title='bbox 3204 1800 3349 1856; x_wconf 89' lang='lat' dir='ltr'><strong>beati</strong></span> <span class='ocrx_word' id='word_1_736' title='bbox 3388 1798 3635 1867; x_wconf 90' lang='lat' dir='ltr'><strong>Gregorii</strong></span> 
     </span>
    </p>
   </div>
   <div class='ocr_carea' id='block_1_100' title="bbox 2108 1871 3632 1940">
    <p class='ocr_par' dir='ltr' id='par_1_100' title="bbox 2108 1871 3632 1940">
     <span class='ocr_line' id='line_1_106' title="bbox 2108 1871 3632 1940; baseline 0 -19"><span class='ocrx_word' id='word_1_737' title='bbox 2108 1871 2227 1937; x_wconf 84' lang='lat' dir='ltr'><strong>agni</strong></span> <span class='ocrx_word' id='word_1_738' title='bbox 2255 1871 2661 1940; x_wconf 89' lang='lat' dir='ltr'><strong>pontificatum,</strong></span> <span class='ocrx_word' id='word_1_739' title='bbox 2694 1874 2867 1927; x_wconf 65' lang='lat' dir='ltr'><strong>mitra:</strong></span> <span class='ocrx_word' id='word_1_740' title='bbox 2908 1887 2972 1927; x_wconf 91' lang='lat' dir='ltr'><strong>ac</strong></span> <span class='ocrx_word' id='word_1_741' title='bbox 3010 1874 3160 1926; x_wconf 67' lang='lat' dir='ltr'><strong>tiaras</strong></span> <span class='ocrx_word' id='word_1_742' title='bbox 3198 1886 3326 1927; x_wconf 90' lang='lat' dir='ltr'><strong>usus</strong></span> <span class='ocrx_word' id='word_1_743' title='bbox 3365 1871 3632 1935; x_wconf 86' lang='lat' dir='ltr'><strong>exstabat,</strong></span> 
     </span>
    </p>
   </div>
   <div class='ocr_carea' id='block_1_101' title="bbox 2050 1940 3632 2011">
    <p class='ocr_par' dir='ltr' id='par_1_101' title="bbox 2050 1940 3632 2011">
     <span class='ocr_line' id='line_1_107' title="bbox 2050 1940 3632 2011; baseline -0.001 -18"><span class='ocrx_word' id='word_1_744' title='bbox 2050 1940 2335 2011; x_wconf 49' lang='lat' dir='ltr'><strong>ormnem,</strong></span> <span class='ocrx_word' id='word_1_745' title='bbox 2352 1950 2410 1995; x_wconf 95' lang='lat' dir='ltr'><strong>ut</strong></span> <span class='ocrx_word' id='word_1_746' title='bbox 2431 1942 2769 1997; x_wconf 81' lang='lat' dir='ltr'><strong>ethnicorum</strong></span> <span class='ocrx_word' id='word_1_747' title='bbox 2786 1943 2955 2011; x_wconf 90' lang='lat' dir='ltr'><strong>pileos</strong></span> <span class='ocrx_word' id='word_1_748' title='bbox 2970 1958 3032 1996; x_wconf 91' lang='lat' dir='ltr'><strong>ac</strong></span> <span class='ocrx_word' id='word_1_749' title='bbox 3052 1943 3237 1996; x_wconf 90' lang='lat' dir='ltr'><strong>mitras</strong></span> <span class='ocrx_word' id='word_1_750' title='bbox 3259 1940 3632 2011; x_wconf 73' lang='lat' dir='ltr'><strong>posthabeam,</strong></span> 
     </span>
    </p>
   </div>
   <div class='ocr_carea' id='block_1_102' title="bbox 2052 2007 3633 2075">
    <p class='ocr_par' dir='ltr' id='par_1_102' title="bbox 2052 2007 3633 2075">
     <span class='ocr_line' id='line_1_108' title="bbox 2052 2007 3633 2075; baseline 0.001 -14"><span class='ocrx_word' id='word_1_751' title='bbox 2052 2024 2081 2061; x_wconf 87' lang='lat' dir='ltr'><strong>a</strong></span> <span class='ocrx_word' id='word_1_752' title='bbox 2108 2007 2458 2065; x_wconf 84' lang='lat' dir='ltr'><strong>Testamento</strong></span> <span class='ocrx_word' id='word_1_753' title='bbox 2472 2011 2659 2066; x_wconf 88' lang='lat' dir='ltr'><strong>Veteri</strong></span> <span class='ocrx_word' id='word_1_754' title='bbox 2688 2007 2921 2066; x_wconf 81' lang='lat' dir='ltr'><strong>trahens.</strong></span> <span class='ocrx_word' id='word_1_755' title='bbox 2949 2012 3080 2066; x_wconf 86' lang='lat' dir='ltr'><strong>Nam</strong></span> <span class='ocrx_word' id='word_1_756' title='bbox 3110 2014 3163 2066; x_wconf 91' lang='lat' dir='ltr'><strong>in</strong></span> <span class='ocrx_word' id='word_1_757' title='bbox 3202 2007 3295 2065; x_wconf 83' lang='lat' dir='ltr'><strong>lib.</strong></span> <span class='ocrx_word' id='word_1_758' title='bbox 3341 2009 3514 2063; x_wconf 87' lang='lat' dir='ltr'><strong>Exodi</strong></span> <span class='ocrx_word' id='word_1_759' title='bbox 3539 2025 3633 2075; x_wconf 83' lang='lat' dir='ltr'><strong>xx,</strong></span> 
     </span>
    </p>
   </div>
   <div class='ocr_carea' id='block_1_103' title="bbox 2049 2078 3636 2149">
    <p class='ocr_par' dir='ltr' id='par_1_103' title="bbox 2049 2078 3636 2149">
     <span class='ocr_line' id='line_1_109' title="bbox 2049 2078 3636 2149; baseline -0.001 -16"><span class='ocrx_word' id='word_1_760' title='bbox 2049 2095 2178 2133; x_wconf 84' lang='lat' dir='ltr'><strong>xxtx</strong></span> <span class='ocrx_word' id='word_1_761' title='bbox 2207 2089 2262 2135; x_wconf 92' lang='lat' dir='ltr'><strong>et</strong></span> <span class='ocrx_word' id='word_1_762' title='bbox 2291 2096 2486 2149; x_wconf 81' lang='lat' dir='ltr'><strong>xxxix,</strong></span> <span class='ocrx_word' id='word_1_763' title='bbox 2520 2081 2686 2135; x_wconf 86' lang='lat' dir='ltr'><strong>Levit.</strong></span> <span class='ocrx_word' id='word_1_764' title='bbox 2716 2098 2809 2136; x_wconf 82' lang='lat' dir='ltr'><strong>vni</strong></span> <span class='ocrx_word' id='word_1_765' title='bbox 2837 2091 2892 2136; x_wconf 90' lang='lat' dir='ltr'><strong>et</strong></span> <span class='ocrx_word' id='word_1_766' title='bbox 2916 2098 3037 2147; x_wconf 80' lang='lat' dir='ltr'><strong>xvi,</strong></span> <span class='ocrx_word' id='word_1_767' title='bbox 3062 2081 3257 2135; x_wconf 77' lang='lat' dir='ltr'><strong>Ezech.</strong></span> <span class='ocrx_word' id='word_1_768' title='bbox 3284 2096 3396 2144; x_wconf 81' lang='lat' dir='ltr'><strong>xxi,</strong></span> <span class='ocrx_word' id='word_1_769' title='bbox 3428 2078 3636 2133; x_wconf 88' lang='lat' dir='ltr'><strong>Zacha-</strong></span> 
     </span>
    </p>
   </div>
   <div class='ocr_carea' id='block_1_104' title="bbox 2049 2149 3635 2222">
    <p class='ocr_par' dir='ltr' id='par_1_104' title="bbox 2049 2149 3635 2222">
     <span class='ocr_line' id='line_1_110' title="bbox 2049 2149 3635 2222; baseline -0.001 -19"><span class='ocrx_word' id='word_1_770' title='bbox 2049 2149 2142 2204; x_wconf 75' lang='lat' dir='ltr'><strong>ria:</strong></span> <span class='ocrx_word' id='word_1_771' title='bbox 2162 2166 2248 2222; x_wconf 73' lang='lat' dir='ltr'><strong>in,</strong></span> <span class='ocrx_word' id='word_1_772' title='bbox 2275 2159 2331 2222; x_wconf 87' lang='lat' dir='ltr'><strong>et</strong></span> <span class='ocrx_word' id='word_1_773' title='bbox 2373 2152 2429 2205; x_wconf 91' lang='lat' dir='ltr'><strong>in</strong></span> <span class='ocrx_word' id='word_1_774' title='bbox 2456 2151 2576 2206; x_wconf 89' lang='lat' dir='ltr'><strong>aliis</strong></span> <span class='ocrx_word' id='word_1_775' title='bbox 2603 2151 2893 2222; x_wconf 72' lang='lat' dir='ltr'><strong>Scriptum</strong></span> <span class='ocrx_word' id='word_1_776' title='bbox 2919 2166 3087 2206; x_wconf 68' lang='lat' dir='ltr'><strong>sacrm</strong></span> <span class='ocrx_word' id='word_1_777' title='bbox 3116 2151 3249 2206; x_wconf 85' lang='lat' dir='ltr'><strong>locis</strong></span> <span class='ocrx_word' id='word_1_778' title='bbox 3271 2150 3340 2205; x_wconf 90' lang='lat' dir='ltr'><strong>de</strong></span> <span class='ocrx_word' id='word_1_779' title='bbox 3368 2149 3524 2222; x_wconf 78' lang='lat' dir='ltr'><strong>mitra</strong></span> <span class='ocrx_word' id='word_1_780' title='bbox 3548 2163 3635 2201; x_wconf 86' lang='lat' dir='ltr'><strong>sa-</strong></span> 
     </span>
    </p>
   </div>
   <div class='ocr_carea' id='block_1_105' title="bbox 2050 2218 3637 2293">
    <p class='ocr_par' dir='ltr' id='par_1_105' title="bbox 2050 2218 3637 2293">
     <span class='ocr_line' id='line_1_111' title="bbox 2050 2218 3637 2293; baseline -0.002 -19"><span class='ocrx_word' id='word_1_781' title='bbox 2050 2221 2344 2286; x_wconf 90' lang='lat' dir='ltr'><strong>cerdotali,</strong></span> <span class='ocrx_word' id='word_1_782' title='bbox 2376 2236 2588 2293; x_wconf 82' lang='lat' dir='ltr'><strong>necnon</strong></span> <span class='ocrx_word' id='word_1_783' title='bbox 2614 2222 2683 2293; x_wconf 90' lang='lat' dir='ltr'><strong>de</strong></span> <span class='ocrx_word' id='word_1_784' title='bbox 2725 2218 2909 2293; x_wconf 81' lang='lat' dir='ltr'><strong>cydari</strong></span> <span class='ocrx_word' id='word_1_785' title='bbox 2939 2238 3002 2276; x_wconf 92' lang='lat' dir='ltr'><strong>ac</strong></span> <span class='ocrx_word' id='word_1_786' title='bbox 3040 2222 3174 2293; x_wconf 83' lang='lat' dir='ltr'><strong>tiara</strong></span> <span class='ocrx_word' id='word_1_787' title='bbox 3208 2218 3519 2293; x_wconf 72' lang='lat' dir='ltr'><strong>pontificali</strong></span> <span class='ocrx_word' id='word_1_788' title='bbox 3546 2233 3637 2273; x_wconf 86' lang='lat' dir='ltr'><strong>ex-</strong></span> 
     </span>
    </p>
   </div>
   <div class='ocr_carea' id='block_1_106' title="bbox 2047 2291 3635 2359">
    <p class='ocr_par' dir='ltr' id='par_1_106' title="bbox 2047 2291 3635 2359">
     <span class='ocr_line' id='line_1_112' title="bbox 2047 2291 3635 2359; baseline -0.001 -16"><span class='ocrx_word' id='word_1_789' title='bbox 2047 2305 2291 2359; x_wconf 86' lang='lat' dir='ltr'><strong>pressam</strong></span> <span class='ocrx_word' id='word_1_790' title='bbox 2304 2291 2633 2346; x_wconf 89' lang='lat' dir='ltr'><strong>mentionem</strong></span> <span class='ocrx_word' id='word_1_791' title='bbox 2654 2291 2850 2346; x_wconf 80' lang='lat' dir='ltr'><strong>factam</strong></span> <span class='ocrx_word' id='word_1_792' title='bbox 2876 2291 3432 2346; x_wconf 89' lang='lat' dir='ltr'><strong>invenimus.Beatum</strong></span> <span class='ocrx_word' id='word_1_793' title='bbox 3454 2297 3635 2342; x_wconf 88' lang='lat' dir='ltr'><strong>tamen</strong></span> 
     </span>
    </p>
   </div>
   <div class='ocr_carea' id='block_1_107' title="bbox 2047 2358 3634 2432">
    <p class='ocr_par' dir='ltr' id='par_1_107' title="bbox 2047 2358 3634 2432">
     <span class='ocr_line' id='line_1_113' title="bbox 2047 2358 3634 2432; baseline -0.003 -18"><span class='ocrx_word' id='word_1_794' title='bbox 2047 2358 2366 2432; x_wconf 86' lang='lat' dir='ltr'><strong>Gregorium</strong></span> <span class='ocrx_word' id='word_1_795' title='bbox 2392 2361 2497 2416; x_wconf 92' lang='lat' dir='ltr'><strong>hoc</strong></span> <span class='ocrx_word' id='word_1_796' title='bbox 2518 2361 2638 2415; x_wconf 89' lang='lat' dir='ltr'><strong>loco</strong></span> <span class='ocrx_word' id='word_1_797' title='bbox 2660 2362 2802 2417; x_wconf 91' lang='lat' dir='ltr'><strong>nudo</strong></span> <span class='ocrx_word' id='word_1_798' title='bbox 2826 2363 3004 2432; x_wconf 90' lang='lat' dir='ltr'><strong>capite</strong></span> <span class='ocrx_word' id='word_1_799' title='bbox 3030 2362 3099 2415; x_wconf 90' lang='lat' dir='ltr'><strong>ad</strong></span> <span class='ocrx_word' id='word_1_800' title='bbox 3120 2361 3299 2415; x_wconf 91' lang='lat' dir='ltr'><strong>vivum</strong></span> <span class='ocrx_word' id='word_1_801' title='bbox 3326 2359 3634 2432; x_wconf 77' lang='lat' dir='ltr'><strong>exprimen-</strong></span> 
     </span>
    </p>
   </div>
   <div class='ocr_carea' id='block_1_108' title="bbox 2050 2427 3637 2502">
    <p class='ocr_par' dir='ltr' id='par_1_108' title="bbox 2050 2427 3637 2502">
     <span class='ocr_line' id='line_1_114' title="bbox 2050 2427 3637 2502; baseline -0.003 -17"><span class='ocrx_word' id='word_1_802' title='bbox 2050 2427 2180 2485; x_wconf 81' lang='lat' dir='ltr'><strong>dum</strong></span> <span class='ocrx_word' id='word_1_803' title='bbox 2204 2432 2386 2486; x_wconf 88' lang='lat' dir='ltr'><strong>curavi</strong></span> <span class='ocrx_word' id='word_1_804' title='bbox 2432 2447 2539 2487; x_wconf 91' lang='lat' dir='ltr'><strong>non</strong></span> <span class='ocrx_word' id='word_1_805' title='bbox 2585 2432 2731 2501; x_wconf 88' lang='lat' dir='ltr'><strong>quod</strong></span> <span class='ocrx_word' id='word_1_806' title='bbox 2774 2427 3193 2502; x_wconf 63' lang='lat' dir='ltr'><strong>ejus&#39;tempore,</strong></span> <span class='ocrx_word' id='word_1_807' title='bbox 3224 2438 3280 2485; x_wconf 92' lang='lat' dir='ltr'><strong>et</strong></span> <span class='ocrx_word' id='word_1_808' title='bbox 3306 2438 3431 2483; x_wconf 89' lang='lat' dir='ltr'><strong>ante</strong></span> <span class='ocrx_word' id='word_1_809' title='bbox 3469 2427 3637 2502; x_wconf 78' lang='lat' dir='ltr'><strong>ipsius</strong></span> 
     </span>
    </p>
   </div>
   <div class='ocr_carea' id='block_1_109' title="bbox 2049 2496 3634 2573">
    <p class='ocr_par' dir='ltr' id='par_1_109' title="bbox 2049 2496 3634 2573">
     <span class='ocr_line' id='line_1_115' title="bbox 2049 2496 3634 2573; baseline -0.004 -16"><span class='ocrx_word' id='word_1_810' title='bbox 2049 2501 2439 2573; x_wconf 85' lang='lat' dir='ltr'><strong>pontificatum,</strong></span> <span class='ocrx_word' id='word_1_811' title='bbox 2469 2496 2639 2556; x_wconf 73' lang='lat' dir='ltr'><strong>mitra:</strong></span> <span class='ocrx_word' id='word_1_812' title='bbox 2669 2517 2733 2556; x_wconf 90' lang='lat' dir='ltr'><strong>ac</strong></span> <span class='ocrx_word' id='word_1_813' title='bbox 2762 2496 2911 2557; x_wconf 68' lang='lat' dir='ltr'><strong>tiara:</strong></span> <span class='ocrx_word' id='word_1_814' title='bbox 2937 2496 3063 2573; x_wconf 72' lang='lat' dir='ltr'><strong>usus</strong></span> <span class='ocrx_word' id='word_1_815' title='bbox 3092 2517 3200 2573; x_wconf 90' lang='lat' dir='ltr'><strong>non</strong></span> <span class='ocrx_word' id='word_1_816' title='bbox 3226 2507 3369 2573; x_wconf 85' lang='lat' dir='ltr'><strong>esset</strong></span> <span class='ocrx_word' id='word_1_817' title='bbox 3393 2515 3410 2565; x_wconf 90' lang='lat'><strong>;</strong></span> <span class='ocrx_word' id='word_1_818' title='bbox 3437 2498 3536 2573; x_wconf 79' lang='lat' dir='ltr'><strong>sed</strong></span> <span class='ocrx_word' id='word_1_819' title='bbox 3562 2496 3634 2573; x_wconf 82' lang='lat' dir='ltr'><strong>ob</strong></span> 
     </span>
    </p>
   </div>
   <div class='ocr_carea' id='block_1_110' title="bbox 2039 2566 3629 2639">
    <p class='ocr_par' dir='ltr' id='par_1_110' title="bbox 2039 2566 3629 2639">
     <span class='ocr_line' id='line_1_116' title="bbox 2039 2566 3629 2639; baseline -0.003 -14"><span class='ocrx_word' id='word_1_820' title='bbox 2039 2566 2287 2637; x_wconf 54' lang='lat' dir='ltr'><strong>rationes</strong></span> <span class='ocrx_word' id='word_1_821' title='bbox 2326 2573 2480 2626; x_wconf 90' lang='lat' dir='ltr'><strong>initio</strong></span> <span class='ocrx_word' id='word_1_822' title='bbox 2520 2573 2818 2639; x_wconf 90' lang='lat' dir='ltr'><strong>assignatas</strong></span> <span class='ocrx_word' id='word_1_823' title='bbox 2866 2573 2919 2627; x_wconf 88' lang='lat' dir='ltr'><strong>id</strong></span> <span class='ocrx_word' id='word_1_824' title='bbox 2958 2571 3258 2626; x_wconf 90' lang='lat' dir='ltr'><strong>faciendum</strong></span> <span class='ocrx_word' id='word_1_825' title='bbox 3306 2570 3479 2639; x_wconf 89' lang='lat' dir='ltr'><strong>visum</strong></span> <span class='ocrx_word' id='word_1_826' title='bbox 3511 2566 3629 2639; x_wconf 88' lang='lat' dir='ltr'><strong>fuit.</strong></span> 
     </span>
    </p>
   </div>
   <div class='ocr_carea' id='block_1_111' title="bbox 2049 2637 3631 2710">
    <p class='ocr_par' dir='ltr' id='par_1_111' title="bbox 2049 2637 3631 2710">
     <span class='ocr_line' id='line_1_117' title="bbox 2049 2637 3631 2710; baseline -0.004 -15"><span class='ocrx_word' id='word_1_827' title='bbox 2049 2640 2176 2696; x_wconf 72' lang='lat' dir='ltr'><strong>Hmc</strong></span> <span class='ocrx_word' id='word_1_828' title='bbox 2214 2642 2282 2695; x_wconf 91' lang='lat' dir='ltr'><strong>de</strong></span> <span class='ocrx_word' id='word_1_829' title='bbox 2327 2637 2653 2710; x_wconf 77' lang='lat' dir='ltr'><strong>imaginibus</strong></span> <span class='ocrx_word' id='word_1_830' title='bbox 2693 2658 2723 2695; x_wconf 91' lang='lat' dir='ltr'><strong>a</strong></span> <span class='ocrx_word' id='word_1_831' title='bbox 2773 2642 2981 2697; x_wconf 83' lang='lat' dir='ltr'><strong>Joanne</strong></span> <span class='ocrx_word' id='word_1_832' title='bbox 3024 2642 3261 2695; x_wconf 90' lang='lat' dir='ltr'><strong>Diacono</strong></span> <span class='ocrx_word' id='word_1_833' title='bbox 3300 2637 3631 2710; x_wconf 85' lang='lat' dir='ltr'><strong>descriptis:</strong></span> 
     </span>
    </p>
   </div>
   <div class='ocr_carea' id='block_1_112' title="bbox 2049 2708 3634 2780">
    <p class='ocr_par' dir='ltr' id='par_1_112' title="bbox 2049 2708 3634 2780">
     <span class='ocr_line' id='line_1_118' title="bbox 2049 2708 3634 2780; baseline -0.003 -15"><span class='ocrx_word' id='word_1_834' title='bbox 2049 2727 2192 2766; x_wconf 90' lang='lat' dir='ltr'><strong>nunc</strong></span> <span class='ocrx_word' id='word_1_835' title='bbox 2235 2708 2498 2780; x_wconf 72' lang='lat' dir='ltr'><strong>reliquum</strong></span> <span class='ocrx_word' id='word_1_836' title='bbox 2528 2719 2611 2767; x_wconf 91' lang='lat' dir='ltr'><strong>est</strong></span> <span class='ocrx_word' id='word_1_837' title='bbox 2639 2720 2700 2766; x_wconf 90' lang='lat' dir='ltr'><strong>ut</strong></span> <span class='ocrx_word' id='word_1_838' title='bbox 2743 2712 3027 2766; x_wconf 87' lang='lat' dir='ltr'><strong>nonnullas</strong></span> <span class='ocrx_word' id='word_1_839' title='bbox 3072 2724 3235 2765; x_wconf 89' lang='lat' dir='ltr'><strong>voces</strong></span> <span class='ocrx_word' id='word_1_840' title='bbox 3274 2708 3634 2780; x_wconf 80' lang='lat' dir='ltr'><strong>subobscuras</strong></span> 
     </span>
    </p>
   </div>
   <div class='ocr_carea' id='block_1_113' title="bbox 2049 2776 3631 2848">
    <p class='ocr_par' dir='ltr' id='par_1_113' title="bbox 2049 2776 3631 2848">
     <span class='ocr_line' id='line_1_119' title="bbox 2049 2776 3631 2848; baseline -0.003 -14"><span class='ocrx_word' id='word_1_841' title='bbox 2049 2796 2113 2836; x_wconf 88' lang='lat' dir='ltr'><strong>ac</strong></span> <span class='ocrx_word' id='word_1_842' title='bbox 2142 2797 2229 2836; x_wconf 91' lang='lat' dir='ltr'><strong>res</strong></span> <span class='ocrx_word' id='word_1_843' title='bbox 2272 2776 2546 2836; x_wconf 77' lang='lat' dir='ltr'><strong>intellectu</strong></span> <span class='ocrx_word' id='word_1_844' title='bbox 2587 2782 2933 2837; x_wconf 85' lang='lat' dir='ltr'><strong>subdifficiles</strong></span> <span class='ocrx_word' id='word_1_845' title='bbox 2975 2783 3028 2835; x_wconf 90' lang='lat' dir='ltr'><strong>in</strong></span> <span class='ocrx_word' id='word_1_846' title='bbox 3064 2781 3301 2848; x_wconf 87' lang='lat' dir='ltr'><strong>ipsarum</strong></span> <span class='ocrx_word' id='word_1_847' title='bbox 3341 2776 3631 2845; x_wconf 88' lang='lat' dir='ltr'><strong>imaginum</strong></span> 
     </span>
    </p>
   </div>
   <div class='ocr_carea' id='block_1_114' title="bbox 2049 2851 3319 2922">
    <p class='ocr_par' dir='ltr' id='par_1_114' title="bbox 2049 2851 3319 2922">
     <span class='ocr_line' id='line_1_120' title="bbox 2049 2851 3319 2922; baseline -0.003 -16"><span class='ocrx_word' id='word_1_848' title='bbox 2049 2852 2500 2922; x_wconf 81' lang='lat' dir='ltr'><strong>descriptionibus</strong></span> <span class='ocrx_word' id='word_1_849' title='bbox 2523 2853 2942 2922; x_wconf 89' lang='lat' dir='ltr'><strong>comprehensas</strong></span> <span class='ocrx_word' id='word_1_850' title='bbox 2969 2851 3319 2922; x_wconf 85' lang='lat' dir='ltr'><strong>explicemus.</strong></span> 
     </span>
    </p>
   </div>
   <div class='ocr_carea' id='block_1_115' title="bbox 2122 2916 3635 2992">
    <p class='ocr_par' dir='ltr' id='par_1_115' title="bbox 2122 2916 3635 2992">
     <span class='ocr_line' id='line_1_121' title="bbox 2122 2916 3635 2992; baseline -0.003 -18"><span class='ocrx_word' id='word_1_851' title='bbox 2122 2931 2151 2960; x_wconf 82' lang='grc' dir='ltr'>ι</span> <span class='ocrx_word' id='word_1_852' title='bbox 2179 2916 2375 2977; x_wconf 82' lang='lat' dir='ltr'><strong>Beatus</strong></span> <span class='ocrx_word' id='word_1_853' title='bbox 2403 2916 2695 2991; x_wconf 79' lang='lat' dir='ltr'><strong>Gregorius</strong></span> <span class='ocrx_word' id='word_1_854' title='bbox 2740 2922 2979 2992; x_wconf 86' lang='lat' dir='ltr'><strong>Magnus,</strong></span> <span class='ocrx_word' id='word_1_855' title='bbox 3025 2916 3268 2992; x_wconf 82' lang='lat' dir='ltr'><strong>pontifex</strong></span> <span class='ocrx_word' id='word_1_856' title='bbox 3312 2924 3547 2985; x_wconf 89' lang='lat' dir='ltr'><strong>creatus,</strong></span> <span class='ocrx_word' id='word_1_857' title='bbox 3578 2916 3635 2970; x_wconf 89' lang='lat' dir='ltr'><strong>in</strong></span> 
     </span>
    </p>
   </div>
   <div class='ocr_carea' id='block_1_116' title="bbox 2050 2991 3636 3064">
    <p class='ocr_par' dir='ltr' id='par_1_116' title="bbox 2050 2991 3636 3064">
     <span class='ocr_line' id='line_1_122' title="bbox 2050 2991 3636 3064; baseline -0.007 -16"><span class='ocrx_word' id='word_1_858' title='bbox 2050 3008 2212 3064; x_wconf 86' lang='lat' dir='ltr'><strong>parva</strong></span> <span class='ocrx_word' id='word_1_859' title='bbox 2243 2992 2472 3059; x_wconf 90' lang='lat' dir='ltr'><strong>quadam</strong></span> <span class='ocrx_word' id='word_1_860' title='bbox 2502 2992 2709 3057; x_wconf 90' lang='lat' dir='ltr'><strong>abside,</strong></span> <span class='ocrx_word' id='word_1_861' title='bbox 2737 2991 2897 3060; x_wconf 86' lang='lat' dir='ltr'><strong>quam</strong></span> <span class='ocrx_word' id='word_1_862' title='bbox 2924 2991 3143 3046; x_wconf 90' lang='lat' dir='ltr'><strong>fornicis</strong></span> <span class='ocrx_word' id='word_1_863' title='bbox 3171 2996 3511 3064; x_wconf 74' lang='lat' dir='ltr'><strong>curvaturam</strong></span> <span class='ocrx_word' id='word_1_864' title='bbox 3537 3002 3636 3064; x_wconf 80' lang='lat' dir='ltr'><strong>ap-</strong></span> 
     </span>
    </p>
   </div>
   <div class='ocr_carea' id='block_1_117' title="bbox 2052 3057 3635 3134">
    <p class='ocr_par' dir='ltr' id='par_1_117' title="bbox 2052 3057 3635 3134">
     <span class='ocr_line' id='line_1_123' title="bbox 2052 3057 3635 3134; baseline -0.003 -17"><span class='ocrx_word' id='word_1_865' title='bbox 2052 3057 2335 3134; x_wconf 78' lang='lat' dir='ltr'><strong>pellamus,</strong></span> <span class='ocrx_word' id='word_1_866' title='bbox 2369 3063 2509 3116; x_wconf 89' lang='lat' dir='ltr'><strong>intra</strong></span> <span class='ocrx_word' id='word_1_867' title='bbox 2536 3072 2711 3117; x_wconf 91' lang='lat' dir='ltr'><strong>rotam</strong></span> <span class='ocrx_word' id='word_1_868' title='bbox 2733 3057 3006 3133; x_wconf 84' lang='lat' dir='ltr'><strong>gypseam,</strong></span> <span class='ocrx_word' id='word_1_869' title='bbox 3038 3069 3154 3116; x_wconf 91' lang='lat' dir='ltr'><strong>arte</strong></span> <span class='ocrx_word' id='word_1_870' title='bbox 3179 3059 3385 3115; x_wconf 89' lang='lat' dir='ltr'><strong>scilicet</strong></span> <span class='ocrx_word' id='word_1_871' title='bbox 3412 3057 3635 3128; x_wconf 79' lang='lat' dir='ltr'><strong>plastica</strong></span> 
     </span>
    </p>
   </div>
   <div class='ocr_carea' id='block_1_118' title="bbox 2051 3133 2765 3202">
    <p class='ocr_par' dir='ltr' id='par_1_118' title="bbox 2051 3133 2765 3202">
     <span class='ocr_line' id='line_1_124' title="bbox 2051 3133 2765 3202; baseline -0.006 -13"><span class='ocrx_word' id='word_1_872' title='bbox 2051 3133 2410 3189; x_wconf 86' lang='lat' dir='ltr'><strong>constructam</strong></span> <span class='ocrx_word' id='word_1_873' title='bbox 2448 3134 2625 3202; x_wconf 90' lang='lat' dir='ltr'><strong>pictus</strong></span> <span class='ocrx_word' id='word_1_874' title='bbox 2650 3133 2765 3187; x_wconf 91' lang='lat' dir='ltr'><strong>fuit.</strong></span> 
     </span>
    </p>
   </div>
   <div class='ocr_carea' id='block_1_119' title="bbox 2122 3198 3637 3272">
    <p class='ocr_par' dir='ltr' id='par_1_119' title="bbox 2122 3198 3637 3272">
     <span class='ocr_line' id='line_1_125' title="bbox 2122 3198 3637 3272; baseline -0.005 -13"><span class='ocrx_word' id='word_1_875' title='bbox 2122 3204 2149 3243; x_wconf 68' lang='grc' dir='ltr'>δ</span> <span class='ocrx_word' id='word_1_876' title='bbox 2180 3198 2530 3259; x_wconf 71' lang='lat' dir='ltr'><strong>Suboculai&#39;ia</strong></span> <span class='ocrx_word' id='word_1_877' title='bbox 2583 3204 2764 3272; x_wconf 91' lang='lat' dir='ltr'><strong>plena,</strong></span> <span class='ocrx_word' id='word_1_878' title='bbox 2804 3202 2908 3258; x_wconf 87' lang='lat' dir='ltr'><strong>hoc</strong></span> <span class='ocrx_word' id='word_1_879' title='bbox 2950 3210 3033 3257; x_wconf 91' lang='lat' dir='ltr'><strong>est</strong></span> <span class='ocrx_word' id='word_1_880' title='bbox 3074 3209 3281 3269; x_wconf 91' lang='lat' dir='ltr'><strong>partem</strong></span> <span class='ocrx_word' id='word_1_881' title='bbox 3310 3198 3637 3272; x_wconf 75' lang='lat' dir='ltr'><strong>illam,_qu:e</strong></span> 
     </span>
    </p>
   </div>
   <div class='ocr_carea' id='block_1_120' title="bbox 2051 3267 3636 3343">
    <p class='ocr_par' dir='ltr' id='par_1_120' title="bbox 2051 3267 3636 3343">
     <span class='ocr_line' id='line_1_126' title="bbox 2051 3267 3636 3343; baseline -0.006 -14"><span class='ocrx_word' id='word_1_882' title='bbox 2051 3274 2237 3329; x_wconf 87' lang='lat' dir='ltr'><strong>subest</strong></span> <span class='ocrx_word' id='word_1_883' title='bbox 2264 3274 2460 3339; x_wconf 91' lang='lat' dir='ltr'><strong>oculis,</strong></span> <span class='ocrx_word' id='word_1_884' title='bbox 2493 3267 2706 3343; x_wconf 79' lang='lat' dir='ltr'><strong>plenam</strong></span> <span class='ocrx_word' id='word_1_885' title='bbox 2726 3267 2884 3338; x_wconf 68' lang='lat' dir='ltr'><strong>,sive</strong></span> <span class='ocrx_word' id='word_1_886' title='bbox 2913 3267 3267 3343; x_wconf 66' lang='lat' dir='ltr'><strong>turgidulam,</strong></span> <span class='ocrx_word' id='word_1_887' title='bbox 3293 3267 3636 3343; x_wconf 42' lang='lat' dir='ltr'><strong>subdivid’ua-</strong></span> 
     </span>
    </p>
   </div>
   <div class='ocr_carea' id='block_1_121' title="bbox 1974 3337 3638 3419">
    <p class='ocr_par' dir='ltr' id='par_1_121' title="bbox 1974 3337 3638 3419">
     <span class='ocr_line' id='line_1_127' title="bbox 1974 3337 3638 3419; baseline -0.004 -20"><span class='ocrx_word' id='word_1_888' title='bbox 1974 3353 2022 3419; x_wconf 64' lang='grc' dir='ltr'><strong>(ζ</strong></span> <span class='ocrx_word' id='word_1_889' title='bbox 2051 3361 2158 3419; x_wconf 84' lang='lat' dir='ltr'><strong>que</strong></span> <span class='ocrx_word' id='word_1_890' title='bbox 2196 3344 2333 3399; x_wconf 90' lang='lat' dir='ltr'><strong>labia</strong></span> <span class='ocrx_word' id='word_1_891' title='bbox 2353 3386 2368 3410; x_wconf 96' lang='lat'><strong>,</strong></span> <span class='ocrx_word' id='word_1_892' title='bbox 2400 3337 2791 3419; x_wconf 84' lang='lat' dir='ltr'><strong>aliquantillum</strong></span> <span class='ocrx_word' id='word_1_893' title='bbox 2806 3337 3072 3419; x_wconf 46' lang='lat' dir='ltr'><strong>_videlic_&#39;et</strong></span> <span class='ocrx_word' id='word_1_894' title='bbox 3108 3343 3198 3419; x_wconf 75' lang='lat' dir='ltr'><strong>_(ut</strong></span> <span class='ocrx_word' id='word_1_895' title='bbox 3239 3341 3314 3419; x_wconf 86' lang='lat' dir='ltr'><strong>ita</strong></span> <span class='ocrx_word' id='word_1_896' title='bbox 3343 3337 3542 3419; x_wconf 71' lang='lat' dir='ltr'><strong>dicam)</strong></span> <span class='ocrx_word' id='word_1_897' title='bbox 3569 3338 3638 3393; x_wconf 91' lang='lat' dir='ltr'><strong>ab</strong></span> 
     </span>
    </p>
   </div>
   <div class='ocr_carea' id='block_1_122' title="bbox 2052 3408 3639 3484">
    <p class='ocr_par' dir='ltr' id='par_1_122' title="bbox 2052 3408 3639 3484">
     <span class='ocr_line' id='line_1_128' title="bbox 2052 3408 3639 3484; baseline -0.004 -14"><span class='ocrx_word' id='word_1_898' title='bbox 2052 3408 2279 3471; x_wconf 82' lang='lat' dir='ltr'><strong>invicem</strong></span> <span class='ocrx_word' id='word_1_899' title='bbox 2300 3408 2568 3484; x_wconf 76' lang='lat' dir='ltr'><strong>separata,</strong></span> <span class='ocrx_word' id='word_1_900' title='bbox 2588 3416 2777 3469; x_wconf 87' lang='lat' dir='ltr'><strong>beatus</strong></span> <span class='ocrx_word' id='word_1_901' title='bbox 2797 3412 3087 3484; x_wconf 89' lang='lat' dir='ltr'><strong>Gregorius</strong></span> <span class='ocrx_word' id='word_1_902' title='bbox 3108 3408 3362 3467; x_wconf 87' lang='lat' dir='ltr'><strong>habuisse</strong></span> <span class='ocrx_word' id='word_1_903' title='bbox 3382 3425 3412 3463; x_wconf 91' lang='lat' dir='ltr'><strong>a</strong></span> <span class='ocrx_word' id='word_1_904' title='bbox 3431 3408 3639 3464; x_wconf 84' lang='lat' dir='ltr'><strong>Joanne</strong></span> 
     </span>
    </p>
   </div>
   <div class='ocr_carea' id='block_1_123' title="bbox 2055 3486 2588 3542">
    <p class='ocr_par' dir='ltr' id='par_1_123' title="bbox 2055 3486 2588 3542">
     <span class='ocr_line' id='line_1_129' title="bbox 2055 3486 2588 3542; baseline -0.002 -2"><span class='ocrx_word' id='word_1_905' title='bbox 2055 3486 2291 3542; x_wconf 90' lang='lat' dir='ltr'><strong>Diacono</strong></span> <span class='ocrx_word' id='word_1_906' title='bbox 2317 3486 2588 3540; x_wconf 90' lang='lat' dir='ltr'><strong>scribitur.</strong></span> 
     </span>
    </p>
   </div>
   <div class='ocr_carea' id='block_1_124' title="bbox 2124 3551 3639 3627">
    <p class='ocr_par' dir='ltr' id='par_1_124' title="bbox 2124 3551 3639 3627">
     <span class='ocr_line' id='line_1_130' title="bbox 2124 3551 3639 3627; baseline -0.008 -13"><span class='ocrx_word' id='word_1_907' title='bbox 2124 3558 2281 3627; x_wconf 79' lang='lat'><strong>317</strong></span> <span class='ocrx_word' id='word_1_908' title='bbox 2317 3566 2338 3594; x_wconf 77' lang='grc' dir='ltr'><em>ε</em></span> <span class='ocrx_word' id='word_1_909' title='bbox 2363 3556 2564 3627; x_wconf 87' lang='lat' dir='ltr'><strong>Deinde</strong></span> <span class='ocrx_word' id='word_1_910' title='bbox 2591 3556 2829 3627; x_wconf 88' lang='lat' dir='ltr'><strong>colorem</strong></span> <span class='ocrx_word' id='word_1_911' title='bbox 2864 3556 3160 3627; x_wconf 84' lang='lat' dir='ltr'><strong>aquilinum</strong></span> <span class='ocrx_word' id='word_1_912' title='bbox 3189 3562 3245 3627; x_wconf 92' lang='lat' dir='ltr'><strong>et</strong></span> <span class='ocrx_word' id='word_1_913' title='bbox 3268 3552 3511 3627; x_wconf 78' lang='lat' dir='ltr'><strong>lividum,</strong></span> <span class='ocrx_word' id='word_1_914' title='bbox 3544 3551 3639 3603; x_wconf 87' lang='lat' dir='ltr'><strong>sed</strong></span> 
     </span>
    </p>
   </div>
   <div class='ocr_carea' id='block_1_125' title="bbox 2053 3621 3641 3681">
    <p class='ocr_par' dir='ltr' id='par_1_125' title="bbox 2053 3621 3641 3681">
     <span class='ocr_line' id='line_1_131' title="bbox 2053 3621 3641 3681; baseline -0.005 0"><span class='ocrx_word' id='word_1_915' title='bbox 2053 3627 2109 3681; x_wconf 90' lang='lat' dir='ltr'><strong>in</strong></span> <span class='ocrx_word' id='word_1_916' title='bbox 2130 3621 2409 3681; x_wconf 62' lang='lat' dir='ltr'><strong>senectute</strong></span> <span class='ocrx_word' id='word_1_917' title='bbox 2433 3626 2671 3681; x_wconf 91' lang='lat' dir='ltr'><strong>colorem</strong></span> <span class='ocrx_word' id='word_1_918' title='bbox 2692 3621 2996 3681; x_wconf 83' lang='lat' dir='ltr'><strong>cardiacum</strong></span> <span class='ocrx_word' id='word_1_919' title='bbox 3017 3624 3193 3679; x_wconf 89' lang='lat' dir='ltr'><strong>eidem</strong></span> <span class='ocrx_word' id='word_1_920' title='bbox 3214 3623 3379 3678; x_wconf 88' lang='lat' dir='ltr'><strong>fuisse</strong></span> <span class='ocrx_word' id='word_1_921' title='bbox 3404 3621 3641 3676; x_wconf 90' lang='lat' dir='ltr'><strong>Joannes</strong></span> 
     </span>
    </p>
   </div>
   <div class='ocr_carea' id='block_1_126' title="bbox 2053 3691 3643 3774">
    <p class='ocr_par' dir='ltr' id='par_1_126' title="bbox 2053 3691 3643 3774">
     <span class='ocr_line' id='line_1_132' title="bbox 2053 3691 3643 3774; baseline -0.004 -24"><span class='ocrx_word' id='word_1_922' title='bbox 2053 3696 2325 3774; x_wconf 77' lang='lat' dir='ltr'><strong>Diaconus</strong></span> <span class='ocrx_word' id='word_1_923' title='bbox 2351 3698 2448 3774; x_wconf 77' lang='lat' dir='ltr'><strong>ait.</strong></span> <span class='ocrx_word' id='word_1_924' title='bbox 2481 3695 2730 3752; x_wconf 85' lang='lat' dir='ltr'><strong>Colorem</strong></span> <span class='ocrx_word' id='word_1_925' title='bbox 2773 3697 3069 3774; x_wconf 78' lang='lat' dir='ltr'><strong>aquilinum</strong></span> <span class='ocrx_word' id='word_1_926' title='bbox 3106 3692 3262 3774; x_wconf 68' lang='lat' dir='ltr'><strong>apud</strong></span> <span class='ocrx_word' id='word_1_927' title='bbox 3312 3707 3407 3774; x_wconf 76' lang='lat' dir='ltr'><strong>eos</strong></span> <span class='ocrx_word' id='word_1_928' title='bbox 3454 3692 3546 3772; x_wconf 79' lang='lat' dir='ltr'><strong>qui</strong></span> <span class='ocrx_word' id='word_1_929' title='bbox 3573 3691 3643 3774; x_wconf 78' lang='lat' dir='ltr'><strong>d_e</strong></span> 
     </span>
    </p>
   </div>
   <div class='ocr_carea' id='block_1_127' title="bbox 2053 3760 3642 3833">
    <p class='ocr_par' dir='ltr' id='par_1_127' title="bbox 2053 3760 3642 3833">
     <span class='ocr_line' id='line_1_133' title="bbox 2053 3760 3642 3833; baseline -0.005 -12"><span class='ocrx_word' id='word_1_930' title='bbox 2053 3767 2325 3822; x_wconf 87' lang='lat' dir='ltr'><strong>coloribus</strong></span> <span class='ocrx_word' id='word_1_931' title='bbox 2351 3766 2643 3833; x_wconf 89' lang='lat' dir='ltr'><strong>loquuntur</strong></span> <span class='ocrx_word' id='word_1_932' title='bbox 2684 3782 2794 3820; x_wconf 90' lang='lat' dir='ltr'><strong>non</strong></span> <span class='ocrx_word' id='word_1_933' title='bbox 2825 3760 3037 3828; x_wconf 77' lang='lat' dir='ltr'><strong>inveni,</strong></span> <span class='ocrx_word' id='word_1_934' title='bbox 3068 3760 3170 3817; x_wconf 88' lang='lat' dir='ltr'><strong>nisi</strong></span> <span class='ocrx_word' id='word_1_935' title='bbox 3200 3763 3290 3833; x_wconf 76' lang='lat' dir='ltr'><strong>ille</strong></span> <span class='ocrx_word' id='word_1_936' title='bbox 3327 3761 3420 3825; x_wconf 89' lang='lat' dir='ltr'><strong>sit,</strong></span> <span class='ocrx_word' id='word_1_937' title='bbox 3451 3762 3543 3828; x_wconf 93' lang='lat' dir='ltr'><strong>qui</strong></span> <span class='ocrx_word' id='word_1_938' title='bbox 3572 3760 3642 3833; x_wconf 79' lang='lat' dir='ltr'><strong>ab</strong></span> 
     </span>
    </p>
   </div>
   <div class='ocr_carea' id='block_1_128' title="bbox 2054 3830 3640 3903">
    <p class='ocr_par' dir='ltr' id='par_1_128' title="bbox 2054 3830 3640 3903">
     <span class='ocr_line' id='line_1_134' title="bbox 2054 3830 3640 3903; baseline -0.004 -14"><span class='ocrx_word' id='word_1_939' title='bbox 2054 3837 2289 3889; x_wconf 82' lang='lat' dir='ltr'><strong>Antonio</strong></span> <span class='ocrx_word' id='word_1_940' title='bbox 2310 3830 2564 3903; x_wconf 83' lang='lat' dir='ltr'><strong>Thylesio</strong></span> <span class='ocrx_word' id='word_1_941' title='bbox 2585 3836 2793 3903; x_wconf 91' lang='lat' dir='ltr'><strong>aquilus</strong></span> <span class='ocrx_word' id='word_1_942' title='bbox 2814 3841 3172 3903; x_wconf 87' lang='lat' dir='ltr'><strong>nuncupatur,</strong></span> <span class='ocrx_word' id='word_1_943' title='bbox 3196 3832 3407 3885; x_wconf 90' lang='lat' dir='ltr'><strong>dicente</strong></span> <span class='ocrx_word' id='word_1_944' title='bbox 3439 3847 3452 3882; x_wconf 88' lang='lat'><strong>:</strong></span> <span class='ocrx_word' id='word_1_945' title='bbox 3480 3830 3640 3903; x_wconf 48' lang='lat' dir='ltr'><strong>Aquif</strong></span> 
     </span>
    </p>
   </div>
   <div class='ocr_carea' id='block_1_129' title="bbox 2054 3900 3642 3972">
    <p class='ocr_par' dir='ltr' id='par_1_129' title="bbox 2054 3900 3642 3972">
     <span class='ocr_line' id='line_1_135' title="bbox 2054 3900 3642 3972; baseline -0.004 -13"><span class='ocrx_word' id='word_1_946' title='bbox 2054 3906 2159 3959; x_wconf 89' lang='lat' dir='ltr'><strong>lum</strong></span> <span class='ocrx_word' id='word_1_947' title='bbox 2188 3914 2379 3957; x_wconf 85' lang='lat' dir='ltr'><strong>veteres</strong></span> <span class='ocrx_word' id='word_1_948' title='bbox 2398 3900 2554 3955; x_wconf 54' lang='lat' dir='ltr'><strong>&#39;Imnc</strong></span> <span class='ocrx_word' id='word_1_949' title='bbox 2594 3900 2792 3972; x_wconf 76' lang='lat' dir='ltr'><strong>fuscum</strong></span> <span class='ocrx_word' id='word_1_950' title='bbox 2821 3921 2852 3955; x_wconf 89' lang='lat' dir='ltr'><strong>a</strong></span> <span class='ocrx_word' id='word_1_951' title='bbox 2881 3900 3052 3957; x_wconf 71' lang='lat' dir='ltr'><strong>coloi&#39;e</strong></span> <span class='ocrx_word' id='word_1_952' title='bbox 3084 3917 3232 3972; x_wconf 77' lang='lat' dir='ltr'><strong>aqua:</strong></span> <span class='ocrx_word' id='word_1_953' title='bbox 3258 3900 3642 3972; x_wconf 80' lang='lat' dir='ltr'><strong>vocarunt_,qui</strong></span> 
     </span>
    </p>
   </div>
   <div class='ocr_carea' id='block_1_130' title="bbox 2051 3970 3640 4044">
    <p class='ocr_par' dir='ltr' id='par_1_130' title="bbox 2051 3970 3640 4044">
     <span class='ocr_line' id='line_1_136' title="bbox 2051 3970 3640 4044; baseline -0.003 -16"><span class='ocrx_word' id='word_1_954' title='bbox 2051 3977 2190 4028; x_wconf 86' lang='lat' dir='ltr'><strong>inter</strong></span> <span class='ocrx_word' id='word_1_955' title='bbox 2218 3976 2423 4044; x_wconf 85' lang='lat' dir='ltr'><strong>nigrum</strong></span> <span class='ocrx_word' id='word_1_956' title='bbox 2451 3981 2526 4025; x_wconf 88' lang='lat' dir='ltr'><strong>est</strong></span> <span class='ocrx_word' id='word_1_957' title='bbox 2554 3970 2602 4026; x_wconf 71' lang='lat' dir='ltr'><strong>ei</strong></span> <span class='ocrx_word' id='word_1_958' title='bbox 2628 3974 2818 4027; x_wconf 87' lang='lat' dir='ltr'><strong>album.</strong></span> <span class='ocrx_word' id='word_1_959' title='bbox 2853 3973 2921 4027; x_wconf 86' lang='lat' dir='ltr'><strong>1d</strong></span> <span class='ocrx_word' id='word_1_960' title='bbox 2946 3972 3083 4044; x_wconf 86' lang='lat' dir='ltr'><strong>quod</strong></span> <span class='ocrx_word' id='word_1_961' title='bbox 3110 3970 3268 4044; x_wconf 58' lang='lat' dir='ltr'><strong>Plato</strong></span> <span class='ocrx_word' id='word_1_962' title='bbox 3296 3972 3451 4024; x_wconf 91' lang='lat' dir='ltr'><strong>etiam</strong></span> <span class='ocrx_word' id='word_1_963' title='bbox 3471 3970 3640 4044; x_wconf 75' lang='lat' dir='ltr'><strong>docet.</strong></span> 
     </span>
    </p>
   </div>
   <div class='ocr_carea' id='block_1_131' title="bbox 2054 4040 3646 4115">
    <p class='ocr_par' dir='ltr' id='par_1_131' title="bbox 2054 4040 3646 4115">
     <span class='ocr_line' id='line_1_137' title="bbox 2054 4040 3646 4115; baseline -0.004 -15"><span class='ocrx_word' id='word_1_964' title='bbox 2054 4044 2181 4099; x_wconf 75' lang='lat' dir='ltr'><strong>Hmc</strong></span> <span class='ocrx_word' id='word_1_965' title='bbox 2219 4040 2660 4115; x_wconf 12' lang='lat' dir='ltr'><strong>Tliylesiusicap.</strong></span> <span class='ocrx_word' id='word_1_966' title='bbox 2694 4044 2728 4097; x_wconf 79' lang='grc'><strong>5</strong></span> <span class='ocrx_word' id='word_1_967' title='bbox 2754 4044 2835 4115; x_wconf 15' lang='grc' dir='ltr'><strong>ἀεί</strong></span> <span class='ocrx_word' id='word_1_968' title='bbox 2868 4040 3322 4115; x_wconf 64' lang='grc' dir='ltr'><strong>εοιὸτίὺιιε.ᾩιιιῐι</strong></span> <span class='ocrx_word' id='word_1_969' title='bbox 3360 4050 3538 4115; x_wconf 76' lang='lat' dir='ltr'><strong>autem</strong></span> <span class='ocrx_word' id='word_1_970' title='bbox 3588 4041 3646 4115; x_wconf 66' lang='lat' dir='ltr'><strong>iit</strong></span> 
     </span>
    </p>
   </div>
   <div class='ocr_carea' id='block_1_132' title="bbox 2054 4109 3647 4184">
    <p class='ocr_par' dir='ltr' id='par_1_132' title="bbox 2054 4109 3647 4184">
     <span class='ocr_line' id='line_1_138' title="bbox 2054 4109 3647 4184; baseline -0.003 -15"><span class='ocrx_word' id='word_1_971' title='bbox 2054 4109 2421 4170; x_wconf 67' lang='lat' dir='ltr'><strong>declarati&#39;one</strong></span> <span class='ocrx_word' id='word_1_972' title='bbox 2451 4109 2649 4169; x_wconf 86' lang='lat' dir='ltr'><strong>coloris</strong></span> <span class='ocrx_word' id='word_1_973' title='bbox 2698 4114 2861 4184; x_wconf 89' lang='lat' dir='ltr'><strong>aquili</strong></span> <span class='ocrx_word' id='word_1_974' title='bbox 2898 4114 2989 4167; x_wconf 89' lang='lat' dir='ltr'><strong>flat</strong></span> <span class='ocrx_word' id='word_1_975' title='bbox 3018 4112 3221 4167; x_wconf 88' lang='lat' dir='ltr'><strong>mentio</strong></span> <span class='ocrx_word' id='word_1_976' title='bbox 3261 4111 3329 4184; x_wconf 86' lang='lat' dir='ltr'><strong>de</strong></span> <span class='ocrx_word' id='word_1_977' title='bbox 3354 4109 3647 4184; x_wconf 15' lang='lat' dir='ltr'><strong>fusco,&gt;qui</strong></span> 
     </span>
    </p>
   </div>
   <div class='ocr_carea' id='block_1_133' title="bbox 2055 4182 3644 4253">
    <p class='ocr_par' dir='ltr' id='par_1_133' title="bbox 2055 4182 3644 4253">
     <span class='ocr_line' id='line_1_139' title="bbox 2055 4182 3644 4253; baseline -0.004 -13"><span class='ocrx_word' id='word_1_978' title='bbox 2055 4186 2197 4241; x_wconf 89' lang='lat' dir='ltr'><strong>inter</strong></span> <span class='ocrx_word' id='word_1_979' title='bbox 2224 4185 2434 4253; x_wconf 87' lang='lat' dir='ltr'><strong>nigrum</strong></span> <span class='ocrx_word' id='word_1_980' title='bbox 2463 4194 2545 4238; x_wconf 90' lang='lat' dir='ltr'><strong>est</strong></span> <span class='ocrx_word' id='word_1_981' title='bbox 2571 4193 2625 4239; x_wconf 92' lang='lat' dir='ltr'><strong>et</strong></span> <span class='ocrx_word' id='word_1_982' title='bbox 2654 4182 2832 4239; x_wconf 85' lang='lat' dir='ltr'><strong>album</strong></span> <span class='ocrx_word' id='word_1_983' title='bbox 2851 4226 2865 4253; x_wconf 92' lang='lat'><strong>,</strong></span> <span class='ocrx_word' id='word_1_984' title='bbox 2897 4183 3192 4251; x_wconf 91' lang='lat' dir='ltr'><strong>aquilinum</strong></span> <span class='ocrx_word' id='word_1_985' title='bbox 3210 4227 3224 4251; x_wconf 88' lang='lat'><strong>,</strong></span> <span class='ocrx_word' id='word_1_986' title='bbox 3264 4183 3378 4253; x_wconf 90' lang='lat' dir='ltr'><strong>sive</strong></span> <span class='ocrx_word' id='word_1_987' title='bbox 3406 4182 3644 4253; x_wconf 83' lang='lat' dir='ltr'><strong>aquilum</strong></span> 
     </span>
    </p>
   </div>
   <div class='ocr_carea' id='block_1_134' title="bbox 2054 4252 3647 4325">
    <p class='ocr_par' dir='ltr' id='par_1_134' title="bbox 2054 4252 3647 4325">
     <span class='ocr_line' id='line_1_140' title="bbox 2054 4252 3647 4325; baseline -0.001 -15"><span class='ocrx_word' id='word_1_988' title='bbox 2054 4258 2124 4310; x_wconf 91' lang='lat' dir='ltr'><strong>ab</strong></span> <span class='ocrx_word' id='word_1_989' title='bbox 2153 4252 2306 4325; x_wconf 63' lang='lat' dir='ltr'><strong>aquai</strong></span> <span class='ocrx_word' id='word_1_990' title='bbox 2337 4255 2519 4309; x_wconf 92' lang='lat' dir='ltr'><strong>colore</strong></span> <span class='ocrx_word' id='word_1_991' title='bbox 2538 4254 2764 4319; x_wconf 88' lang='lat' dir='ltr'><strong>dictum,</strong></span> <span class='ocrx_word' id='word_1_992' title='bbox 2786 4252 3035 4309; x_wconf 90' lang='lat' dir='ltr'><strong>eumdem</strong></span> <span class='ocrx_word' id='word_1_993' title='bbox 3054 4253 3167 4308; x_wconf 85' lang='lat' dir='ltr'><strong>fere</strong></span> <span class='ocrx_word' id='word_1_994' title='bbox 3188 4269 3310 4308; x_wconf 90' lang='lat' dir='ltr'><strong>cum</strong></span> <span class='ocrx_word' id='word_1_995' title='bbox 3340 4252 3503 4307; x_wconf 90' lang='lat' dir='ltr'><strong>livido</strong></span> <span class='ocrx_word' id='word_1_996' title='bbox 3526 4266 3647 4325; x_wconf 77' lang='lat' dir='ltr'><strong>esse</strong></span> 
     </span>
    </p>
   </div>
   <div class='ocr_carea' id='block_1_135' title="bbox 2054 4322 3641 4404">
    <p class='ocr_par' dir='ltr' id='par_1_135' title="bbox 2054 4322 3641 4404">
     <span class='ocr_line' id='line_1_141' title="bbox 2054 4322 3641 4404; baseline 0.001 -27"><span class='ocrx_word' id='word_1_997' title='bbox 2054 4336 2185 4404; x_wconf 71' lang='lat' dir='ltr'><strong>puto</strong></span> <span class='ocrx_word' id='word_1_998' title='bbox 2204 4322 2228 4378; x_wconf 76' lang='grc' dir='ltr'>ἐ</span> <span class='ocrx_word' id='word_1_999' title='bbox 2255 4326 2437 4404; x_wconf 77' lang='lat' dir='ltr'><strong>fuscus</strong></span> <span class='ocrx_word' id='word_1_1000' title='bbox 2464 4326 2609 4404; x_wconf 79' lang='lat' dir='ltr'><strong>enim</strong></span> <span class='ocrx_word' id='word_1_1001' title='bbox 2642 4326 2793 4381; x_wconf 84' lang='lat' dir='ltr'><strong>color</strong></span> <span class='ocrx_word' id='word_1_1002' title='bbox 2820 4341 2849 4379; x_wconf 90' lang='lat' dir='ltr'><strong>a</strong></span> <span class='ocrx_word' id='word_1_1003' title='bbox 2872 4324 3035 4404; x_wconf 89' lang='lat' dir='ltr'><strong>livido</strong></span> <span class='ocrx_word' id='word_1_1004' title='bbox 3050 4325 3297 4404; x_wconf 36' lang='lat' dir='ltr'><strong>,&quot;quinest</strong></span> <span class='ocrx_word' id='word_1_1005' title='bbox 3325 4325 3480 4404; x_wconf 67' lang='lat' dir='ltr'><strong>color</strong></span> <span class='ocrx_word' id='word_1_1006' title='bbox 3508 4322 3641 4403; x_wconf 81' lang='lat' dir='ltr'><strong>sub-</strong></span> 
     </span>
    </p>
   </div>
   <div class='ocr_carea' id='block_1_136' title="bbox 2055 4392 3647 4466">
    <p class='ocr_par' dir='ltr' id='par_1_136' title="bbox 2055 4392 3647 4466">
     <span class='ocr_line' id='line_1_142' title="bbox 2055 4392 3647 4466; baseline -0.003 -15"><span class='ocrx_word' id='word_1_1007' title='bbox 2055 4392 2225 4466; x_wconf 79' lang='lat' dir='ltr'><strong>niger,</strong></span> <span class='ocrx_word' id='word_1_1008' title='bbox 2254 4406 2307 4449; x_wconf 88' lang='lat' dir='ltr'><strong>et</strong></span> <span class='ocrx_word' id='word_1_1009' title='bbox 2354 4395 2656 4465; x_wconf 83' lang='lat' dir='ltr'><strong>plumbeus,</strong></span> <span class='ocrx_word' id='word_1_1010' title='bbox 2687 4412 2876 4466; x_wconf 89' lang='lat' dir='ltr'><strong>parum</strong></span> <span class='ocrx_word' id='word_1_1011' title='bbox 2902 4402 2997 4450; x_wconf 88' lang='lat' dir='ltr'><strong>aut</strong></span> <span class='ocrx_word' id='word_1_1012' title='bbox 3020 4392 3153 4449; x_wconf 91' lang='lat' dir='ltr'><strong>nihil</strong></span> <span class='ocrx_word' id='word_1_1013' title='bbox 3177 4394 3290 4450; x_wconf 87' lang='lat' dir='ltr'><strong>fere</strong></span> <span class='ocrx_word' id='word_1_1014' title='bbox 3330 4392 3533 4466; x_wconf 79' lang='lat' dir='ltr'><strong>distare</strong></span> <span class='ocrx_word' id='word_1_1015' title='bbox 3563 4393 3647 4447; x_wconf 88' lang='lat' dir='ltr'><strong>vi-</strong></span> 
     </span>
    </p>
   </div>
   <div class='ocr_carea' id='block_1_137' title="bbox 2022 4462 3647 4535">
    <p class='ocr_par' dir='ltr' id='par_1_137' title="bbox 2022 4462 3647 4535">
     <span class='ocr_line' id='line_1_143' title="bbox 2022 4462 3647 4535; baseline -0.002 -14"><span class='ocrx_word' id='word_1_1016' title='bbox 2022 4500 2029 4501; x_wconf 51' lang='grc' dir='ltr'><em>ν</em></span> <span class='ocrx_word' id='word_1_1017' title='bbox 2054 4462 2229 4531; x_wconf 71' lang='grc' dir='ltr'><strong>ἁθῖυιν,</strong></span> <span class='ocrx_word' id='word_1_1018' title='bbox 2253 4467 2339 4521; x_wconf 92' lang='lat' dir='ltr'><strong>vel</strong></span> <span class='ocrx_word' id='word_1_1019' title='bbox 2358 4462 2951 4535; x_wconf 45' lang='lat' dir='ltr'><strong>ad&#39;lividum’proxime</strong></span> <span class='ocrx_word' id='word_1_1020' title='bbox 2972 4466 3207 4533; x_wconf 89' lang='lat' dir='ltr'><strong>accedit,</strong></span> <span class='ocrx_word' id='word_1_1021' title='bbox 3230 4479 3350 4535; x_wconf 91' lang='lat' dir='ltr'><strong>cum</strong></span> <span class='ocrx_word' id='word_1_1022' title='bbox 3382 4479 3413 4516; x_wconf 91' lang='lat' dir='ltr'><strong>a</strong></span> <span class='ocrx_word' id='word_1_1023' title='bbox 3436 4462 3647 4518; x_wconf 85' lang='lat' dir='ltr'><strong>Joanne</strong></span> 
     </span>
    </p>
   </div>
   <div class='ocr_carea' id='block_1_138' title="bbox 2055 4534 3647 4605">
    <p class='ocr_par' dir='ltr' id='par_1_138' title="bbox 2055 4534 3647 4605">
     <span class='ocr_line' id='line_1_144' title="bbox 2055 4534 3647 4605; baseline -0.002 -14"><span class='ocrx_word' id='word_1_1024' title='bbox 2055 4538 2297 4592; x_wconf 88' lang='lat' dir='ltr'><strong>Diacono</strong></span> <span class='ocrx_word' id='word_1_1025' title='bbox 2335 4536 2601 4605; x_wconf 89' lang='lat' dir='ltr'><strong>aquilinus</strong></span> <span class='ocrx_word' id='word_1_1026' title='bbox 2631 4534 2782 4592; x_wconf 88' lang='lat' dir='ltr'><strong>color</strong></span> <span class='ocrx_word' id='word_1_1027' title='bbox 2811 4552 2934 4591; x_wconf 91' lang='lat' dir='ltr'><strong>cum</strong></span> <span class='ocrx_word' id='word_1_1028' title='bbox 2957 4536 3121 4589; x_wconf 89' lang='lat' dir='ltr'><strong>livido</strong></span> <span class='ocrx_word' id='word_1_1029' title='bbox 3144 4534 3537 4605; x_wconf 12' lang='lat' dir='ltr'><strong>7co_nju_ngatur,</strong></span> <span class='ocrx_word' id='word_1_1030' title='bbox 3576 4548 3647 4588; x_wconf 84' lang='lat' dir='ltr'><strong>ex</strong></span> 
     </span>
    </p>
   </div>
   <div class='ocr_carea' id='block_1_139' title="bbox 2055 4602 3646 4676">
    <p class='ocr_par' dir='ltr' id='par_1_139' title="bbox 2055 4602 3646 4676">
     <span class='ocr_line' id='line_1_145' title="bbox 2055 4602 3646 4676; baseline -0.002 -15"><span class='ocrx_word' id='word_1_1031' title='bbox 2055 4608 2250 4675; x_wconf 89' lang='lat' dir='ltr'><strong>quibus</strong></span> <span class='ocrx_word' id='word_1_1032' title='bbox 2278 4602 2429 4661; x_wconf 83' lang='lat' dir='ltr'><strong>color</strong></span> <span class='ocrx_word' id='word_1_1033' title='bbox 2452 4606 2633 4662; x_wconf 91' lang='lat' dir='ltr'><strong>fuscus</strong></span> <span class='ocrx_word' id='word_1_1034' title='bbox 2661 4609 3005 4676; x_wconf 91' lang='lat' dir='ltr'><strong>componitur</strong></span> <span class='ocrx_word' id='word_1_1035' title='bbox 3028 4623 3041 4657; x_wconf 91' lang='lat'><strong>:</strong></span> <span class='ocrx_word' id='word_1_1036' title='bbox 3065 4604 3177 4673; x_wconf 90' lang='lat' dir='ltr'><strong>qui,</strong></span> <span class='ocrx_word' id='word_1_1037' title='bbox 3202 4602 3454 4676; x_wconf 83' lang='lat' dir='ltr'><strong>Thylesio</strong></span> <span class='ocrx_word' id='word_1_1038' title='bbox 3482 4610 3646 4676; x_wconf 79' lang='lat' dir='ltr'><strong>teste,</strong></span> 
     </span>
    </p>
   </div>
   <div class='ocr_carea' id='block_1_140' title="bbox 2059 4670 3644 4748">
    <p class='ocr_par' dir='ltr' id='par_1_140' title="bbox 2059 4670 3644 4748">
     <span class='ocr_line' id='line_1_146' title="bbox 2059 4670 3644 4748; baseline -0.001 -17"><span class='ocrx_word' id='word_1_1039' title='bbox 2059 4670 2166 4748; x_wconf 79' lang='lat' dir='ltr'><strong>non</strong></span> <span class='ocrx_word' id='word_1_1040' title='bbox 2198 4678 2565 4748; x_wconf 88' lang='lat' dir='ltr'><strong>estinsuavis,</strong></span> <span class='ocrx_word' id='word_1_1041' title='bbox 2593 4686 2753 4748; x_wconf 90' lang='lat' dir='ltr'><strong>atque</strong></span> <span class='ocrx_word' id='word_1_1042' title='bbox 2782 4670 2833 4731; x_wconf 88' lang='lat' dir='ltr'><strong>in</strong></span> <span class='ocrx_word' id='word_1_1043' title='bbox 2857 4670 3344 4748; x_wconf 33' lang='lat' dir='ltr'><strong>homineipersaape</strong></span> <span class='ocrx_word' id='word_1_1044' title='bbox 3373 4670 3644 4748; x_wconf 79' lang='lat' dir='ltr'><strong>laudatur.</strong></span> 
     </span>
    </p>
   </div>
   <div class='ocr_carea' id='block_1_141' title="bbox 1988 4725 3648 4813">
    <p class='ocr_par' dir='ltr' id='par_1_141' title="bbox 1988 4725 3648 4813">
     <span class='ocr_line' id='line_1_147' title="bbox 1988 4725 3648 4813; baseline -0.002 -11"><span class='ocrx_word' id='word_1_1045' title='bbox 1988 4725 2034 4784; x_wconf 73' lang='grc' dir='ltr'>θ</span> <span class='ocrx_word' id='word_1_1046' title='bbox 2061 4747 2252 4803; x_wconf 88' lang='lat' dir='ltr'><strong>Festus</strong></span> <span class='ocrx_word' id='word_1_1047' title='bbox 2280 4725 2566 4813; x_wconf 71' lang='lat' dir='ltr'><strong>Pompeius</strong></span> <span class='ocrx_word' id='word_1_1048' title='bbox 2593 4725 2682 4802; x_wconf 58' lang='lat' dir='ltr'><strong>de</strong></span> <span class='ocrx_word' id='word_1_1049' title='bbox 2690 4725 3310 4813; x_wconf 57' lang='lat' dir='ltr'><strong>&#39;édibfe&#39;Sliuiia&#39;iih&#39;nii</strong></span> <span class='ocrx_word' id='word_1_1050' title='bbox 3325 4725 3422 4797; x_wconf 81' lang='lat' dir='ltr'><strong>ait</strong></span> <span class='ocrx_word' id='word_1_1051' title='bbox 3437 4725 3496 4797; x_wconf 89' lang='lat' dir='ltr'><strong>in</strong></span> <span class='ocrx_word' id='word_1_1052' title='bbox 3527 4725 3648 4799; x_wconf 55' lang='lat' dir='ltr'><strong>nio;</strong></span> 
     </span>
    </p>
   </div>
   <div class='ocr_carea' id='block_1_142' title="bbox 2061 4812 3648 4890">
    <p class='ocr_par' dir='ltr' id='par_1_142' title="bbox 2061 4812 3648 4890">
     <span class='ocr_line' id='line_1_148' title="bbox 2061 4812 3648 4890; baseline -0.001 -19"><span class='ocrx_word' id='word_1_1053' title='bbox 2061 4817 2235 4890; x_wconf 80' lang='lat' dir='ltr'><strong>dum:</strong></span> <span class='ocrx_word' id='word_1_1054' title='bbox 2281 4812 2497 4890; x_wconf 77' lang='lat' dir='ltr'><strong>Aquilus</strong></span> <span class='ocrx_word' id='word_1_1055' title='bbox 2535 4820 2680 4890; x_wconf 87' lang='lat' dir='ltr'><strong>color_</strong></span> <span class='ocrx_word' id='word_1_1056' title='bbox 2718 4827 2796 4871; x_wconf 87' lang='lat' dir='ltr'><strong>est</strong></span> <span class='ocrx_word' id='word_1_1057' title='bbox 2842 4818 3129 4890; x_wconf 26' lang='lat' dir='ltr'><strong>{useushet</strong></span> <span class='ocrx_word' id='word_1_1058' title='bbox 3174 4812 3436 4890; x_wconf 74' lang='lat' dir='ltr'><strong>subniger,</strong></span> <span class='ocrx_word' id='word_1_1059' title='bbox 3475 4832 3507 4867; x_wconf 84' lang='grc' dir='ltr'><em>α</em></span> <span class='ocrx_word' id='word_1_1060' title='bbox 3547 4832 3648 4890; x_wconf 75' lang='lat' dir='ltr'><strong>quo</strong></span> 
     </span>
    </p>
   </div>
   <div class='ocr_carea' id='block_1_143' title="bbox 2061 4884 3648 4959">
    <p class='ocr_par' dir='ltr' id='par_1_143' title="bbox 2061 4884 3648 4959">
     <span class='ocr_line' id='line_1_149' title="bbox 2061 4884 3648 4959; baseline -0.002 -18"><span class='ocrx_word' id='word_1_1061' title='bbox 2061 4888 2236 4959; x_wconf 84' lang='lat' dir='ltr'><strong>aquila</strong></span> <span class='ocrx_word' id='word_1_1062' title='bbox 2274 4884 2415 4959; x_wconf 71' lang='lat' dir='ltr'><strong>dicta</strong></span> <span class='ocrx_word' id='word_1_1063' title='bbox 2452 4904 2563 4941; x_wconf 88' lang='lat' dir='ltr'><strong>esse</strong></span> <span class='ocrx_word' id='word_1_1064' title='bbox 2598 4884 3092 4959; x_wconf 23' lang='lat' dir='ltr'><strong>videturp&#39;qaamvis</strong></span> <span class='ocrx_word' id='word_1_1065' title='bbox 3126 4899 3243 4959; x_wconf 78' lang='lat' dir='ltr'><strong>eam</strong></span> <span class='ocrx_word' id='word_1_1066' title='bbox 3290 4884 3357 4959; x_wconf 84' lang='lat' dir='ltr'><strong>ab_</strong></span> <span class='ocrx_word' id='word_1_1067' title='bbox 3394 4893 3541 4937; x_wconf 87' lang='lat' dir='ltr'><strong>acute</strong></span> <span class='ocrx_word' id='word_1_1068' title='bbox 3560 4884 3648 4938; x_wconf 48' lang='lat' dir='ltr'><strong>&#39;vi-</strong></span> 
     </span>
    </p>
   </div>
   <div class='ocr_carea' id='block_1_144' title="bbox 2063 4954 3652 5026">
    <p class='ocr_par' dir='ltr' id='par_1_144' title="bbox 2063 4954 3652 5026">
     <span class='ocr_line' id='line_1_150' title="bbox 2063 4954 3652 5026; baseline 0.001 -17"><span class='ocrx_word' id='word_1_1069' title='bbox 2063 4954 2229 5011; x_wconf 79' lang='lat' dir='ltr'><strong>dendo</strong></span> <span class='ocrx_word' id='word_1_1070' title='bbox 2256 4958 2448 5010; x_wconf 87' lang='lat' dir='ltr'><strong>dictam</strong></span> <span class='ocrx_word' id='word_1_1071' title='bbox 2484 4958 2658 5009; x_wconf 83' lang='lat' dir='ltr'><strong>velint.</strong></span> <span class='ocrx_word' id='word_1_1072' title='bbox 2691 4956 2905 5026; x_wconf 79' lang='lat' dir='ltr'><strong>Aquilus</strong></span> <span class='ocrx_word' id='word_1_1073' title='bbox 2930 4964 3101 5008; x_wconf 89' lang='lat' dir='ltr'><strong>autem</strong></span> <span class='ocrx_word' id='word_1_1074' title='bbox 3125 4954 3268 5009; x_wconf 88' lang='lat' dir='ltr'><strong>color</strong></span> <span class='ocrx_word' id='word_1_1075' title='bbox 3303 4954 3369 5007; x_wconf 83' lang='lat' dir='ltr'><strong>ab</strong></span> <span class='ocrx_word' id='word_1_1076' title='bbox 3408 4972 3545 5024; x_wconf 88' lang='lat' dir='ltr'><strong>aqua</strong></span> <span class='ocrx_word' id='word_1_1077' title='bbox 3570 4966 3652 5010; x_wconf 79' lang='lat' dir='ltr'><strong>est</strong></span> 
     </span>
    </p>
   </div>
   <div class='ocr_carea' id='block_1_145' title="bbox 2062 5026 3649 5094">
    <p class='ocr_par' dir='ltr' id='par_1_145' title="bbox 2062 5026 3649 5094">
     <span class='ocr_line' id='line_1_151' title="bbox 2062 5026 3649 5094; baseline 0.001 -14"><span class='ocrx_word' id='word_1_1078' title='bbox 2062 5029 2355 5081; x_wconf 84' lang='lat' dir='ltr'><strong>nominatus</strong></span> <span class='ocrx_word' id='word_1_1079' title='bbox 2392 5043 2408 5079; x_wconf 91' lang='lat'><strong><em>:</em></strong></span> <span class='ocrx_word' id='word_1_1080' title='bbox 2439 5043 2561 5079; x_wconf 88' lang='lat' dir='ltr'><strong>nam</strong></span> <span class='ocrx_word' id='word_1_1081' title='bbox 2606 5042 2720 5079; x_wconf 82' lang='lat' dir='ltr'><strong>cum</strong></span> <span class='ocrx_word' id='word_1_1082' title='bbox 2748 5026 2945 5094; x_wconf 84' lang='lat' dir='ltr'><strong>antiqui</strong></span> <span class='ocrx_word' id='word_1_1083' title='bbox 2974 5026 3103 5080; x_wconf 85' lang='lat' dir='ltr'><strong>duos</strong></span> <span class='ocrx_word' id='word_1_1084' title='bbox 3133 5027 3343 5081; x_wconf 85' lang='lat' dir='ltr'><strong>omnino</strong></span> <span class='ocrx_word' id='word_1_1085' title='bbox 3381 5028 3649 5081; x_wconf 82' lang='lat' dir='ltr'><strong>naturales</strong></span> 
     </span>
    </p>
   </div>
   <div class='ocr_carea' id='block_1_146' title="bbox 2062 5096 3651 5167">
    <p class='ocr_par' dir='ltr' id='par_1_146' title="bbox 2062 5096 3651 5167">
     <span class='ocr_line' id='line_1_152' title="bbox 2062 5096 3651 5167; baseline 0.001 -18"><span class='ocrx_word' id='word_1_1086' title='bbox 2062 5097 2259 5151; x_wconf 85' lang='lat' dir='ltr'><strong>colores</strong></span> <span class='ocrx_word' id='word_1_1087' title='bbox 2288 5106 2515 5161; x_wconf 80' lang='lat' dir='ltr'><strong>nossent,</strong></span> <span class='ocrx_word' id='word_1_1088' title='bbox 2552 5097 2756 5167; x_wconf 79' lang='lat' dir='ltr'><strong>nigrant</strong></span> <span class='ocrx_word' id='word_1_1089' title='bbox 2799 5097 2992 5150; x_wconf 87' lang='lat' dir='ltr'><strong>scilicet</strong></span> <span class='ocrx_word' id='word_1_1090' title='bbox 3019 5106 3069 5150; x_wconf 93' lang='lat' dir='ltr'><strong>et</strong></span> <span class='ocrx_word' id='word_1_1091' title='bbox 3096 5096 3290 5165; x_wconf 80' lang='lat' dir='ltr'><strong>album,</strong></span> <span class='ocrx_word' id='word_1_1092' title='bbox 3319 5097 3651 5167; x_wconf 80' lang='lat' dir='ltr'><strong>interveniret</strong></span> 
     </span>
    </p>
   </div>
   <div class='ocr_carea' id='block_1_147' title="bbox 2063 5166 3648 5238">
    <p class='ocr_par' dir='ltr' id='par_1_147' title="bbox 2063 5166 3648 5238">
     <span class='ocr_line' id='line_1_153' title="bbox 2063 5166 3648 5238; baseline -0.001 -17"><span class='ocrx_word' id='word_1_1093' title='bbox 2063 5177 2232 5221; x_wconf 87' lang='lat' dir='ltr'><strong>autem</strong></span> <span class='ocrx_word' id='word_1_1094' title='bbox 2257 5166 2302 5221; x_wconf 86' lang='lat' dir='ltr'><strong>is</strong></span> <span class='ocrx_word' id='word_1_1095' title='bbox 2330 5183 2545 5238; x_wconf 88' lang='lat' dir='ltr'><strong>quoque,</strong></span> <span class='ocrx_word' id='word_1_1096' title='bbox 2576 5168 2660 5237; x_wconf 88' lang='lat' dir='ltr'><strong>qui</strong></span> <span class='ocrx_word' id='word_1_1097' title='bbox 2680 5170 2755 5221; x_wconf 86' lang='lat' dir='ltr'><strong>ita</strong></span> <span class='ocrx_word' id='word_1_1098' title='bbox 2785 5168 2953 5221; x_wconf 89' lang='lat' dir='ltr'><strong>neutri</strong></span> <span class='ocrx_word' id='word_1_1099' title='bbox 2981 5167 3167 5221; x_wconf 85' lang='lat' dir='ltr'><strong>similis</strong></span> <span class='ocrx_word' id='word_1_1100' title='bbox 3195 5177 3291 5233; x_wconf 82' lang='lat' dir='ltr'><strong>est,</strong></span> <span class='ocrx_word' id='word_1_1101' title='bbox 3313 5178 3369 5221; x_wconf 84' lang='lat' dir='ltr'><strong>ut</strong></span> <span class='ocrx_word' id='word_1_1102' title='bbox 3390 5178 3559 5222; x_wconf 81' lang='lat' dir='ltr'><strong>tamen</strong></span> <span class='ocrx_word' id='word_1_1103' title='bbox 3582 5166 3648 5220; x_wconf 81' lang='lat' dir='ltr'><strong>ab</strong></span> 
     </span>
    </p>
   </div>
   <div class='ocr_carea' id='block_1_148' title="bbox 2062 5238 3650 5310">
    <p class='ocr_par' dir='ltr' id='par_1_148' title="bbox 2062 5238 3650 5310">
     <span class='ocr_line' id='line_1_154' title="bbox 2062 5238 3650 5310; baseline 0.001 -20"><span class='ocrx_word' id='word_1_1104' title='bbox 2062 5246 2277 5307; x_wconf 76' lang='lat' dir='ltr'><strong>utroque</strong></span> <span class='ocrx_word' id='word_1_1105' title='bbox 2294 5240 2655 5310; x_wconf 77' lang='lat' dir='ltr'><strong>proprietatem</strong></span> <span class='ocrx_word' id='word_1_1106' title='bbox 2679 5238 2872 5302; x_wconf 81' lang='lat' dir='ltr'><strong>trahat,</strong></span> <span class='ocrx_word' id='word_1_1107' title='bbox 2897 5239 3219 5306; x_wconf 86' lang='lat' dir='ltr'><strong>potissimum</strong></span> <span class='ocrx_word' id='word_1_1108' title='bbox 3238 5238 3479 5310; x_wconf 48' lang='lat' dir='ltr'><strong>antiqua,</strong></span> <span class='ocrx_word' id='word_1_1109' title='bbox 3500 5238 3650 5308; x_wconf 79' lang='lat' dir='ltr'><strong>cujus</strong></span> 
     </span>
    </p>
   </div>
   <div class='ocr_carea' id='block_1_149' title="bbox 2062 5308 3650 5376">
    <p class='ocr_par' dir='ltr' id='par_1_149' title="bbox 2062 5308 3650 5376">
     <span class='ocr_line' id='line_1_155' title="bbox 2062 5308 3650 5376; baseline -0.001 -14"><span class='ocrx_word' id='word_1_1110' title='bbox 2062 5310 2289 5362; x_wconf 86' lang='lat' dir='ltr'><strong>incertus</strong></span> <span class='ocrx_word' id='word_1_1111' title='bbox 2327 5318 2402 5361; x_wconf 89' lang='lat' dir='ltr'><strong>est</strong></span> <span class='ocrx_word' id='word_1_1112' title='bbox 2432 5308 2592 5373; x_wconf 88' lang='lat' dir='ltr'><strong>color,</strong></span> <span class='ocrx_word' id='word_1_1113' title='bbox 2625 5326 2739 5362; x_wconf 87' lang='lat' dir='ltr'><strong>eum</strong></span> <span class='ocrx_word' id='word_1_1114' title='bbox 2771 5309 3245 5364; x_wconf 85' lang='lat' dir='ltr'><strong>denominaverunt.</strong></span> <span class='ocrx_word' id='word_1_1115' title='bbox 3278 5308 3405 5363; x_wconf 71' lang='lat' dir='ltr'><strong>Haec</strong></span> <span class='ocrx_word' id='word_1_1116' title='bbox 3436 5308 3650 5376; x_wconf 85' lang='lat' dir='ltr'><strong>Festus,</strong></span> 
     </span>
    </p>
   </div>
   <div class='ocr_carea' id='block_1_150' title="bbox 2064 5376 3649 5449">
    <p class='ocr_par' dir='ltr' id='par_1_150' title="bbox 2064 5376 3649 5449">
     <span class='ocr_line' id='line_1_156' title="bbox 2064 5376 3649 5449; baseline 0.001 -18"><span class='ocrx_word' id='word_1_1117' title='bbox 2064 5379 2151 5449; x_wconf 82' lang='lat' dir='ltr'><strong>cui</strong></span> <span class='ocrx_word' id='word_1_1118' title='bbox 2191 5376 2451 5433; x_wconf 90' lang='lat' dir='ltr'><strong>Junianus</strong></span> <span class='ocrx_word' id='word_1_1119' title='bbox 2486 5380 2800 5449; x_wconf 86' lang='lat' dir='ltr'><strong>Sipontinus</strong></span> <span class='ocrx_word' id='word_1_1120' title='bbox 2825 5380 2879 5435; x_wconf 92' lang='lat' dir='ltr'><strong>in</strong></span> <span class='ocrx_word' id='word_1_1121' title='bbox 2900 5380 3337 5445; x_wconf 84' lang='lat' dir='ltr'><strong>.commentariis,</strong></span> <span class='ocrx_word' id='word_1_1122' title='bbox 3370 5377 3649 5449; x_wconf 80' lang='lat' dir='ltr'><strong>ﬂuguitio,</strong></span> 
     </span>
    </p>
   </div>
   <div class='ocr_carea' id='block_1_151' title="bbox 2065 5448 3652 5519">
    <p class='ocr_par' dir='ltr' id='par_1_151' title="bbox 2065 5448 3652 5519">
     <span class='ocr_line' id='line_1_157' title="bbox 2065 5448 3652 5519; baseline 0.001 -17"><span class='ocrx_word' id='word_1_1123' title='bbox 2065 5448 2277 5519; x_wconf 88' lang='lat' dir='ltr'><strong>Papias,</strong></span> <span class='ocrx_word' id='word_1_1124' title='bbox 2316 5458 2373 5504; x_wconf 89' lang='lat' dir='ltr'><strong>et</strong></span> <span class='ocrx_word' id='word_1_1125' title='bbox 2391 5450 2482 5504; x_wconf 89' lang='lat' dir='ltr'><strong>alii</strong></span> <span class='ocrx_word' id='word_1_1126' title='bbox 2510 5448 2892 5506; x_wconf 74' lang='lat' dir='ltr'><strong>assentiuntur.</strong></span> <span class='ocrx_word' id='word_1_1127' title='bbox 2918 5449 2975 5505; x_wconf 92' lang='lat' dir='ltr'><strong>Si</strong></span> <span class='ocrx_word' id='word_1_1128' title='bbox 2998 5459 3177 5505; x_wconf 89' lang='lat' dir='ltr'><strong>autem</strong></span> <span class='ocrx_word' id='word_1_1129' title='bbox 3201 5449 3355 5505; x_wconf 90' lang='lat' dir='ltr'><strong>color</strong></span> <span class='ocrx_word' id='word_1_1130' title='bbox 3381 5448 3652 5519; x_wconf 88' lang='lat' dir='ltr'><strong>aquilinus</strong></span> 
     </span>
    </p>
   </div>
   <div class='ocr_carea' id='block_1_152' title="bbox 2065 5517 3654 5589">
    <p class='ocr_par' dir='ltr' id='par_1_152' title="bbox 2065 5517 3654 5589">
     <span class='ocr_line' id='line_1_158' title="bbox 2065 5517 3654 5589; baseline 0.001 -17"><span class='ocrx_word' id='word_1_1131' title='bbox 2065 5518 2133 5573; x_wconf 90' lang='lat' dir='ltr'><strong>ab</strong></span> <span class='ocrx_word' id='word_1_1132' title='bbox 2145 5517 2331 5589; x_wconf 80' lang='lat' dir='ltr'><strong>aquila</strong></span> <span class='ocrx_word' id='word_1_1133' title='bbox 2359 5521 2586 5584; x_wconf 87' lang='lat' dir='ltr'><strong>dicatur,</strong></span> <span class='ocrx_word' id='word_1_1134' title='bbox 2610 5520 2787 5577; x_wconf 88' lang='lat' dir='ltr'><strong>fulvus</strong></span> <span class='ocrx_word' id='word_1_1135' title='bbox 2808 5522 2962 5576; x_wconf 91' lang='lat' dir='ltr'><strong>color</strong></span> <span class='ocrx_word' id='word_1_1136' title='bbox 2982 5519 3204 5587; x_wconf 90' lang='lat' dir='ltr'><strong>intelligi</strong></span> <span class='ocrx_word' id='word_1_1137' title='bbox 3224 5527 3425 5589; x_wconf 86' lang='lat' dir='ltr'><strong>potest.</strong></span> <span class='ocrx_word' id='word_1_1138' title='bbox 3457 5517 3654 5587; x_wconf 83' lang='lat' dir='ltr'><strong>Aquila</strong></span> 
     </span>
    </p>
   </div>
   <div class='ocr_carea' id='block_1_153' title="bbox 2065 5589 3651 5659">
    <p class='ocr_par' dir='ltr' id='par_1_153' title="bbox 2065 5589 3651 5659">
     <span class='ocr_line' id='line_1_159' title="bbox 2065 5589 3651 5659; baseline 0.001 -16"><span class='ocrx_word' id='word_1_1139' title='bbox 2065 5592 2207 5644; x_wconf 90' lang='lat' dir='ltr'><strong>enim</strong></span> <span class='ocrx_word' id='word_1_1140' title='bbox 2238 5590 2364 5644; x_wconf 86' lang='lat' dir='ltr'><strong>fulvi</strong></span> <span class='ocrx_word' id='word_1_1141' title='bbox 2395 5592 2592 5646; x_wconf 91' lang='lat' dir='ltr'><strong>coloris</strong></span> <span class='ocrx_word' id='word_1_1142' title='bbox 2619 5601 2721 5647; x_wconf 86' lang='lat' dir='ltr'><strong>est.</strong></span> <span class='ocrx_word' id='word_1_1143' title='bbox 2754 5591 2890 5647; x_wconf 89' lang='lat' dir='ltr'><strong>Hinc</strong></span> <span class='ocrx_word' id='word_1_1144' title='bbox 2918 5589 3137 5645; x_wconf 88' lang='lat' dir='ltr'><strong>Ovidius</strong></span> <span class='ocrx_word' id='word_1_1145' title='bbox 3158 5591 3250 5659; x_wconf 85' lang='lat' dir='ltr'><strong>lib.</strong></span> <span class='ocrx_word' id='word_1_1146' title='bbox 3280 5606 3311 5642; x_wconf 89' lang='lat' dir='ltr'><strong>v</strong></span> <span class='ocrx_word' id='word_1_1147' title='bbox 3344 5590 3651 5659; x_wconf 77' lang='lat' dir='ltr'><strong>Fastorum,</strong></span> 
     </span>
    </p>
   </div>
   <div class='ocr_carea' id='block_1_154' title="bbox 2067 5658 3652 5733">
    <p class='ocr_par' dir='ltr' id='par_1_154' title="bbox 2067 5658 3652 5733">
     <span class='ocr_line' id='line_1_160' title="bbox 2067 5658 3652 5733; baseline 0.001 -20"><span class='ocrx_word' id='word_1_1148' title='bbox 2067 5662 2322 5733; x_wconf 79' lang='lat' dir='ltr'><strong>aquilam,</strong></span> <span class='ocrx_word' id='word_1_1149' title='bbox 2367 5676 2519 5716; x_wconf 90' lang='lat' dir='ltr'><strong>avem</strong></span> <span class='ocrx_word' id='word_1_1150' title='bbox 2567 5662 2763 5717; x_wconf 91' lang='lat' dir='ltr'><strong>fulvam</strong></span> <span class='ocrx_word' id='word_1_1151' title='bbox 2793 5661 3056 5733; x_wconf 88' lang='lat' dir='ltr'><strong>appellat;</strong></span> <span class='ocrx_word' id='word_1_1152' title='bbox 3077 5667 3146 5733; x_wconf 64' lang='lat' dir='ltr'><strong>et</strong></span> <span class='ocrx_word' id='word_1_1153' title='bbox 3187 5658 3514 5733; x_wconf 87' lang='lat' dir='ltr'><strong>Claudianus</strong></span> <span class='ocrx_word' id='word_1_1154' title='bbox 3542 5658 3652 5733; x_wconf 58' lang='lat' dir='ltr'><strong>ful+</strong></span> 
     </span>
    </p>
   </div>
   <div class='ocr_carea' id='block_1_155' title="bbox 2070 5727 3654 5801">
    <p class='ocr_par' dir='ltr' id='par_1_155' title="bbox 2070 5727 3654 5801">
     <span class='ocr_line' id='line_1_161' title="bbox 2070 5727 3654 5801; baseline 0.002 -19"><span class='ocrx_word' id='word_1_1155' title='bbox 2070 5727 2191 5785; x_wconf 86' lang='lat' dir='ltr'><strong>vum</strong></span> <span class='ocrx_word' id='word_1_1156' title='bbox 2219 5730 2366 5786; x_wconf 91' lang='lat' dir='ltr'><strong>Jovis</strong></span> <span class='ocrx_word' id='word_1_1157' title='bbox 2393 5734 2716 5801; x_wconf 90' lang='lat' dir='ltr'><strong>armigerum</strong></span> <span class='ocrx_word' id='word_1_1158' title='bbox 2743 5727 3038 5801; x_wconf 78' lang='lat' dir='ltr'><strong>nuncupat.</strong></span> <span class='ocrx_word' id='word_1_1159' title='bbox 3074 5727 3179 5785; x_wconf 86' lang='lat' dir='ltr'><strong>Per</strong></span> <span class='ocrx_word' id='word_1_1160' title='bbox 3221 5732 3463 5787; x_wconf 88' lang='lat' dir='ltr'><strong>colorem</strong></span> <span class='ocrx_word' id='word_1_1161' title='bbox 3491 5730 3654 5800; x_wconf 81' lang='lat' dir='ltr'><strong>igitur</strong></span> 
     </span>
    </p>
   </div>
   <div class='ocr_carea' id='block_1_156' title="bbox 2069 5801 3652 5869">
    <p class='ocr_par' dir='ltr' id='par_1_156' title="bbox 2069 5801 3652 5869">
     <span class='ocr_line' id='line_1_162' title="bbox 2069 5801 3652 5869; baseline 0.003 -15"><span class='ocrx_word' id='word_1_1162' title='bbox 2069 5801 2363 5869; x_wconf 89' lang='lat' dir='ltr'><strong>aquilinum</strong></span> <span class='ocrx_word' id='word_1_1163' title='bbox 2402 5810 2459 5857; x_wconf 92' lang='lat' dir='ltr'><strong>et</strong></span> <span class='ocrx_word' id='word_1_1164' title='bbox 2486 5803 2735 5867; x_wconf 91' lang='lat' dir='ltr'><strong>lividum,</strong></span> <span class='ocrx_word' id='word_1_1165' title='bbox 2767 5802 2853 5857; x_wconf 90' lang='lat' dir='ltr'><strong>vel</strong></span> <span class='ocrx_word' id='word_1_1166' title='bbox 2883 5802 3123 5857; x_wconf 90' lang='lat' dir='ltr'><strong>colorem</strong></span> <span class='ocrx_word' id='word_1_1167' title='bbox 3163 5802 3398 5869; x_wconf 85' lang='lat' dir='ltr'><strong>luscum,</strong></span> <span class='ocrx_word' id='word_1_1168' title='bbox 3429 5801 3652 5858; x_wconf 76' lang='lat' dir='ltr'><strong>vel-ful-</strong></span> 
     </span>
    </p>
   </div>
   <div class='ocr_carea' id='block_1_157' title="bbox 2068 5872 3653 5944">
    <p class='ocr_par' dir='ltr' id='par_1_157' title="bbox 2068 5872 3653 5944">
     <span class='ocr_line' id='line_1_163' title="bbox 2068 5872 3653 5944; baseline 0.003 -20"><span class='ocrx_word' id='word_1_1169' title='bbox 2068 5886 2195 5944; x_wconf 87' lang='lat' dir='ltr'><strong>vum</strong></span> <span class='ocrx_word' id='word_1_1170' title='bbox 2236 5872 2455 5944; x_wconf 89' lang='lat' dir='ltr'><strong>intelligi</strong></span> <span class='ocrx_word' id='word_1_1171' title='bbox 2485 5889 2645 5944; x_wconf 89' lang='lat' dir='ltr'><strong>posse</strong></span> <span class='ocrx_word' id='word_1_1172' title='bbox 2673 5873 2885 5944; x_wconf 59' lang='lat' dir='ltr'><strong>opinor.</strong></span> <span class='ocrx_word' id='word_1_1173' title='bbox 2914 5873 2984 5944; x_wconf 82' lang='lat' dir='ltr'><strong>At</strong></span> <span class='ocrx_word' id='word_1_1174' title='bbox 3019 5874 3144 5943; x_wconf 89' lang='lat' dir='ltr'><strong>quia</strong></span> <span class='ocrx_word' id='word_1_1175' title='bbox 3178 5873 3382 5928; x_wconf 89' lang='lat' dir='ltr'><strong>fulvum</strong></span> <span class='ocrx_word' id='word_1_1176' title='bbox 3411 5874 3653 5929; x_wconf 86' lang='lat' dir='ltr'><strong>colorem</strong></span> 
     </span>
    </p>
   </div>
   <div class='ocr_carea' id='block_1_158' title="bbox 2071 5932 3651 6025">
    <p class='ocr_par' dir='ltr' id='par_1_158' title="bbox 2071 5932 3651 6025">
     <span class='ocr_line' id='line_1_164' title="bbox 2071 5932 3651 6025; baseline 0.001 -29"><span class='ocrx_word' id='word_1_1177' title='bbox 2071 5943 2237 6023; x_wconf 80' lang='lat' dir='ltr'><strong>multa</strong></span> <span class='ocrx_word' id='word_1_1178' title='bbox 2260 5932 2672 6025; x_wconf 60' lang='lat' dir='ltr'><strong>jactaht,&#39;et_ut_</strong></span> <span class='ocrx_word' id='word_1_1179' title='bbox 2695 5932 2771 5999; x_wconf 75' lang='lat' dir='ltr'><strong>ait</strong></span> <span class='ocrx_word' id='word_1_1180' title='bbox 2796 5932 3219 6025; x_wconf 62' lang='lat' dir='ltr'><strong>Thylesitiscap.</strong></span> <span class='ocrx_word' id='word_1_1181' title='bbox 3252 5945 3348 6013; x_wconf 87' lang='grc'><strong>11,</strong></span> <span class='ocrx_word' id='word_1_1182' title='bbox 3376 5944 3651 6025; x_wconf 61' lang='grc' dir='ltr'><strong>θυι-ἱειιειιτ</strong></span> 
     </span>
    </p>
   </div>
   <div class='ocr_carea' id='block_1_159' title="bbox 2072 6014 3655 6084">
    <p class='ocr_par' dir='ltr' id='par_1_159' title="bbox 2072 6014 3655 6084">
     <span class='ocr_line' id='line_1_165' title="bbox 2072 6014 3655 6084; baseline 0.001 -17"><span class='ocrx_word' id='word_1_1183' title='bbox 2072 6027 2193 6081; x_wconf 80' lang='lat' dir='ltr'><strong>cum</strong></span> <span class='ocrx_word' id='word_1_1184' title='bbox 2222 6014 2483 6084; x_wconf 84' lang='lat' dir='ltr'><strong>inprimis,</strong></span> <span class='ocrx_word' id='word_1_1185' title='bbox 2514 6014 2711 6071; x_wconf 85' lang='lat' dir='ltr'><strong>deinde</strong></span> <span class='ocrx_word' id='word_1_1186' title='bbox 2752 6030 2970 6081; x_wconf 88' lang='lat' dir='ltr'><strong>aurum,</strong></span> <span class='ocrx_word' id='word_1_1187' title='bbox 3000 6014 3199 6084; x_wconf 76' lang='lat' dir='ltr'><strong>stellae,</strong></span> <span class='ocrx_word' id='word_1_1188' title='bbox 3235 6032 3419 6081; x_wconf 83' lang='lat' dir='ltr'><strong>arena,</strong></span> <span class='ocrx_word' id='word_1_1189' title='bbox 3455 6016 3564 6078; x_wconf 90' lang='lat' dir='ltr'><strong>leo,</strong></span> <span class='ocrx_word' id='word_1_1190' title='bbox 3594 6021 3655 6070; x_wconf 77' lang='lat' dir='ltr'><strong>et</strong></span> 
     </span>
    </p>
   </div>
  </div>
