4130 6458
531 448 630 505 471

530 623 774 687 diaconis
788 638 905 685 erat
924 623 1348 696 demandatum),
1368 626 1553 696 subter
1573 623 1832 678 deberent
1851 636 1966 676 esse
1992 637 2111 675 mu-

526 703 645 764 niti,
672 718 739 756 ne
758 700 982 756 terrenis
1012 698 1289 752 affectibus
1314 695 1727 766 polluerentur;
1747 707 1957 749 sursum
1983 707 2111 748 vero

526 763 718 841 aperti,
744 781 1007 839 quatenus
1029 763 1408 841 praedicatores
1432 763 1501 841 ad
1526 763 2113 841 ctelestiagognoscen-

525 832 615 905 da,
646 832 877 922 ‘nec'non
922 832 1289 922 adr'nysteria
1317 832 2113 922 re‘velanda

525 904 718 976 canda,
751 911 885 964 tales
907 919 963 965 et
990 904 1092 980 ipsi
1120 909 1317 980 forent.
1345 904 1517 980 Hujus
1555 904 1767 980 generis
1795 904 1995 980 caligas
2022 911 2116 957 aut

523 974 763 1036 sandal'ia
784 974 1042 1034 Gordiani
1070 979 1236 1033 fuisse
1277 976 1586 1044 conjectare
1612 974 1775 1029 licet:
1813 974 1897 1044 sin
1931 987 2111 1040 secus,

518 1051 657 1105 'nihil
683 1059 797 1123 erat
820 1050 964 1119 quod
988 1048 1225 1105 Joannes
1246 1042 1512 1123 Diaconus
1526 1045 1595 1100 de
1614 1042 1989 1123 communibus
2009 1044 2111 1123 cal-

521 1121 816 1175 ceamentis
829 1112 901 1174 ita
915 1133 1167 1189 expresse
1178 1126 1232 1171 et
1245 1116 1521 1185 insigniter
1530 1115 1861 1189 mentionem
1875 1112 2109 1167 fecisset.

593 1189 709 1245 Hoc
753 1191 874 1245 loco
918 1183 1096 1244 facere
1141 1203 1249 1242 non
1283 1183 1522 1257 possum,
1553 1186 1683 1257 quin
1711 1183 1963 1247 admirer,
1990 1197 2113 1257 cum

519 1259 756 1316 Joannes
804 1262 1104 1323 Diaconus,
1155 1258 1246 1326 qui
1283 1252 1460 1312 dictas
1492 1252 1755 1326 imagines
1792 1260 1984 1307 exacte
2011 1252 2109 1307 de-

518 1332 789 1402 scripsit,
820 1339 879 1402 ut
906 1330 1106 1402 multas
1155 1324 1465 1402 earumdem
1515 1324 1784 1402 minutias
1833 1336 2116 1402 expresse-

519 1392 901 1466 ritfsan'dalia
946 1398 1201 1453 Gordiani
1239 1396 1706 1466 commemorarit,
1754 1393 1823 1466 de
1858 1392 2112 1466 sandaiiis

518 1463 699 1525 autem
729 1471 872 1524 beati
902 1469 1145 1537 Gregorii
1172 1467 1371 1521 nullam
1398 1467 1612 1537 penitus
1641 1463 2112 1537 fecerit__mentio-

516 1555 663 1593 nem.
713 1540 959 1607 Quonam
1005 1532 1185 1592 autem
1232 1532 1789 1607 modo—huncnoduni
1816 1532 2114 1588 dissolvere

557 1603 979 1677 ueamfignoro,
1028 1610 1131 1663 nisi
1158 1608 1210 1662 id
1238 1607 1527 1677 memoria:
1560 1606 1712 1675 lapsu
1748 1603 1961 1677 factum
1993 1617 2113 1677 esse

558 1674 725 1735 icam.’
748 1674 886 1734 Hinc
913 1680 1082 1735 calcei
1112 1679 1255 1733 beati
1287 1676 1556 1745 Gregorii,
1587 1674 1715 1728 num
1745 1674 1798 1728 in
1845 1674 2113 1745 superiori

519 1758 675 1819 parte
704 1750 983 1805 fenestrati
1013 1758 1107 1804 aut
1136 1743 1420 1819 perforati,
1444 1760 1655 1801 necnon
1676 1758 1843 1819 cruce
1875 1743 2113 1819 insigniti

516 1811 806 1888 effingendi
828 1830 1007 1874 essent
1030 1822 1047 1891 (
1070 1811 1256 1874 ut'hac
1282 1811 1464 1873 nostra
1488 1824 1648 1891 relate
1668 1813 1781 1891 fieri
1812 1811 1979 1891 solet)
2012 1828 2110 1891 an-

517 1884 920 2013 ceJis'profecto
960 1884 1071 1955 fui';
1119 1898 1406 1958 propterea
1449 1886 1594 1955 quod
1640 1884 1855 1964 calceos
1882 1884 2027 1964 ipsos
2055 1886 2110 1965 in

517 1974 563 2012 te
603 1960 739 2013 icula
784 1962 957 2013 sancti
996 1960 1223 2013 Andreae
1270 1966 1463 2013 neutro
1494 1954 1657 2010 modo
1688 1962 1862 2013 uictos
1903 1968 2105 2007 inveni.

516 1954 739 2015 aedicula
784 1962 957 2015 sancti
996 1954 1239 2013 Andreae
1270 1954 1657 2013 neutro’modo
1688 1955 1862 2023 pictos
1903 1954 2105 2007 inveni.

516 2029 771 2094 Quamvis
792 2038 970 2083 autem
999 2028 1267 2098 Josephus
1295 2023 2109 2098 StephanusValentinus,_epi-

515 2091 713 2169 scopus
743 2100 869 2154 olim
893 2091 1179 2165 Vestanus,
1211 2114 1353 2169 nunc
1376 2091 1505 2169 vero
1534 2096 1818 2169 episcopus
1843 2091 2108 2169 Oriolen.,

514 2164 759 2225 vir-sane
786 2164 1171 2234 doctissimus,
1189 2169 1243 2222 in
1281 2168 1417 2222 libro
1444 2167 1511 2221 de
1536 2164 1883 2220 Osculatione
1909 2164 2109 2234 pedum

515 2238 747 2293 Romani
791 2240 1076 2304 pontificis,
1109 2254 1228 2307 cap.
1272 2238 1363 2304 18,
1389 2234 1875 2307 ειᾱγθτευείιξειρὶιὶἱ
1906 2234 2111 2307 Masso-

516 2309 601 2359 nis
631 2309 998 2375 calliditatem,
1046 2303 1200 2363 usum
1247 2303 1493 2374 gestandi
1533 2304 1775 2375 sandalia
1808 2303 2110 2370 pontificia,

518 2382 677 2429 cruce
701 2379 968 2443 insignita,
983 2373 1405 2431 vetustissimum
1426 2374 1589 2427 fuisse
1609 2388 1707 2443 per
1726 2373 1960 2440 picturas
1981 2388 2113 2426 con-

512 2446 714 2514 jectet;
745 2461 843 2514 ego
876 2455 1080 2514 tamen,
1110 2448 1203 2516 qui
1231 2447 1410 2515 potius
1441 2444 1690 2498 oculatus
1713 2457 1873 2516 quam
1904 2443 2111 2516 auritus

517 2512 676 2570 testis
707 2512 807 2569 hac
835 2516 890 2569 in
919 2532 980 2571 re
1003 2512 1144 2573 esse
1168 2512 1473 2585 cupiebam,
1503 2522 1719 2569 veteres
1748 2512 2109 2585 ecclesiarum

515 2585 704 2637 ltomac
730 2585 945 2640 absides
984 2602 1151 2656 opere
1202 2582 1413 2640 musivo
1464 2584 1778 2656 decoratas,
1827 2582 2112 2649 diligenter

517 2656 864 2728 perlustravi.
895 2653 1097 2723 Qua'in
1124 2673 1184 2712 re
1212 2654 1595 2728 perquirenda,
1628 2653 2113 2728 calceossurnmo—

518 2722 637 2779 rum
669 2722 983 2796 pontificum
1014 2728 1069 2782 in
1099 2722 1365 2797 superiori
1394 2734 1547 2795 parte
1572 2739 1674 2779 nec
1711 2723 1932 2797 omnino
1956 2722 2108 2797 fene-

517 2793 859 2860 stratos,‘aut
884 2793 1206 2863 perforatos,
1236 2812 1335 2852 nec
1357 2793 1715 2864 undequaque
1740 2793 1934 2863 pedem
1965 2793 2114 2847 obte-

516 2874 706 2936 gentes
720 2868 925 2937 reperi;
951 2883 1072 2922 nam
1097 2865 1467 2922 tantummodo
1489 2863 1541 2920 in
1562 2863 1716 2937 pedis
1738 2863 2003 2937 acumine,
2029 2870 2112 2937 at-

518 2932 625 3005 que
654 2938 709 2991 in
753 2932 1021 3003 calcaneo
1040 2946 1407 3007 tegumentum
1432 2932 1855 3003 cum'ligamine,
1887 2949 1920 3007 a_
1965 2932 2113 2988 solea

518 3002 575 3059 ct
600 3022 630 3059 a
663 3007 811 3062 calce
857 3007 925 3061 ad
962 3002 1182 3072 collu'm,
1215 3016 1270 3063 et
1298 3008 1363 3061 ad
1404 3007 1556 3077 pedis
1581 3002 1828 3077 acumen,
1858 3002 1923 3056 ad
1953 3018 2113 3077 supe-

518 3076 717 3149 riorem
746 3077 1000 3149 videlicet
1018 3079 1169 3148 pedis
1195 3074 2111 3149 partemdiducto,‘inesseconspi-

517 3147 686 3213 citur;
718 3148 941 3216 parvula
966 3143 1127 3204 cruce
1167 3143 1331 3218 supra
1369 3148 1566 3215 digitos
1591 3145 1810 3218 pedum,
1841 3143 2113 3199 tibialibus

517 3223 573 3268 et
594 3218 752 3289 corio
773 3228 1082 3283 coopertos,
1108 3216 1386 3289 impressa,
1411 3216 1714 3289 sive_picta.

591 3283 830 3356 Tametsi
879 3283 1224 3343 Innocentius
1269 3289 1335 3343 ΙΙΙ
1374 3283 1477 3345 lib.
1523 3283 1899 3356 Mysteriorum
1938 3284 2111 3356 Missa:

520 3370 640 3423 cap.
673 3354 744 3408 '54
763 3364 818 3411 et
843 3356 935 3422 48,
958 3357 1215 3411 Alcuinus
1246 3374 1366 3425 cap.
1399 3359 1468 3413 de
1486 3354 1928 3411 vestimentorum
1950 3355 2114 3425 signi-

521 3425 895 3491 ficationibus,
939 3427 1243 3482 Amalarius
1281 3424 1606 3483 Fortunatus
1652 3425 1747 3479 lib.
1797 3441 1833 3479 ιι
1878 3440 1995 3495 cap.
2021 3424 2110 3492 25,

524 3495 780 3565 Rabanus
810 3496 903 3550 lib.
930 3513 945 3550 ι
973 3512 1095 3565 cap.
1123 3496 1217 3565 22,
1248 3496 1340 3552 lvo
1372 3495 1733 3565 Carnotensis_
1748 3509 1919 3565 serm.
1944 3495 2014 3549 de
2041 3495 2115 3549 si-

520 3564 865 3633 gniﬁcatione
885 3563 1346 3635 indumentorum,
1370 3567 1688 3622 Guillelmus
1709 3563 1995 3619 Durandus
2018 3566 2112 3621 lib.

520 3651 579 3690 ιιι
607 3650 726 3704 cap.
758 3638 809 3699 8,
841 3636 1143 3705 Stephanus
1165 3634 1435 3693 Durantus
1462 3637 1554 3691 lib.
1584 3651 1641 3701 ιι,
1665 3649 1783 3705 cap.
1814 3634 1868 3703 9,
1914 3644 1969 3690 et
1998 3636 2111 3702 alii,

522 3706 612 3775 qui
642 3706 709 3777 de
736 3708 991 3761 sandaliis
1021 3708 1185 3763 locuti
1214 3717 1371 3777 sunt,
1420 3708 1489 3762 de
1527 3720 1690 3761 cruce
1718 3720 1881 3777 super
1920 3706 2117 3761 calceis

520 3775 1027 3849 pontificiistapponi
1050 3778 1207 3833 solita
1226 3794 1333 3834 non
1350 3775 1741 3843 meminerunt;
1774 3775 1911 3831 lianc
1935 3785 2115 3831 tamen

522 3846 968 3918 consuetudinem
1022 3849 1301 3918 antiquam
1350 3865 1503 3915 esse,
1548 3861 1937 3916 nonnunquam
1986 3862 2115 3904 vero

520 3916 726 3971 incuria
753 3919 1020 3989 pictorum
1051 3916 1506 3989 etl'apicidarum,
1537 3919 1624 3974 vel
1664 3933 1856 3973 eorum
1882 3919 1973 3989 qui
2002 3927 2115 3971 sta-

523 3996 645 4041 tuas
670 3996 727 4041 et
759 3990 998 4058 picturas
1038 3988 1345 4044 alliciendas
1391 3990 1670 4053 curabant,
1700 3988 2116 4058 praetermissam

525 4058 725 4112 inveni.
756 4058 910 4124 Nam,
943 4068 1003 4112 ut
1030 4060 1098 4113 ab
1124 4061 1513 4129 antiquioribus
1536 4074 1869 4129 summorum
1899 4058 2117 4129 pontifig

525 4144 647 4197 cum
699 4129 1017 4195 imaginibus
1068 4143 1201 4197 quas
1248 4127 1488 4185 invenire
1531 4129 1683 4197 potui
1709 4127 1976 4192 exordiar,
2009 4128 2117 4182 vidi

528 4195 713 4250 Roma:
741 4195 1159 4252 vetustissimam
1188 4200 1431 4254 ecclesiae
1472 4195 1673 4253 sancta:
1719 4198 1941 4264 Agnetis
1972 4197 2118 4251 absi-

528 4267 672 4332 dem,
722 4281 886 4335 opere
933 4268 1286 4322 vermiculato
1333 4270 1477 4324 circa
1516 4283 1715 4323 annum
1762 4267 1974 4321 Domini
2015 4267 2119 4321 624

530 4344 867 4408 exornatam,
900 4338 956 4391 in
986 4353 1091 4408 qua
1118 4336 1407 4408 Honorius,
1439 4338 1598 4405 hujus
1625 4337 1859 4408 nominis
1886 4337 2114 4406 primus,

529 4407 619 4475 qui
666 4420 875 4461 sacram
922 4406 1096 4462 beata:
1149 4407 1369 4475 Agnetis
1413 4408 1583 4462 :edem
1640 4408 1724 4461 via
1780 4406 2117 4462 Nomentana

530 4477 980 4544 construendam,
1028 4486 1090 4532 et‘
1123 4478 1363 4534 absidem
1392 4479 1603 4533 musivo
1634 4477 1997 4532 decorandam
2025 4494 2121 4533 cu-

530 4549 689 4614 ravit,
721 4555 781 4601 ut
814 4548 1130 4603 Anastasius
1167 4547 1615 4604 Bibliothecarius
1639 4556 1887 4613 testatur,
1918 4556 1974 4603 et
2001 4564 2121 4603 car-

530 4619 673 4672 mina
714 4618 768 4671 in
811 4619 997 4673 abside
1035 4618 1305 4684 indicant;
1336 4618 1592 4674 sandaliis
1631 4620 1751 4673 alba
1791 4634 1954 4674 cruce
1984 4620 2116 4675 satis

1541 439 1625 495 ur:
1667 434 2057 495 IMAGINIBUS
2095 388 2154 490 s.
2202 432 2527 491 cnecoau
2568 434 2805 493 MAGNI.

530 577 745 626 norum,
791 574 887 616 seu
936 558 1349 629 praedicatorum
1380 556 1655 629 (quorum
1676 550 1910 607 officium
1942 551 2105 605 etiam
2127 552 2187 609 Ἀ
2216 547 2465 629 Romani,
2496 565 2705 629 necnon
2732 558 2874 629 mart

2142 1930 2189 1989 Β

2141 3314 2188 3377 C

3693 431 3807 482 4⁸η

3023 558 3151 612 auo,
3177 543 3435 603 sandaliis
3470 542 3692 616 parvula
3719 546 3808 600 ni-

2219 620 2299 688 gri
2352 619 2548 674 coloris
2589 635 2748 676 cruce
2791 616 3054 687 insignitis
3099 616 3545 688 conspiciuntur:
3575 629 3813 688 quorum

2219 686 2536 758 pontificum
2566 690 2723 758 alter,
2746 689 2814 745 ad
2837 686 3112 745 dexteram
3142 686 3396 758 videlicet
3422 695 3700 756 postremo
3729 686 3814 741 lo-

2220 756 2285 813 co
2315 760 2507 828 pictus,
2556 769 2639 816 est
2674 756 2910 817 Joannes
2938 759 3027 822 ιν,
3059 756 3343 828 ecclesiam
3371 772 3536 828 manu
3566 766 3807 828 gestans,

2218 824 2421 899 quippe
2448 824 2539 900 qui
2568 846 2687 887 eam
2729 824 3171 887 construendam'
3193 828 3415 884 curarit.
3460 826 3634 895 Quam
3678 827 3813 881 item

2219 915 2334 953 rem
2363 899 2552 955 versus
2601 902 2834 970 aliquot,
2885 901 2980 970 qui
3023 900 3152 954 inibi
3183 899 3469 970 leguntur,_
3494 912 3593 952 nos
3622 905 3813 970 aperte

2218 978 2463 1025 monent.
2498 968 2741 1025 Pontifex
2772 972 2839 1026 ad
2862 968 3130 1026 sinistram
3148 968 3428 1039 postremo
3456 968 3579 1024 loco
3607 968 3809 1039 pictus,

2218 1039 2527 1103 librumque
2554 1056 2718 1095 manu
2738 1053 2946 1103 tenens,
2969 1049 3030 1095 ut
3046 1036 3306 1094 Panvinio
3320 1039 3518 1103 placet,
3534 1050 3616 1093 est
3626 1036 3813 1091 Theo-

2218 1110 2406 1175 dorus,
2437 1107 2661 1167 Joannis
2696 1126 3026 1180 successor:
3057 1111 3177 1180 qui,
3211 1117 3271 1164 ut
3299 1107 3443 1180 idem
3482 1108 3558 1162 ait
3604 1107 3813 1180 Panvi-

2221 1180 2363 1247 nius,
2381 1181 2660 1235 ecclesiam
2682 1179 2927 1246 fortasse,
2960 1181 3061 1244 vel,
3077 1177 3145 1235 ἰιι
3171 1193 3272 1247 ego
3299 1178 3548 1243 arbitror,
3571 1177 3816 1238 absidem

2220 1248 2493 1321 aiJoanne
2516 1248 2825 1306 inchoatam
2856 1252 3111 1321 perfecit,
3141 1250 3271 1321 hinc
3300 1250 3357 1304 in
3396 1263 3461 1304 ea
3475 1250 3668 1321 pictus
3694 1263 3817 1306 cer-

2220 1319 2383 1373 nitur.
2409 1320 2518 1376 Cur
2538 1330 2719 1376 autem
2760 1318 3010 1377 hoc—loco
3038 1320 3335 1375 Venantius
3374 1327 3431 1374 et
3470 1318 3721 1383 Domitio,
3755 1330 3814 1376 et

2222 1397 2375 1443 extra
2438 1391 2677 1446 absidem
2737 1391 2986 1458 Maurus,
3028 1400 3323 1460 martyres,
3376 1403 3614 1460 crucem,
3648 1404 3814 1460 super

2221 1460 2473 1532 sandaliis
2504 1470 2717 1529 gestare
2744 1457 3056 1529 cernantur,
3084 1457 3243 1532 322
3273 1457 3483 1532 ignoro,
3517 1459 3618 1515 nisi
3647 1457 3701 1511 id
3721 1457 3815 1515 ar-

2219 1529 2382 1601 bitrio
2403 1532 2662 1601 pictoris,
2694 1533 2779 1587 vel
2806 1532 2873 1586 ad
2901 1529 3122 1587 crucem
3141 1529 3389 1601 martyrii
3416 1537 3816 1598 repraesentan-

2219 1600 2364 1664 dam,
2392 1599 2593 1656 factum
2623 1618 2744 1658 esse
2771 1603 2944 1658 dicam
2978 1621 2991 1655 :
3025 1616 3149 1655 nam
3186 1599 3382 1655 summi
3412 1607 3623 1654 tantum
3667 1615 3811 1668 pon-

2220 1668 2391 1743 tifices
2434 1670 2579 1726 hunc
2608 1673 2770 1727 ritum
2810 1688 2973 1743 super
3011 1671 3264 1743 sandaliis
3302 1669 3547 1743 gestandi
3591 1685 3813 1743 crucem

2220 1741 2510 1797 observare
2536 1742 2710 1797 solent
2734 1761 2747 1796 :
2782 1744 2834 1796 hi
2861 1739 3003 1798 cnim
3023 1742 3090 1796 de
3110 1757 3170 1798 se
3197 1739 3471 1796 humiliter
3494 1755 3557 1793 ac
3577 1739 3817 1797 demisse

2219 1811 2515 1884 sentientes
2547 1812 2717 1884 [Cum
2745 1830 2920 1868 omnes
2940 1812 3159 1884 populos
3183 1812 3441 1884 communi
3468 1819 3604 1884 voto,
3632 1819 3693 1884 ut
3718 1810 3819 1866 Jo-

2218 1880 2418 1953 sepbus
2445 1880 2770 1951 Stephanus,
2803 1880 2969 1953 episc.
3001 1880 3262 1953 Oriolen.,
3295 1883 3350 1936 in
3377 1881 3515 1953 libro
3554 1881 3622 1953 de
3650 1880 3818 1937 Oscu-

2216 1950 2419 2023 latione
2446 1950 2644 2021 pedum
2672 1950 2899 2010 Romani
2929 1952 3195 2023 pontificis
3216 1968 3322 2007 non
3346 1952 3522 2023 minus
3542 1951 3723 2019 docte,
3752 1961 3815 2008 ut

2214 2022 2416 2093 omnia,
2450 2037 2611 2089 quam
2642 2032 2891 2079 accurate
2920 2021 2984 2078 ac
3009 2024 3095 2091 pie
3123 2039 3243 2093 cap.
3276 2022 3344 2076 f8
3366 2021 3567 2084 scribit,
3594 2023 3663 2093 at!
3691 2039 3814 2078 suos

2213 2091 2370 2175 pedes
2398 2093 2707 2175 adorandos
2720 2110 3008 2175 propensos
3050 2091 3405 2175 agnoicerent,
3438 2092 3585 2175 cruci
3615 2091 3811 2148 Christi

2215 2162 2583 2235 osculationern
2622 2162 2791 2233 potius
2825 2162 2992 2235 quam
3039 2164 3310 2235 sibiiipsis
3335 2172 3535 2235 tantum
3564 2162 3815 2218 honorem

2216 2230 2409 2300 deferri
2452 2230 2776 2301 maluerunt,
2827 2230 2882 2286 tit
2920 2251 3093 2288 omnes
3131 2230 3454 2289 Christianos
3501 2233 3717 2301 benigne
3743 2235 3818 2287 ad

2216 2303 2391 2376 oscula
2420 2304 2605 2370 pedum
2643 2306 2951 2376 exciperent.
2980 2303 3182 2376 Itaque,
3212 2312 3269 2356 ut
3296 2319 3590 2376 expressam
3620 2302 3817 2376 Christi

2215 2371 2492 2437 imaginem
2534 2371 2803 2443 referrent,
2831 2383 2881 2428 et
2912 2371 3204 2429 Saluatoris
3232 2375 3526 2443 passionem
3552 2375 3605 2426 in
3648 2374 3817 2428 homi-

2216 2456 2343 2515 num
2356 2444 2665 2515 memoriam
2686 2445 2998 2515 redigerent,
3022 2462 3225 2498 crucem
3242 2444 3498 2515 sandaliis
3519 2444 3812 2513 affixerunt,

2217 2519 2273 2561 ut
2303 2510 2590 2566 Christiani
2618 2510 2849 2569 homines
2887 2531 2972 2568 eos
2985 2510 3212 2570 honores
3263 2531 3390 2581 quos
3417 2510 3614 2566 debitos
3642 2525 3691 2566 et
3718 2530 3813 2566 ne-

2219 2582 2471 2656 cessarios
2498 2586 2732 2656 pontiﬁci
2757 2584 3074 2656 deferebant,
3091 2601 3247 2656 Acruce
3270 2593 3559 2656 perspecta,
3583 2583 3814 2656 alacrius

2219 2650 2535 2707 exhiberem.
2582 2650 2709 2725 Haec
2761 2650 3026 2723 Jo'sephus
3064 2650 3575 2725 'StephanusLCur
3631 2654 3818 2725 itaque

2220 2729 2488 2794 martyres
2517 2724 2600 2779 vel
2631 2726 2720 2779 alii
2751 2726 2939 2787 sancti,
2970 2740 3077 2779 non
3101 2723 3383 2794 pontifices
3414 2723 3664 2788 Romani,
3698 2723 3815 2777 cal-

2220 2790 2333 2872 ceis
2358 2790 2522 2874 cruce
2538 2794 2803 2863 insignitis
2824 2790 3178 2874 decorentur,
3225 2810 3332 2874 noti
3362 2794 3492 2874 satis
3519 2794 3816 2874 perspicio,

2222 2861 2324 2934 nisi
2363 2861 2416 2915 id
2460 2864 2522 2917 ad
2555 2880 2617 2919 ea
2648 2861 2764 2933 qua:
2805 2866 2916 2919 dixi
2943 2866 3204 2928 referam;
3231 2864 3318 2919 vel
3347 2863 3429 2934 ob
3441 2861 3815 2934 episcopalem

2219 2928 2453 3005 fortasse
2473 2928 2814 3005 dignitatem,
2848 2950 2953 3004 qua
2974 2944 3237 3005 martyres
3261 2935 3382 3004 ipsi,
3410 2928 3710 3005 chantius
3729 2934 3814 2987 vi-

2221 3001 2439 3074 delicet,
2472 3001 2701 3074 Do'mnio
2727 3016 2782 3060 et
2810 3001 3047 3069 Maurus,
3081 3001 3298 3059 fuerant
3323 3004 3578 3074 insigniti,
3610 3004 3816 3059 factum

2221 3070 2274 3124 id
2308 3086 2428 3146 esse
2457 3073 2652 3141 dicam,
2682 3084 2743 3129 ut
2768 3091 2878 3146 prae
2907 3090 2966 3130 se
2993 3076 3097 3130 fert
3120 3075 3363 3145 pallium,
3394 3070 3501 3143 quo
3535 3075 3663 3130 dicti
3693 3076 3815 3144 epi-

2220 3142 2371 3222 scopi
2399 3150 2455 3196 et
2478 3142 3101 3222 martyres,'Gr§ccorum
3122 3142 3505 3222 episcoporum
3528 3160 3701 3212 more,
3725 3142 3817 3199 cr-

2222 3215 2335 3286 nati
2361 3225 2657 3286 cernuntur
2688 3233 2702 3269 :
2744 3216 2885 3286 apud
2913 3230 3146 3285 namque
3174 3215 3396 3270 Latinos
3421 3216 3542 3283 jure
3572 3231 3819 3271 commu-

2223 3280 2279 3333 ni
2296 3283 2516 3356 nonnisi
2544 3280 3155 3356 summis'pontificib'us,
3195 3280 3514 3355 patriarchis
3543 3293 3598 3340 et
3638 3287 3820 3341 archi-

2222 3350 2600 3426 epi_s_copis_,_ex
2624 3350 2830 3411 indulto
2857 3365 3038 3410 autem
3065 3350 3365 3426 apostolico
3388 3357 3654 3426 episcopis
3680 3372 3819 3410 non-

2221 3421 2568 3503 nullis'pallio
2599 3426 2675 3503 uti
2698 3426 2842 3503 licet.
2866 3427 3020 3503 $icut
3045 3421 3227 3503 itaque
3254 3421 3501 3503 pallium,
3521 3421 3664 3495 quod
3686 3442 3821 3503 pon-

2223 3491 2352 3568 tifici
2383 3492 2628 3568 Romano
2658 3497 2711 3550 in
2735 3497 2922 3566 primis
2952 3491 3227 3561 convenit,
3259 3491 3368 3552 non
3417 3491 3704 3568 episcopo,
3737 3498 3819 3568 eis

2218 3560 2403 3638 datum
2433 3572 2543 3638 est;
2573 3565 2645 3638 ita
2674 3560 2974 3638 et'_crucem
2997 3583 3117 3637 qua:
3137 3560 3359 3638 prppter
3377 3560 3573 3638 pedum
3603 3560 3820 3622 oscula-

2221 3632 2704 3713 tionem_in_solius
2747 3636 2986 3713 Romani
3012 3632 3287 3708 pontificis
3336 3632 3819 3713 sandaliisapponi

2221 3703 2381 3785 solet,
2416 3704 2574 3785 dictis
2603 3708 2927 3785 martyribus
2956 3703 3137 3763 datam
3164 3726 3284 3766 esse
3323 3710 3538 3779 opinor,
3568 3703 3705 3763 ritus
3733 3708 3819 3762 in-

2218 3777 2370 3850 venti
2397 3777 2609 3850 ratione
2634 3777 2758 3850 sive
2780 3794 2942 3850 causa
2974 3795 3081 3834 non
3110 3777 3417 3850 perspecta.

2290 3842 2377 3917 Ad
2405 3844 2778 3917 S._Martinum
2802 3848 2856 3903 in
2884 3842 3156 3905 montibus
3199 3842 3338 3905 inter
3374 3850 3631 3917 reliquias
3671 3851 3820 3907 beati

2221 3914 2439 3996 Martini
2514 3932 2666 3997 papre
2706 3928 2762 3973 et
2794 3922 3050 3997 tnartyris
3091 3936 3232 3975 anno
3253 3921 3417 3997 Dom.
3466 3914 3569 3997 6:47
3600 3922 3819 3978 calceus

2220 3990 2275 4058 in
2302 3990 2569 4058 superiori
2598 3997 2753 4058 parte
2789 3990 3130 4057 fenestratus,
3164 4000 3219 4046 et
3251 3992 3304 4045 in
3335 3992 3583 4046 acumine
3608 4000 3818 4048 tantum

2226 4054 2480 4110 obteCtus
2502 4054 2654 4131 juxta
2684 4058 2909 4131 formam
2938 4054 3159 4131 nupera
3185 4061 3342 4117 nobis
3367 4061 3691 4131 descriptam
3733 4078 3821 4119 as-

2218 4133 2487 4181 servatur.
2520 4127 2796 4201 Acuminis
2825 4127 3029 4185 autem'
3052 4132 3202 4201 pedis
3246 4127 3612 4201 tegumentum
3642 4134 3822 4187 coria-

2222 4208 2401 4277 _ceum,
2431 4198 2667 4277 cmruleo
2711 4200 2895 4255 colore
2928 4198 3177 4277 tinctum,
3209 4211 3263 4257 et
3294 4198 3612 4271 quibusdam
3639 4204 3822 4277 operi-

2220 4264 2323 4320 bus
2350 4281 2419 4337 ex
2459 4267 2634 4322 serico
2664 4278 2718 4324 et
2758 4285 2891 4326 auro
2937 4264 3207 4328 contextis
3233 4264 3483 4327 ornatum
3525 4264 3720 4337 exstat,
3755 4274 3813 4327 in

2219 4350 2327 4405 quo
2354 4336 2527 4413 instar
2565 4338 2675 4394 fere
2722 4339 2944 4413 hujusce
2990 4342 3180 4399 litterae
3209 4342 3428 4410 Graecze,
3469 4341 3536 4408 Χ,
3568 4336 3816 4413 (ιυαεάδω

2221 4405 2398 4496 crucis
2426 4408 2624 4476 imago,
2655 4419 2715 4465 ut
2752 4405 2822 4465 ita
2852 4411 3047 4496 dicam,
3083 4405 3641 4496 transversaiiter’acu
3673 4414 3816 4496 picta

2220 4482 2480 4558 cernitur,
2511 4492 2631 4546 qua:
2657 4491 2920 4558 ornatum
2946 4482 3096 4558 facit,
3126 4493 3188 4558 et
3200 4486 3498 4558 quamdam
3539 4482 3817 4558 crucissi-

2220 4546 2581 4624 tnilitudinem
2607 4551 2791 4624 refert,
2820 4560 2880 4606 ut
2907 4552 3044 4607 infra
3069 4546 3335 4624 explicate
3352 4554 3700 4608 ostendetur.
3728 4554 3861 4608 ln-F'

2220 4622 2306 4670 ter
2331 4618 2549 4673 easdem
2586 4621 2840 4689 reliquias
2878 4632 3053 4679 exstat
3081 4618 3242 4679 etiam
3273 4626 3487 4678 calceus
3538 4625 3681 4678 beati
3711 4624 3819 4679 Sil-

530 4688 825 4766 conspicua
856 4688 1120 4766 insignitis
1149 4690 1445 4766 calceatus,
1466 4697 1522 4743 et
1540 4690 1823 4766 ecclesiam
1846 4704 2011 4766 manu
2033 4704 2119 4766 ge-
2150 4704 2199 4766 D
2224 4689 2387 4766 vestri
2428 4688 2989 4766 primiholosericus,
3023 4694 3181 4749 viridi
3203 4694 3387 4766 colore
3414 4694 3671 4766 imbutus,
3708 4711 3817 4749 non

532 4764 683 4811 stans
707 4767 919 4814 exstare
946 4759 1203 4815 cernitur.
1231 4760 1331 4815 Hic
1360 4760 1504 4815 enim
1525 4760 1652 4814 dum
1682 4759 1906 4821 viveret,
1940 4761 1995 4814 in
2024 4762 2120 4813 ab-

534 4827 653 4900 side
676 4827 791 4896 ipsa
818 4829 990 4900 pictus
1019 4829 1138 4900 fuit,
1167 4830 1305 4885 sicut
1332 4846 1417 4897 ea,
1448 4846 1567 4900 quas
1605 4830 1835 4885 diximus
1881 4830 1936 4883 id
1964 4831 2120 4886 nobis

533 4896 690 4950 facile
718 4896 1059 4965 pereuadent.
1092 4898 1347 4966 Quamvis
1392 4896 1571 4956 auiem
1604 4900 1872 4955 Honorius
1897 4900 1918 4954 l
1947 4903 2121 4956 crucis

533 4966 743 5037 signum
768 4983 930 5037 super
965 4970 1215 5024 sandaliis
1248 4971 1498 5037 gestarit,
1537 4970 1805 5027 Honorius
1846 4983 2024 5027 tamen
2052 4970 2119 5025 ΙΙΙ

536 5045 591 5115 pt
634 5035 850 5115 lV,_e_x__
883 5038 1215 5115 nobilissima
1243 5035 1579 5115 sabellorum
1621 5041 1856 5115 familia,
1902 5057 2119 5115 emicem

536 5105 592 5157 in
621 5105 874 5185 sandaliis
903 5124 1010 5163 non
1030 5109 1255 5185 habent:
1282 5110 1378 5185 ille
1399 5112 1543 5185 enim
1573 5111 1643 5185 ad
1669 5105 1913 5167 sanctam
1940 5111 2119 5185 Bibia—

535 5190 661 5257 nam
686 5179 829 5257 circa
866 5192 1065 5257 annum
1104 5179 1334 5257 Domini
1359 5180 1497 5257 1240
1525 5182 1593 5237 ad
1617 5181 1836 5257 ianuam
1879 5182 2121 5257 ecclesiae

535 5246 731 5314 pictus,
752 5246 838 5301 hic
858 5262 986 5303 vero
1015 5249 1068 5302 in
1088 5249 1193 5304 Ara
1217 5252 1337 5307 cmli
1354 5251 1498 5308 circa
1521 5246 1722 5307 annum
1750 5252 1963 5306 Domini
1984 5250 2127 5305 1287

537 5330 903 5393 cx_marmore
931 5317 1177 5393 effictus,
1204 5320 1387 5378 Romae
1413 5322 1833 5393 conspiciuntur.

609 5384 667 5439 ln
688 5391 928 5443 oratorio
953 5404 1050 5443 seu
1106 5384 1247 5446 otius
1263 5394 1489 5448 ecclesia
1506 5384 1955 5457 sanctiVenantii,
1979 5408 2122 5447 nunc

609 5465 736 5512 nct‘ce
762 5455 942 5513 Mariae
968 5459 1035 5513 ad
1063 5406 1288 5513 gontem
1315 5472 1640 5513 nuncupata.
1664 5478 1833 5513 prone
1858 5461 2121 5513 Bantiste—

537 5465 745 5533 sanctae
762 5455 942 5533 Mariae
968 5459 1035 5514 ad
1063 5455 1288 5533 Fontem
1315 5472 1640 5533 nuncupata,
1664 5478 1833 5532 prope
1858 5455 2121 5533 Baptiste-

536 5526 815 5604 rium_sive
852 5527 1081 5585 Fontem
1109 5526 1547 5597 Lateranensem,
1581 5526 2120 5604 exstat‘absis'Opere

538 5596 811 5677 tesseilato
840 5612 1130 5677 exornata,
1174 5605 1227 5659 in
1265 5605 1418 5677 cujus
1446 5596 1667 5677 fornice,
1694 5614 1889 5677 praeter
1906 5596 2119 5677 alit-100‘

536 5679 797 5733 imagines
825 5684 1027 5733 sacras,

538 5742 616 5795 ta,
649 5744 707 5788 ut
735 5736 1047 5797 Anastasius

1099 5673 1233 5728 ictus
1262 5674 1501 5727 cernitur
1533 5672 1767 5728 Joannes
1804 5673 1872 5728 ιγ
1902 5672 2118 5727 Dalma-

1115 5744 1509 5798 ibliothecarius
1533 5751 1586 5798 et
1612 5742 1900 5797 Panvinius
1924 5751 2120 5798 testan-

539 5808 650 5880 tur,
681 5817 799 5856 eam
825 5810 1022 5880 struxit
1053 5813 1339 5867 ecclesiam
1361 5814 1503 5869 circa
1532 5829 1730 5869 annum
1760 5813 1970 5868 Domini
1992 5813 2115 5880 659,

537 5868 1136 5954 ﬁgltlntquembsidem
1186 5882 1406 5954 picturis
1446 5883 1662 5954 musivis
1713 5886 1946 5954 ornavit.
1978 5868 2120 5954 inter

542 5936 679 5995 Ilias
724 5936 987 6013 ithagines
1031 5936 1203 6016 opere'
1242 5951 1445 6005 musivo
1474 5936 1663 6021 pictas,
1696 5936 1803 6010 duo
1840 5936 2120 6021 pontifices

2222 4757 2480 4824 villosus,
2523 4760 2618 4815 sed
2646 4761 2760 4829 jam
2789 4763 2862 4816 ob
2892 4772 3213 4820 vetustatem
3265 4764 3395 4819 satis
3435 4765 3813 4827 decoloratus,

2222 4829 2509 4905 quamdam
2532 4840 2711 4905 tamen
2740 4831 2925 4905 viridis
2948 4834 3164 4901 coloris,
3187 4842 3242 4889 et
3263 4835 3551 4890 ltoloserici
3578 4836 3816 4905 speciem

2222 4898 2492 4979 referens,
2533 4902 2785 4979 operibus
2826 4903 2955 4979 item
2990 4920 3058 4959 ex
3096 4898 3268 4979 serico
3297 4914 3352 4959 et
3381 4921 3513 4979 auro
3544 4898 3818 4979 contextis

2224 4973 2527 5048 insignitus.
2560 4973 2609 5025 ls
2636 4981 2814 5025 autem
2839 4974 3052 5028 calceus
3097 4976 3327 5045 quadam
3375 4977 3616 5048 calcanei
3657 4984 3817 5046 parte

2223 5038 2540 5120 obpimiam
2568 5050 2891 5120 vetustatem
2922 5038 3132 5120 carens,
3158 5054 3377 5120 nonest
3401 5047 3557 5120 juxta
3586 5038 3816 5120 formam

2223 5112 2583 5184 antiquiorem
2614 5112 2669 5166 in
2695 5129 2795 5167 usu
2816 5114 2945 5169 olim
2985 5116 3245 5184 habitam,
3276 5117 3380 5172 hoc
3401 5112 3484 5171 est
3506 5117 3661 5184 juxta
3683 5118 3815 5172 illud

2225 5178 2576 5262 calceamenti
2597 5198 2785 5262 genus,
2813 5199 2921 5253 quo
2951 5186 3079 5262 scire
3108 5178 3435 5262 oliteguntur
3454 5178 3672 5262 planta,
3706 5203 3815 5242 cze-

2225 5251 2355 5331 teris
2379 5251 2582 5331 pedum
2606 5251 2860 5331 partibus
2891 5258 3062 5331 nudis
3102 5251 3334 5331 relictis,
3375 5251 3576 5313 ansulis
3604 5251 3815 5331 tantum

2224 5320 2542 5387 quibusdam
2568 5320 2906 5401 in—superiori
2929 5338 3081 5401 parte
3104 5320 3439 5401 coeuntibus,
3466 5343 3601 5401 quas
3621 5330 3817 5397 ligulas

2223 5401 2440 5459 vocant,
2473 5394 2804 5468 revinctum;
2835 5394 2945 5452 nec
2972 5398 3101 5452 item
3148 5394 3317 5454 instar
3343 5394 3512 5455 calcei
3542 5408 3625 5454 est
3651 5394 3813 5468 quem

2224 5474 2397 5542 nuper
2423 5465 2828 5542 explicavimus,
2858 5468 2954 5523 sed
2984 5477 3066 5523 est
3094 5469 3446 5525 caleeamenti
3471 5465 3686 5541 genus,'
3710 5485 3811 5525 co-

2223 5534 2460 5613 riaceam
2488 5534 2695 5613 habens
2718 5537 2943 5604 soleam,
2975 5554 3186 5613 necnon
3217 5534 3611 5613 tegumeiiiurn,
3642 5534 3811 5595 totam

2222 5606 2554 5672 superiorem
2576 5606 2961 5681 pedispaltem
2992 5606 3297 5681 obtegens;
3317 5611 3485 5681 instar
3512 5611 3681 5667 calcei
3702 5626 3815 5681 quo

2220 5686 2365 5748 nunc
2408 5690 2616 5748 omnes
2646 5676 3008 5748 indifferenter
3034 5680 3112 5733 uti
3130 5676 3332 5735 solent.
3376 5680 3493 5748 Qua
3541 5697 3609 5736 ex
3655 5676 3737 5737 re—
3756 5684 3812 5737 in

2222 5743 2710 5823 hanc_sententia|_n
2738 5747 2993 5823 deveuio,‘
3016 5758 3081 5823 ut
3099 5751 3339 5823 calceum
3362 5743 3505 5807 hunc
3525 5753 3591 5823 ab
3613 5768 3680 5807 eo
3700 5767 3811 5823 quo

2221 5814 2286 5892 in.
2305 5814 2479 5892 rebus
2491 5815 2869 5892 ecclesiasticis
2897 5826 2953 5892 et
2980 5818 3034 5873 in
3066 5820 3426 5892 functionibus
3464 5814 3809 5892 quibusdam,

2221 5882 2289 5965 ad
2331 5885 2659 5966 pontificiam
2689 5888 2984 6013 grtesertim
3030 5889 3367 5957 majestatem
3396 5882 3808 5961 exprimendam

2222 5952 2451 6013 idoneis.
2476 5955 2669 6012 beatus
2735 5956 2953 6013 ilvester
2971 5961 3049 6013 uti
3069 5962 3297 6013 solebat.
3322 5961 3537 6013 differre
3565 5963 3805 6013 credam-

2222 5952 2451 6025 idoneis,
2476 5955 2669 6012 beatus
2689 5952 2953 6016 Silvester
2971 5961 3049 6016 uti
3069 5952 3297 6025 solebat,
3322 5952 3537 6023 differre
3565 5963 3805 6020 credam.
