4130 6466
302 454 403 509 ηδ

1306 450 1395 508 DE
1432 450 1826 510 IMAGINIBUS
1862 451 1922 508 8.
1965 451 2294 511 GREGORII
2334 454 2573 515 MAGNI.

3460 463 3564 519 476

297 570 550 640 Quamvis
590 538 772 625 autem
820 565 977 640 hujus
1001 578 1215 640 generis
1242 565 1664 640 calceamentum
1696 578 1881 625 nostro
1907 568 1961 628 Δ
1987 567 2109 640 dem
2140 576 2537 640 pervetustam,
2584 585 2794 628 necnon
2838 570 3153 628 Paschalem
3180 570 3203 626 I
3231 570 3298 628 ad
3328 582 3570 633 sanctam

297 636 362 699 de
401 656 562 698 cruce
607 646 923 710 argumento
954 636 1097 710 haud
1125 636 1564 710 omninoiaveat,
1596 639 1769 707 ipsum
1802 648 1883 694 ta-

296 729 419 769 men
467 707 728 780 tanquam
750 707 1071 762 veneranda:
1116 708 1400 780 vetustatis
1448 717 1878 780 monumentum,

294 794 348 841 et
372 777 674 838 memoratu
701 779 942 849 dignum,
971 777 1260 847 quamdam
1290 778 1419 832 item
1449 779 1624 833 crucis
1651 778 1880 835 formam

293 855 523 910 latenter
541 867 638 921 per
656 848 867 921 aliquot
895 848 1154 921 linearum
1174 848 1878 921 involucrarepraesentans,

293 933 353 978 ut
380 924 514 978 infra
544 918 967 990 explicabimus,
1011 918 1227 973 silentio
1249 918 1525 988 praeterire
1551 920 1681 974 mihi
1704 922 1878 977 visum

291 1011 395 1050 non
434 992 554 1048 fuit.

360 1063 443 1118 Ad
466 1072 707 1118 sanctam
738 1059 1042 1124 Martinam,
1074 1060 1126 1114 in
1157 1059 1299 1113 Foro
1327 1058 1521 1115 Boario
1551 1059 1617 1114 ad
1641 1062 1875 1117 radicem

288 1134 557 1205 Capitolii,
583 1130 947 1205 vetustissima
975 1139 1154 1205 QX§£3_I.
1179 1129 1324 1183 absis
1355 1130 1879 1205 temporeDomnio-

289 1199 764 1260 nis'circa‘annum
795 1200 1009 1255 Domini
1038 1199 1143 1253 679
1179 1214 1342 1269 opere
1370 1200 1578 1270 musivo
1602 1200 1874 1270 insignita,

284 1277 338 1331 in
360 1290 465 1344 qua
486 1274 594 1328 duo
620 1271 843 1327 Romani
865 1270 1166 1344 pontiﬁces,
1197 1269 1424 1344 unus_a_d
1444 1270 1708 1344 destrgm,
1740 1269 1879 1344 alter

286 1346 351 1400 ad
378 1338 652 1400 sinistram
681 1338 1068 1397 beatte'Marite
1088 1354 1305 1409 semper
1333 1338 1569 1408 Virginis
1598 1338 1789 1393 Filium
1817 1342 1873 1397 in

284 1417 401 1471 sinu
428 1414 711 1485 gestantis,
743 1411 930 1480 pallio,
949 1412 1103 1485 juxta
1129 1424 1341 1485 morem
1365 1411 1642 1485 antiquum
1672 1409 1876 1485 {orma-

284 1495 359 1550 to,
388 1478 630 1540 décorati
660 1478 970 1537 cernuntur.
1001 1481 1154 1535 Hunc
1183 1480 1267 1534 vel
1296 1478 1591 1550 Honorium
1621 1480 1870 1547 primum,

283 1549 367 1611 vel
410 1554 732 1623 Gregorium
772 1551 1020 1619 Magnum
1048 1552 1161 1622 (qui
1203 1558 1333 1623 ante
1375 1549 1871 1623 Domnionemeiue-

280 1626 427 1696 runt)
456 1619 580 1681 esse
602 1623 831 1696 conjicio
860 1640 871 1674 :
906 1619 1065 1696 quem
1088 1619 1344 1676 sandaliis
1366 1621 1588 1696 parvula
1620 1621 1754 1696 nigri
1778 1637 1872 1677 co-

281 1690 417 1751 loris"
429 1710 591 1750 cruce
620 1690 918 1748 calceatum
941 1691 1065 1757 vidi,
1090 1699 1144 1746 et
1164 1706 1334 1761 prope
1346 1706 1477 1761 eum
1503 1691 1571 1744 ad
1598 1690 1867 1747 sinistram

280 1776 487 1837 partem
520 1764 722 1837 litteras
752 1763 911 1837 hasce
940 1762 1137 1837 legi....
1165 1759 1375 1815 Ditle
1402 1759 1507 1837 PP.
1540 1770 1749 1837 ctrterte
1779 1779 1870 1818 no-

279 1831 400 1891 men
426 1835 625 1890 summi
647 1831 912 1903 pontiﬁcis
934 1833 1215 1903 proprium
1240 1832 1593 1903 complentes,
1618 1832 1869 1902 collapsa:

277 1900 695 1962 desiderantur}
729 1902 863 1956 alius
883 1900 1011 1955 vero
1038 1900 1309 1970 pontifex,
1336 1911 1461 1956 ante
1488 1900 1865 1970 Domnionem,

277 1951 478 2031 Εἷὦίἶῶ
494 1951 1457 2041 ᾘὶ›ἰῖι’ίιὶίε”ρἱ›ῥιῖί’ῑίἔτῖὲὶἱῆεξὶἰὸιῖέὲὲί
1472 1951 1679 2025 sane};
1688 1951 1870 2028 Bauli:
1902 1951 1946 2011 Β

275 2060 549 2116 quaquam
575 2040 791 2116 petest.’
807 2040 960 2095 Illum
986 2042 1193 2116 interea
1217 2040 1550 2116 Pontiﬁcem,
1573 2042 1665 2109 qui
1683 2053 1870 2116 exstat

275 2111 343 2171 ad
371 2111 547 2171 beatae
579 2111 768 2167 Maria:
795 2127 1007 2182 semper
1034 2111 1268 2179 Virginis
1290 2111 1557 2179 dextram,
1586 2113 1868 2169 ecclesiam

275 2201 442 2241 manu
472 2192 709 2253 gestans,
741 2183 938 2252 quippe
985 2182 1076 2253 qui
1103 2182 1271 2236 aedem
1300 2196 1507 2237 sacram
1549 2193 1869 2239 construen-

275 2255 417 2323 dam,
450 2252 537 2310 vel
559 2254 749 2309 saltem
778 2252 1131 2324 reparandgm
1168 2254 1388 2324 curarit,
1419 2253 1578 2324 323
1608 2253 1866 2311 Domnio-

276 2321 408 2382 nem'
444 2341 566 2380 esse
605 2325 751 2379 dicas
779 2321 1015 2392 oportet.
1046 2321 1340 2377 Panvinius
1368 2321 1529 2377 etiam
1548 2321 1614 2377 in
1640 2326 1867 2381 adnota-

274 2397 423 2452 tione
452 2396 521 2450 ad
552 2395 733 2449 Vitam
764 2393 1101 2457 Domnionis,
1125 2409 1155 2446 a
1177 2392 1389 2447 Platina
1417 2395 1762 2463 descriptam,
1792 2398 1868 2452 ait

272 2468 413 2522 hunc
443 2468 502 2521 in
529 2465 748 2520 modum
774 2480 787 2516 :
821 2463 888 2536 In
917 2466 1365 2536 antiquomusivo,
1399 2466 1537 2536 quod
1562 2474 1639 2519 est
1686 2465 1866 2522 Roma:

270 2539 325 2590 in
351 2538 573 2591 ecclesia
594 2544 789 2589 sancta:
816 2534 1093 2599 Martium,
1121 2535 1201 2588 hic
1229 2534 1464 2606 pontifex
1486 2534 1729 2603 Domitio,
1760 2555 1863 2593 non

272 2607 453 2662 Donax
489 2609 594 2661 sive
621 2606 877 2670 Domnus,
901 2606 1212 2675 appellatur.
1238 2606 1450 2673 Quibus,
1474 2608 1652 2660 verbis
1680 2607 1867 2663 l’anvi-

272 2679 387 2732 nius
415 2677 737 2732 Domnionis
760 2691 963 2747 nomen
992 2691 1052 2730 se
1076 2677 1206 2747 inibi
1234 2676 1425 2745 legisse
1448 2686 1634 2747 aperte
1656 2684 1859 2734 narrat.

272 2747 476 2805 Verum
503 2750 629 2816 quia
678 2746 837 2815 hujus
875 2746 1142 2816 pontiﬁcis
1171 2762 1369 2801 nomen
1399 2764 1543 2802 nunc
1571 2764 1637 2802 eo
1666 2750 1718 2802 in
1746 2750 1863 2806 loco

270 2835 375 2874 non
403 2819 624 2887 legitur,
650 2817 856 2872 litteras
876 2818 1096 2888 omnino
1116 2818 1360 2887 periisse,
1386 2818 1517 2872 mihi
1538 2822 1858 2888 persuadeo,

268 2892 405 2962 sicut
431 2886 492 2944 in
519 2888 749 2962 alterius
786 2886 1053 2962 pontiﬁcis
1102 2886 1322 2962 nomine
1363 2886 1554 2962 aliqua
1598 2904 1663 2962 ei:
1709 2901 1862 2962 parte

270 2959 471 3015 factum
499 2975 621 3015 esse
645 2959 774 3014 vidi.
800 2957 979 3024 Quare
1006 2958 1143 3014 sicut
1171 2959 1444 3027 antiquior
1469 2957 1862 3028 pontifex‘san-

270 3030 425 3086 daliis
451 3045 613 3085 cruce
629 3030 904 3103 insignitis
934 3030 1205 3103 calceatus
1237 3030 1506 3103 cernitur,
1539 3031 1614 3084 ita
1636 3042 1691 3085 et
1721 3036 1858 3089 alte-

269 3115 389 3154 rum
436 3101 794 3156 recentiorem
834 3100 993 3156 fuisse
1021 3100 1349 3157 credendum
1375 3112 1458 3156 est
1490 3120 1503 3154 :
1536 3117 1659 3156 nam
1690 3104 1860 3159 calcei

270 3183 433 3243 opere
457 3172 818 3243 olimrmusivo
845 3170 993 3236 facti,
1022 3188 1163 3227 nunc
1192 3171 1414 3241 collapsi
1434 3182 1559 3227 sunt
1585 3190 1599 3226 :
1629 3189 1859 3243 quorum

269 3241 411 3307 luco,
442 3242 613 3297 calcei
647 3244 766 3297 rudi
793 3251 911 3296 arte
940 3243 1068 3311 picti
1097 3245 1217 3298 sine
1239 3258 1403 3297 cruce
1425 3241 1851 3313 conspiciuntur.

1987 636 2285 693 Praxédem
2315 649 2370 693 et
2390 641 2456 695 ad
2484 636 2724 698 sanctam
2754 641 3023 699 Caeciliam
3048 643 3191 699 circa
3222 658 3421 698 annum
3453 644 3565 701 Do-

1984 708 2114 762 mini
2143 708 2265 773 807,
2296 719 2351 764 et
2378 711 2697 780 Gregorium
2725 712 2793 767 IV
2835 715 2904 769 ad
2947 713 3003 769 S.
3036 714 3273 769 Marcum
3302 715 3445 769 circa
3474 730 3573 772 an-

1986 794 2112 833 num
2135 780 2291 834 Dom.
2314 780 2441 843 830,
2463 797 2630 854 opere
2643 783 2850 854 musivo
2869 785 3064 854 pictos,
3086 785 3181 840 sed
3192 784 3432 841 sandalia
3453 787 3571 844 sine

1982 865 2142 927 cruce
2160 861 2454 927 gestantes.
2474 852 2531 927 _ld
2545 853 2813 927 quodnon
2828 852 2942 927 sine
2958 856 3258 927 incuriaivel
3276 856 3567 927 pictorum,

1980 920 2067 992 vel
2096 936 2284 976 eorum
2312 924 2405 992 qui
2434 923 2673 992 picturas
2692 920 2987 979 ‘faciendas
3033 920 3313 991 curabani,
3363 920 3567 982 factum

1980 990 2212 1059 videtur,
2242 1000 2302 1046 ut
2330 990 2577 1049 'cer'nerc
2622 1002 2707 1048 est
2752 994 2807 1048 in
2851 996 3035 1051 abside
3089 996 3329 1051 ecclesiae
3366 1006 3569 1052 sanctae

1979 1059 2160 1137 Mariae
2190 1072 2339 1137 trans
2378 1063 2614 1137 Tiberim
2649 1064 2793 1119 circa
2822 1080 3019 1119 annum
3034 1066 3199 1137 Dom.
3229 1066 3370 1121 1H5
3396 1082 3566 1137 opere

1979 1133 2256 1205 tessellato
2279 1133 2550 1205 decorata,
2582 1134 2636 1188 in
2657 1150 2761 1201 qua
2785 1143 2978 1205 prtcter
2998 1136 3129 1205 alias
3150 1133 3566 1205 imagines,'Ro-

1977 1202 2124 1277 mani
2176 1204 2480 1277 pontiﬁces,
2511 1204 2718 1277 beatus
2752 1202 2955 1260 scilicet
2986 1204 3196 1277 Petrus
3251 1202 3525 1277 apostOIns
3545 1250 3563 1277 ,

1977 1269 2837 1348 Calixtiis,_Juliu_s,Cornelius,
2881 1283 2937 1348 et
2984 1269 3325 1348 Innocentius
3344 1276 3420 1348 ll,
3470 1269 3563 1348 qui

1977 1344 2400 1416 opus_musi_vum
2415 1343 2714 1416 faciendum
2732 1346 2960 1409 curavit,
2977 1345 3106 1414 picti
3128 1343 3559 1416 conspiciuntur;

1975 1410 2070 1485 sed
2093 1411 2377 1466 Cornelius
2405 1414 2571 1485 solus,
2595 1416 2687 1483 qui
2716 1430 2903 1484 passus
2930 1410 3012 1469 est
3034 1431 3177 1469 anno
3202 1410 3413 1470 Domini
3433 1410 3561 1485 253,

1974 1480 2184 1555 calceos
2220 1497 2384 1537 cruce
2437 1480 2732 1555 insignitos'
2764 1494 2977 1555 gestare
3019 1486 3276 1540 cernitur.
3327 1480 3561 1555 Idipsum

1974 1550 2324 1622 conﬁrmatur
2351 1568 2446 1622 per
2475 1550 2734 1609 Bonifacii
2761 1550 2833 1609 IX
2862 1563 3094 1610 statuam
3120 1550 3479 1610 marmoream
3501 1557 3557 1613 in

1971 1618 2194 1692 basilica
2222 1618 2392 1678 sancti
2414 1622 2564 1678 Pauli
2589 1635 2942 1692 asservatam,
2964 1626 3169 1680 etcirca
3182 1641 3381 1680 annum
3403 1626 3558 1681 Dom.

1975 1688 2111 1764 Mdg)
2140 1692 2394 1764 eﬂictam,
2424 1710 2542 1764 quae
2573 1696 2784 1751 calceos
2812 1688 2935 1750 sine
2975 1711 3137 1752 cruce
3184 1695 3385 1751 habere
3424 1713 3559 1751 con-

1972 1761 2222 1835 spieitur,
2254 1763 2388 1835 alios
2417 1761 2614 1835 Lamen
2655 1767 2938 1835 pontiﬁces
2967 1775 3092 1821 ante
3122 1766 3492 1821 Innocentium
3517 1767 3564 1822 II

1972 1842 2028 1904 et
2056 1831 2388 1887 Bonifacium
2416 1832 2490 1888 IX
2513 1831 2750 1891 sandalia
2777 1853 2883 1891 non
2915 1837 3032 1893 sine
3059 1852 3218 1891 cruce
3237 1846 3451 1904 gestare
3478 1840 3560 1891 vi-

1973 1901 2168 1976 dimus.
2200 1903 2333 1957 Nam
2377 1905 2422 1958 si
2475 1906 2806 1974 antiquiores
2847 1907 3126 1976 pontiﬁces
3159 1901 3373 1962 calceos
3401 1922 3561 1963 cruce

1972 1971 2255 2041 insignitos
2302 1983 2541 2042 gestasse
2582 1971 2814 2043 constet,
2847 1971 3107 2032 eumdem
3146 1978 3306 2031 etiam
3338 1977 3498 2031 ritum
3528 1994 3561 2032 a

1971 2044 2367 2098 recentioribus
2388 2045 2730 2099 observatum
2755 2047 2936 2111 fuisse,
2961 2047 3180 2101 fatearis
3206 2062 3427 2101 necesse
3456 2057 3559 2103 est.

2043 2112 2299 2186 Quamvis
2328 2124 2508 2168 autem
2539 2125 2664 2170 ante
2690 2115 2983 2172 Honorium
3013 2117 3064 2180 I,
3092 2118 3182 2186 qui
3204 2117 3442 2186 pontifex
3469 2133 3559 2172 re-

1970 2183 2243 2238 nuntiatus
2272 2186 2372 2239 t'uit
2396 2187 2539 2240 circa
2569 2201 2767 2241 annum
2805 2188 2959 2241 Dom.
2993 2183 3124 2250 622,—
3145 2183 3372 2241 et'anno
3394 2187 3550 2243 Dom.

1970 2250 2074 2327 Q35
2095 2254 2245 2327 obiit,
2261 2255 2402 2311 hunc
2417 2256 2574 2309 ritum
2588 2258 2655 2311 oh
2669 2259 2880 2312 absides
2897 2258 3245 2313 ecclesiarum
3267 2272 3433 2327 opere
3449 2274 3563 2312 niu-

1968 2323 2084 2378 sivo
2114 2325 2414 2391 decoratas,
2447 2336 2504 2380 et
2530 2327 2692 2381 nimia
2741 2336 3006 2383 vetustate
3034 2329 3119 2382 vel
3171 2323 3419 2392 omnino,
3469 2329 3557 2383 vel

1969 2395 2162 2462 majori
2209 2410 2276 2449 ex
2317 2405 2472 2466 parte
2510 2398 2795 2467 collapsas,
2832 2399 2885 2453 in
2918 2415 3016 2453 usu
3048 2398 3291 2453 habitum
3321 2399 3562 2454 invenire

1966 2479 2075 2545 non
2105 2467 2405 2548 potuerim,
2436 2467 2611 2548 ipsum
2636 2478 2815 2523 tamen
2846 2469 3204 2548 antiquiorem
3235 2484 3355 2524 esse
3382 2469 3557 2538 conji-

1969 2537 2074 2610 cio,
2105 2537 2656 2610 eti‘amsiescriptores
2705 2549 2810 2593 tam
2859 2537 3062 2608 antiqui
3099 2556 3258 2610 quam
3288 2537 3556 2608 recentes,

1965 2607 2031 2679 de
2054 2606 2308 2662 sandaliis
2333 2606 2616 2679 loquentes
2633 2649 2648 2674 ,
2676 2610 2877 2663 nullam
2905 2606 3138 2679 penitus,
3164 2619 3221 2664 ut
3243 2610 3371 2675 dixi,
3404 2606 3560 2665 men-'-

1967 2676 2169 2751 tjonem
2212 2679 2281 2751 de
2321 2694 2483 2734 cruce
2529 2676 2781 2745 fecerint,
2816 2676 3013 2750 quippe
3048 2682 3138 2751 qui
3186 2681 3254 2735 de
3299 2680 3556 2736 sandaliis

1965 2748 2127 2818 321.,
2156 2749 2553 2818 episcoporum,
2579 2748 2989 2805 sacerdotum'et
3012 2748 3367 2806 diaconorum
3396 2752 3556 2806 abso-

1966 2817 2077 2871 lute
2101 2817 2349 2888 sumptis,
2379 2818 2554 2888 deque
2598 2822 2912 2875 eorumdem
2944 2829 3152 2875 tantum
3182 2821 3354 2875 forma
3384 2829 3442 2875 et
3479 2822 3556 2875 si-

1964 2887 2231 2961 gniﬁcatu’
2249 2905 2312 2943 ac
2341 2887 2640 2961 ministerio
2681 2893 2845 2945 verba
2892 2894 3156 2960 iecerunt,
3187 2892 3553 2961 praetermisso

1964 2960 2069 3012 ritu
2099 2960 2165 3013 ad
2193 2960 2582 3031 osculationem
2630 2962 2825 3031 pedum
2876 2962 3105 3016 Romani
3155 2960 3429 3030 pontiﬁcis
3474 2963 3556 3016 in-

1962 3038 2146 3102 vento.
2180 3029 2334 3096 Quod
2380 3039 2559 3085 autem
2600 3029 2787 3087 beatus
2831 3031 3122 3099 Gregorius
3148 3029 3372 3102 Magnus
3396 3032 3555 3102 hujus

1962 3101 2174 3166 generis
2217 3101 2475 3168 sandalia,
2525 3102 2630 3157 hoc
2677 3112 2761 3157 est
2795 3104 3007 3158 calceos
3058 3119 3218 3158 cruce
3247 3101 3553 3170 insignitas

1962 3172 2207 3243 gestarit,
2240 3173 2292 3225 id
2314 3172 2470 3243 nobis
2497 3170 2657 3227 facile
2686 3174 2995 3243 persuadet,
3028 3174 3171 3242 quod
3203 3174 3345 3227 inter
3369 3173 3553 3243 ponti-

1965 3242 2184 3314 ﬁcatum
2214 3243 2357 3296 beati
2387 3242 2631 3311 Gregorii
2651 3243 2827 3312 Magni
2854 3254 2909 3298 et
2928 3242 3151 3298 Honorii
3180 3244 3221 3309 I,
3253 3258 3413 3314 quem
3438 3244 3553 3299 cal-

338 3312 723 3393 Adﬁbasilicam
751 3313 894 3367 beati
923 3313 1226 3393 Petri,”SS._
1262 3312 1639 3393 apostolorum
1657 3317 1855 3393 princi-
1886 3333 1928 3393 ρ
1960 3312 2071 3366 ceis
2086 3328 2244 3367 cruce
2266 3314 2470 3393 ornatis
2492 3329 2647 3393 usum
2668 3316 2830 3393 fuisse
2850 3316 3100 3393 vidimus,
3120 3312 3333 3393 nonnisi
3362 3314 3549 3383 viginti

267 3384 370 3453 pis,
413 3383 598 3439 Romae
641 3400 672 3438 a
718 3391 867 3452 tergo
908 3386 1151 3451 oratorii,
1184 3383 1526 3449 sive’sacelli,
1561 3383 1856 3443 vel‘altaris

268 3454 590 3526 sanctissimi
618 3453 830 3526 sudarit
877 3454 1172 3510 Salvatoris
1217 3456 1386 3511 nostri
1429 3471 1593 3526 supra
1636 3455 1855 3512 Portam

268 3522 543 3593 Sanctam,
572 3526 639 3580 ad
669 3525 980 3581 interiorem
1003 3526 1234 3581 basilica:
1263 3522 1701 3596 partempexstat
1728 3544 1856 3583 ora-

266 3597 464 3650 torium
494 3610 659 3664 opere
686 3598 894 3652 musivo
922 3598 1133 3665 insigni,
1165 3598 1490 3662 excultoque
1520 3597 1851 3666 decoratum,

266 3674 322 3736 et
350 3669 403 3720 in
446 3667 708 3721 honorem
738 3667 1093 3722 immaculata:
1121 3682 1336 3736 semper
1364 3666 1597 3735 Virginis
1642 3670 1708 3723 ad
1757 3670 1853 3724 Dei

265 3733 556 3791 Genitricis
583 3752 614 3789 a
638 3736 848 3791 Joanne
890 3736 1009 3801 VII,
1065 3739 1207 3791 circa
1241 3733 1703 3792 annum—Domini
1752 3740 1855 3792 706

265 3814 657 3871 constructum,
689 3814 750 3859 ut
795 3808 1110 3861 Anastasius
1149 3806 1613 3871 Bibliothecarius,
1649 3807 1854 3862 Platina

264 3884 322 3930 et
351 3874 639 3944 Panvinius
662 3884 952 3944 testantur,
981 3884 1037 3944 et
1066 3876 1349 3944 inscriptio
1377 3878 1488 3944 ipSa
1521 3876 1680 3930 docet
1707 3879 1856 3933 hisce

263 3946 445 4001 verbis
476 3964 489 3999 :
530 3942 829 3999 JOANNES
867 3943 1186 3999 INDIGNUS
1224 3942 1594 4000 EPISCOPUS
1632 3945 1850 4001 FECIT.

266 4014 381 4071 Huc
409 4016 617 4071 accedit
644 4016 789 4086 quod
816 4014 1052 4071 Joannes
1072 4017 1137 4068 ad
1164 4015 1355 4084 capitis
1384 4024 1591 4086 tergum
1619 4019 1855 4086 quadra-

263 4095 374 4140 tam
404 4086 569 4141 habet
597 4077 853 4152 tabulam,
882 4100 1023 4156 quae,
1053 4094 1112 4141 ut
1136 4077 1384 4155 superius
1406 4077 1604 4140 dictum
1635 4077 1737 4149 cst,
1767 4089 1854 4142 in-

263 4157 464 4213 dicium
494 4172 560 4212 ea
591 4165 910 4220 tempestate
941 4157 1166 4211 viventis
1205 4171 1324 4210 esse
1362 4156 1521 4220 solet,
1545 4156 1670 4210 dum
1701 4157 1858 4214 ﬁeret

302 4229 473 4283 ictura
524 4228 637 4282 illa.
682 4227 920 4283 Joannes
958 4242 1090 4282 vero
1130 4242 1301 4296 prope
1349 4227 1636 4296 imaginem
1683 4228 1855 4284 beatae

319 4300 445 4353 aris:
460 4313 673 4368 semper
695 4298 927 4368 Virginis
947 4297 1202 4353 sandaliis
1227 4298 1491 4367 insignitis
1518 4299 1738 4368 parvula
1766 4300 1853 4354 ni-

264 4369 343 4435 gri
370 4367 808 4433 coloris'cruce,’
840 4384 959 4438 qua:
987 4384 1053 4423 ex
1085 4376 1322 4439 quatuor
1349 4367 1602 4438 lapillulis
1630 4370 1853 4425 musivis

263 4451 494 4505 constat,
526 4441 765 4495 cernitur
786 4444 1080 4495 calceatus.

331 4509 390 4565 In
432 4510 656 4565 basilica
708 4510 835 4565 item
889 4511 1061 4565 sancti
1112 4510 1258 4567 Petri
1304 4519 1481 4566 exstat
1509 4511 1852 4569 simulacrum

265 4577 467 4635 Urbani
497 4579 564 4634 VI
596 4594 626 4633 e
674 4595 943 4635 marmore
972 4582 1116 4635 circa
1146 4598 1346 4637 annum
1370 4581 1584 4637 Domini
1614 4582 1753 4637 1589
1773 4587 1853 4640 ei-

264 4649 470 4706 ﬁctum.
528 4650 611 4704 Ad
654 4659 899 4707 sanctum
948 4649 1207 4706 Joannem
1251 4653 1304 4707 in
1363 4652 1629 4708 Laterano
1676 4664 1853 4709 exstat

1961 3397 2227 3437 annorum
2249 3386 2481 3453 spatium
2512 3384 2629 3454 plus
2650 3386 2896 3441 minusve
2914 3386 3235 3440 intercessit.
3258 3383 3395 3439 Hinc
3422 3401 3553 3440 vero

1960 3454 2203 3525 adsimile
2232 3466 2331 3525 est,
2365 3466 2425 3509 ut
2441 3456 2590 3509 idem
2622 3455 2780 3525 hujus
2806 3457 3019 3524 generis
3037 3455 3279 3510 sandalia
3298 3456 3551 3525 gestandi

1956 3524 2093 3579 ritus
2127 3525 2195 3579 ab
2229 3524 2469 3581 Honorio
2496 3525 2534 3591 I,
2565 3528 2657 3595 qni
2678 3524 2813 3582 Obiit
2838 3542 2980 3581 anno
3022 3525 3229 3581 Domini
3257 3524 3365 3579 635
3391 3542 3550 3580 usur-

1959 3605 2138 3667 patus,
2171 3596 2313 3665 apud
2360 3595 2678 3667 Gregorium
2708 3597 2959 3665 Magnum
3002 3605 3057 3651 et
3095 3597 3229 3651 alios
3266 3597 3551 3667 pontiﬁces

1958 3664 2074 3737 ejus
2100 3664 2547 3735 praedecessores,
2573 3668 2626 3721 in
2655 3664 2923 3737 frequenti
2952 3683 3048 3721 usu
3080 3664 3414 3721 habere—tur;
3444 3664 3551 3721 Ho-

1957 3736 2144 3789 norius
2161 3752 2393 3805 namque
2413 3738 2636 3806 primus,
2656 3735 2876 3792 natione
2896 3735 3220 3806 Campanus,
3245 3738 3314 3806 ob
3328 3737 3563 3791 brevem'

1961 3807 2219 3876 temporis
2258 3805 2730 3876 intercapedinem,
2759 3821 2877 3875 quae
2907 3805 3047 3860 inter
3073 3805 3383 3876 earumdem
3411 3820 3550 3873 pon-

1958 3872 2192 3927 tiﬁcatus
2215 3872 2493 3943 interjecta
2520 3886 2638 3929 erat
2665 3872 2970 3930 non'solum
2998 3876 3172 3943 ipsum
3197 3872 3542 3942 Gregorium,

1957 3946 2049 4011 qui
2068 3960 2209 3998 anno
2229 3946 2435 3999 Domini
2459 3946 2562 3999 004
2583 3946 2687 4009 vel,
2711 3944 3005 3999 secundum
3022 3944 3395 4008 Trithemium,
3418 3944 3544 4010 605,

1958 4029 2027 4067 ex
2056 4015 2157 4067 hac
2185 4015 2292 4069 vita
2316 4016 2563 4082 decessit,
2595 4017 2946 4070 verumetiam
2969 4014 3267 4083 Pelagium,
3304 4014 3549 4082 Gregorii

1955 4085 2427 4157 pimdecessorem,
2459 4087 2644 4141 videre
2669 4084 2873 4157 potuit;
2900 4084 3065 4141 immo
3091 4084 3235 4155 quod
3264 4100 3359 4141 eos
3389 4085 3546 4141 vide-

1956 4155 2044 4226 rit,
2074 4156 2217 4211 credi
2239 4166 2418 4226 potest
2440 4173 2505 4212 ac
2528 4155 2706 4213 debet.

2027 4225 2158 4279 Illud
2201 4225 2461 4298 praeterea
2509 4232 2575 4284 ad
2619 4228 3035 4283 vetustissimam
3078 4242 3240 4297 super
3286 4226 3545 4282 sandaliis

1956 4309 2288 4368 summorum
2320 4300 2634 4368 pontiﬁcum
2664 4301 2841 4354 crucis
2884 4299 3092 4368 signum
3128 4299 3371 4367 gestandi
3412 4313 3547 4353 con-

1954 4367 2295 4440 suetudinem
2324 4367 2800 4440 comprobandam,
2832 4367 2971 4425 scitu
2994 4370 3123 4423 satis
3145 4368 3545 4440 dignum_vide--

1957 4445 2064 4503 tur,
2083 4439 2227 4507 quod
2250 4437 2538 4495 Panvinius
2554 4441 2681 4495 dum
2695 4442 2831 4495 vitas
2852 4456 3183 4495 summorum
3201 4438 3538 4508 pontiﬁcum,

1956 4509 2190 4587 nondum
2215 4510 2267 4563 in
2289 4510 2462 4587 lucem
2484 4512 2675 4575 editas,
2700 4513 3085 4587 conscriberet,
3118 4507 3545 4587 eorumdemque

1956 4576 2216 4657 imagines
2257 4580 2326 4634 ad
2359 4583 2536 4657 vi_vu_m
2578 4583 2954 4657 exprimendas
2982 4586 3230 4657 curaret,
3261 4578 3329 4657 .in
3360 4575 3546 4657 {ligula

1958 4644 2185 4715 quadam
2228 4653 2592 4707 vetustissimo
2621 4644 2831 4706 musivo
2867 4652 3120 4705 decorata
3149 4648 3233 4700 vel
3261 4645 3403 4700 beati
3432 4644 3542 4699 Sil-

263 4718 477 4792 Martini
498 4720 746 4792 V_statua
770 4720 1083 4790 sepulcralis
1112 4738 1259 4777 aenea
1286 4724 1427 4777 circa
1450 4738 1649 4777 annum
1674 4724 1855 4783 Domi-
1883 4711 1933 4771 D
1959 4711 2141 4792 vestri,
2167 4722 2252 4776 vel
2272 4722 2492 4778 alterius
2518 4738 2584 4777 ex
2615 4723 3007 4792 antiquioribus
3024 4716 3544 4792 Romanipontiﬁcis

264 4792 315 4844 ni
350 4790 507 4846 14⁵51.
540 4790 596 4844 1η
629 4793 768 4846 atrio
796 4792 1107 4845 monasterii
1144 4792 1201 4847 S.
1240 4792 1538 4848 Salvatoris
1587 4795 1639 4847 in
1671 4794 1851 4852 Lauro

264 4870 441 4917 statua
495 4860 713 4930 Eugenii
765 4859 831 4914 IV
877 4876 1181 4917 marmorea
1232 4865 1375 4918 circa
1413 4879 1613 4919 annum
1642 4865 1856 4922 Domini

265 4930 421 5004 1417.
453 4932 511 4987 In
559 4932 781 4986 basilica
814 4931 978 4986 etiam
1009 4934 1179 5004 sancti
1210 4932 1355 4988 Petri
1384 4943 1598 4988 exstant
1625 4950 1744 5004 quae
1771 4938 1855 4991 in-

264 5000 341 5074 fra
368 5004 622 5073 leguntur
649 5012 855 5074 statuze
882 5001 1230 5074 sepulcrales,
1275 5004 1381 5059 hoc
1421 5013 1523 5074 est,
1557 5000 1763 5061 Nicolai
1789 5007 1850 5074 V,

265 5073 407 5129 circa
428 5070 657 5129 vannum
704 5071 917 5145 Domini
946 5070 1380 5145 71455;“Cali5ti
1404 5073 1602 5145 illl,ini
1630 5070 1852 5145 atriolo,

302 5159 433 5214 rope
460 5146 716 5201 sacellum
745 5141 1272 5214 SixtianumJLSS;
1298 5142 1377 5198 Pii
1402 5144 1468 5212 11,
1508 5144 1673 5211 1464ς
1707 5141 1851 5201 Ρωιὲ

291 5211 393 5279 ι11“,
429 5214 597 5283 1471;
644 5214 782 5270 Sixti
819 5212 908 5277 IV,
956 5211 1125 5280 M84;
1174 5211 1470 5269 Innocentii
1518 5214 1645 5278 Vill,
1680 5216 1846 5284 M92;

269 5282 345 5339 Pii
365 5286 451 5351 111,
482 5282 639 5341 1505.
682 5285 740 5341 In
772 5284 1003 5355 ecclesia
1030 5294 1229 5340 sancta:
1257 5284 1438 5340 Maria:
1465 5300 1625 5355 supra
1654 5282 1852 5343 Miner-L

267 5369 385 5411 vam
415 5366 592 5413 exstat
619 5356 813 5413 Leonis
854 5353 905 5409 Χ
951 5355 1297 5411 simulacrum
1345 5353 1662 5425 sepulcrale,
1696 5367 1751 5411 et
1797 5359 1849 5414 in

268 5425 530 5484 Capitolio
555 5437 732 5483 statua
751 5428 879 5482 item
908 5442 1211 5482 marmorea
1234 5427 1377 5482 circa
1406 5443 1605 5481 annum
1636 5428 1849 5483 Domini

269 5444 339 5479 ua
380 5444 530 5484 itono
555 5444 732 5483 Statua
751 5444 879 5482 item
908 5444 1211 5482 marmorea
1234 5444 1377 5482 circa
1406 5444 1605 5481 annum
1636 5444 1849 5483 nomini

269 5444 423 5554 1531.
471 5499 674 5555 Horum
703 5499 942 5554 omnium
998 5497 1366 5554 Romanorum
1423 5499 1755 5567 pontiﬁcum,
1794 5507 1850 5555 et

269 5567 491 5639 aliorum
521 5571 602 5626 his
629 5570 1007 5639 recentiorum,
1040 5569 1143 5623 hoc
1164 5578 1267 5635 est,
1291 5567 1444 5623 Pauli
1474 5568 1556 5631 Ill,
1586 5567 1736 5623 Pauli
1758 5569 1846 5639 IV,

246 5632 345 5701 pPii
370 5640 433 5705 V,
457 5639 702 5710 Gregorii
726 5638 840 5694 XIII
870 5648 925 5692 et
952 5640 1088 5693 Sixti
1117 5640 1181 5706 V,
1204 5632 1413 5696 statuas
1443 5640 1548 5693 vidi
1579 5632 1849 5710 ealceatas

267 5711 521 5766 sandaliis
548 5708 708 5766 cruce
728 5710 1009 5777 insignitis.
1044 5709 1163 5765 Vidi
1191 5711 1352 5765 etiam
1400 5711 1536 5766 alios
1578 5708 1849 5768 Romanos

269 5782 545 5847 pontiﬁces
574 5796 740 5847 opere
781 5779 1054 5835 tessellato
1106 5780 1342 5847 efﬁctos,
1378 5779 1667 5836 Honorio!
1706 5782 1849 5835 antio

268 5852 505 5922 quiores,
528 5852 624 5908 sed
652 5859 872 5922 propter
895 5863 1145 5922 magnam
1172 5852 1497 5921 picturarum
1526 5858 1848 5922 vetustatem

267 5919 770 5992 calceos'collapsos'
796 5921 991 5991 reperi.
1016 5919 1376 5992 Genti-ivero
1390 5923 1499 5978 vidi
1530 5921 1596 5976 ad
1616 5920 1674 5976 S.
1706 5920 1845 5977 Lau-

267 5994 500 6050 rentium
528 5994 581 6051 in
610 5989 811 6049 [lucina
828 5989 1190 6063 pictam‘_Sixti
1217 5990 1284 6046 111
1311 5992 1615 6063 imaginem,
1646 5993 1701 6050 et
1726 5991 1845 6063 qui-

1959 4789 2244 4860 imagincm
2280 4808 2310 4846 a
2341 4794 2488 4848 calce
2526 4793 2591 4846 ad
2619 4787 2780 4861 caput
2812 4793 3073 4861 integram
3094 4830 3107 4852 ,
3136 4787 3391 4841 sandaliis
3420 4803 3545 4857 par-

1960 4859 2084 4914 vula
2132 4863 2399 4932 insignitis
2438 4878 2600 4918 cruce
2640 4859 2835 4931 pictam
2876 4859 3107 4932 invenit,
3156 4871 3380 4932 eamque
3403 4867 3543 4932 tan-

1958 4945 2119 4998 quam
2161 4929 2420 5003 perpetua
2469 4929 2727 5003 memoria
2780 4932 3013 5003 dignam
3045 4930 3184 5003 inter
3224 4929 3544 4993 insigniores

1957 4999 2293 5056 summorum
2326 5001 2636 5071 pontiﬁcum
2667 5002 2924 5069 imagines
2951 4999 3018 5053 ad
3044 4999 3223 5053 vivum
3260 5012 3544 5071 expressas

1958 5086 2124 5140 penes
2157 5088 2216 5126 se
2242 5070 2505 5137 habebat,
2535 5074 2771 5137 caeteris,
2794 5086 2946 5143 equas
2984 5071 3252 5143 pictorum
3266 5070 3545 5143 arbitratu

1957 5139 2128 5211 pictas
2148 5142 2504 5213 dijudicaliat.
2538 5139 2936 5213 praetermissis,
2971 5142 3112 5196 sicut
3146 5139 3345 5213 _SAi_lAvius
3373 5139 3544 5213 Apto:

1957 5208 2554 5277 nianusfsanctissimi
2592 5212 2650 5266 D.
2695 5212 2759 5266 N.
2805 5211 3096 5267 Clementis
3146 5210 3260 5265 VIII
3309 5208 3544 5264 cubiculi

1958 5285 2268 5359 prael'ectus,
2301 5284 2541 5359 apprime
2566 5284 2836 5359 eruditus,
2884 5298 3100 5359 necnon
3120 5288 3373 5359 spectata:
3400 5279 3540 5359 inte-

1956 5349 2194 5419 gritatis,
2226 5349 2574 5428 probamque
2600 5354 2720 5428 ﬁdei
2751 5355 2832 5428 vir
2860 5349 3420 5428 splendide'testatur,
3454 5349 3542 5428 di_-

1956 5433 2208 5503 ctamque
2234 5424 2519 5503 imaginem
2551 5442 2580 5480 a
2597 5424 2862 5503 Panvinio
2891 5425 2992 5480 sibi
3013 5424 3543 5503 οεμᾳρεεωερνπξεψ

1961 5494 2137 5564 ptunf
2162 5499 2214 5552 in
2260 5497 2476 5553 modum
2529 5498 2821 5553 calceatam
2870 5511 2989 5553 sese
3034 5494 3232 5549 vidisse
3278 5494 3538 5557 omnino,

1959 5567 2576 5644 nullaquehicsitatione
2595 5567 2843 5644 afﬁrmat.
3004 5634 3042 5644 __
3216 5632 3228 5644 .
3385 5628 3457 5644 Μ
3498 5630 3509 5641 ,

2032 5628 2154 5712 nm};
2196 5641 2263 5694 de
2305 5656 2480 5712 cruce;
2507 5654 2668 5712 super
2706 5637 2959 5712 sandaliis
3003 5632 3231 5689 Romani
3270 5628 3543 5712 pontiﬁcis

1956 5709 2250 5787 antiquitus
2284 5710 2485 5787 gestari
2509 5701 2834 5787 solita-20m
2868 5710 2918 5762 in
2946 5722 3006 5787 re
3032 5701 3289 5787 tanqueni
3318 5701 3386 5756 ab
3418 5701 3541 5759 aliis

1955 5774 2507 5857 nouiumcxplicata,
2532 5781 2680 5857 mihi
2696 5774 2973 5857 immorari
2992 5774 3171 5857 visum
3190 5774 3311 5857 fuit.

2028 5849 2054 5888 κ
2079 5847 2497 5908 Tunica-Silviae
2530 5851 2750 5907 inferior
2782 5847 3174 5908 useudolactini
3200 5847 3400 5905 coloris
3420 5859 3541 5905 esse

1955 5937 1987 5976 a
2031 5922 2186 5979 Joan.
2230 5924 2469 5979 Diacono
2514 5922 2729 5977 dicitur.
2776 5917 3415 5990 Color‘pseudolactinus
3458 5924 3540 5972 est

1954 5994 2105 6051 color
2134 5995 2439 6059 esalbidns;
2483 5992 2636 6063 quasi
2673 5990 2861 6049 falsam
2888 5989 3176 6061 quamdam
3214 5990 3537 6053 alhedinenh
