4130 6466
594 424 701 480 487

1540 417 1940 476 ῙῈ8ἸῚΜΟΝΙΑ
1978 417 2070 475 ET
2108 416 2365 476 ELOGIA
2404 418 2496 475 DE
2537 418 2598 475 S.
2627 416 2999 475 GREGORIO.

3759 420 3871 478 488

593 535 724 590 tanti
751 530 1020 587 basilicam
1056 532 1224 586 sancti
1263 531 1409 586 Petri
1432 531 1575 601 fecit,
1620 540 1678 584 ut
1703 548 1801 603 quo
1835 530 2180 603 tuminaribtu
2205 534 2259 594 Α
2286 532 2474 587 stricto
2504 530 2720 585 tandem
2747 538 2977 603 utroque
3001 526 3198 603 gladio,
3214 526 3498 603 Petroque
3520 532 3695 603 sancti
3719 531 3879 589 Nico-

592 603 833 675 adhibitis
862 604 1030 675 magis
1072 600 1439 675 decoraretur,
1460 600 1727 675 tanquam
1760 600 1984 675 debitam
2011 603 2059 675 ei
2085 601 2178 655 do-

593 685 691 728 tem
734 670 971 728 donavit'
1000 673 1368 744 patrimonium
1404 670 1574 737 suum,
1619 673 1675 724 id
1717 681 1811 744 est,
1859 670 2085 744 Liguria:
2128 680 2179 726 et

592 744 854 798 Hetruria:
899 742 1191 813 pracipuos
1218 754 1394 813 partes
1438 759 1551 796 cum
1590 742 1826 813 omnibus
1872 742 2076 812 oppidis
2119 758 2181 797 ac

592 812 905 869 earumdem
918 812 1145 882 juribus.
1190 812 1315 870 Haec
1354 812 1662 868 Panviuius.
1716 812 1924 866 Platina
1954 816 2009 867 in
2064 814 2181 882 ipso

597 884 872 941 Paschalis
900 883 943 939 ll
972 885 1113 949 Vita,
1146 886 1320 955 inquit
1348 885 1489 939 hunc
1514 884 1567 938 iu
1613 884 1830 938 modum
1858 902 1869 937 :
1905 883 2021 937 Hoc
2049 894 2180 937 tem—

596 973 720 1027 pore
768 955 1033 1027 Hathilda
1077 957 1377 1027 comitissa,
1432 955 1708 1009 admodum
1729 956 1872 1008 senio
1920 956 2178 1027 confecta,

592 1028 858 1092 moriens,
913 1026 1165 1081 Romana:
1221 1026 1473 1080 Ecclesia:
1516 1043 1581 1080 ea:
1629 1033 1931 1079 testamento
1976 1026 2183 1095 reliquit

593 1096 843 1167 quidquid
873 1113 906 1149 a
925 1097 1102 1167 Pissia
1126 1113 1294 1160 omne,
1325 1105 1375 1150 et
1397 1108 1577 1151 sancto
1607 1095 1816 1159 Quirico
1840 1095 1956 1166 agri
1983 1096 2185 1149 Senen-

593 1166 667 1220 sis
694 1184 852 1236 usque
873 1167 941 1219 ad
964 1166 1283 1236 Ceperanum
1300 1168 1435 1220 inter
1452 1166 1812 1236 Appenninum
1837 1177 1885 1219 et
1905 1182 2050 1236 mare
2067 1181 2174 1236 per-

594 1238 741 1318 tinet,
760 1235 924 1319 33a
934 1235 1122 1319 addita
1134 1235 1531 1319 error-impure
1554 1236 1721 1319 adhuc
1738 1236 1989 1319 ﬁomante
2002 1235 2188 1319 acle-

594 1306 688 1365 aia?
729 1306 991 1377 vectigalis
1020 1316 1115 1361 cst.
1169 1307 1293 1363 Haec
1320 1306 1583 1361 Palatina.
1611 1307 1720 1362 Sed
1745 1306 1991 1361 Ferraria
2026 1306 2186 1377 longe

591 1378 742 1449 prius
761 1375 1461 1449 sub'Ecclesiaeditioneiuit,
1486 1377 2052 1449 hocestmilleabhinc
2070 1375 2185 1430 fere

595 1447 768 1513 anuis,
806 1456 1048 1518 tempore
1072 1448 1325 1518 videlicet
1347 1448 1617 1513 Vitaliaui,
1648 1456 1706 1502 ut
1730 1448 1783 1518 in
1808 1447 2075 1502 chronicis
2089 1462 2182 1516 pe.

593 1519 795 1586 regrini
826 1517 1082 1573 PriSciani
1110 1527 1166 1573 et
1194 1517 1447 1586 Gasparis
1476 1519 1633 1573 Sardi
1654 1517 1837 1572 videre
1861 1518 2005 1580 licet,
2036 1518 2187 1571 dein-

593 1588 663 1659 de
686 1596 927 1659 tempore
956 1588 1145 1659 Pipini,
1170 1588 1349 1643 Karoli
1378 1589 1574 1657 Magni,
1602 1588 1863 1644 Ludovici
1892 1586 1936 1656 Ι,
1965 1586 2187 1642 Henrici

593 1656 617 1712 l
643 1665 698 1713 et
726 1656 953 1715 Othonis
974 1659 994 1712 Ι
1019 1656 1149 1714 ante
1171 1656 1501 1727 Mathildam,
1532 1668 1587 1715 et
1614 1675 1683 1714 ex
1720 1662 2055 1722 eorumdem,
2079 1673 2184 1712 cte-

593 1733 1079 1800 terorumque'post
1099 1730 1429 1795 Mathildam,
1446 1732 1833 1800 imperatorum
1868 1728 2181 1798 privilegiis,

594 1814 714 1869 qua:
762 1800 814 1854 in
862 1800 1082 1855 archivo
1131 1801 1293 1855 castri
1331 1802 1504 1856 sancti
1551 1800 1739 1869 Angeli
1788 1800 2182 1863 custodiuntur,

594 1877 828 1923 constat.
860 1871 937 1925 De
977 1871 1079 1925 hac
1106 1871 1234 1924 item
1264 1870 1577 1936 donatione,
1607 1870 2023 1938 donationisque
2050 1884 2183 1923 con-

593 1938 902 2010 ﬁrmatione
938 1956 970 1995 a
1016 1942 1290 1995 comitissa
1339 1941 1594 1995 Mathilda
1644 1948 1889 2010 tempore
1938 1939 2187 2008 Gregorii

594 2007 686 2081 Yll
709 2018 763 2064 et
793 2009 1064 2065 Paschalis
1086 2010 1130 2064 ll
1159 2012 1396 2081 praestita
1418 2027 1560 2081 anno
1582 2009 1721 2064 1102
1741 2007 2188 2081 ἁυώθηιίεείῃοιι

593 2077 790 2149 desunt
818 2088 1093 2135 momenta
1124 2077 1338 2149 scriptis
1367 2080 1642 2147 mandata,
1670 2092 1809 2148 gqua:
1852 2080 1906 2132 iu
1938 2079 2190 2134 omnibus

594 2148 654 2203 8.
686 2148 748 2203 Ε.
801 2149 869 2204 R.
903 2150 1140 2205 archivis
1184 2148 1548 2205 asservantur.
1596 2151 1885 2217 Postquam
1924 2158 2103 2202 autem
2134 2150 2188 2202 in

598 2234 907 2274 sermonem
936 2220 1005 2274 de
1032 2220 1280 2274 Ferraria
1309 2236 1417 2275 non
1446 2221 1718 2287 consulto,
1752 2218 1847 2273 sed
1887 2235 1947 2273 re
1976 2220 2027 2273 id
2058 2219 2187 2272 mihi

593 2288 1042 2342 subministrante
1078 2290 1259 2354 incidi,
1290 2291 1525 2343 breviter
1550 2298 1607 2343 et
1645 2290 1798 2356 quasi
1850 2289 2184 2356 praeteriens,

595 2357 768 2411 dicam
818 2358 963 2427 quod
989 2358 1056 2413 de
1084 2359 1199 2428 ipsa
1246 2358 1493 2428 Ferraria
1539 2358 1735 2412 accidit
1781 2359 1908 2411 dum
1955 2358 2071 2411 haec
2121 2360 2188 2413 de

594 2436 906 2483 sanctorum
952 2427 1322 2496 apostblorum
1372 2427 1517 2482 Petri
1570 2435 1625 2482 et
1664 2428 1812 2481 Pauli
1853 2428 2187 2495 lampadibus

597 2497 738 2567 typis
784 2498 1115 2567 mandarem.
1164 2498 1439 2566 Superiori
1490 2513 1722 2567 namque
1776 2514 1919 2553 anno
1974 2496 2187 2553 Domini

596 2558 761 2635 {5-97,
790 2568 896 2622 die.
926 2567 992 2619 27
1032 2558 1302 2635 Octobris,
1345 2558 1876 2623 Alhdonso'Estense
1899 2568 2056 2635 hujus
2090 2585 2188 2624 uo-

592 2637 758 2691 minis
789 2638 825 2690 ll
845 2646 900 2691 et
918 2638 1107 2693 ultimo
1130 2637 1390 2693 Ferrarius
1418 2640 1555 2693 duce
1576 2640 1691 2692 sine
1716 2637 1839 2692 ﬁliis
1864 2655 1927 2692 ac
1947 2641 2186 2693 descen-

594 2704 847 2778 dentibus
866 2716 1101 2774 mortuo,
1125 2709 1369 2764 sanctiss.
1394 2708 1457 2763 D.
1482 2708 1546 2762 Ν.
1588 2706 1835 2763 Clement
1861 2707 1970 2763 Vlll
2002 2719 2188 2778 pastor

594 2774 851 2850 Ecclesiae
897 2778 1366 2850 vigilantissimus,
1406 2788 1461 2850 et
1490 2780 1799 2850 patrimonii
1837 2774 2018 2835 sancti
2039 2778 2185 2834 Petri

599 2846 853 2921 defensor
878 2849 1175 2921 acerrimus
1199 2858 1255 2903 et
1284 2846 1603 2921 indeiessus,
1655 2851 1743 2905 ubi
1766 2851 1998 2921 primum
2025 2866 2182 2907 acce-

594 2916 677 2987 pit
719 2917 977 2989 Ferrariaa
1020 2918 1271 2975 ducatum
1320 2920 1372 2974 in
1419 2920 1634 2976 feudum
1689 2916 1819 2976 olim
1862 2936 1894 2975 a
1930 2921 2186 2977 Romanis

596 2989 938 3056 poutilicibus
967 2991 1449 3058 praedecessoribus
1479 2992 1587 3047 suis
1616 3007 1952 3055 concessum,
1982 2997 2049 3045 ad
2071 2992 2185 3048 Ro-

596 3058 1137 3133 manamEcclesiam
1179 3061 1267 3133 ob
1290 3062 1487 3116 lineam
1532 3063 1661 3117 dicti
1690 3063 1951 3133 Alphousi
1982 3065 2186 3117 linitam

595 3126 762 3203 fuisse
792 3130 1126 3195 devolutum,
1162 3131 1313 3203 nulla
1334 3135 1547 3203 penitus
1572 3126 1919 3189 cunctatione
1948 3136 2186 3203 interpo-

592 3198 718 3272 sita,
748 3216 872 3256 cum
906 3202 1155 3257 universo
1202 3201 1261 3257 S.
1290 3198 1355 3257 Β.
1383 3202 1448 3257 Ε.
1472 3204 1823 3259 cardinalium
1853 3198 2183 3272 collegio—de

596 3266 740 3322 illius
763 3273 1174 3344 recuperatioue
1190 3277 1423 3339 graviter
1443 3290 1507 3329 ac
1532 3275 1805 3344 sapienter
1830 3276 1957 3343 egit,
1985 3266 2182 3329 dictam

597 3342 1281 3414 recuperationemjisdem
1301 3358 1516 3414 quoque
1539 3342 1901 3399 ca'rdiualibus
1923 3346 2185 3400 instanter

599 3410 1015 3479 postulantibus.
1046 3411 1225 3478 Quare
1247 3410 1493 3468 sanctiss.
1524 3414 1588 3467 D.
1619 3413 1682 3467 N.
1716 3414 1769 3468 in
1812 3416 2052 3479 decreto,
2084 3415 2187 3471 hac

602 3475 671 3555 de
697 3494 757 3534 re
781 3475 1201 3555 pionuntia'ndo,
1234 3483 1482 3555 humanis
1508 3484 1831 3555 posthabitis
1863 3475 2185 3551 rationibus,

596 3549 1070 3607 totam'Ferrarite
1096 3552 1355 3607 ditionem
1398 3549 1610 3610 Christo
1653 3553 1880 3609 Domino
1921 3549 2190 3611 Salvatori

599 3628 1068 3699 nostro,__necnon
1097 3623 1344 3699 gloriosa:
1373 3639 1438 3678 ac
1465 3638 1682 3699 semper
1728 3625 1923 3699 virgini
1969 3626 2064 3699 Dei
2096 3641 2187 3696 ge-

601 3690 777 3746 uitrici
817 3690 1018 3763 Mariae,
1066 3690 1376 3763 sanctisque
1424 3690 1684 3763 apostolis
1729 3690 1892 3751 Petro
1936 3705 1992 3751 et
2021 3690 2187 3754 Paulo

602 3762 872 3817 constanti
899 3765 1083 3835 animo
1126 3762 1374 3834 miroque
1415 3762 1634 3835 pietatis
1681 3766 1877 3821 ardore
1903 3768 2109 3822 addixit
2136 3780 2191 3824 et

599 3833 956 3888 consecravit.
987 3833 1132 3890 Juris
1160 3833 1341 3904 itaque
1361 3833 1430 3891 ac
1442 3850 1711 3892 canonum
1737 3838 1927 3893 ordine
1949 3848 2188 3906 servato,

2284 604 2355 657 lai
2386 603 2437 656 in
2481 616 2701 656 carcere
2736 600 2969 655 diacono
2994 599 3252 672 cardinali
3300 599 3702 658 AldObrandiuo
3729 604 3879 672 ejus-

2282 673 2405 727 dem
2425 672 2720 727 Clementis
2748 678 2966 740 nepote,
2998 669 3065 723 ad
3093 684 3182 724 res
3208 684 3338 726 sane
3378 673 3665 740 praeclaras
3692 669 3877 728 et'ar-

2281 744 2415 798 duas
2443 758 2542 814 pro
2572 739 3084 814 RomanalEcclesia
3097 740 3363 814 celeriter
3380 739 3453 797 iac
3490 741 3722 798 feliciter
3746 760 3876 814 per-

2283 811 2536 869 ticiendas
2555 822 2705 878 nato,
2728 814 2792 865 ad
2813 811 3064 883 ducatum
3085 812 3245 883 335
3270 811 3528 883 Ferrariae
3550 811 3879 883 recuperan-

2283 885 2411 939 dum
2440 899 2561 939 cum
2612 882 2935 937 militaribus
2980 881 3362 950 copiis’misso,
3411 882 3589 938 Casar
3634 881 3880 941 Estensis

2283 957 2435 1009 nullo
2457 953 2686 1007 militum
2717 959 3033 1021 exspectato
3060 966 3370 1019 congressu,
3404 954 3651 1009 eumdem
3683 954 3878 1011 Ferra-

2284 1025 2378 1079 rite
2421 1025 2674 1096 ducatum
2704 1024 3023 1096 antiquo‘ac
3037 1023 3291 1096 legitimo
3329 1023 3387 1096 S.
3432 1024 3500 1078 R.
3530 1023 3593 1079 Ε.
3628 1025 3878 1096 domino,

2283 1110 2428 1150 anno
2458 1096 2561 1149 hoc
2586 1095 2704 1163 ipso
2735 1091 2872 1164 1598
2900 1093 2989 1147 die
3029 1092 3097 1164 12
3121 1091 3364 1149 Januarii
3389 1095 3698 1164 restituere,
3742 1091 3877 1153 inita

2286 1166 2645 1237 conventione
2683 1163 2897 1237 scriptis
2936 1163 3209 1237 mandata,
3254 1165 3528 1237 promisit:
3562 1163 3731 1235 reque
3762 1167 3877 1237 ipsa

2285 1236 2529 1305 ejusdem
2557 1236 2813 1306 vigesima
2860 1249 3000 1288 nona
3044 1236 3245 1290 mensis
3282 1235 3388 1298 die,
3434 1236 3538 1291 hoc
3579 1235 3879 1306 est,pridie

2285 1307 2393 1363 diei
2416 1316 2602 1361 sancto
2625 1305 2914 1375 Hippolyto
2939 1314 3287 1371 consecrate,
3328 1306 3382 1359 in
3411 1320 3517 1374 qua
3560 1305 3726 1373 ipsius
3756 1308 3879 1362 Cle-

2285 1378 2501 1442 mentis,
2545 1387 2702 1432 antea
2747 1375 3022 1447 Hippolyti
3052 1378 3362 1444 nuucupati,
3409 1377 3755 1446 pontiﬁcatus
3785 1395 3880 1433 na-

2288 1449 2411 1502 talis
2437 1447 2761 1510 celebratur,
2792 1447 2959 1500 hbere
2998 1462 3060 1501 ac
3086 1447 3328 1516 pacilice,
3356 1462 3461 1503 non
3489 1447 3724 1503 humano
3755 1458 3880 1503 tan-

2289 1525 2423 1581 tum,
2474 1518 2566 1571 sed
2597 1532 2855 1587 expresso
2905 1516 3101 1571 divinae
3139 1518 3258 1587 opis
3304 1518 3572 1586 praesidio,
3618 1519 3879 1587 restituit,

2289 1588 2533 1643 Ferraria
2563 1586 2756 1656 gaudio
2778 1586 3061 1655 gestiente,
3084 1596 3193 1641 tota
3216 1589 3347 1643 urbe
3363 1588 3536 1643 Roma
3551 1586 3879 1657 exsultante,

2290 1659 2511 1727 Deoque
2540 1659 2782 1727 ingentes
2810 1658 3009 1728 gratias
3038 1667 3233 1725 agente
3254 1698 3269 1722 ,
3319 1660 3680 1728 universaque
3725 1660 3878 1714 ltalia

2290 1726 2614 1783 admirante.
2645 1728 2913 1782 Hactenus
2942 1726 3011 1782 de
3060 1728 3325 1782 Ferraria.
3356 1728 3508 1783 Nunc
3536 1726 3606 1784 ad
3632 1738 3881 1785 nostrum

2290 1801 2360 1853 de
2402 1798 2733 1869 lampadibus
2763 1799 2827 1869 in,
2858 1798 3119 1853 honorem
3162 1808 3468 1854 sanctorum
3509 1803 3882 1869 apostolorum

2292 1868 2438 1924 Petri
2468 1868 2522 1921 ιι
2569 1868 2718 1922 Pauli
2760 1868 2888 1922 olim
2928 1869 3149 1923 accendi
3178 1870 3350 1924 solitis
3378 1868 3675 1925 institutum
3704 1886 3886 1927 rever-

2294 1949 2488 1994 tamur.
2521 1939 2654 1994 Nam
2686 1938 2876 1993 Petrus
2900 1938 3107 1994 Mallius
3138 1940 3191 1994 in
3221 1940 3358 1995 libro
3404 1940 3471 1995 de
3500 1941 3739 1996 historiae
3782 1941 3884 1996 Ba-

2288 2012 2453 2065 silicas
2480 2010 2653 2064 sancti
2679 2008 2847 2074 Petri,
2875 2017 2932 2062 ut
2964 2012 3014 2062 in
3058 2009 3392 2065 Bibliotheca
3419 2012 3669 2066 vaticana
3698 2012 3885 2068 videre

2288 2090 2390 2144 est,
2425 2090 2547 2148 post
2569 2081 2719 2133 varia
2746 2079 3008 2134 donorum
3037 2094 3099 2133 ac
3126 2081 3395 2135 redituum
3424 2094 3621 2149 genera
3645 2082 3885 2138 basilice

2288 2150 2463 2206 sancti
2489 2149 2634 2203 Petri
2665 2166 2762 2219 pro
2796 2149 3128 2219 lampadibus
3159 2152 3515 2206 accendendis
3538 2163 3879 2219 enumerata,

2288 2222 2355 2274 de
2398 2220 2749 2292 luminarib‘us
2793 2219 2936 2292 dicta
2974 2222 3029 2292 in
3074 2220 3316 2275 Ecclesia
3345 2230 3607 2292 perpetuo
3636 2225 3887 2279 accensis

2288 2292 2535 2360 loquens,
2567 2306 2633 2345 ot.
2677 2289 2953 2358 lampades
3002 2291 3091 2344 diu
3122 2289 3415 2360 noctuque,
3447 2289 3519 2346 fin
3556 2295 3885 2349 stationibus

2288 2375 2467 2415 autem
2491 2377 2589 2415 CCL
2619 2375 2717 2414 sua
2747 2368 3071 2429 tempestate
3099 2361 3153 2415 in
3181 2361 3399 2417 basilica
3424 2364 3598 2418 sancti
3627 2363 3775 2418 Petri
3800 2380 3887 2418 ar-

2288 2432 2425 2486 sisse
2461 2439 2703 2493 testatur,
2738 2431 2991 2501 variaque
3020 2431 3330 2501 lampadum
3357 2441 3411 2487 et
3433 2434 3882 2490 candelabrorum

2287 2518 2487 2573 genera
2518 2510 2574 2557 et
2600 2501 2845 2567 nomina,
2874 2511 3035 2573 atque
3062 2502 3190 2556 item
3220 2505 3337 2558 loca
3368 2504 3571 2568 omnia,
3604 2506 3657 2559 in
3686 2506 3884 2573 quibus

2288 2572 2611 2627 candelabra
2665 2572 3151 2639 suspendebantur,
3208 2582 3499 2642 recenset,
3556 2572 3882 2631 stationibus

2287 2644 2716 2712 quibuscumque
2762 2642 2926 2697 totius
2963 2643 3090 2695 anni
3142 2648 3425 2699 enarratis.
3471 2646 3885 2702 Accendebatur

2287 2716 2451 2769 etiam
2475 2712 2877 2786 candelabrum,
2905 2714 3048 2782 quod
3070 2721 3151 2768 tot
3171 2715 3404 2786 habebat
3422 2715 3720 2786 lampades,
3748 2725 3885 2784 quot

2287 2786 2405 2840 dies
2449 2785 2575 2837 anui
2624 2793 2767 2846 sunt,
2800 2784 2904 2838 hoc
2942 2790 3025 2838 est
3054 2800 3274 2839 cccnxv.
3309 2784 3422 2839 lmo
3466 2784 3882 2843 ut‘Anastasius

2289 2855 2729 2927 bibliothecarius
2776 2854 2829 2907 in
2875 2853 3150 2927 Hadriano
3197 2857 3385 2927 primo
3413 2857 3525 2911 ait:
3578 2857 3882 2913 Hadrianus

2287 2926 2404 2996 ipse
2450 2926 2687 2996 basilica:
2728 2926 2899 2979 sancti
2946 2922 3089 2979 Petri
3120 2922 3263 2981 dono
3291 2926 3438 2980 dedit
3474 2927 3873 2995 candelabrum,

2290 2995 2472 3077 crucis
2486 3068 2498 3077 ‘
2509 2995 2753 3077 formam
2774 3066 2785 3076 .
2801 3004 3213 3077 repraesentans,
3228 3065 3240 3077 _
3255 3012 3463 3052 xcccu
3513 2998 3756 3077 candelis
3772 2999 3878 3077 _vel

2291 3066 2627 3141 lampadibus
2686 3065 2995 3141 insignitum
3026 3106 3041 3130 ,
3075 3065 3246 3141 Aquod
3299 3076 3425 3141 ante
3486 3070 3882 3141 presbyterium

2291 3140 2550 3208 pendens,
2598 3145 2827 3208 qnatuor
2864 3137 2992 3191 anui
3036 3138 3264 3205 vicibus,
3298 3137 3387 3192 die
3432 3137 3884 3195 scilicet'Natalis

2294 3206 2524 3281 Domini,
2556 3208 2610 3281 in
2653 3206 2932 3281 Paschate,
2976 3208 3032 3281 in
3061 3208 3235 3281 Natali
3273 3219 3581 3281 sanctorum
3610 3211 3887 3281 apostolo-

2211 3309 2257 3371 Ο
2293 3294 2410 3332 rum
2441 3276 2587 3359 Petri
2633 3275 2888 3371 infami,
2930 3289 2993 3371 et
3012 3279 3067 3371 in
3098 3279 3329 3361 Romani
3359 3275 3883 3371 pontilicis'eleetio-

2290 3364 2379 3416 ne,
2402 3364 2521 3418 qua:
2546 3348 2757 3419 singulo
2781 3363 2998 3418 quoque
3030 3364 3193 3414 anno,
3227 3351 3343 3419 ipso
3362 3348 3608 3415 ’vivente,
3633 3352 3885 3407 celebra-

2296 3428 2403 3493 tur,
2432 3435 2497 3474 ac
2522 3418 2747 3474 accendi
2764 3421 2994 3493 solt-bat,
3023 3418 3267 3493 ucccux
3291 3421 3565 3493 lampades
3584 3431 3711 3476 ante
3733 3438 3888 3493 pres-

2298 3490 2546 3563 byterum
2575 3491 2795 3563 accendi
2818 3492 3085 3563 solebant.
3111 3492 3259 3545 Idem
3286 3490 3460 3547 lere'lc
3480 3494 3622 3563 gitur
3646 3493 3717 3547 de
3734 3490 3888 3547 basi-

2298 3558 2400 3614 liCa
2430 3562 2603 3615 sancti
2644 3559 2813 3614 Pauli.
2845 3561 2979 3615 Cum
3003 3562 3201 3632 itaque
3230 3563 3283 3615 in
3314 3558 3545 3619 basilicis
3572 3572 3887 3618 sanctorum

2296 3633 2690 3705 apostolorum
2724 3632 2863 3686 Petri
2892 3640 2949 3686 et
2978 3631 3149 3705 Pauli
3182 3642 3261 3705 tot
3284 3633 3573 3705 lampades
3624 3640 3889 3705 perpetuo

2298 3702 2817 3774 arderent,_mirum_
2845 3704 3046 3758 nemini
3070 3703 3239 3757 videri
3266 3702 3450 3769 debei,
3478 3707 3525 3760 si
3554 3702 3643 3760 tot
3668 3702 3891 3774 prtedia,

2296 3779 2489 3895 (tiotque
2512 3772 2737 3895 unliveta
2788 3772 2946 3828 dictis
3000 3774 3235 3829 basilicis
3282 3774 3481 3830 fuerint
3531 3772 3785 3832 dedicata
3825 3788 3893 3830 ac

2333 3856 2392 3895 es
2421 3857 2507 3895 ma
2571 3882 2585 3895 .

2333 3844 2585 3897 estinata.

603 4003 3890 4035 —__—_________________.___._____________________

952 4128 1591 4212 TESTIMONIA
1666 4132 1799 4211 ET
1850 4133 2222 4215 ELOGIA
2299 4137 2791 4217 VETERUM
2870 4139 3519 4221 SCRIPTORUM

1648 4295 1752 4355 DE
1798 4295 2110 4360 SANCTO
2155 4299 2570 4362 GREGORIO
2614 4300 2844 4361 PAPA.

683 4506 709 4535 ⁸
742 4497 807 4554 S.
837 4490 1075 4571 Gregorii
1098 4496 1412 4557 Turonensis
1434 4501 1527 4558 lib.
1550 4519 1586 4559 ι
1605 4502 1920 4574 Historiam,
1942 4523 2059 4579 cap.
2084 4506 2136 4562 1.

2312 4521 2473 4576 quam
2503 4506 2865 4576 inguinariam
2894 4517 3109 4565 vocant.
3137 4509 3270 4565 Nam
3299 4510 3479 4567 medio
3509 4526 3699 4568 mense
3726 4511 3898 4567 unde-

687 4592 846 4648 Anno
861 4592 1266 4664 quintodecimo
1281 4594 1611 4654 Childeherti
1638 4599 1800 4669 regis,
1832 4600 2092 4657 diaconus
2119 4616 2212 4657 no.
2234 4612 2288 4673 ι)
2313 4599 2455 4654 cimo
2486 4599 2796 4666 adveniens,
2843 4602 3075 4672 primum
3104 4602 3366 4672 omnium,
3413 4602 3565 4673 juxta
3596 4603 3728 4658 illud
3754 4601 3901 4674 quod

611 4693 724 4740 ster
777 4685 846 4740 ab
901 4685 1038 4742 urbe
1092 4686 1267 4744 Roma
1326 4706 1448 4745 cum
1508 4700 1821 4749 sanctorum
1883 4695 2196 4766 pignoribus

608 4775 860 4843 veniens,
903 4777 982 4833 sic
1012 4778 1039 4818 ι’
1089 4776 1276 4837 retulit
1310 4782 1458 4853 quod
1498 4799 1641 4842 anno
1668 4787 1982 4857 superiore,
2013 4802 2199 4845 mense

608 4883 775 4936 nono,
808 4878 956 4926 tanta
988 4882 1011 4912 ο
1036 4873 1388 4931 inundatione
1414 4877 1622 4935 Tiberis
1653 4879 1847 4935 ﬂuvius
1873 4882 2062 4936 urbem
2087 4879 2199 4937 Ro-

606 4976 753 5015 mam
795 4962 1025 5032 obtexit,
1071 4974 1132 5021 ut
1158 4967 1303 5023 aedes
1329 4969 1563 5040 antiquae
1603 4972 1969 5040 diruerentur,
2000 4972 2198 5028 horrea

607 5052 774 5108 etiam
817 5054 1072 5111 Ecclesiae
1119 5059 1375 5115 subversa
1422 5061 1565 5131 sint,
1603 5062 1660 5117 in
1702 5064 1897 5134 quibus
1939 5063 2200 5120 nonnulla

607 5142 775 5199 millia
803 5144 1108 5202 modiorum
1136 5150 1303 5205 tritici
1326 5152 1557 5221 periere.
1589 5152 1881 5211 Multitudo
1910 5155 2075 5211 etiam
2096 5168 2206 5209 ser-

607 5237 853 5308 pentium
883 5254 1006 5294 cum
1034 5253 1231 5311 magno
1268 5242 1507 5301 dracone
1534 5244 1592 5300 in
1620 5246 1837 5301 modum
1872 5246 2042 5301 trabis
2068 5244 2206 5300 vali-

606 5328 709 5396 dae,
740 5343 840 5400 per
875 5329 1035 5398 hujus
1061 5330 1234 5402 .ﬂuvii
1261 5334 1473 5392 alveum
1503 5337 1558 5391 in
1586 5351 1739 5392 mare
1768 5336 2063 5394 descendit.
2096 5336 2204 5393 Sed

604 5416 883 5477 suifocata:
926 5420 1112 5477 bestiae
1156 5424 1297 5482 inter
1340 5428 1511 5484 salsos
1546 5428 1711 5483 maris
1742 5429 1940 5485 turbidi
1982 5427 2200 5496 ﬂuctus,

604 5509 776 5571 littori
800 5511 992 5585 ejecta
1016 5526 1163 5573 sunt.
1196 5517 1497 5578 Subsecuta
1524 5529 1609 5578 est
1633 5520 1704 5579 de
1729 5524 1958 5595 vestigio
1987 5524 2195 5591 clades,

677 5677 707 5746 ξ
734 5668 795 5746 ξ.
817 5668 1066 5746 Gregorii
1085 5672 1264 5746 Magni
1291 5689 1505 5732 cozevus
1529 5675 1648 5733 fuit.

568 5794 573 5799 .
612 5806 627 5820 .
676 5738 706 5820 ξ
734 5738 1086 5820 Confer'cum
1126 5738 1219 5801 lib.
1296 5747 1579 5820 deGloria
1606 5756 1769 5805 mart.
1805 5765 1856 5807 c.
1887 5750 1978 5806 83.
2012 5752 2102 5807 ubi
2129 5752 2200 5809 de

612 5806 1021 5885 huju_s__l)iacoui
1048 5818 1505 5885 peregrinatione.

686 5888 707 5914 ι
741 5880 874 5936 Vide
899 5882 993 5937 lib.
1022 5880 1099 5938 ιῐι.
1131 5880 1337 5955 Dialog.
1372 5904 1420 5943 ο.
1472 5888 1561 5959 19,
1588 5898 1645 5946 et
1672 5891 1893 5948 Paulum
1924 5892 2073 5949 Diae.
2105 5896 2195 5951 lib.

2307 4692 2362 4747 iu
2402 4690 2685 4749 Ezechiele
2713 4693 2981 4765 propheta
3010 4695 3206 4764 legitur
3236 4712 3249 4748 :
3282 4695 3326 4747 A
3354 4699 3652 4751 sanctuario
3682 4711 3798 4751 meo
3818 4696 3903 4749 in-

2305 4787 2459 4857 cipite
2477 4785 2690 4857 (Ezech.
2709 4802 2781 4852 IX,
2804 4786 2882 4857 6),
2902 4787 3175 4858 Pelagium
3206 4803 3404 4859 papam
3434 4789 3680 4858 perculit,
3710 4787 3905 4858 etjsino

2304 4892 2457 4932 mora
2482 4878 2758 4933 exstinxit.
2790 4879 2908 4945 Quo
2935 4878 3212 4947 defuncto,
3255 4896 3448 4950 magna
3474 4888 3684 4950 strages
3712 4878 3905 4951 populi

2305 4969 2374 5026 de
2394 4969 2499 5027 hoc
2524 4972 2713 5027 morbo
2741 4973 2879 5028 facta
2903 4981 3006 5028 est.
3033 4971 3138 5028 Sed
3159 4973 3284 5041 quia
3307 4971 3550 5028 Ecclesia
3572 4971 3669 5027 Dei
3694 4971 3905 5041 absque

2307 5070 2521 5119 rectore
2535 5079 2655 5119 esse
2672 5080 2781 5121 non
2802 5073 3037 5136 poterat,
3057 5064 3398 5137 Gregorium,
3416 5066 3725 5132 diaconum,
3748 5063 3908 5135 plebs

2308 5154 2485 5208 omnis
2513 5154 2693 5225 elegit.

2377 5245 2477 5302 Hic
2502 5246 2645 5302 enim
2680 5247 2749 5302 de
2777 5249 3122 5307 senatoribus
3159 5251 3374 5321 primis,
3422 5251 3491 5306 ab
3530 5249 3904 5307 adolescentia

2308 5336 2533 5393 devotus
2562 5336 2706 5404 Deo,
2749 5338 2804 5394 in
2833 5340 2993 5396 rebus
3030 5342 3263 5411 propriis
3300 5339 3325 5378 ἀ
3354 5357 3449 5398 sex
3481 5342 3535 5396 in
3565 5341 3751 5398 Sicilia
3780 5356 3905 5397 mo-

2306 5429 2538 5483 nasteria
2590 5431 2953 5500 congregavit,
3006 5433 3291 5503 septimum
3339 5418 3479 5488 intra
3511 5433 3668 5490 Urbis
3714 5430 3906 5488 Roma

2309 5537 2493 5579 muros
2538 5524 2790 5579 instituit.
2841 5524 3044 5592 Quibus
3095 5535 3301 5583 tantam
3337 5527 3595 5597 delegans
3632 5535 3907 5584 terrarum

2308 5702 2367 5742 tn
2396 5685 3034 5761 de_Ge§tis_Langobard.
3068 5704 3116 5761 (ς.
3145 5686 3235 5743 24.
3267 5688 3413 5745 Idem
3444 5688 3641 5761 legitur
3668 5689 3724 5745 in
3753 5694 3911 5744 utra-

2310 5772 2414 5827 que
2436 5758 2542 5813 vita
2563 5758 2622 5812 S.
2663 5756 2824 5827 Greg.
2854 5768 3011 5814 antea
3034 5760 3197 5816 edita.

2382 5825 2410 5866 ει
2440 5828 2515 5883 De
2542 5830 2623 5911 his
2644 5825 2985 5911 monasteriis
3023 5831 3138 5902 lege
3167 5840 3381 5888 nostros
3408 5831 3478 5889 de
3503 5828 3563 5888 S.
3594 5830 3761 5901 Greg.
3787 5828 3908 5899 vita

2310 5909 2748 5956 commentarios.
