4130 6458
291 355 386 413 489

1039 351 1458 412 TESTIMONJA
1494 352 1585 411 ΕΤ
1605 351 1879 411 οΕιοαιΑ
1918 350 2008 407 DE
2050 350 2107 409 S.
2150 351 2505 411 GREGORIO
2545 354 2801 413 MAGNO.

3459 366 3561 423 490

288 472 514 546 copiam,
537 479 741 544 quanta
780 473 848 529 ad
873 470 1075 529 victum
1103 474 1477 544 quotidianum
1516 472 1865 544 przebendum
1894 474 1945 535 Α
1969 467 2198 524 ecclesia
2236 470 2410 525 sancti
2449 472 2700 538 martyris
2729 470 3039 540 Clementis,
3082 488 3205 531 cum
3232 478 3560 550 presbyteris

286 566 570 633 sufﬁceret,
602 565 810 637 reliqua
839 564 1077 621 vendidit
1105 573 1131 600 α
1170 580 1293 621 cum
1315 566 1461 620 omni
1487 564 1735 635 praesidio
1764 561 1863 619 do-

287 672 418 723 mus,
448 670 514 711 ac
541 653 1167 725 pauperibus'erogavit;
1198 662 1254 709 et
1267 655 1360 724 qui
1384 662 1510 709 ante
1536 654 1711 709 serico
1732 668 1863 709 con-

286 756 456 805 tectus
480 761 547 801 ac
574 745 800 816 gemmis
825 744 1150 801 micantibus
1177 744 1368 803 solitus
1395 753 1512 800 erat
1539 758 1637 813 per
1662 741 1862 798 Urbem

285 836 576 910 procedere
598 836 890 902 trabeatus,
915 833 944 871 ι)
973 851 1119 891 nunc
1146 835 1239 889 vili
1266 843 1542 890 contectus
1572 835 1769 890 vestitu
1794 832 1864 889 ad

283 927 465 984 altaris
502 927 767 983 Dominici
806 927 1165 982 ministerium
1210 935 1578 990 consecratur,
1616 939 1638 965 ο
1692 926 1862 997 septi-

282 1036 507 1092 musque
529 1020 692 1077 levita
711 1019 782 1076 ad
801 1020 1126 1090 adjutorium
1146 1035 1299 1090 papae
1322 1019 1664 1087 adsciscitur;
1689 1028 1865 1075 tanta-

281 1128 385 1185 que
409 1114 459 1169 ei
489 1113 813 1170 abstinentia
843 1114 899 1169 in
922 1113 1077 1179 cibis,
1104 1112 1381 1183 vigilantia
1410 1113 1466 1167 in
1506 1114 1861 1177 orationibus,

280 1204 571 1261 Strenuitas
616 1205 673 1260 in
694 1204 916 1275 jejuniis
954 1214 1101 1273 erat,
1132 1212 1210 1271 ut,
1256 1204 1525 1260 inﬁrmato
1562 1206 1860 1273 stomacho,

280 1297 371 1353 vix
391 1297 690 1358 consistere
718 1306 920 1368 posset.
951 1296 1171 1353 Litteris
1202 1297 1587 1367 grammaticis,
1618 1296 1863 1353 dialecti-

279 1386 485 1456 cisque,
525 1402 590 1443 ac
632 1388 918 1445 rhetoricis
965 1388 1042 1443 ila
1071 1396 1190 1443 erat
1224 1387 1518 1455 institutus,
1562 1396 1622 1443 ut
1650 1387 1781 1444 nulli
1808 1387 1865 1443 in

280 1478 421 1536 Urbe
450 1480 567 1551 ipsa
593 1489 878 1551 putaretur
905 1496 1025 1537 esse
1049 1481 1319 1538 secundus

346 1570 505 1627 Hunc
551 1572 761 1644 apicem
808 1573 1065 1628 attentius
1110 1570 1295 1642 fugere
1333 1579 1569 1639 tentans,
1613 1588 1682 1629 ne
1720 1572 1866 1642 quod

276 1662 423 1733 prius
447 1662 743 1733 ahjecerat,
763 1680 978 1719 rursum
998 1664 1049 1719 ei
1069 1664 1125 1719 in
1144 1664 1339 1721 saeculo
1358 1664 1426 1719 de
1446 1665 1642 1735 adepto
1658 1666 1867 1721 honore

274 1752 537 1823 jactantia
562 1755 809 1824 quaedam
847 1757 1167 1827 subreperet
1199 1774 1212 1810 :
1257 1757 1401 1812 unde
1445 1758 1643 1813 factum
1675 1765 1778 1825 est,
1807 1765 1868 1811 ut

1965 554 2201 628 regionis
2249 559 2467 614 tertiae:
2507 572 2566 615 ut
2615 562 2683 617 de
2731 564 2953 634 singulis
3001 567 3245 624 ecclesiis
3298 580 3558 630 exeuntes

1967 668 2091 707 cum
2119 652 2367 722 precibus
2397 661 2453 707 et
2499 653 2766 727 lacrymis,
2800 656 2869 711 ad
2908 657 3078 714 beatae
3118 658 3300 715 Mariae
3344 679 3559 736 semper

1966 745 2200 813 Virginis
2228 743 2515 801 Genitricis
2540 745 2751 802 Domini
2772 749 2868 805 Dei
2899 752 3070 806 nostri
3091 751 3217 809 Jesu
3244 754 3444 811 Christi
3470 757 3561 812 ba-

1966 841 2175 899 silicam
2221 854 2646 910 congregemur,
2692 850 2753 897 ut
2795 844 2867 899 ibi
2913 844 3110 901 diutius
3156 862 3279 902 cum
3315 846 3466 919 ﬂetu,
3494 866 3561 907 ac

1967 934 2169 1003 gemitu
2198 930 2429 988 Domino
2457 932 2845 1001 supplicantes,
2874 944 3222 1006 peccatorum
3249 946 3560 996 nostrorum

1966 1027 2182 1083 veniam
2212 1024 2513 1096 promereri
2534 1024 2829 1079 valeamus.
2866 1044 2886 1078 ι

2038 1119 2163 1174 Haec
2202 1136 2269 1175 eo
2297 1120 2530 1190 dicente,
2573 1122 2912 1192 congregatis
2943 1124 3266 1183 clericorum
3307 1132 3557 1200 catervis,

1967 1212 2199 1281 psallere
2220 1212 2379 1281 jussit
2409 1229 2507 1283 per
2546 1214 2780 1270 triduum
2808 1230 2873 1271 ac
2900 1215 3180 1286 deprecari
3218 1220 3431 1278 Domini
3458 1224 3562 1280 mi-

1968 1303 2331 1381 sericordiam.
2367 1303 2443 1360 De
2472 1305 2607 1361 hora
2634 1320 2853 1376 quoque
2873 1308 3032 1361 tertia
3054 1310 3343 1366 veniebant
3370 1330 3561 1372 omnes

1968 1395 2121 1451 chori
2152 1396 2494 1465 psallentium
2537 1399 2605 1453 ad
2647 1400 2953 1468 ecclesiam,
2982 1402 3282 1459 clamantes
3311 1422 3407 1474 per
3442 1409 3561 1477 pla-

1968 1495 2086 1541 teas
2113 1486 2271 1542 Urbis
2304 1504 2316 1540 :
2350 1486 2517 1559 Kyrie
2544 1491 2755 1546 eleison.
2784 1491 3072 1547 Asserehat
3100 1504 3280 1549 autem
3305 1495 3565 1555 diaconus

1970 1588 2174 1645 noster,
2206 1580 2299 1649 qui
2338 1581 2543 1648 aderat,
2576 1581 2630 1636 in
2660 1584 2820 1638 unius
2848 1583 2996 1637 horm
3023 1586 3218 1654 spatio,
3250 1586 3378 1641 dum
3404 1603 3567 1645 voces

1968 1670 2122 1740 plebs
2151 1670 2219 1725 ad
2256 1671 2545 1727 Dominum
2590 1674 3001 1743 supplicationis
3048 1678 3244 1743 emisit,
3292 1681 3565 1749 octoginta

1971 1760 2219 1818 homines
2245 1762 2313 1817 ad
2342 1770 2540 1818 terram
2569 1764 2865 1830 corruisse,
2896 1774 2951 1821 et
2979 1767 3227 1836 spiritum
3257 1768 3562 1828 exhalasse.

277 1847 563 1916 epistolam
584 1847 652 1903 ad
670 1838 1054 1917 imperatorem
1074 1847 1389 1903 Mauricium
1413 1848 1690 1918 dirigeret,
1714 1848 1867 1917 cujus
1896 1860 1945 1921 Β
1969 1853 2077 1909 Sed
2107 1871 2216 1911 non
2258 1855 2463 1912 destitit
2512 1858 2766 1914 sacerdos
2816 1868 2994 1914 tantus
3025 1862 3317 1930 praedicare
3342 1867 3562 1936 populo,

275 1936 447 1992 lilium
485 1953 553 1993 ex
581 1938 799 1994 lavacro
848 1947 1037 1994 sancto
1082 1947 1426 2008 susceperat,
1478 1937 1767 2006 conjurans
1811 1947 1867 1993 et

273 2030 447 2086 multa
477 2046 639 2100 prece
667 2046 915 2101 poscens,
957 2045 1027 2086 ne
1050 2046 1285 2100 unquam
1316 2046 1638 2085 consensum
1669 2032 1868 2101 praebe-

270 2129 358 2176 ret
387 2121 624 2192 populis,
651 2130 711 2176 ut
730 2122 873 2177 hunc
892 2121 1053 2190 hujus
1078 2121 1302 2177 honoris
1327 2122 1499 2191 gloria
1528 2121 1862 2177 sublimaret.

271 2210 379 2266 Sed
406 2210 695 2280 praefectus
714 2212 862 2268 urbis
888 2211 1094 2279 Romte,
1123 2226 1409 2282 germanus
1435 2211 1571 2282 ejus,
1603 2212 1866 2281 anticipa-

269 2304 347 2358 vit
365 2304 638 2372 nuntium,
662 2312 719 2360 et
736 2308 1149 2375 comprehenso,
1173 2305 1428 2377 disruptis
1449 2305 1712 2376 epistolis,
1735 2322 1866 2362 con-

271 2410 459 2461 sensu,
492 2410 653 2466 quem
691 2397 922 2466 populus
962 2396 1168 2453 fecerat
1210 2399 1525 2469 imperatori
1551 2398 1765 2454 direxit.
1797 2401 1867 2454 At

270 2486 363 2542 ille
406 2488 613 2557 gratias
658 2487 770 2544 Deo
815 2503 979 2559 agens
1026 2505 1126 2559 pro
1170 2491 1406 2547 amicitia
1435 2492 1600 2562 ipsius
1628 2492 1861 2559 diaconi,

271 2578 419 2648 quod
440 2578 734 2648 reperisset
756 2579 937 2634 locum
961 2580 1183 2637 honoris
1202 2581 1338 2651 ejus,
1359 2582 1483 2637 data
1503 2584 1865 2654 praeceptione

271 2670 453 2740 ipsum
477 2670 637 2741 jussit
672 2671 898 2727 institui.
944 2672 1185 2743 Cumque
1211 2675 1268 2729 in
1294 2674 1400 2730 hoc
1426 2681 1657 2732 restaret
1682 2684 1741 2730 ut
1762 2675 1862 2731 be-

270 2762 637 2829 nediceretur,
669 2773 725 2818 et
752 2763 868 2819 lues
895 2764 1152 2835 populum
1185 2764 1511 2831 devastaret,
1545 2767 1766 2821 verbum
1794 2766 1865 2822 ad

270 2855 491 2926 plebem
512 2871 612 2926 pro
640 2856 847 2925 agenda
870 2857 1187 2928 pmnitentia
1208 2858 1264 2913 in
1293 2859 1437 2913 hunc
1461 2858 1681 2915 modum
1703 2875 1859 2916 exor-

271 2963 363 3005 sus
385 2957 472 3005 est
502 2966 518 3004 ε

573 3079 769 3120 ORATIO
793 3079 1039 3121 GREGORIJ
1068 3081 1215 3121 ΡᾹΡΛΕ
1240 3081 1308 3119 ΔΙ)
1336 3081 1563 3121 ΡιΕΒΕΚ.

352 3197 371 3231 ι
406 3176 653 3249 Oportet,
685 3179 878 3235 fratres
900 3180 1197 3235 charissimi
1222 3220 1239 3248 ,
1269 3188 1329 3235 ut
1350 3180 1558 3250 flagella
1595 3179 1710 3247 Dei,
1754 3187 1857 3236 etc.

273 3269 302 3309 δ
331 3270 587 3340 Proinde,
623 3272 814 3329 fratres
841 3274 1160 3338 charissimi,
1184 3275 1418 3329 contrito
1448 3273 1632 3339 corde,
1664 3280 1717 3327 et
1743 3289 1865 3328 cor-

274 3364 440 3420 rectis
468 3364 742 3433 operibus,
776 3364 843 3419 ab
864 3365 982 3433 ipso
1008 3365 1155 3419 ferite
1178 3373 1382 3435 quarta:
1409 3365 1585 3435 primo
1611 3363 1867 3432 diluculo,

274 3452 345 3508 ad
374 3453 746 3523 septiformem
767 3454 1007 3508 litaniam
1025 3454 1177 3524 juxta
1200 3455 1632 3511 distributionem
1648 3455 1870 3511 inferius

276 3543 643 3615 designatam,
687 3546 882 3601 devota
920 3546 992 3601 ad
1041 3547 1305 3620 lacrymas
1333 3559 1514 3604 mente
1544 3549 1820 3603 veniamus
1853 3568 1867 3601 :

276 3644 339 3692 ut
388 3638 663 3693 districtus
703 3636 887 3705 judex,
927 3654 1049 3693 cum
1087 3639 1272 3709 culpas
1301 3648 1515 3695 nostras
1544 3654 1643 3694 nos
1680 3638 1871 3707 punire

275 3726 723 3789 consideraverit,
754 3727 869 3797 ipse
889 3744 920 3782 a
948 3730 1211 3784 sententia
1241 3730 1532 3799 pr0positae
1575 3728 1872 3783 damnatio-

276 3820 364 3874 nis
390 3827 593 3889 parcat.
633 3819 821 3874 Clerus
850 3820 1010 3889 igitur
1038 3821 1345 3890 egrediatur
1387 3822 1455 3875 ab
1493 3821 1722 3875 ecclesia
1751 3836 1875 3874 san-

277 3915 498 3965 ctorum
518 3916 814 3978 martyrum
836 3907 1045 3963 Cosmtc
1061 3918 1115 3963 et
1131 3908 1392 3976 Damiani,
1412 3925 1533 3964 cum
1551 3909 1875 3979 presbyteris

276 3996 521 4067 regionis
561 4004 759 4063 sextae;
805 4012 995 4052 omnes
1022 4013 1152 4052 vero
1187 3998 1409 4053 abbates
1437 4014 1559 4054 cum
1598 4000 1874 4055 monachis

277 4085 414 4149 suis,
457 4084 525 4139 ab
580 4084 809 4140 ecclesia
858 4091 1168 4143 sanctorum
1208 4094 1503 4158 martyrum
1551 4086 1790 4141 Gervasii
1819 4095 1877 4142 et

280 4174 555 4232 Prothasii
593 4192 713 4232 cum
759 4176 1088 4247 presbyteris
1137 4178 1373 4246 regionis
1411 4187 1643 4248 quartae;
1687 4195 1875 4235 omnes

281 4267 571 4323 abbatissa:
590 4282 716 4323 cum
742 4268 1249 4337 congregationibus
1276 4271 1407 4336 suis,
1441 4272 1786 4340 egrediantur
1808 4274 1875 4327 ab

282 4358 517 4415 ecclesia
568 4366 878 4415 sanctorum
923 4369 1220 4433 martyrum
1270 4360 1565 4417 Marcellini
1614 4373 1669 4418 et
1706 4362 1872 4431 Petri,

284 4464 408 4506 cum
440 4450 764 4522 presbyteris
792 4452 1026 4523 regionis
1062 4454 1278 4525 primae;
1322 4470 1511 4511 omnes
1549 4454 1781 4512 infantes
1809 4458 1877 4512 ab

284 4540 520 4597 ecclesia
547 4551 855 4598 sanctorum
895 4552 1189 4616 martyrum
1218 4544 1440 4601 Joannis
1468 4554 1524 4602 et
1552 4545 1723 4616 Pauli,
1754 4564 1876 4603 cum

284 4617 896 4707 presbyteris'regionis
938 4638 1225 4705 secundae;
1274 4653 1463 4694 omnes
1490 4654 1621 4693 vero
1660 4640 1783 4694 laici
1810 4639 1877 4694 ab

286 4730 522 4786 ecclesia
549 4731 956 4801 protomartyris
984 4730 1243 4802 Stephani
1270 4746 1391 4787 cum
1429 4732 1760 4802 presbyteris
1789 4747 1878 4787 re-

286 4823 467 4893 gionis
493 4824 773 4893 septimae;
819 4838 1008 4878 omnes
1050 4824 1305 4879 mulieres
1332 4824 1508 4879 viduae
1543 4824 1610 4879 ab
1650 4822 1880 4879 ecclesia

287 4921 495 4969 sancta:
521 4911 846 4986 Euphemite,
876 4928 998 4967 cum
1026 4914 1355 4984 presbyteris
1384 4914 1618 4982 regionis
1648 4914 1876 4983 quintae;

1971 1960 2041 2001 ne
2069 1946 2137 1999 ab
2188 1948 2436 2003 oratione
2465 1956 2759 2004 cessarent.
2802 1950 2881 2005 Ab
2931 1953 3037 2007 hoc
3084 1955 3249 2008 etiam
3306 1957 3566 2014 diaconus

1969 2045 2155 2093 noster
2179 2039 2435 2108 reliquias
2457 2049 2788 2105 sanctorum,
2812 2050 2873 2095 ut
2892 2040 3141 2108 diximus,
3164 2047 3410 2115 sumpsit,
3436 2047 3565 2104 dum

1969 2128 2148 2185 adhuc
2177 2130 2230 2184 in
2280 2118 2568 2186 diaconatu
2599 2131 2839 2201 degeret.
2872 2131 3113 2203 Cumque
3157 2135 3380 2191 latibula
3426 2138 3565 2208 fugai

1968 2229 2317 2291 praepararet,
2358 2221 2585 2291 capitur,
2637 2223 2888 2287 trahitur,
2940 2232 2995 2277 et
3030 2224 3096 2278 ad
3138 2225 3283 2280 beati
3331 2228 3564 2297 apostoli

1968 2308 2115 2365 Petri
2144 2312 2424 2366 basilicam
2453 2311 2765 2379 deducitur;
2797 2314 2976 2383 ibique
3006 2315 3075 2369 ad
3100 2317 3420 2385 pontiﬁcalis
3441 2333 3564 2388 gra-

1968 2401 2057 2455 tia:
2104 2400 2345 2456 ofﬁcium
2375 2410 2724 2457 consecratus
2747 2444 2761 2467 ,
2795 2419 2933 2472 papa
2979 2402 3108 2458 Urbi
3136 2405 3295 2463 datus
3322 2418 3422 2464 est.
3456 2410 3564 2467 Sed

1966 2507 2070 2547 nec
2089 2491 2295 2546 destitit
2324 2492 2583 2547 diaconus
2612 2501 2799 2547 noster
2827 2492 2929 2548 nisi
2955 2492 3023 2547 ad
3048 2493 3417 2565 episc0patum
3446 2499 3562 2568 ejus

1971 2591 1996 2621 ⁸
2028 2583 2095 2637 de
2124 2590 2284 2652 porto
2314 2583 2535 2649 rediret,
2568 2591 2623 2637 et
2648 2582 2881 2652 qualiter
2906 2582 3189 2639 ordinatus
3212 2583 3391 2655 fuerit,
3422 2602 3560 2658 prae-

1965 2674 2107 2730 senti
2134 2674 2590 2743 contemplatione
2618 2673 2937 2742 suspiceret.

1967 2765 2153 2820 Sancti
2179 2764 2379 2817 Pater-ii
2415 2764 2525 2834 ejus
2556 2764 2800 2833 discipuli
2850 2764 3074 2835 prolog.,
3109 2765 3200 2820 lib.
3236 2766 3301 2819 de
3341 2765 3553 2823 Testim.

2036 2857 2173 2912 Dum
2212 2858 2368 2911 unius
2406 2856 2578 2911 sancti
2617 2856 2738 2919 viri,
2783 2857 2885 2911 hoc
2934 2865 3017 2912 est
3053 2857 3197 2912 beati
3238 2856 3340 2912 Job
3393 2858 3559 2915 histo-

1964 2948 2103 3003 riam
2127 2946 2389 3003 abstrusis
2421 2947 2799 3017 mysteriorum
2836 2946 3192 3016 opacitatibus
3234 2956 3431 3003 tectam
3455 2949 3555 3005 sub

1964 3039 2160 3110 triplici
2189 3082 2203 3105 ,
2233 3039 2285 3094 id
2325 3046 2408 3094 est
2436 3036 2611 3108 typica
2640 3037 2853 3103 morali,
2880 3045 3044 3106 atque
3070 3037 3323 3093 historica
3349 3039 3557 3095 studuit

1966 3131 2303 3201 expositione
2331 3129 2618 3195 discutere,
2661 3144 2724 3182 ac
2750 3128 2968 3197 repulso
3003 3128 3317 3196 ignorantiae
3344 3129 3547 3195 nubilo,

1894 3244 1939 3305 ρ
1968 3223 2024 3279 in
2053 3230 2239 3294 aperta
2290 3221 2496 3276 cunctis
2549 3220 2672 3274 luce
2718 3219 2913 3274 clarius
2960 3234 3154 3273 serena
3197 3218 3559 3288 patefactione

1974 3321 2277 3368 monstrare
2310 3352 2325 3375 ,
2359 3325 2499 3380 pene
2527 3320 2693 3365 totam
2723 3308 2935 3363 Veteris
2964 3324 3028 3362 ac
3064 3307 3201 3363 Novi
3230 3308 3560 3364 Testamenti

1972 3402 2169 3458 seriem
2198 3414 2375 3455 rerum
2404 3398 2845 3468 explicandarum
2872 3397 3198 3452 necessitate
3226 3405 3311 3453 est
3340 3406 3560 3453 coactus

1972 3507 2265 3564 exponere.

2047 3583 2066 3623 ί
2115 3584 2311 3639 Isidori
2340 3582 2887 3704 Hispalensileibé7de
2916 3580 3004 3635 Ill.
3036 3579 3238 3636 Eccles.
3273 3582 3494 3652 Seriph,

2687 3670 2732 3704 c.
2840 3682 2877 3704 ,ο

2687 3670 2732 3706 0.
2764 3670 2877 3704 ΖΙ.⁸

2044 3743 2334 3812 Gregorius
2359 3758 2518 3812 papa,
2548 3743 2806 3797 Romanae
2833 3739 2975 3794 sedis
3005 3740 3315 3809 apostolicae
3344 3741 3561 3809 praesul,

1975 3834 2389 3902 compunctione
2412 3832 2621 3885 timoris
2642 3831 2737 3884 Dei
2766 3831 2974 3898 plenus,
3005 3838 3059 3883 et
3087 3831 3386 3885 humilitate
3414 3847 3563 3886 sum-

1974 3939 2114 3989 mus,
2151 3932 2467 3990 tantumque
2495 3937 2593 3991 per
2617 3921 2841 3989 gratiam
2868 3920 3037 3974 sancti
3066 3919 3297 3988 Spiritus
3325 3920 3564 3975 scientia:

1975 4014 2179 4070 lumine
2223 4012 2499 4083 praeditus,
2531 4019 2591 4065 ut
2622 4027 2728 4065 non
2757 4011 2919 4064 modo
2946 4010 3021 4063 illi
3051 4009 3391 4079 praesentium
3420 4017 3566 4064 tem-

1976 4119 2167 4174 porum
2209 4104 2491 4171 quisquam
2530 4101 2832 4164 doctorum,
2886 4100 2981 4155 sed
3032 4116 3133 4155 nec
3177 4099 3231 4153 in
3280 4101 3566 4171 praeteritis

1980 4194 2193 4266 quidem
2222 4194 2297 4248 illi
2325 4210 2422 4263 par
2450 4193 2608 4248 fuerit
2634 4207 2889 4261 unquam.
2917 4190 3016 4247 Hic
3042 4193 3097 4246 in
3117 4191 3459 4262 episcopatus
3483 4194 3566 4249 sui

1980 4284 2201 4339 exordio
2231 4283 2397 4338 edidit
2435 4285 2630 4339 librum
2676 4282 2895 4350 Regulae
2941 4281 3232 4338 Pastoralis
3254 4324 3272 4351 ,
3301 4283 3567 4337 directum

1980 4375 2048 4430 ad
2067 4374 2346 4439 Joannem,
2380 4374 2653 4428 Ravenna:
2680 4373 2825 4428 sedis
2846 4373 3178 4443 episcopum.
3204 4371 3263 4427 In
3284 4388 3392 4441 quo
3421 4374 3567 4442 quis-

1980 4482 2086 4537 que
2114 4468 2357 4531 docetur,
2382 4467 2555 4536 qualis
2581 4467 2648 4521 ad
2669 4466 2908 4521 officium
2947 4467 3221 4535 regiminis
3242 4467 3445 4532 veniat,
3478 4466 3566 4519 vel

1986 4559 2234 4631 qualiter,
2268 4560 2391 4613 dum
2442 4559 2670 4626 venerit,
2704 4559 2884 4613 vivere
2924 4557 3010 4612 vei
3056 4558 3253 4611 docere
3296 4556 3570 4624 subjectos

1985 4650 2218 4707 studeat.
2259 4648 2404 4704 ldem
2434 4650 2626 4715 etiam,
2659 4647 2986 4717 efflagitante
3014 4645 3261 4700 Leandro
3290 4646 3569 4715 episcopo,

1985 4742 2177 4798 librum
2227 4740 2372 4796 beati
2420 4739 2519 4795 Job
2564 4740 2791 4809 mystico
2847 4754 2910 4791 ac
2955 4736 3146 4789 morali
3192 4750 3353 4790 sensu
3397 4736 3570 4792 disse-

1986 4834 2114 4897 ruit,
2147 4839 2423 4900 totamque
2470 4829 2765 4899 prophetiae
2803 4827 2918 4894 ejus
2963 4824 3241 4877 historiam
3271 4823 3325 4878 in
3356 4824 3570 4895 triginta

1988 4925 2223 4992 quinque
2248 4920 2610 4975 voluminibus
2635 4918 2785 4985 largo
2815 4913 3138 4982 eloquentia:
3160 4913 3307 4968 fonte
3336 4915 3569 4984 explica-

288 5018 487 5063 omues
543 5015 723 5062 autem
782 5004 1036 5061 mulieres
1071 5004 1371 5075 conjugatae
1423 5006 1764 5073 egrediantur
1815 5007 1881 5061 ab
1907 5027 1959 5087 ι)
1986 5012 2098 5067 vit:
2131 5012 2185 5066 in
2214 5010 2408 5080 quibus
2436 5007 2653 5079 quidem
2690 5012 2889 5075 quanta
2916 5004 3168 5074 mysteria
3197 5016 3571 5062 sacramento-

368 5172 397 5200 ι
422 5159 555 5217 Haec
580 5176 687 5216 vox
704 5159 967 5229 Gregorio
983 5159 1195 5229 Turon.
1212 5158 1489 5214 familiaris
1534 5159 1691 5229 (Vide
1712 5160 1804 5215 lib.
1833 5178 1885 5216 vt

293 5231 426 5287 hist.
442 5248 500 5288 c.
521 5230 577 5296 4,
597 5232 705 5287 et].
728 5247 799 5297 ix,
822 5228 871 5286 c.
896 5230 1013 5299 20),
1030 5228 1296 5297 significat
1320 5228 1627 5300 pecuniam,
1650 5231 1889 5300 supellc-

294 5302 699 5427 etilleriiiabona
745 5302 983 5358 mobilia.
1025 5300 1160 5356 Vide
1198 5308 1353 5355 notas
1391 5300 1459 5355 ad
1497 5299 1589 5353 lib.
1640 5299 1882 5356 SaCram.

297 5387 366 5427 co
391 5411 409 5427 .
553 5411 567 5427 .

297 5374 409 5429 col.
440 5374 567 5427 472.

371 5443 411 5500 δ’
431 5443 649 5515 Eempe
678 5444 996 5515 monastico.

377 5527 402 5556 ε
430 5511 655 5569 Nonnisi
684 5524 888 5584 septem
915 5514 1157 5579 diaconi,
1180 5512 1394 5580 scilicet
1418 5511 1722 5580 regionarii,
1756 5520 1883 5569 tunc

299 5586 359 5642 in
382 5586 627 5641 Ecclesia
647 5584 889 5639 Romana
911 5585 1314 5639 ordinabantur.
1340 5584 1417 5638 De
1440 5584 1545 5638 hoc
1570 5598 1720 5652 more
1746 5584 1883 5638 infra

298 5655 475 5713 fusius
499 5656 726 5712 dicetur.

377 5726 409 5765 ἀ
437 5725 506 5781 Ut
532 5724 678 5781 edita
716 5734 841 5779 sunt
876 5734 989 5779 tum
1028 5726 1082 5780 in
1110 5726 1235 5781 Vita
1263 5734 1485 5781 auctore
1517 5723 1725 5780 Joanne
1760 5725 1884 5778 Dia-

297 5810 471 5866 cono,
499 5806 613 5852 tum
650 5794 973 5866 aidﬂgalcem
1008 5795 1205 5866 _homil.
1264 5798 1317 5851 in
1370 5796 1570 5863 Evang.
1630 5795 1785 5866 Tom.
1843 5796 1883 5849 l.

298 5864 541 5941 (Patrol.
596 5877 633 5921 t.
664 5864 945 5935 LXXVI.)
994 5864 1125 5928 Qua:
1154 5883 1284 5923 vero
1310 5868 1558 5938 leguntur
1583 5867 1648 5922 de
1679 5864 1888 5921 Litania

599 5963 869 6021 PATROL.
898 5957 1156 6019 LXXV.

1992 5167 2290 5238 septiformi
2320 5165 2465 5238 apud
2490 5163 2871 5238 Greg.'l:uron.
2903 5162 2991 5238 h_ic
3018 5160 3328 5238 excutienda
3358 5162 3568 5238 censui-

1991 5233 2131 5305 mus,
2160 5238 2311 5311 quod
2337 5233 2389 5291 in
2417 5237 2500 5311 his
2534 5233 2660 5291 cum
2685 5233 3184 5311 Joanne_Diacono,
3211 5233 3464 5311 imoncum
3494 5233 3570 5299 ip-

1991 5302 2248 5366 somet'S.
2274 5306 2532 5375 Gregorio
2554 5320 2664 5361 non
2685 5304 2991 5362 conveniat.
3008 5302 3289 5357 Dissensus
3319 5302 3461 5355 illius
3485 5316 3570 5354 ra-

1994 5380 2195 5435 tionem
2225 5378 2351 5433 alibi
2380 5378 2671 5431 attulimus.

2069 5459 2095 5522 ἐ
2134 5448 2435 5522 Beccensis,
2466 5448 2530 5503 de
2553 5457 2733 5522 portu;
2758 5446 2999 5522 plerique
3026 5445 3182 5522 editi,
3201 5444 3264 5522 (Le
3281 5449 3449 5522 portu.
3474 5439 3570 5522 SE—

1991 5520 2210 5594 quimur
2246 5508 2732 5594 editionem'nostri
2759 5508 2819 5570 D.
2866 5508 3186 5594 Theoderici
3214 5508 3457 5594 Rt'i'inat't.
3494 5508 3571 5594 De

1991 5579 2140 5659 porto
2186 5588 2325 5644 forte
2354 5588 2935 5661 significatdiaconuni
2976 5583 3229 5661 Ecclesite
3264 5579 3570 5661 _Tur_on._ad

1994 5648 2209 5732 portum
2238 5648 2541 5732 sacris'cum
2572 5658 2808 5732 reliquiis
2838 5655 3143 5732 deductum,
3176 5650 3454 5732 uthlegitur
3475 5648 3568 5732 lib.

1996 5720 2121 5803 ide;
2135 5730 2323 5803 Gloria
2341 5730 2628 5803 Martyrum
2652 5720 2701 5783 c.
2728 5726 2816 5791 85,
2847 5723 2971 5803 inde
2995 5723 3217 5803 rediisse
3239 5720 3490 5803 Romani,
3517 5726 3568 5774 ul

1996 5802 2052 5857 S.
2085 5801 2330 5873 Gregorii
2352 5793 2745 5873 ordinationem
2773 5793 3001 5873 propriis
3030 5793 3200 5848 oculis
3216 5799 3519 5860 usurparet:

2074 5874 2090 5911 ί
2118 5872 2176 5927 S.
2204 5870 2447 5941 Gregorii
2468 5870 2615 5925 aatati
2638 5881 2836 5938 suppar
2864 5870 2983 5918 fuit.

3023 5953 3095 6011 16
