4130 6472
517 384 610 442 ιθι

1259 375 1669 439 ΤΕΒῚΊΜΟΝῙΑ
1711 379 1802 435 ΕΤ
1842 377 2093 435 ELOGIA
2141 377 2228 432 DE
2269 378 2327 434 S.
2377 375 2736 432 GitlSGOﬂlO
2772 373 3033 434 MAGNO.

3686 377 3796 434 4’92

516 513 639 554 rum
665 495 996 569 aperiantur,
1023 501 1222 566 quanta
1249 503 1359 550 sint
1386 495 1439 550 in
1469 510 1710 550 amorem
1738 495 1862 549 vitae
1886 500 2102 548 :eternae
2132 496 2184 554 Α
2208 490 2422 559 cognati
2443 489 2642 544 virtute
2670 488 2976 544 devotionis
3002 488 3262 546 exercuit.
3289 487 3634 548 Nobilitatem
3665 507 3804 550 vero

515 611 724 652 morum
772 598 1063 664 praecepta,
1117 589 1202 644 vel
1248 597 1449 658 quanta
1501 590 1744 646 clareant
1782 593 2097 643 ornamenta

514 691 824 755 verborum,
871 701 1030 741 nemo
1058 683 1275 754 sapiens
1301 683 1574 754 explicare
1621 683 1840 747 valebit,
1887 680 2098 735 etiamsi

511 795 701 834 omnes
721 787 869 834 artus
901 776 1017 846 ejus
1042 783 1321 830 vertantur
1346 776 1400 830 in
1431 775 1657 844 linguas.
1685 774 1911 843 Scripsit
1939 772 2100 826 etiam

510 879 568 928 et
593 868 854 942 quasdam
879 867 1136 938 epistolas
1157 866 1221 919 ad
1246 865 1558 944 praedictum
1583 864 1905 927 Leandrum,
1930 878 1963 918 e
1980 863 2103 932 qui-

511 965 614 1020 bus
665 976 827 1016 unam
875 961 929 1014 in
979 959 1179 1014 eisdem
1229 958 1380 1022 libris
1435 958 1540 1013 Job
1576 958 1729 1012 titulo
1775 956 2104 1026 pmfationis

511 1053 764 1109 adnectit.
799 1050 980 1106 Altera
1011 1051 1258 1119 loquitur
1275 1049 1341 1104 de
1366 1050 1636 1104 mersione
1664 1048 2019 1128 baptismatis,
2051 1049 2104 1103 in

512 1163 618 1218 qua
649 1148 788 1200 inter
816 1155 1012 1202 caetera
1041 1145 1112 1198 ita
1142 1145 1400 1214 scriptum
1432 1152 1514 1197 est
1543 1161 1554 1196 :
1589 1162 1606 1194 ι
1641 1142 2100 1213 Reprehensibile,

512 1235 706 1304 inquit,
739 1249 859 1290 esse
883 1234 1187 1289 nullatenus
1216 1241 1396 1302 potest
1425 1232 1682 1288 infantem
1707 1233 1760 1286 in
1784 1233 2105 1302 baptismate

512 1341 759 1394 mergere
797 1326 884 1380 vel
926 1326 1116 1388 semel,
1151 1324 1233 1378 vel
1265 1333 1366 1389 ter,
1396 1324 1610 1392 quando
1654 1323 1706 1377 in
1747 1323 1918 1377 tribus
1964 1337 2106 1377 mer-

513 1417 754 1472 sionibus
786 1431 1135 1486 personarum
1166 1415 1418 1481 Trinitas,
1455 1413 1509 1470 et
1549 1417 1602 1469 in
1630 1430 1736 1470 una
1768 1423 1945 1484 potest
1972 1414 2109 1470 divi-

515 1507 698 1564 uitatis
735 1507 1075 1576 singularitas
1125 1506 1419 1575 designari.
1451 1526 1470 1558 ›
1501 1506 1692 1562 Fertur
1739 1516 1916 1562 tamen
1965 1507 2106 1562 idem

515 1598 1002 1652 excellentissimus
1028 1597 1128 1662 vir,
1176 1604 1232 1652 et
1273 1598 1410 1650 alios
1457 1597 1624 1651 libros
1667 1598 1898 1652 morales
1937 1598 2110 1666 scrip-

515 1688 680 1754 sisse,
714 1695 996 1756 totumque
1047 1695 1252 1742 textum
1289 1697 1523 1757 quatuor
1551 1686 1962 1758 Evangeliorum
1992 1705 2108 1744 ser-

514 1779 867 1842 mocinando,
898 1781 952 1832 in
982 1779 1198 1849 populis
1225 1779 1570 1849 exposuisse,
1603 1780 1932 1848 incognitum
1962 1781 2107 1835 scili-

2205 582 2352 636 illam
2379 596 2541 650 quam
2563 579 2634 636 ad
2671 581 2923 636 mulum
2960 581 3247 636 videbatur
3272 581 3496 649 habere,
3529 591 3700 640 totam
3728 586 3804 641 ad

2204 673 2620 727 nanciscendam
2666 686 2915 740 supernae
2978 671 3202 739 gloriam
3251 671 3562 740 dignitatis,
3614 676 3800 731 divina

2202 766 2373 836 gratia
2411 766 2692 833 largiente,
2727 764 3014 819 convertit.
3050 763 3182 818 Nam
3211 774 3422 818 mutato
3449 774 3674 834 repente
3701 784 3804 822 ste-

2205 857 2373 912 cuiari
2401 856 2614 921 habitu,
2644 854 3032 909 monasterium
3055 854 3243 925 petiit,
3272 855 3324 908 in
3360 871 3472 924 quo
3497 863 3646 911 tanta
3676 874 3806 928 per-

2203 951 2453 1006 fectionis
2481 948 2651 1019 gratia
2678 949 2841 1018 coepit
2862 948 3190 1013 conversari,
3216 956 3274 1002 ut
3301 948 3437 1003 sicut
3466 950 3585 1020 ipse
3609 961 3806 1021 postea

2206 1040 2498 1096 contestari
2541 1039 2754 1094 solebat
2783 1035 2962 1092 ﬂendo
2992 1036 3246 1109 (Prom.
3277 1037 3366 1092 lib.
3399 1055 3416 1093 ι
3446 1038 3640 1111 Μαι),
3687 1043 3808 1094 ani-

2207 1145 2298 1184 mo
2345 1128 2490 1183 illius
2529 1127 2765 1181 labentia
2823 1133 3015 1183 cuncta
3061 1127 3246 1181 subter
3283 1137 3484 1194 essent,
3526 1137 3588 1183 ut
3639 1131 3809 1184 rebus

2206 1221 2458 1277 omnibus
2475 1234 2596 1289 quae
2620 1219 2909 1274 volvuntur
2935 1218 3232 1282 emineret,
3256 1235 3532 1288 nunquam
3559 1221 3660 1275 nisi
3687 1238 3808 1277 cm-

2207 1312 2362 1366 lcstia
2409 1311 2650 1380 cogitare
2691 1308 2939 1364 soleret:
2975 1316 3033 1362 ut
3075 1310 3242 1364 etiam
3282 1319 3528 1366 retentus
3572 1327 3814 1380 corpore

2207 1403 2320 1473 ipsa
2348 1402 2460 1471 jam
2499 1401 2681 1455 carnis
2721 1401 2958 1455 claustra
3007 1401 3469 1470 contemplatione
3515 1405 3806 1472 transiret;

2208 1500 2267 1546 ut
2291 1499 2518 1546 mortem
2540 1504 2779 1558 quoque,
2809 1503 2932 1558 quae
2951 1504 3090 1558 pene
3113 1490 3326 1545 cunctis
3349 1505 3509 1561 pretia
3531 1502 3632 1557 est,
3663 1495 3812 1550 vide-

2207 1581 2336 1636 licet
2389 1587 2449 1633 ut
2500 1579 2801 1647 ingressum
2855 1578 3000 1641 vitae,
3046 1588 3103 1633 et
3151 1579 3354 1635 laboris
3399 1581 3484 1636 sui
3525 1583 3810 1652 praemium

2213 1677 2441 1725 amaret.
2474 1668 2600 1723 Haec
2631 1677 2810 1724 autem
2839 1684 2956 1739 ipse
2982 1670 3053 1725 de
3095 1685 3182 1739 se,
3211 1687 3320 1727 non
3349 1672 3649 1742 profectum
3685 1675 3813 1744 jac-

2209 1761 2374 1816 tando
2399 1760 2678 1825 virtutum,
2707 1758 2804 1814 sed
2834 1758 3088 1816 deﬂendo
3117 1761 3294 1829 potius
3323 1761 3623 1830 defectum,
3643 1779 3812 1834 quem

514 1880 604 1927 cet
626 1871 781 1925 nobis
809 1885 965 1939 opus.
1009 1870 1159 1925 Felix
1197 1878 1402 1938 tamen,
1427 1871 1649 1925 nimium
1681 1871 1838 1935 felix,
1868 1872 1958 1940 qui
1991 1888 2107 1926 0lll-
2137 1883 2182 1940 Β
2209 1852 2312 1906 Sibi
2354 1867 2449 1920 Per
2479 1868 2663 1906 Curam
2697 1854 3022 1921 νθδιοηὶοιη
3069 1853 3359 1910 inclinis”
3386 1855 3693 1922 Videbatur,
3721 1874 3814 1913 re“

515 1962 663 2016 nium
693 1960 992 2014 studiorum
1021 1959 1138 2028 ejus
1159 1961 1335 2029 potuit
1353 1975 1680 2029 cognoscere
1704 1961 1866 2017 dicta.
1900 1962 2106 2016 Floruit

516 2061 696 2106 autem
727 2051 984 2106 Mauricio
1008 2051 1354 2121 imperatore,
1389 2051 1630 2122 obiitque
1657 2051 1710 2106 in
1741 2053 1858 2122 ipso
1882 2053 2104 2108 exordio

513 2142 708 2198 Phocm
739 2142 967 2196 Romani
993 2143 1270 2212 principis.

629 2235 856 2290 Joannis
887 2233 1109 2288 Diaconi
1137 2234 1173 2289 ι.
1204 2250 1244 2302 ι,
1272 2251 1318 2289 c.
1355 2234 1440 2301 17,
1473 2235 1535 2288 de
1586 2234 1706 2288 Vita
1730 2234 1792 2288 S.
1828 2231 1983 2305 Greg.

583 2324 880 2392 Gregorius
913 2338 942 2375 a
971 2324 1151 2377 multis
1201 2325 1359 2378 enixe
1407 2332 1648 2393 rogatus,
1694 2324 2036 2391 maximeque
2074 2339 2106 2378 a

513 2413 767 2469 Leandre
797 2411 1101 2480 Hispalensi
1130 2413 1406 2484 episcOpo,
1435 2414 1526 2482 qui
1555 2429 1654 2482 pro
1691 2413 1868 2467 causis
1896 2414 2107 2483 Visigo-

515 2505 736 2558 thorqu
788 2502 997 2572 legatus
1052 2503 1242 2557 eodem
1292 2512 1536 2572 tempore
1583 2503 2105 2574 ConstantinOpolim

513 2604 757 2660 venerat,
800 2596 1113 2666 compulsus
1142 2605 1224 2651 est
1261 2605 1322 2651 ut
1353 2597 1547 2652 librum
1591 2599 1734 2652 beati
1773 2601 1895 2667 Job,
1926 2601 2106 2656 multis

512 2688 810 2744 involutum
835 2690 1125 2758 mysteriis,
1150 2690 1430 2744 enodaret.
1459 2690 1645 2760 Neque
1674 2691 1762 2746 ille
1792 2707 1988 2761 negare
2010 2709 2107 2755 po-

513 2782 616 2836 tuit
653 2797 789 2846 opus
836 2783 981 2838 quod
1011 2766 1124 2836 sibi
1151 2797 1304 2838 amor
1333 2783 1603 2840 fraternus
1632 2784 1815 2838 multis
1847 2785 1976 2840 utile
2007 2787 2108 2839 im-

511 2876 747 2946 ponebat
785 2875 1055 2941 futurum;
1105 2875 1198 2930 sed
1252 2876 1499 2930 eumdem
1547 2877 1763 2939 librum,
1797 2893 1906 2945 quo
1944 2879 2106 2931 modo

512 2969 660 3057 juxta
703 2969 938 3024 litteram
988 2969 1384 3038 intelligendus,
1437 2970 1668 3038 qualiter
1697 2970 1762 3023 ad
1816 2971 2015 3025 (.hristi
2053 2979 2110 3025 et

512 3057 766 3114 Ecclesia:
793 3070 1129 3116 sacramenta
1158 3058 1494 3125 referendus,
1539 3075 1648 3130 quo
1691 3077 1854 3117 sensu
1895 3063 2105 3117 unicui-

513 3166 616 3220 que
646 3153 881 3207 ﬁdelium
929 3153 1000 3207 sit
1028 3153 1312 3222 aptandus,
1356 3168 1452 3224 per
1499 3154 1732 3208 trifarias
1776 3155 2107 3224 intelligendi

510 3245 719 3313 species
747 3247 988 3299 miranda
1019 3247 1227 3302 ratione
1255 3246 1576 3316 perdocuit;
1612 3249 1666 3302 in
1695 3249 1892 3318 quibus
1924 3259 2101 3304 tamen
2133 3261 2181 3324 ρ

513 3335 586 3390 ita
611 3336 680 3391 de
711 3337 996 3393 virtutibus
1022 3337 1272 3407 vitiisque
1296 3338 1572 3404 disseruit,
1611 3349 1668 3394 ut
1699 3355 1805 3394 non
1834 3341 2008 3396 solum
2038 3343 2111 3395 vi-

513 3428 702 3482 deatur
733 3429 919 3482 eadem
959 3429 1138 3485 verbis
1169 3445 1460 3500 exponere,
1493 3432 1586 3486 sed
1632 3429 1818 3486 formis
1846 3433 2108 3502 quodam-

514 3517 683 3573 modo
707 3518 1009 3575 visibilibus
1038 3536 1133 3576 seu
1160 3523 1516 3591 palpabilibus
1542 3523 1934 3581 demonstrare.

513 3625 540 3654 ⁸
581 3616 904 3673 Venerabilis
943 3618 1098 3676 Beda:
1127 3621 1218 3675 lib.
1267 3638 1305 3676 ιι
1350 3621 1553 3678 Histor.
1604 3621 1748 3678 Eccl.
1788 3627 1956 3696 gentis
1998 3628 2108 3681 An-

1127 3712 1351 3782 glorum,
1374 3730 1419 3766 c.
1453 3714 1504 3768 1.

583 3797 738 3854 Anno
779 3799 1072 3857 Dominicae
1099 3799 1493 3861 Incarnationis
1521 3809 1918 3864 sexcentesimo
1952 3809 2109 3879 quin-

511 3898 591 3960 to,
621 3891 816 3947 beatus
843 3908 981 3962 papa
1002 3891 1310 3964 Gregorius,
1336 3904 1622 3966 postquam
1645 3900 1826 3952 sedem
1853 3898 2109 3956 Romanae

515 3994 570 4042 et
600 3986 909 4056 apostolicae
950 3985 1204 4043 ECCleai'd}
1248 3989 1503 4046 tredecim
1541 4007 1739 4058 annos,
1771 4010 1981 4050 tuenses
2010 4010 2107 4050 sex

516 4087 574 4132 ct
603 4077 718 4135 dies
749 4077 937 4132 decem
967 4079 1352 4146 gloriosissime
1394 4083 1552 4148 rexit,
1585 4083 1865 4142 defunctus
1889 4095 1992 4153 est,
2025 4096 2107 4142 at-

513 4183 620 4238 que
648 4168 718 4222 ad
751 4177 1009 4223 aeternam
1037 4172 1187 4238 regni
1214 4172 1450 4227 omlestis
1479 4173 1660 4229 sedem
1693 4177 2002 4232 translatus.
2031 4180 2105 4236 De

512 4270 622 4326 quo
652 4271 750 4310 nos
792 4259 1066 4322 convenit,
1095 4259 1240 4330 quod
1285 4270 1549 4330 nostram,
1575 4263 1627 4317 id
1659 4273 1741 4317 est
1785 4265 2104 4335 Anglorum,

511 4353 731 4416 gentem
763 4344 828 4400 de
883 4355 1152 4416 potestate
1200 4350 1417 4409 Satanae
1467 4355 1534 4408 ad
1583 4355 1742 4411 tidem
1769 4357 1968 4414 Christi
2008 4378 2103 4417 sua

512 4437 776 4492 industria
805 4440 1091 4506 convertit,
1115 4440 1363 4497 latiorem
1392 4444 1445 4498 in
1469 4453 1652 4500 nostra
1675 4447 1899 4504 historia
1928 4452 2102 4508 eccle-

511 4529 729 4585 siastica
756 4526 936 4584 facere
972 4545 1298 4588 sermonem.
1327 4532 1499 4600 Quem
1529 4545 1676 4592 recte
1725 4550 1965 4596 nostrum
2014 4558 2103 4615 ap-

513 4621 722 4691 pellare
773 4629 1058 4692 possumus
1108 4633 1164 4678 et
1216 4624 1475 4682 debemus
1538 4631 1877 4700 apostolum,
1935 4636 2102 4704 quia,

516 4727 640 4768 cum
670 4713 901 4784 primum
931 4715 986 4768 in
1024 4723 1139 4770 toto
1185 4717 1318 4772 orbe
1363 4727 1578 4788 gereret
1618 4724 2014 4794 pontiﬁcatum,
2049 4736 2104 4782 et

515 4805 789 4859 conversis
807 4804 1122 4873 jamdudum
1143 4807 1210 4861 ad
1235 4807 1392 4864 tidem
1421 4811 1663 4869 veritatis
1690 4825 1833 4871 esset
1855 4818 2103 4886 praelatus

513 4893 568 4946 in
601 4888 859 4958 Ecclesia,
888 4902 1127 4949 nostram
1158 4904 1373 4965 gentem
1399 4907 1622 4957 eatenus
1650 4904 1806 4960 idolis
1831 4907 2104 4977 mancipa-

514 4993 627 5038 tam
655 4981 855 5038 Christi
884 4984 1010 5039 fecit
1039 4987 1329 5044 Ecclesium
1354 5008 1366 5044 :
1395 4992 1464 5046 lta
1498 5003 1555 5048 ut
1578 4997 1931 5064 apostolicum
1955 4999 2103 5056 illum

517 5074 584 5129 de
613 5090 680 5130 eo
710 5075 870 5130 liceat
895 5078 1049 5133 nobis
1073 5081 1316 5149 proferre
1345 5099 1667 5153 sermonem,
1701 5091 1823 5159 quia
1854 5093 1953 5146 etsi
1982 5094 2101 5150 aliis

510 5182 624 5222 non
652 5176 737 5222 est
763 5170 1063 5237 apostolus,
1095 5173 1190 5227 sed
1215 5181 1395 5232 tamen
1421 5179 1578 5233 nobis
1598 5188 1681 5234 est
1709 5198 1722 5233 :
1751 5180 1894 5236 Nam
1923 5186 2103 5254 signa-

512 5257 684 5308 culum
712 5255 1034 5325 apostolatus
1059 5261 1169 5332 ejus
1198 5278 1291 5317 nos
1329 5282 1504 5320 sumus
1533 5269 1588 5320 in
1623 5269 1847 5326 Domino
1879 5274 1896 5344 (
1920 5273 1948 5326 Ι
1978 5273 2099 5330 Cor.

509 5361 586 5412 Ix,
618 5345 697 5416 2).
728 5344 856 5402 Erat
883 5357 1065 5406 autem
1091 5354 1310 5410 natione
1337 5357 1611 5413 Romanus
1629 5399 1644 5425 ,
1675 5375 1740 5415 ex
1787 5372 1938 5432 patre
1963 5364 2101 5420 Gor-

511 5440 692 5509 diano,
728 5456 898 5512 genus
917 5460 946 5499 a
971 5448 1188 5515 proavis
1216 5467 1324 5506 non
1347 5451 1518 5506 solum
1550 5453 1747 5519 nobile,
1772 5457 1864 5511 sed
1892 5467 1947 5512 et
1977 5460 2103 5514 reli-

511 5531 742 5601 giosum,
770 5535 989 5593 ducens.
1021 5537 1223 5594 Deinde
1248 5541 1417 5607 Felix,
1443 5543 1683 5610 ejusdem
1712 5548 1852 5603 sedis
1882 5561 2102 5618 aposto-

513 5621 627 5678 licze
657 5628 925 5696 quondam
952 5633 1272 5701 cpiscopus,
1303 5634 1384 5688 vir
1426 5650 1626 5704 magna:
1654 5641 1836 5708 glorite
1869 5645 1920 5696 in
1949 5648 2099 5700 Clu-i-

514 5721 595 5767 sto
623 5723 678 5768 et
710 5719 761 5772 in
791 5717 1042 5786 Ecclesia,
1075 5721 1174 5777 fuit
1202 5724 1317 5792 ejus
1347 5733 1554 5782 atavus.
1582 5727 1689 5783 Sed
1717 5741 1770 5785 ct
1802 5733 1913 5801 ipse
1940 5738 2094 5790 nobi-

518 5803 720 5861 litatem
766 5813 1037 5880 religionis
1087 5832 1195 5870 non
1230 5818 1492 5872 minorem
1541 5835 1700 5890 quam
1755 5834 2002 5892 parentes
2042 5839 2095 5882 et

2133 4641 2181 4698 D

2212 1950 2356 1996 turre
2386 1949 2766 1998 consueverat.
2788 1941 3030 2012 Denique
3057 1953 3301 2012 tempore
3327 1945 3563 2013 quodam
3593 1955 3812 2002 secreto

2210 2051 2332 2089 cum
2387 2035 2619 2108 diacono
2681 2049 2781 2090 suo
2840 2033 3004 2091 Petro
3058 2035 3420 2104 colloquens,
3477 2037 3812 2093 enueratis

2210 2125 2376 2180 animi
2405 2126 2490 2179 sui
2518 2125 2808 2180 virtutibus
2834 2125 3044 2195 priscis,
3077 2141 3207 2182 mox
3234 2126 3468 2183 dolendo
3489 2127 3770 2198 subjunxit
3794 2145 3809 2180 :

2222 2233 2240 2265 ‹
2277 2217 2346 2268 Αι
2387 2229 2527 2268 nunc
2553 2229 2621 2270 cn
2651 2215 2942 2270 occasione
2969 2229 3113 2270 curm
3138 2215 3425 2286 pastoralis
3473 2218 3814 2272 saecularium

2208 2307 2487 2363 hominum
2533 2309 2750 2384 negotia
2801 2309 3026 2378 patitur,
3083 2316 3140 2365 et
3191 2319 3314 2379 post
3367 2320 3473 2365 tam
3527 2313 3812 2381 pulchram

2210 2398 2406 2466 quietis
2435 2414 2543 2456 suae
2570 2398 2829 2468 speciem,
2867 2398 3065 2454 terreni
3110 2408 3266 2456 actus
3291 2401 3514 2470 pulvere
3553 2402 3811 2459 fmdatur.

2210 2489 2454 2558 Cumque
2483 2505 2584 2560 pro
2613 2491 3076 2548 condescensione
3119 2493 3418 2549 multorum
3455 2510 3514 2549 se
3549 2497 3619 2549 ad
3660 2506 3811 2552 exte-

2210 2583 2356 2637 riora
2387 2577 2668 2652 sparserit,
2699 2583 2866 2638 etiam
2886 2598 3012 2637 cum
3039 2583 3298 2638 interiora
3337 2586 3566 2654 appetit,
3605 2587 3672 2640 ad
3699 2587 3814 2644 haec

2218 2672 2574 2741 proculdubio
2643 2671 2820 2726 minor
2881 2671 3040 2726 redit.
3095 2669 3381 2742 Perpendo
3433 2674 3618 2743 itaque
3681 2677 3814 2743 quid

2214 2762 2392 2816 tolero
2412 2803 2425 2826 ,
2460 2762 2736 2831 perpendo
2775 2760 2904 2830 quid
2930 2761 3086 2816 amisi
3118 2779 3134 2827 ;
3174 2762 3410 2834 dumque
3439 2764 3655 2820 intueor
3682 2766 3814 2825 illud

2211 2854 2353 2921 quod
2380 2853 2608 2921 perdidi,
2633 2853 2692 2906 fit
2720 2853 2824 2908 hoc
2847 2853 3064 2921 gravius
3080 2854 3225 2922 quod
3253 2867 3432 2924 porto.
3464 2875 3484 2907 ι
3519 2855 3713 2926 dbia.)

2287 2941 2410 2996 llazc
2441 2942 2658 3011 quidem
2682 2951 2900 2997 sanctus
2931 2944 3011 2997 vir
3041 2959 3109 2998 ex
3148 2960 3354 3014 magna:
3381 2947 3702 3004 humilitatis
3727 2950 3808 3004 iu-

2211 3031 2452 3084 tcntionc
2501 3031 2745 3096 diccbat,
2782 3033 2875 3086 sed
2917 3049 3015 3088 nos
3061 3034 3284 3090 credere
3331 3035 3485 3092 decet
3533 3039 3662 3092 nihil
3690 3055 3810 3095 eum

2225 3123 2557 3177 monachicm
2587 3122 2932 3192 perfectionis
2963 3126 3256 3192 perdidisse
3281 3167 3294 3192 ,
3342 3128 3626 3183 occasione
3671 3145 3810 3184 cuia-

2210 3219 2539 3290 pastoralis;
2585 3220 2696 3273 imo
2735 3219 3002 3288 potiorem
3043 3228 3170 3276 tunc
3195 3223 3486 3290 sumpsisse
3515 3225 3809 3294 profectum

2218 3311 2285 3364 de
2315 3311 2500 3365 labore
2529 3313 2898 3367 conversionis
2931 3316 3254 3380 multorum,
3287 3331 3447 3385 quam
3488 3317 3554 3371 de
3582 3320 3809 3388 prOprim

2217 3405 2490 3473 quondam
2510 3407 2692 3473 quiete
2714 3408 3082 3462 conversionis
3113 3409 3390 3474 habuerat,
3411 3410 3643 3466 maxime
3668 3411 3812 3481 quod

2217 3505 2272 3550 et
2303 3495 2593 3564 pontificali
2624 3500 2837 3551 functus
2867 3499 3070 3564 ollicio,
3099 3500 3318 3554 domum
3348 3515 3501 3554 suam
3533 3513 3809 3558 n'iouaste-

2215 3590 2352 3643 rium
2383 3590 2560 3646 facere
2590 3593 2819 3646 curavit.
2853 3591 2919 3646 Et
2948 3593 3073 3647 dum
3112 3593 3348 3662 primum
3377 3592 3444 3648 de
3481 3595 3810 3650 monasterio

2217 3682 2537 3750 abstractus,
2569 3682 2634 3736 ad
2688 3684 3042 3738 ministerium
3091 3684 3274 3740 altaris
3317 3685 3616 3752 ordinatus,
3650 3695 3810 3754 atque

2217 3770 2738 3842 Constantinopolim
2788 3774 3166 3842 apocrisiarius
3219 3775 3286 3828 ab
3333 3776 3629 3844 apostolica
3683 3777 3810 3832 sede

2216 3861 2453 3917 directus
2491 3872 2606 3930 est,
2639 3879 2746 3917 non
2779 3872 2953 3918 tamen
2985 3865 3040 3918 in
3087 3873 3303 3921 terreno
3333 3875 3682 3922 conversatus
3712 3883 3810 3936 pa-

2215 3952 2378 4019 latio,
2431 3955 2770 4024 propositum
2825 3957 2949 4009 vita:
3006 3957 3242 4011 cmlestis
3313 3957 3616 4013 intermisit.
3676 3957 3810 4014 Nam

2215 4044 2478 4112 quosdam
2511 4043 2734 4099 fratrum
2764 4060 2831 4099 ex
2854 4047 3182 4100 monasterio
3209 4061 3328 4112 suo,
3359 4048 3451 4116 qui
3486 4063 3608 4102 eum
3636 4048 3810 4118 gratia

2214 4147 2486 4202 germanre
2525 4137 2802 4192 charitatis
2833 4138 2898 4191 ad
2929 4139 3132 4207 regiam
3160 4139 3344 4196 urbem
3371 4141 3541 4196 secuti
3572 4151 3718 4208 sunt,
3751 4143 3810 4198 in

2218 4231 2577 4278 tutamentum
2625 4227 2791 4295 cmpit
2836 4229 3195 4283 observantia:
3243 4230 3504 4298 regularis
3556 4231 3806 4288 habere:
3859 4253 3862 4256 λ

2214 4312 2486 4380 videlicet,
2519 4323 2576 4367 ut
2605 4330 2791 4369 eorum
2821 4331 3036 4387 semper
3066 4320 3334 4388 exemplo,
3368 4321 3508 4376 sicut
3537 4325 3652 4392 ipse
3674 4324 3808 4378 scri-

2211 4403 2310 4468 bit,
2342 4404 2408 4458 ad
2449 4405 2709 4460 orationis
2739 4407 3010 4476 placidum
3040 4409 3190 4464 littus
3226 4411 3379 4479 quasi
3407 4413 3658 4467 anchora:
3681 4413 3808 4470 fune

2211 4492 2643 4562 restringeretur,
2674 4511 2796 4550 cum
2826 4497 3133 4554 incessabili
3163 4515 3444 4555 causarum
3467 4503 3807 4558 srecularium

2212 4579 2446 4649 impulsu
2509 4579 2831 4652 fluctuaret,
2880 4602 3304 4659 concussamque
3363 4591 3544 4645 smculi
3599 4592 3808 4649 actibus

2209 4677 2443 4722 mentem
2474 4669 2616 4726 inter
2644 4688 2739 4728 cos
2767 4675 3008 4745 quotidie
3038 4693 3134 4747 per
3160 4677 3413 4734 studiosa.-
3440 4679 3688 4737 lectionis
3718 4697 3808 4738 ro-

2209 4756 2428 4810 boraret
2457 4758 2774 4830 alloquium.

2284 4843 2484 4900 Horum
2528 4863 2659 4918 ergo
2697 4853 2974 4908 consortio
3010 4871 3119 4909 non
3157 4857 3329 4911 solum
3371 4873 3404 4912 a
3445 4860 3676 4914 terrenis
3717 4869 3802 4915 est

2209 4935 2449 4989 munitus
2497 4937 2832 5008 incursibus,
2864 4957 3052 4998 verum
3102 4945 3260 5000 etiam
3304 4946 3370 5000 ad
3414 4949 3649 5005 calcatis
3683 4950 3808 5005 vitae

2211 5025 2469 5079 exercitia
2514 5029 2686 5098 magis
2734 5033 3013 5104 magisque
3066 5051 3378 5092 succensus.
3425 5037 3560 5092 Nam
3600 5040 3806 5101 hortati

2209 5121 2334 5166 sunt
2361 5130 2483 5170 eum
2510 5127 2565 5171 ut
2594 5118 2786 5175 librum
2819 5123 2958 5179 beati
2988 5124 3109 5191 Job,
3141 5128 3346 5197 magnis
3375 5127 3677 5186 involutum
3700 5131 3802 5185 nb-

2211 5206 2580 5269 scnritatibns,
2613 5213 2838 5281 mystica
2868 5214 3314 5284 interpretatione
3351 5219 3676 5287 discuteret;
3708 5237 3804 5278 ne-

2212 5310 2318 5364 que
2367 5313 2561 5368 negare
2605 5303 2779 5370 potuit
2817 5320 2953 5374 opus
2996 5307 3141 5374 quod
3193 5309 3295 5363 sibi
3335 5308 3605 5366 fraternus
3649 5326 3810 5368 amor

2212 5388 2393 5442 multis
2422 5390 2548 5443 utile
2576 5393 2809 5448 futurum
2843 5396 3170 5466 imponebat.
3200 5398 3303 5454 Sed
3329 5403 3579 5456 eumdem
3606 5401 3806 5456 librum

2212 5479 2484 5542 quomodo
2527 5481 2678 5547 juxta
2732 5484 2963 5539 litteram
3018 5487 3414 5560 intelligendus,
3458 5490 3687 5560 qualiter
3735 5491 3804 5547 ad

2211 5563 2408 5620 Christi
2442 5577 2495 5624 et
2519 5569 2636 5625 Eccl
2663 5574 2767 5628 sia:
2794 5587 3132 5632 sacramenta
3154 5580 3483 5643 referendus,
3510 5597 3618 5650 quo
3639 5596 3806 5640 sensu

2203 5658 2491 5728 unicuique
2526 5660 2760 5718 fidelium
2807 5666 2876 5719 sit
2927 5669 3210 5736 aptandus,
3260 5687 3354 5738 per
3388 5672 3602 5739 triginta
3642 5671 3804 5736 quin-

2199 5762 2308 5814 que
2353 5751 2515 5806 libros
2555 5757 2909 5824 expositionis
2953 5760 3190 5814 miranda
3243 5764 3447 5816 ratione
3495 5763 3796 5832 perdocuit.

2199 5837 2353 5900 Quod
2383 5841 2630 5898 videlicet
2669 5861 2803 5914 opus
2830 5846 2880 5900 in
2926 5850 3066 5917 regia
3096 5852 3310 5920 quidem
3340 5855 3468 5909 urbe
3495 5852 3797 5923 apocrisia-

590 5905 616 5930 ιι
645 5894 851 5953 Floruit
902 5901 1182 5960 desinente
1227 5921 1347 5961 saec.
1380 5923 1454 5965 vn
1485 5918 1538 5965 et
1585 5908 1695 5968 fere
1727 5928 1824 5982 per
1860 5913 1930 5966 55
1973 5933 2145 5976 annos
2175 5894 2358 5982 saeculi
2390 5894 2496 5989 vui.
