4130 6452
330 382 423 439 4θὸ
1063 370 1473 429 TESTIMONIA
1512 370 1600 427 ET
1645 368 1899 425 ELOGM

2017 371 2033 427 ἰ
2072 368 2131 425 S.
2175 368 2528 428 GREGORIO
2566 368 2820 427 MAGNO.

3489 376 3591 432 698

327 498 429 553 rius
457 491 749 557 inchoavit,
780 488 963 544 Romae
989 496 1170 542 autem
1195 487 1304 555 jam
1332 486 1504 542 factus
1532 484 1771 556 pontifex
1804 485 1903 539 im-
1931 492 1983 547 Α
2010 483 2154 551 quod
2182 498 2282 538 nec
2308 492 2459 538 tanto
2479 485 2653 553 potuit
2674 486 2918 554 corporis
2945 484 3136 542 dolore
3157 487 3425 558 testi-5935,
3454 489 3590 550 Ν..)

324 585 503 657 plevit.
533 580 785 649 Quicum
826 586 969 633 esset
1008 577 1182 633 adhuc
1222 580 1273 631 in
1318 580 1448 633 urbe
1485 579 1629 644 regia
1668 578 1897 645 positus,

326 680 633 731 nascentem
673 670 745 724 ibi
776 684 965 725 novam
1012 668 1257 722 hieresim
1308 667 1375 721 de
1414 675 1555 721 statu
1587 674 1781 720 nostra:
1811 681 1897 721 re-

321 761 688 824 surrectionis,
722 761 775 815 in
806 760 944 831 ipso,
971 773 1077 828 quo
1104 765 1289 812 exorta
1332 766 1432 817 est,
1472 756 1652 819 initio,
1681 755 1902 823 juvante

322 868 381 909 se
408 850 579 920 gratia
608 848 883 905 catholica:
911 846 1172 911 veritatis,
1214 847 1435 899 attrivit.
1463 844 1521 899 Si
1548 844 1761 914 quidem
1795 842 1902 898 Eu-

323 943 552 1016 tychius,
582 939 825 1008 ejusdem
857 937 1003 991 urbis
1022 937 1326 1006 episcOpus,
1358 936 1755 1003 dogmatizabat
1777 950 1900 990 cor-

322 1051 419 1105 pus
442 1042 684 1088 nostrum
713 1033 766 1086 in
797 1032 885 1085 illa
908 1030 1316 1085 resurrectionis
1344 1029 1515 1097 gloria
1537 1027 1900 1098 impalpabile,

324 1125 513 1188 ventis,
544 1137 776 1191 aereque
802 1122 1048 1176 subtilius
1072 1135 1192 1174 esse
1232 1118 1489 1173 futurum.
1517 1118 1672 1184 Quod
1695 1118 1787 1172 ille
1808 1133 1903 1172 au-

321 1216 487 1279 diens,
520 1222 577 1269 et
602 1214 811 1268 ratione
836 1212 1077 1268 veritatis
1105 1221 1160 1265 et
1188 1210 1440 1280 exemplo
1485 1210 1779 1265 Dominicte
1818 1225 1904 1264 re-

324 1306 677 1361 surrectionis
730 1305 979 1375 probavit
1022 1303 1125 1357 hoc
1174 1302 1365 1371 dogma
1416 1303 1731 1357 orthodoxa
1783 1301 1906 1355 fidei

320 1394 642 1449 omnimodis
676 1409 794 1449 esse
837 1393 1187 1449 contrarium.
1228 1391 1505 1447 Catholica
1534 1392 1731 1446 etenim
1773 1390 1907 1446 fides

290 1484 480 1538 .hnbet
525 1483 673 1553 quod
723 1499 921 1553 corpus
967 1491 1209 1538 nostrum
1258 1482 1309 1537 in
1360 1483 1449 1535 illa
1479 1482 1907 1538 immortalitatis

320 1573 487 1641 gloria
523 1574 903 1639 sublimatum,
932 1575 1126 1629 subtile
1171 1572 1386 1642 quidem
1414 1573 1483 1627 sit
1532 1588 1628 1643 per
1652 1572 1903 1629 elfectum

321 1665 577 1733 spiritalis
602 1666 889 1734 potentiae,
920 1664 1015 1719 sed
1044 1665 1310 1735 palpabile
1358 1679 1451 1732 per
1477 1665 1758 1720 veritatem
1808 1679 1903 1718 na-

322 1762 470 1817 turre,
497 1755 649 1823 juxta
691 1756 992 1824 exemplum
1040 1755 1303 1809 Dominici
1352 1755 1610 1824 corporis,
1642 1754 1708 1809 de
1738 1770 1845 1823 quo
1872 1769 1903 1807 a

2008 574 2100 629 alii
2126 574 2341 643 quidem
2364 576 2644 643 pontifices
2668 576 3043 632 construendis
3067 578 3431 650 ornandisque
3454 570 3590 640 am

2007 665 2093 719 vel
2115 672 2336 733 argento
2356 665 2602 719 ecclesiis
2622 680 2843 732 operam
2865 666 3061 723 dabant
3088 684 3101 721 :
3126 667 3212 724 hic
3239 678 3419 724 autem
3444 680 3595 730 totus

2006 770 2134 825 erga
2165 757 2464 812 animarum
2491 756 2636 810 lucra
2665 758 2909 812 vacabat.
2940 757 3205 828 Quidquid
3233 761 3474 829 pecuniae
3494 763 3591 819 ha-

2008 848 2231 912 buerat,
2264 848 2482 905 sedulus
2509 849 2611 903 hoc
2648 850 2958 919 dispergere
3004 866 3070 907 ac
3110 854 3240 908 dare
3267 857 3595 925 pauperibus

2007 942 2251 1006 curabat,
2279 949 2337 995 ut
2348 942 2559 1012 justitia
2579 942 2688 1011 ejus
2716 952 2945 997 maneret
2968 946 3019 999 ir
3041 947 3286 1001 steculum
3311 950 3515 1017 menti,
3543 959 3597 1006 et

2007 1046 2169 1084 cornu
2197 1031 2308 1101 ejus
2336 1032 2657 1084 exaltaretur
2678 1032 2733 1084 in
2762 1033 2931 1103 gloria
2959 1034 3131 1101 (Psal.
3158 1051 3265 1101 CXI,
3290 1036 3349 1107 8)
3383 1056 3397 1091 :
3428 1039 3505 1093 ita
3535 1047 3596 1096 ut

2009 1120 2138 1174 illud
2174 1121 2318 1174 beati
2342 1120 2443 1176 Job
2471 1122 2733 1176 veraciter
2754 1123 2935 1176 dicere
2957 1133 3139 1192 posset
3162 1143 3175 1178 :
3200 1127 3352 1180 Auris
3377 1129 3596 1185 audiens

2010 1211 2337 1281 beatiﬁcabat
2366 1230 2463 1278 me,
2494 1223 2543 1265 et
2572 1214 2751 1267 oculus
2778 1212 2952 1267 videns
2977 1217 3319 1271 testimonium
3347 1222 3596 1277 reddebat

2010 1302 2156 1366 mihi,
2188 1303 2327 1373 quod
2353 1302 2649 1357 liberassem
2679 1320 2959 1374 pauperem
3007 1307 3395 1376 vociferantem,
3420 1321 3471 1365 et
3498 1330 3594 1381 pu-

2009 1392 2189 1462 pillum
2220 1395 2301 1447 cui
2332 1410 2434 1447 non
2459 1406 2590 1448 esset
2622 1396 2849 1466 adjutor.
2876 1396 3169 1452 Benedictio
3197 1402 3413 1469 perituri
3443 1420 3597 1473 super

2009 1501 2091 1537 me
2116 1484 2366 1549 veniebat,
2400 1494 2450 1539 et
2478 1502 2566 1539 cor
2594 1487 2757 1541 vidua:
2786 1489 3081 1543 consolatus
3109 1506 3240 1544 sum.
3273 1490 3489 1547 Iustitia
3515 1495 3597 1548 iss-

2011 1576 2163 1631 dutus
2192 1594 2327 1643 sum,
2354 1588 2403 1631 et
2430 1580 2603 1632 uestiui
2630 1596 2711 1633 me
2730 1579 2861 1633 sicut
2882 1583 3181 1637 vestimento
3210 1594 3261 1638 et
3281 1585 3599 1654 diademte,

2002 1670 2202 1739 judicio
2231 1686 2361 1723 meo.
2396 1669 2587 1724 Oculus
2631 1672 2704 1741 fui
2748 1688 2916 1733 ειεεο,
2959 1683 3007 1726 et
3053 1690 3143 1743 pes
3187 1676 3395 1731 claudo.
3442 1677 3600 1733 Pater

2008 1775 2154 1811 eram
2194 1776 2499 1829 pauperum,
2530 1769 2577 1813 et
2601 1777 2811 1814 causam
2858 1779 3011 1833 quam
3041 1765 3329 1818 nesciebam
3373 1766 3596 1838 diligen-

322 1846 547 1899 mortuis
587 1846 843 1900 suscitato
892 1846 1021 1899 dicit
1072 1846 1185 1914 ipse
1232 1844 1499 1913 discipulis
1544 1861 1555 1896 :
1593 1841 1813 1912 Palpate
1854 1853 1905 1895 et
1931 1856 1985 1916 B
2013 1852 2210 1905 tissime
2236 1852 2627 1922 inuestigabam,
2658 1852 2997 1907 Conterebam
3033 1854 3200 1910 mola;
3227 1857 3419 1929 iniqui,
3448 1868 3497 1913 ει
3537 1860 3600 1915 de

321 1937 484 1990 ridete
505 1939 623 2007 quia
646 1938 857 2007 spiritus
882 1953 1087 1989 carnem
1114 1945 1162 1989 et
1192 1952 1310 1988 ossa
1334 1952 1436 1989 non
1466 1935 1637 2000 liabet,
1669 1936 1799 1987 sicut
1829 1951 1908 1987 me

320 2028 725 2083 videtis/rabere
773 2027 920 2099 (Luc.
974 2043 1117 2093 xxxv,
1169 2026 1281 2095 59).
1314 2026 1372 2080 In
1417 2025 1568 2094 cujus
1611 2028 1909 2081 assertione

324 2116 448 2171 ﬁdei
481 2117 799 2172 venerabilis
845 2115 1005 2171 Pater
1049 2115 1338 2185 Gregorius
1384 2114 1433 2168 in
1481 2123 1685 2168 tantum
1717 2125 1907 2169 contra

323 2213 633 2259 nascentem
659 2205 901 2260 hazrcsim
930 2221 1121 2259 novam
1151 2206 1393 2259 laborare
1420 2205 1715 2271 contendit,
1742 2214 1908 2259 tanta-

322 2311 425 2363 que
458 2298 557 2351 hac
583 2298 853 2359 instantia,
878 2297 1101 2366 juvante
1121 2298 1281 2353 etiam
1312 2297 1553 2367 piissimo
1584 2298 1908 2366 imperatore

324 2386 541 2442 Tiberio
567 2387 943 2456 Constantino,
970 2392 1305 2455 comminuit,
1340 2398 1395 2444 ut
1418 2389 1591 2443 nullus
1619 2388 1810 2444 exinde
1839 2388 1908 2443 sit

324 2478 592 2545 inventus,
625 2480 716 2548 qui
746 2480 862 2549 ejus
890 2481 1239 2536 resuscitator
1270 2480 1547 2535 existeret.

390 2573 572 2627 Alium
600 2587 814 2642 quoque
842 2573 1031 2628 librum
1051 2573 1350 2644 composuit
1370 2572 1664 2641 egregium,
1692 2572 1783 2641 qui
1812 2586 1908 2625 vo-

317 2673 477 2716 catur
522 2661 832 2729 Pastoralis,
882 2664 935 2717 in
993 2678 1098 2732 quo
1141 2661 1419 2718 manifesta
1469 2664 1588 2717 luce
1632 2663 1907 2733 patefecit,

317 2752 501 2821 qualis
543 2754 608 2806 ad
648 2752 899 2808 Ecclesia:
930 2754 1163 2821 regimen
1194 2755 1413 2821 assumi,
1441 2755 1670 2823 qualiter
1697 2756 1795 2822 ipsi
1825 2770 1909 2809 re-

319 2854 511 2899 ctores
540 2845 751 2911 vivere,
783 2859 886 2913 qua
921 2845 1242 2899 discretione
1289 2846 1521 2912 singulas
1545 2859 1783 2913 quasque
1814 2860 1910 2898 au-

322 2936 589 2990 dientium
639 2936 905 2991 instruere
954 2952 1230 3006 personas,
1266 2944 1319 2989 et
1368 2944 1564 3005 quanta
1606 2937 1911 2990 considera-

328 3028 477 3082 tione
521 3028 787 3097 propriam
828 3028 1067 3097 quotidie
1121 3028 1349 3081 debeant
1398 3026 1735 3096 fragilitatem
1775 3044 1908 3096 pen-

328 3136 468 3176 sare.
510 3118 614 3175 Sed
646 3130 697 3175 et
730 3119 983 3174 Homilias
1014 3118 1283 3189 Evangelii
1314 3135 1533 3173 numero
1559 3120 1910 3188 quadraginta

2016 1942 2250 1997 dentibus
2292 1945 2433 1997 illius
2475 1944 2769 2013 auferebam
2807 1948 3049 2021 praedam.
3074 1948 3215 2017 (Job.
3247 1966 3405 2015 xxrx,
3439 1951 3499 2005 Η
3548 1960 3600 2006 et

2014 2032 2170 2103 seq.).
2194 2032 2258 2085 Et
2287 2034 2445 2102 paulo
2471 2043 2591 2103 post
2618 2052 2632 2086 :
2668 2036 2725 2089 Si
2750 2038 2947 2105 negaui,
2974 2037 3163 2107 inquit,
3186 2042 3320 2110 quod
3339 2040 3599 2107 volebant,

2015 2122 2342 2191 pauperibus,
2367 2132 2416 2176 et
2446 2126 2621 2178 oculos
2646 2125 2813 2178 vidule
2841 2136 3141 2195 exspectare
3161 2131 3279 2199 feci.
3314 2132 3373 2185 Si
3403 2134 3600 2187 comedi

2016 2210 2295 2265 buccellam
2322 2230 2486 2266 meam
2507 2215 2666 2280 solus,
2700 2225 2748 2267 et
2775 2232 2877 2269 non
2911 2218 3128 2271 comedit
3166 2206 3390 2288 pupillus
3417 2236 3483 2275 ex
3510 2238 3595 2278 ea.

2018 2299 2152 2364 Quia
2191 2306 2254 2356 ab
2298 2304 2522 2374 infantia
2553 2322 2667 2358 mea
2693 2309 2845 2359 crevit
2885 2324 3080 2362 mecum
3118 2312 3413 2378 miseratio,
3445 2323 3495 2366 et
3537 2313 3602 2368 de

2014 2402 2158 2447 utero
2188 2396 2368 2447 matris
2395 2411 2522 2449 mea:
2548 2412 2755 2466 egressa
2785 2407 2861 2451 est
2888 2413 3081 2452 mecum
3104 2400 3245 2469 (Job.
3278 2417 3427 2469 xxxi,
3458 2402 3527 2456 16
3550 2410 3603 2458 et

2018 2486 2167 2556 θείῃ).
2764 2556 2769 2559 _

2089 2573 2169 2627 Ad
2194 2574 2346 2643 cujus
2383 2576 2599 2645 pietatis
2626 2584 2679 2631 et
2721 2576 2940 2645 justitiu:
2986 2595 3121 2649 opus
3168 2583 3403 2651 pertinet
3437 2586 3609 2641 etiam

2016 2664 2140 2729 hoc,
2183 2666 2327 2733 quod
2367 2676 2610 2720 nostram
2649 2675 2866 2735 gentem
2910 2684 3006 2738 per
3048 2671 3429 2739 praedicatores
3465 2690 3605 2743 quos

2016 2754 2121 2811 huc
2162 2756 2389 2821 direxit,
2441 2758 2507 2812 de
2560 2758 2808 2814 dentibus
2860 2761 3063 2829 antiqui
3121 2762 3291 2817 hostis
3343 2765 3600 2833 eripiens,

2016 2856 2230 2903 aeternae
2257 2848 2519 2904 libertatis
2550 2849 2676 2903 fecit
2704 2865 2823 2905 esse
2850 2852 3187 2921 participem.
3212 2851 3378 2923 Cujus
3400 2856 3523 2910 lidei
3547 2864 3606 2911 et

2016 2939 2176 2992 saluti
2198 2940 2559 3007 congaudens,
2588 2956 2815 3010 quaeque
2840 2942 2998 3011 digna
3018 2942 3175 2997 laude
3195 2945 3605 3014 commendans,

2016 3032 2131 3101 ipse
2165 3031 2295 3085 dicit
2341 3033 2394 3086 in
2432 3031 2787 3102 Expositione
2838 3035 2981 3088 beati
3018 3033 3117 3089 Job
3148 3053 3161 3087 :
3197 3053 3217 3086 ε
3248 3035 3388 3091 Ecce
3424 3038 3602 3106 lingua

2020 3121 2337 3190 Britannia»,
2370 3138 2487 3190 quae
2534 3123 2666 3176 nihil
2697 3122 2839 3177 aliud
2868 3132 3095 3179 noverat
3123 3141 3284 3193 quam
3314 3127 3607 3183 barbarum

327 3212 652 3285 composuit,
684 3226 817 3280 quas
848 3212 899 3265 in
932 3211 1135 3265 duobus
1160 3212 1600 3280 eodicibusaequa
1623 3220 1769 3265 sorte
1799 3211 1911 3265 dis-
1944 3220 1990 3282 ο
2020 3209 2287 3277 frendere,
2316 3211 2426 3279 jam
2472 3211 2667 3265 dudum
2715 3212 2768 3265 in
2805 3213 2999 3268 divinis
3044 3214 3290 3270 laudibus
3319 3215 3603 3273 Hebraeum

330 3306 508 3359 tinxit.
551 3304 739 3359 Libros
785 3304 945 3359 etiam
1000 3304 1341 3373 Dialogorum
1396 3311 1625 3373 quatuor
1671 3303 1828 3370 fecit,
1856 3303 1909 3356 in

328 3396 521 3463 quibus
548 3403 735 3463 rogatu
766 3392 933 3459 Petri,
964 3393 1176 3447 diaconi
1204 3394 1307 3458 sui,
1337 3393 1564 3446 virtutes
1602 3400 1911 3447 sanctorum

328 3501 465 3554 quos
490 3486 540 3540 in
587 3485 733 3539 Italia
776 3485 1030 3539 clariores
1076 3499 1234 3539 nosse
1262 3484 1347 3538 vel
1375 3485 1559 3538 audire
1604 3490 1815 3552 poterat
1846 3483 1912 3537 ad

329 3578 632 3648 exemplum
663 3577 873 3632 vivendi
898 3578 1130 3645 posteris
1150 3578 1364 3646 collegit
1390 3595 1401 3629 :
1428 3584 1506 3643 ut,
1525 3579 1661 3631 sicut
1684 3577 1735 3630 in
1764 3576 1914 3630 libris

331 3669 737 3739 Expositionum
767 3684 983 3723 suarum
1012 3669 1201 3737 quibus
1241 3670 1308 3722 sit
1353 3669 1633 3722 virtutibus
1663 3667 1914 3722 insudan-

331 3761 456 3815 dum
505 3762 740 3826 edocuit,
771 3760 845 3813 ita
875 3760 1066 3825 etiam,
1103 3759 1384 3827 descriptis
1417 3768 1724 3813 sanctorum
1754 3758 1913 3809 mira-

332 3852 498 3917 culis,
528 3866 645 3919 quae
672 3850 927 3904 virtutum
957 3849 1266 3904 earumdem
1310 3850 1377 3902 sit
1406 3850 1622 3903 claritas
1660 3848 1914 3903 ostende-

333 3949 436 3995 ret.
469 3940 700 3995 Primam
725 3954 937 4009 quoque
962 3947 1016 3995 et
1038 3940 1279 3995 ultimam
1306 3940 1596 3994 Ezechielis
1623 3940 1915 4008 prophetia:

332 4039 542 4101 partem
562 4070 579 4097 ,
611 4045 729 4100 qua:
778 4029 1095 4084 videbantur
1124 4029 1463 4083 obscuriores
1483 4072 1496 4095 ,
1529 4044 1625 4099 per
1656 4028 1917 4085 llomilias

333 4122 523 4192 viginti
569 4122 703 4174 duas
731 4119 1045 4183 declaravit,
1076 4135 1140 4175 ac
1168 4128 1423 4187 quantum
1466 4119 1597 4172 lucis
1647 4119 1792 4172 intus
1823 4119 1916 4172 ha-

335 4214 527 4277 beant,
560 4211 969 4267 demonstravit.
1001 4209 1240 4280 Excepto
1273 4210 1449 4264 libello
1485 4210 1917 4281 Responsionum

336 4320 494 4373 quem
526 4304 593 4357 ad
635 4303 1081 4373 interrogationes
1110 4301 1168 4357 S.
1196 4303 1498 4370 Augustini,
1532 4304 1688 4372 primi
1721 4303 1918 4373 Anglo-

336 4412 454 4451 rum
511 4395 768 4466 episcopi,
812 4394 1041 4465 scripsit,
1087 4403 1145 4449 ut
1191 4409 1349 4463 supra
1396 4395 1693 4459 docuimus,
1750 4403 1918 4449 totum

337 4488 511 4557 ipsum
544 4486 779 4542 libellum
810 4486 894 4540 his
924 4485 1212 4541 inferentes
1260 4486 1532 4552 historiis;
1564 4486 1743 4541 libello
1784 4503 1917 4555 quo-

2019 3301 2181 3369 C(Bpit
2206 3301 2427 3354 Alleluia
2449 3317 2722 3357 resonare.
2755 3303 2895 3357 Ecce
2920 3305 3191 3374 quondam
3219 3307 3471 3375 tumidus,
3492 3308 3605 3379 jam

2017 3394 2316 3449 substratus
2352 3404 2663 3449 sanctorum
2702 3395 2923 3464 pedibus
2951 3398 3117 3451 servit
3148 3397 3429 3467 Oceanus;
3463 3400 3605 3470 ejus-

2016 3500 2121 3554 que
2154 3487 2413 3542 Barbaros
2455 3488 2722 3555 immites,
2752 3503 2888 3557 quos
2932 3490 3130 3544 terreni
3169 3492 3440 3562 principes
3476 3493 3607 3549 edo-

2017 3591 2167 3631 mare
2198 3579 2569 3648 nequiverant,
2594 3579 2693 3634 hos
2715 3595 2813 3649 pro
2837 3580 3017 3636 divina
3039 3580 3325 3638 formidine
3352 3588 3611 3641 sacerdo»

2016 3676 2130 3723 tum
2163 3685 2257 3722 ora
2302 3669 2631 3738 simplicibus
2670 3670 2847 3726 verbis
2892 3672 3087 3741 ligant;
3124 3681 3179 3725 et
3223 3675 3314 3741 qui
3361 3685 3611 3730 catervas

2018 3759 2372 3828 pugnantium
2424 3759 2664 3812 infideles
2720 3774 3060 3829 nequaquam
3106 3769 3445 3828 metuerent,
3492 3762 3607 3830 jam

2019 3863 2162 3901 nunc
2212 3846 2394 3902 ﬁdeles
2441 3848 2721 3902 humilium
2769 3849 2974 3917 linguas
3022 3850 3228 3903 timent.
3270 3852 3417 3916 Quia
3461 3867 3609 3908 enim

2021 3936 2287 4005 perceptis
2335 3934 2644 3990 cmlestibus
2672 3936 2884 4002 verbis,
2931 3936 3348 3993 clarescentibus
3391 3956 3609 4011 quoque

2019 4029 2326 4092 miraculis,
2360 4029 2528 4083 virtus
2575 4028 2625 4082 ei
2679 4028 2870 4083 divinae
2917 4030 3240 4097 cognitionis
3289 4032 3607 4100 iniunditur,

2020 4119 2262 4190 ejusdem
2284 4118 2577 4173 divinitatis
2600 4128 2802 4174 terrore
2828 4120 3151 4188 refrenatur,
3178 4130 3237 4176 ut
3266 4138 3426 4190 grave
3447 4139 3613 4193 agere

1994 4220 2243 4289 _metuat,
2277 4226 2338 4265 ac
2368 4211 2494 4266 totis
2522 4210 2797 4267 desideriis
2823 4211 2891 4266 ad
2912 4212 3227 4268 aeternitatis
3252 4215 3477 4282 gratiam
3507 4232 3604 4272 ve-

2022 4303 2136 4357 nire
2156 4302 2519 4371 concupiscat.
2560 4321 2578 4353 ι
2611 4299 2750 4372 (Lib.
2793 4318 2958 4366 xxvu,
2984 4319 3039 4357 η.
3061 4302 3174 4373 21.)
3200 4303 3405 4370 Quibus
3428 4306 3610 4362 verbis

2020 4397 2208 4451 beatus
2235 4394 2525 4465 Gregorius
2554 4396 2657 4450 hoc
2683 4409 2899 4464 quoque
2931 4394 3190 4461 declarat,
3218 4396 3362 4465 quod
3401 4396 3458 4450 S.
3492 4397 3604 4451 Au-

2020 4487 2261 4556 gustinus
2290 4493 2344 4540 et
2370 4486 2502 4539 socii
2533 4484 2648 4553 ejus
2670 4500 2779 4539 non
2798 4484 2973 4540 solum
2999 4485 3383 4554 praedicatione
3407 4486 3602 4540 verbo-

336 4595 442 4649 que
470 4578 744 4651 synodico,
771 4592 929 4647 quem
958 4592 1077 4631 cum
1110 4577 1375 4647 episcopis
1404 4577 1565 4631 Italia:
1586 4578 1651 4631 de
1675 4593 1918 4633 necessa-
1946 4584 1999 4643 Ι)
2024 4598 2158 4647 rum,
2190 4581 2283 4637 sed
2313 4581 2475 4634 etiam
2499 4580 2797 4635 caelestium
2824 4578 3135 4634 ostensione
3168 4577 3442 4646 signorum
3465 4590 3598 4644 gen-

336 4671 429 4725 riis
459 4669 711 4723 Ecclesia:
740 4668 915 4723 causis
944 4668 1283 4723 utilissimum
1314 4669 1638 4737 composuit,
1679 4677 1731 4723 et
1760 4668 1915 4723 fami—

336 4761 558 4818 liaribus
596 4760 663 4813 ad
691 4758 951 4828 quosdam
982 4759 1193 4813 litteris.
1227 4760 1378 4825 Quod
1425 4775 1490 4813 eo
1529 4759 1697 4827 magis
1725 4761 1915 4813 mirum

336 4860 451 4917 est,
483 4858 562 4905 tot
584 4866 704 4905 eum
733 4865 795 4903 ac
824 4857 971 4903 tanta
1009 4851 1305 4905 concedere
1344 4851 1610 4905 volumina
1644 4852 1880 4919 potuisse
1901 4893 1916 4917 ,

333 4944 480 5015 quod
508 4958 647 5013 pene
688 4942 832 4996 omni
874 4941 1171 5010 iuventutis
1199 4956 1306 4994 suae
1349 4950 1608 5010 tempore,
1640 4949 1696 4994 ut
1740 4942 1918 4996 verbis

340 5036 505 5104 ipsius
529 5034 738 5103 loquar,
758 5032 960 5087 crebris
980 5032 1242 5085 viscerum
1266 5031 1536 5085 doloribus
1558 5033 1913 5099 cruciabatur,

338 5126 487 5180 horis
515 5125 907 5192 momentisque
936 5123 1182 5179 omnibus
1220 5122 1387 5177 fracta
1432 5124 1692 5176 stomachi
1722 5126 1919 5179 virtute

338 5217 685 5280 lassescebat,
731 5216 887 5269 lentis
914 5215 1154 5283 quidem,
1198 5213 1290 5267 sed
1324 5222 1501 5266 tamen
1533 5216 1800 5270 continuis
1843 5217 1919 5269 fc-

338 5310 523 5365 bribus
554 5308 859 5363 anhelabat.
909 5306 1100 5363 Verum
1150 5306 1289 5360 inter
1337 5306 1451 5359 hcce
1496 5306 1621 5359 dum
1666 5307 1923 5365 sollicitus

339 5410 591 5474 pensaret
619 5402 765 5471 quia,
789 5402 1062 5472 Scriptura
1094 5410 1249 5466 teste,
1283 5401 1456 5455 omnis
1487 5398 1623 5453 filius
1662 5400 1749 5469 qui
1783 5402 1921 5455 reci-

339 5494 485 5563 pitur
510 5493 837 5563 ﬂagellatur,
868 5508 975 5562 quo
1023 5492 1179 5547 malis
1219 5490 1570 5561 praesentibus
1602 5489 1784 5543 durius
1831 5489 1924 5543 de-

342 5589 701 5659 primebatur,
729 5602 795 5643 eo
824 5586 891 5641 de
918 5594 1115 5641 teterna
1155 5585 1352 5640 certius
1383 5582 1797 5652 prtesumutione
1840 5597 1922 5636 rc-

344 5682 586 5745 spirabat

420 5798 542 5848 tlmc
572 5791 784 5862 quidem
815 5789 881 5844 de
920 5789 1207 5843 immortali
1232 5788 1345 5854 ejus
1374 5788 1516 5841 dicta
1548 5786 1654 5839 sint
1686 5786 1919 5852 ingenio,

2026 4684 2131 4729 tem
2165 4672 2456 4741 Anglorum
2498 4672 2563 4725 ad
2592 4670 2917 4740 agnitionem
2946 4668 3186 4723 veritatis
3215 4667 3598 4735 perducebant.

2094 4790 2246 4845 Fecit
2276 4789 2414 4843 inter
2441 4786 2543 4839 alia
2565 4786 2754 4840 beatus
2774 4797 2913 4853 papa
2940 4780 3250 4849 Gregorius,
3276 4780 3408 4835 utin
3431 4780 3610 4835 eccle-

2024 4881 2117 4935 siis
2149 4879 2517 4950 apostolorum
2545 4875 2827 4929 beatorum
2852 4870 2999 4926 Petri
3024 4878 3080 4925 et
3107 4870 3259 4925 Pauli
3287 4886 3451 4941 super
3478 4886 3606 4926 cor-

2028 4986 2159 5041 pora
2182 4985 2369 5024 eorum
2396 4966 2569 5019 missa:
2589 4965 3008 5019 celebrarentur.
3040 4960 3147 5016 Sed
3174 4970 3230 5016 et
3257 4962 3313 5017 in
3340 4962 3454 5032 ipsa
3476 4963 3606 5018 mis-

2031 5077 2210 5118 sarum
2243 5058 2611 5115 celebratione
2648 5055 2748 5109 tria
2788 5054 2951 5108 verba
2981 5053 3226 5108 maxima:
3262 5054 3610 5123 perfectionis

2028 5153 2186 5222 plena
2214 5147 2571 5218 superadjecit
2600 5165 2611 5198 :
2640 5145 2860 5217 Diesque
2907 5153 3111 5199 nostros
3143 5147 3195 5199 in
3238 5152 3327 5198 tua
3349 5161 3474 5215 pace
3503 5146 3612 5199 dis-

2030 5259 2214 5314 ponas,
2247 5250 2397 5308 atque
2417 5237 2479 5291 ab
2510 5246 2703 5293 (eterna
2725 5236 3058 5291 damnatione
3085 5253 3178 5292 nos
3207 5238 3335 5306 eripi
3355 5246 3405 5290 et
3423 5238 3481 5288 in
3504 5235 3608 5289 ele-

2030 5344 2225 5386 ctorum
2261 5341 2463 5384 tuorum
2501 5329 2686 5399 jubeas
2716 5344 2867 5398 grege
2895 5327 3170 5382 numerari.
3220 5326 3378 5380 Rexit
3424 5333 3611 5379 autem

2034 5424 2330 5481 Ecclesiam
2363 5420 2692 5491 temporibus
2713 5420 3094 5489 imperatorum
3117 5414 3359 5472 Mauricii
3386 5422 3442 5470 et
3462 5413 3609 5469 Pho-

2032 5518 2187 5573 eatis.
2210 5514 2454 5569 Secundo
2483 5523 2662 5567 autem
2710 5511 2951 5581 ejusdem
2982 5509 3235 5564 Phoeatis
3267 5523 3415 5562 anno.
3438 5516 3615 5561 trans-

2030 5610 2143 5662 iens
2172 5622 2239 5660 ex
2281 5606 2381 5659 hac
2405 5605 2532 5669 vita,
2576 5602 2824 5671 migravit
2865 5601 2931 5655 ad
2972 5613 3176 5661 veram,
3209 5613 3328 5667 qua:
3371 5597 3425 5652 in
3461 5596 3614 5653 aclis

2028 5706 2130 5760 est,
2166 5697 2346 5749 vitam.
2374 5693 2626 5763 Sepultus
2647 5708 2774 5747 vero
2800 5699 2882 5745 est
2904 5702 3130 5757 corpore
3160 5688 3212 5741 in
3239 5687 3465 5742 ecclesia
3488 5687 3607 5741 bea-

2032 5788 2095 5840 tri
2125 5785 2267 5840 Petri
2292 5785 2520 5853 apostoli
2546 5791 2671 5838 ante
2699 5780 3070 5846 secretarium,
3095 5779 3182 5835 die
3209 5789 3402 5849 quarto
3428 5777 3610 5834 [ddum
