4130 6454
489 387 592 449 ιθε

1240 372 1663 437 TESTIMONIA
1700 372 1789 430 ET
1827 366 2081 429 ELOGIA
2122 363 2212 422 DE
2250 366 2312 424 S.
2354 365 2711 425 GREGORIO
2746 366 3007 429 MAGNO.

3658 371 3765 429 496

486 500 833 568 Martiarum,
861 496 1189 570 quandoque
1229 510 1287 549 ιιι
1316 508 1435 563 ipso
1473 508 1596 549 cum
1644 489 1854 548 caeteris
1878 494 2079 543 sancta:
2104 485 2161 543 Δ
2182 485 2509 556 aggregatis,
2540 485 2640 540 sub
2668 485 2875 542 abbatis
2896 485 3120 555 imperio
3149 492 3370 543 strenue
3395 487 3680 559 militavit,
3710 501 3769 547 et

484 595 740 653 Ecclesiae
768 590 1071 662 pastoribus
1109 592 1511 642 resurrecturus
1558 584 1610 638 in
1658 582 1849 652 gloria.
1884 578 2068 649 Scrip—

484 697 709 757 tumque
736 691 819 739 est
846 682 899 737 in
930 680 1111 737 tumba
1155 677 1322 747 ipsius
1352 676 1685 746 epitaphium
1722 670 2065 742 hujusmodi:

482 780 735 847 Suscipe,
768 786 937 837 terra,
969 780 1056 826 tuo
1084 786 1268 840 corpus
1305 768 1369 822 de
1393 782 1607 836 corpore
1634 774 1890 833 sumptum
1909 804 1926 831 ,
1959 770 2066 818 etc.

481 873 563 944 (ut
582 869 721 941 apud
745 866 905 922 Joan.
932 864 1084 918 Diae.
1104 862 1197 917 lib.
1226 878 1279 917 1v
1314 861 1463 927 Vitaz,
1488 878 1536 915 c.
1582 859 1694 931 (i8).
1726 858 1837 914 Nec
1856 857 2070 913 silentio

482 958 853 1034 praetereunda
881 956 1087 1025 opinio,
1107 969 1227 1023 quae
1260 953 1327 1009 de
1355 954 1514 1007 beato
1540 951 1799 1021 Gregorio
1826 950 2071 1005 traditio-

482 1070 553 1111 ne
581 1051 847 1122 majorum
873 1049 942 1103 ad
968 1063 1069 1103 nos
1094 1061 1265 1117 usque
1295 1047 1501 1116 perlata
1526 1053 1609 1100 est
1633 1063 1646 1098 :
1689 1059 1791 1111 qua
1820 1043 2073 1098 videlicet

482 1162 551 1202 ex
573 1158 735 1198 causa
765 1139 1090 1201 admonitus,
1112 1146 1218 1192 tam
1235 1137 1475 1194 sedulam
1496 1150 1624 1205 erga
1636 1135 1859 1190 salutem
1875 1143 2071 1189 nostra:

482 1236 654 1308 gentis
678 1247 863 1290 curam
889 1230 1137 1301 gesserit.
1183 1228 1379 1283 Dicunt
1405 1228 1530 1297 quia
1565 1226 1653 1281 die
1674 1225 1926 1296 quadam,
1949 1239 2072 1281 cum

480 1324 890 1385 advenientibus
930 1336 1100 1391 nuper
1129 1318 1541 1385 mercatoribus,
1564 1318 1732 1372 multa
1778 1316 1990 1372 venalia
2017 1316 2070 1370 in

481 1417 658 1472 forum
702 1412 928 1469 fuissent
962 1410 1191 1475 collata,
1217 1409 1479 1478 multique
1523 1408 1591 1462 ad
1626 1409 1909 1462 emendum
1939 1422 2072 1461 con-

482 1506 787 1571 ﬂuxissent,
810 1512 865 1559 et
891 1503 1065 1572 ipsum
1095 1500 1413 1571 Gregorium
1443 1499 1587 1554 inter
1608 1499 1745 1554 alios
1793 1498 2073 1555 advenisse

482 1612 549 1654 ac
585 1595 784 1653 vidisse
814 1594 958 1648 inter
988 1591 1094 1647 alia
1134 1605 1331 1661 pueros
1360 1589 1581 1644 venales
1612 1588 1836 1657 positos,
1865 1587 2073 1642 candidi

482 1689 744 1762 corporis,
803 1702 869 1743 ac
931 1684 1142 1741 venusti
1199 1684 1397 1749 vultus,
1460 1682 1776 1751 capillorum
1860 1695 2073 1750 quoque

483 1783 655 1841 forma
708 1780 944 1850 egregia.
995 1777 1141 1844 Quos
1185 1792 1309 1831 cum
1364 1776 1648 1845 aspiceret,
1705 1773 2073 1841 interrogavit,

2176 592 2288 633 suae
2314 577 2609 631 nobilitatis
2628 576 2823 632 lineam
2846 577 3086 633 moribus
3107 578 3317 643 extulit,
3348 579 3533 648 probis
3556 582 3769 637 actibus

2175 669 2471 724 decoravit.
2505 669 2636 723 Nam
2667 670 2757 739 qui
2786 676 2913 723 ante
2942 669 3131 723 sericis
3159 670 3398 725 vestibus
3437 686 3502 725 ac
3540 674 3770 739 gemmis

2175 760 2499 816 micantibus
2528 776 2627 830 per
2656 758 2854 816 Urbem
2883 759 3091 816 solebat
3120 761 3416 830 procedere
3449 763 3730 819 trabeatus
3749 803 3766 830 ,

2175 862 2301 925 post
2319 853 2410 908 vili
2440 862 2721 909 contectus
2750 854 2983 923 tegmine
3002 895 3016 919 ,
3054 854 3392 909 ministrabat
3420 872 3626 927 pauper
3654 859 3771 928 ipse

2175 946 2519 1016 pauperibus.
2553 945 2756 1012 Quibus
2784 946 3125 1002 monasteriis
3161 954 3366 1002 tantum
3406 947 3475 1002 de
3503 949 3773 1006 reditibus

2176 1037 2503 1108 prmdiorum
2521 1036 2809 1105 delegavit,
2833 1046 3092 1106 quantum
3111 1046 3293 1108 posset
3309 1042 3775 1097 commorantibus

2178 1129 2246 1185 ad
2280 1128 2652 1199 quotidianum
2675 1129 2877 1183 victum
2906 1127 3155 1184 sufﬁcere
3190 1147 3202 1182 :
3235 1129 3440 1199 reliqua
3480 1146 3611 1187 vero
3639 1148 3775 1188 ven-

2177 1220 2331 1287 didit,
2359 1235 2424 1274 ac
2443 1220 2769 1290 pauperibus
2791 1221 3051 1289 erogavit.
3080 1220 3284 1275 Deinde
3310 1231 3531 1277 coactus
3554 1234 3609 1279 et
3635 1224 3776 1279 mul-

2181 1311 2593 1375 tum‘renitens,
2626 1309 2797 1365 factus
2828 1309 2986 1365 Urbis
3021 1311 3206 1366 Romae
3236 1326 3477 1368 summus
3505 1313 3775 1382 pontifex,

2178 1401 2473 1470 Anglorum
2503 1409 2719 1469 gentem
2748 1400 2815 1455 ad
2846 1401 3005 1456 fidem
3032 1403 3299 1457 convertit
3332 1420 3344 1455 :
3376 1403 3593 1459 directis
3622 1406 3776 1459 vide-

2177 1491 2306 1548 licet
2328 1494 2411 1548 sui
2442 1493 2760 1548 monasterii
2788 1493 3087 1558 monachis,
3114 1493 3339 1563 Mellito,
3371 1495 3669 1563 Augustino
3694 1508 3777 1551 at-

2179 1601 2285 1657 que
2306 1585 2534 1651 Joanne,
2561 1595 2617 1641 et
2641 1602 2765 1640 cum
2793 1587 2873 1641 eis
2899 1586 3017 1641 aliis
3038 1586 3284 1657 plurimis
3304 1588 3579 1644 fratribus.
3615 1589 3779 1644 Rexit

2179 1686 2361 1731 autem
2394 1676 2780 1746 gloriosissime
2809 1676 3108 1731 Romanam
3139 1677 3437 1733 Ecclesiam
3477 1681 3631 1734 anuis
3660 1696 3779 1744 xui,

2179 1768 2452 1823 mensibus
2480 1783 2573 1824 sex
2596 1811 2611 1835 ,
2644 1777 2700 1824 et
2737 1768 2927 1824 diebus
2956 1769 3168 1823 decem.
3202 1769 3581 1838 Augmentavit
3611 1771 3778 1825 etiam

483 1883 545 1931 ut
587 1872 753 1937 aiunt,
784 1870 853 1926 de
897 1883 1002 1940 qua
1048 1869 1269 1937 regione
1315 1866 1401 1921 vel
1465 1874 1607 1920 terra
1662 1873 1842 1920 essent
1895 1864 2075 1930 allati;
2109 1878 2159 1939 Β
2185 1856 2238 1911 in
2280 1859 2595 1928 prmfatione
2634 1856 2870 1913 Canonis
2896 1876 2909 1912 :
2940 1857 3164 1928 Diesque
3202 1868 3409 1914 nostros
3450 1862 3504 1913 in
3535 1870 3623 1913 tua
3650 1877 3779 1931 pace

481 1966 791 2033 dictumque
852 1969 936 2017 est
982 1958 1127 2029 quod
1174 1958 1242 2013 de
1308 1952 1584 2012 Britannia
1657 1956 1832 2010 insula
1862 1999 1875 2023 ,
1928 1955 2081 2024 cujus

481 2055 673 2113 incola:
727 2052 850 2107 talis
905 2058 1088 2107 essent
1135 2056 1406 2119 aspectus.
1460 2047 1665 2103 Rursus
1730 2044 2078 2114 interrogavit

481 2155 660 2204 utrum
710 2143 870 2199 iidem
934 2142 1165 2197 insulani
1210 2148 1391 2196 essent
1443 2138 1768 2204 Christiani,
1802 2154 1868 2192 an
1918 2152 2081 2207 paga-

487 2239 576 2294 nis
603 2238 781 2292 adhuc
802 2235 1075 2291 erroribus
1095 2242 1277 2289 essent
1304 2233 1585 2302 implicati.
1607 2233 1813 2287 Dictum
1835 2242 1918 2287 est
1937 2232 2081 2302 quod

482 2336 667 2383 essent
694 2325 908 2394 pagani.
944 2323 1015 2376 At
1045 2323 1135 2376 ille
1164 2324 1351 2377 intimo
1380 2338 1447 2376 ex
1473 2325 1634 2379 corde
1676 2323 1833 2388 longa
1865 2324 2082 2378 trahens

484 2418 761 2488 suspiria:
791 2414 909 2469 Ηειι
952 2413 1090 2484 proh
1132 2412 1314 2467 dolori
1344 2413 1538 2481 inquit,
1569 2412 1715 2482 quod
1759 2422 1867 2467 tam
1916 2413 2079 2468 lucidi

490 2511 673 2568 vultus
710 2507 953 2563 homines
999 2505 1342 2560 tenebrarum
1383 2512 1575 2559 auctor
1603 2503 1871 2574 possidet,
1907 2515 2082 2561 tanta-

486 2616 597 2674 que
623 2598 794 2669 gratia
833 2596 1024 2652 frontis
1050 2596 1251 2667 speciei
1281 2605 1516 2650 mentem
1543 2595 1611 2650 ad
1654 2597 1918 2651 internum
1958 2613 2081 2667 gra-

486 2695 621 2751 tiam
646 2706 869 2747 vacuam
900 2698 1095 2758 gestat.
1130 2690 1334 2744 Rursus
1366 2690 1720 2760 interrogavit
1749 2692 1893 2760 quod
1936 2701 2081 2746 esset

487 2784 811 2841 vocabulum
859 2783 1032 2852 gentis
1062 2781 1223 2836 illius.
1258 2780 1596 2851 Responsum
1640 2792 1722 2838 est
1749 2784 1893 2852 quod
1923 2782 2079 2852 Angli

490 2888 837 2935 vocarentur.
865 2880 933 2932 At
960 2879 1051 2933 ille
1086 2897 1098 2932 :
1128 2879 1291 2943 Bene,
1330 2881 1525 2948 inquit,
1554 2896 1677 2934 nam
1700 2888 1754 2935 et
1780 2881 2079 2948 angelicam

490 2972 695 3028 habent
719 2972 933 3038 faciem,
961 2980 1017 3027 et
1045 2974 1180 3029 tales
1218 2974 1531 3041 angelorum
1560 2974 1615 3028 in
1643 2974 1792 3030 caelis
1820 2973 1976 3029 decet
1994 2990 2080 3029 es-

493 3082 556 3124 se
583 3069 910 3125 cobaaredes.
938 3068 1093 3136 Quod
1122 3068 1284 3124 habet
1320 3084 1513 3123 nomen
1554 3069 1668 3138 ipsa
1700 3067 1971 3137 provincia
2012 3067 2079 3122 de

492 3173 599 3228 qua
620 3159 707 3214 isti
734 3168 861 3213 sunt
887 3159 1069 3213 allati?
1098 3158 1435 3228 Responsum
1459 3169 1543 3213 est
1570 3160 1717 3227 quod
1740 3158 1886 3212 Deiri
1914 3174 2075 3213 voca—

2186 1948 2419 2021 dispone.

2654 2062 2938 2133 Ejusdem,
2964 2066 3019 2118 in
3046 2062 3319 2120 Chronico.

2256 2155 2567 2223 Gregorius,
2600 2156 2776 2210 adhuc
2823 2157 3203 2226 apocrisiarius
3254 2158 3505 2211 Romanae
3531 2155 3780 2213 Ecclesia:

2185 2246 2241 2300 in
2271 2245 2775 2315 Constantinopoli,
2821 2246 2989 2301 libros
3028 2248 3251 2315 triginta
3281 2248 3519 2317 quinque
3564 2250 3779 2318 exposi-

2185 2339 2346 2394 tionis
2392 2339 2444 2392 iu
2491 2338 2592 2393 Job
2632 2339 2917 2405 condidit;
2971 2350 3133 2409 atque
3154 2338 3471 2412 Eutycbium
3501 2382 3515 2407 ,
3541 2341 3779 2410 ejusdem

2184 2432 2332 2485 urbis
2372 2432 2703 2501 episcopum,
2752 2432 2805 2486 in
2858 2432 2960 2488 fide
3004 2441 3203 2488 nostra:
3251 2435 3667 2489 resurrectionis
3693 2450 3778 2490 er-

2183 2537 2351 2586 rasse,
2402 2521 2619 2589 Tiberio
2651 2533 2933 2591 praesente,
2970 2525 3043 2578 ita
3080 2525 3337 2589 convicit,
3386 2534 3445 2580 ιιι
3489 2527 3777 2596 imperator

2182 2612 2375 2667 librum
2426 2611 2703 2683 Eutycliii,
2729 2629 2892 2683 quem
2937 2614 3003 2669 de
3034 2617 3431 2673 resurrectione
3469 2617 3777 2688 scripserat,

2184 2702 2414 2756 ﬂammis
2440 2704 2668 2757 cremari
2697 2704 2895 2759 debere
2926 2705 3281 2761 deliberaret.

2183 2792 2209 2829 λ)
2243 2794 2511 2847 Hadriani
2544 2812 2693 2865 papa:
2724 2794 2754 2848 Ι
2781 2796 2849 2848 ad
2878 2799 3143 2867 episcopos
3176 2798 3472 2869 Hispaniw,
3503 2810 3628 2857 tom.
3666 2800 3777 2858 VII

2762 2885 2962 2942 Concit.
2990 2907 3041 2959 p.
3062 2889 3218 2944 1017.

2253 2978 2372 3033 Jam
2400 2996 2549 3036 nunc
2571 2980 2869 3045 videamus,
2900 2982 3027 3050 quid
3050 2982 3117 3037 de
3145 2983 3249 3039 hac
3274 3000 3333 3039 re
3355 2987 3555 3041 sentiat
3582 2989 3778 3059 prtede-

2181 3088 2365 3127 cessor
2381 3083 2563 3128 noster
2578 3075 2765 3129 beatus
2776 3072 3069 3143 Gregorius
3082 3078 3328 3147 egregius
3340 3079 3551 3147 doctor,
3564 3083 3777 3150 sagabis

2180 3162 2349 3219 simus
2375 3164 2520 3217 verbi
2543 3164 2635 3218 Dei
2670 3164 2969 3232 indagator,
3002 3173 3058 3220 et
3086 3168 3407 3223 venerabilis
3430 3169 3611 3225 Pater.
3632 3170 3777 3225 Deni.

500 3258 692 3303 rentur
718 3248 878 3303 iidem
893 3249 1271 3319 provinciales.
1301 3249 1365 3302 At
1389 3248 1478 3302 ille
1506 3249 1713 3315 inquit:
1743 3249 1886 3303 Bene
1908 3249 2072 3315 Deiri,
2106 3257 2149 3318 (ζ
2180 3270 2284 3324 que
2339 3255 2395 3308 in
2418 3254 2590 3308 Libris
2632 3254 2920 3311 Moralibus
2941 3268 3131 3313 sancto
3163 3259 3400 3328 repletus
3422 3260 3648 3330 Spiritu,
3672 3273 3774 3317 etc.

495 3338 566 3393 de
586 3338 665 3393 ira
692 3339 862 3403 eruti,
897 3347 951 3393 et
975 3338 1046 3393 ad
1080 3339 1501 3394 misericordiam
1524 3338 1719 3392 Christi
1744 3341 1936 3393 vocati.
1974 3339 2088 3395 Rex

498 3426 791 3497 provincia:
839 3426 981 3482 illius
1009 3426 1280 3495 quomodo
1318 3428 1579 3483 vocatur?
1625 3427 1967 3497 Responsum
2008 3440 2091 3485 est

499 3517 646 3587 quod
670 3514 815 3571 IElle
835 3516 1123 3571 diceretur.
1157 3518 1225 3571 At
1248 3517 1336 3572 ille
1365 3517 1608 3571 alludens
1634 3517 1702 3571 ad
1725 3533 1941 3586 nomen,
1973 3521 2047 3572 ait
2072 3537 2086 3573 :

498 3607 727 3663 Alleluia
748 3608 961 3664 laudem
990 3609 1086 3666 Dei
1115 3608 1388 3666 Creatoris
1418 3611 1521 3665 illis
1537 3610 1590 3665 in
1613 3612 1855 3680 partibus
1875 3622 2091 3682 oportet

498 3700 724 3755 cantari.
755 3698 923 3756 Porro
969 3701 1235 3757 accedens
1286 3703 1355 3757 ad
1396 3702 1705 3773 pontificem
1754 3704 2009 3761 Romana:
2036 3715 2090 3761 et

498 3790 810 3858 apostolicae
855 3792 998 3847 sedis
1050 3794 1332 3865 (nondum
1390 3795 1533 3850 enim
1580 3807 1694 3851 erat
1751 3797 1866 3867 ipse
1913 3800 2090 3869 ponti-

496 3881 588 3938 fex
615 3881 804 3955 factus)
836 3885 1046 3954 rogavit
1072 3895 1129 3940 ut
1161 3888 1305 3955 genti
1333 3888 1626 3958 Anglorum
1670 3892 1722 3945 in
1753 3889 2086 3945 Britanniam

496 3973 709 4043 aliquos
734 3975 886 4030 verbi
920 3976 1228 4044 ministros,
1259 3994 1356 4047 per
1381 3996 1518 4049 quos
1547 3981 1614 4035 ad
1645 3979 1918 4036 Christum
1949 3999 2084 4038 con-

495 4072 854 4131 verterentur,
895 4067 1164 4135 mitteret;
1196 4070 1432 4139 seipsum
1466 4080 1711 4141 paratum
1743 4088 1864 4128 esse
1891 4075 1943 4128 in
1985 4075 2089 4130 hoc

496 4165 657 4221 opus,
705 4154 932 4210 Domino
975 4167 1339 4227 cooperante,
1390 4160 1805 4228 perﬁciendum,
1831 4164 1875 4217 si
1909 4170 2086 4219 tamen

497 4239 799 4307 apostolico
828 4256 981 4311 papae
1028 4244 1130 4299 hoc
1169 4254 1227 4298 ut
1265 4247 1417 4301 fieret
1456 4249 1717 4316 placeret.
1768 4252 1919 4316 Quod
1957 4252 2085 4307 dum

496 4328 758 4400 perﬁcere
783 4347 891 4387 non
918 4345 1102 4403 posset
1128 4338 1273 4407 (quia
1297 4339 1399 4395 etsi
1422 4340 1662 4410 pontifex
1685 4343 1984 4399 concedere
2011 4346 2085 4400 illi

495 4418 642 4489 quod
672 4421 904 4490 petierat
942 4424 1142 4492 voluit,
1188 4442 1293 4482 non
1332 4437 1509 4483 tamen
1539 4432 1685 4487 cives
1714 4432 1973 4503 Romani,
2027 4446 2086 4493 ut

498 4519 606 4565 tam
631 4511 791 4580 longe
816 4514 885 4568 ab
914 4512 1055 4570 Urbe
1080 4517 1383 4584 secederet,
1401 4527 1696 4588 potuerunt
1722 4526 2079 4601 permittere),

2306 3360 2328 3386 ι·
2363 3348 2633 3402 Hincmari
2666 3348 2989 3414 Rhemensis,
3023 3352 3085 3404 de
3114 3352 3480 3407 Prwdestinat.
3510 3372 3556 3407 ε.
3589 3354 3673 3409 18.

2264 3436 2419 3503 Quod
2440 3439 2576 3492 vidit
2603 3439 2795 3495 beatus
2820 3440 3113 3510 Gregorius
3134 3444 3314 3513 primm
3339 3453 3393 3499 et
3420 3457 3619 3502 sancta:
3641 3448 3777 3504 sedis

2192 3528 2449 3584 Romanae
2480 3542 2700 3587 ornatus
2726 3535 3059 3604 praecipuus,
3094 3537 3277 3592 dicens
3307 3538 3359 3591 in
3390 3539 3527 3594 libro
3557 3557 3573 3594 ι
3600 3541 3774 3595 Dialo-

2191 3634 2380 3690 gorum
2408 3641 2420 3676 :
2455 3624 2583 3689 Qua:
2603 3628 2859 3694 perennis,
2890 3627 3081 3697 inquit,
3112 3630 3255 3700 regni
3274 3630 3684 3699 prwdestinatio,
3706 3633 3775 3685 ita

2191 3719 2269 3765 est
2296 3713 2359 3765 ab
2386 3716 2738 3781 omnipotente
2767 3715 2879 3771 Deo
2911 3719 3190 3788 disposita,
3224 3730 3278 3772 ut
3308 3722 3377 3773 ad
3414 3722 3510 3775 hoc
3543 3724 3686 3777 electi
3716 3741 3773 3778 e1

2192 3807 2368 3862 labore
2398 3812 2730 3879 perveniant;
2757 3824 3005 3884 quatenus
3032 3816 3343 3885 postulando
3372 3828 3664 3873 mereantur
3692 3837 3769 3873 ac-

2191 3900 2381 3967 cipere,
2410 3902 2547 3971 quod
2569 3902 2634 3955 iis
2656 3905 2981 3972 omnipotens
3008 3905 3143 3963 Deus
3170 3918 3287 3962 ante
3309 3910 3500 3963 swcula
3529 3911 3775 3983 disposuit

2191 3991 2404 4046 donare.
2442 3992 2591 4049 Unde
2620 4004 2693 4062 et,
2727 3995 2862 4051 sicut
2894 3998 2946 4052 in
2975 3998 3149 4055 Gestis
3169 4000 3535 4059 Romanorum
3563 4006 3769 4075 pontiﬁ-

2189 4100 2310 4140 cum
2342 4087 2559 4155 legitur,
2588 4091 2797 4146 arcanis
2824 4104 3289 4151 sacramentorum
3315 4098 3615 4154 cmlestium
3646 4115 3769 4171 aug-

2191 4186 2434 4232 mentare
2459 4182 2695 4234 curavit:
2723 4182 2791 4237 Ut
2815 4184 2925 4237 dies
2955 4185 3213 4253 disponat,
3245 4187 3309 4241 ab
3340 4202 3535 4245 (eterna
3552 4209 3767 4248 damna-

2122 4275 2147 4299 ο
2189 4272 2326 4319 tione
2370 4284 2462 4321 nos
2500 4270 2629 4339 eripi
2676 4280 2723 4325 et
2763 4273 2819 4326 in
2863 4278 3138 4330 electorum
3177 4294 3387 4333 suorum
3413 4281 3602 4349 jubeat
3629 4300 3773 4356 grege

2187 4359 2465 4410 numerari.

2196 4442 2316 4498 Vita
2339 4446 2401 4500 S.
2428 4446 2665 4520 Gregorii
2694 4451 2877 4524 Magni
2896 4472 2987 4524 per
3013 4456 3037 4494 ιι
3061 4457 3327 4515 Simonem
3356 4460 3767 4535 Metaplirasten.

2257 4536 2454 4593 Beatus
2484 4540 2803 4611 Gregorius,
2849 4547 2940 4613 qui
2986 4558 3184 4604 sanctae
3230 4551 3327 4606 Dei
3374 4551 3631 4611 Ecclesia:
3661 4557 3771 4612 Ro-

493 4616 622 4656 mox
652 4602 855 4715 utipsle
883 4605 1229 4715 pontificatus
1252 4608 1431 4665 officio
1469 4611 1681 4669 functus
1709 4625 1824 4683 est,
1859 4620 2083 4689 perfecit
2110 4635 2161 4694 υ
2187 4644 2359 4683 mana:
2382 4602 2622 4699 pontifex
2642 4604 2770 4703 fuit,
2792 4602 3081 4707 aniequam
3104 4640 3258 4696 fieret
3287 4646 3624 4715 patriarcha,
3655 4665 3772 4703 mo-

494 4708 633 4763 opus
672 4695 762 4750 diu
802 4696 1197 4769 desideratum,
1252 4705 1390 4760 alios
1436 4708 1651 4776 quidem
1699 4715 2080 4783 praedicatores

492 4785 741 4851 mittens,
789 4788 885 4843 sed
930 4790 1045 4861 ipse
1092 4794 1567 4865 praedicationem,
1623 4812 1680 4856 ut
1708 4804 2076 4880 fructificaret,

491 4874 605 4970 suis
624 4876 1091 4939 exhortationibus
1111 4899 1176 4940 ac
1198 4889 1449 4955 precibus
1477 4891 1754 4960 adjuvans.
1778 4895 1903 4953 ilice
1924 4874 2077 4970 juxta

489 4962 831 5033 opinionem,
891 4987 1009 5040 qua:
1061 4976 1129 5029 ab
1176 4979 1409 5048 antiquis
1455 4986 1791 5055 accepimus,
1842 4962 2077 5051 historia:

489 5061 690 5111 nostra:
718 5059 1094 5119 ecclesiastica:
1122 5066 1362 5125 inserere
1396 5074 1657 5141 optimum
1698 5079 1963 5139 duximus.

762 5154 980 5221 Adonis,
1013 5167 1039 5196 ι
1065 5161 1439 5236 archiepiscopi
1474 5167 1800 5229 Viennensis.

560 5237 751 5296 Romae
772 5242 1058 5334 depositio
1098 5252 1267 5307 sancti
1301 5252 1545 5326 Gregorii
1574 5277 1757 5331 papm,
1790 5267 1879 5334 qui
1906 5269 2071 5324 nobili

482 5338 688 5394 genere
705 5369 722 5396 ,
768 5331 1082 5391 liberalibus
1108 5340 1311 5400 artibus
1338 5348 1580 5405 eruditus
1607 5362 1707 5405 est.
1739 5331 1944 5413 Deinde
1971 5360 2068 5415 de-

480 5416 679 5479 functis
720 5428 1060 5499 parentibus,
1107 5446 1202 5488 sex
1248 5436 1303 5491 in
1345 5439 1523 5496 Sicilia
1566 5451 1889 5503 monasteria
1939 5468 2071 5507 con-

480 5517 727 5581 struens,
771 5519 1060 5587 septimum
1101 5523 1241 5581 intra
1286 5526 1445 5585 Urbis
1473 5548 1657 5591 muros
1681 5541 1979 5599 constituit.
2011 5545 2068 5602 In

480 5615 589 5672 quo
634 5605 750 5677 ipse
789 5619 914 5677 post
952 5615 1269 5674 saecularem
1315 5620 1557 5679 habitum
1597 5627 1774 5685 multis
1816 5632 2068 5694 fratribus

552 5766 578 5833 ξι
607 5759 963 5833 Eloruitpost
983 5784 1070 5823 an.
1101 5771 1223 5826 850.

549 5824 577 5863 δ
612 5826 771 5887 Rexit
793 5824 1087 5894 Ecclesiam
1110 5824 1193 5896 abi
1209 5824 1352 5901 anno
1386 5846 1487 5902 77‘2
1506 5851 1570 5907 ad
1600 5870 1685 5911 an.
1714 5856 1838 5911 795.

2182 4720 2386 4775 nachus
2432 4732 2550 4777 erat
2604 4725 2657 4778 in
2715 4731 3043 4785 monasterio
3089 4734 3259 4788 sancti
3287 4734 3514 4793 Andreae
3544 4741 3770 4809 apostoli

2184 4810 2250 4863 ad
2280 4811 2476 4866 clivum
2499 4812 2708 4884 Scauri,
2741 4834 2909 4888 prope
2938 4824 3196 4892 templum
3225 4839 3533 4883 sanctorum
3564 4842 3771 4905 marty-

2181 4918 2300 4956 rum
2325 4900 2548 4959 Joannis
2578 4915 2632 4961 et
2662 4907 2833 4964 Pauli.
2867 4910 3041 4982 Atque
3082 4915 3156 4967 illi
3193 4917 3409 4985 quidem
3439 4900 3770 4978 monasterio

2179 4995 2296 5066 ipse
2322 5008 2572 5066 prmerat.
2613 4998 2838 5056 Matrem
2884 5020 3011 5060 vero
3051 5006 3237 5062 babuit
3271 5010 3484 5066 beatam
3524 5014 3768 5083 Silviatn,

2182 5102 2301 5156 qua:
2341 5096 2468 5143 tunc
2504 5089 2656 5158 juxta
2693 5103 2905 5162 portam
2940 5099 3110 5151 sancti
3151 5102 3380 5168 apostoli
3406 5101 3557 5159 Pauli
3587 5107 3768 5163 locum

2183 5180 2435 5249 patrium,
2463 5182 2555 5250 qui
2577 5182 2724 5238 Cella
2745 5201 2886 5240 nova
2909 5187 3124 5255 dicitur,
3155 5190 3442 5249 incolebat.
3472 5195 3681 5252 Accidit
3710 5210 3766 5254 ut

2178 5285 2299 5325 cum
2323 5271 2375 5324 in
2405 5270 2596 5327 cellula
2626 5274 2741 5343 ipse
2768 5291 2863 5331 sua
2890 5278 3104 5335 sederet
3131 5291 3184 5336 et
3206 5285 3485 5352 scriberet,
3519 5304 3766 5348 accesse-

2178 5360 2248 5414 rit
2276 5360 2344 5415 ad
2382 5377 2505 5417 eum
2535 5368 2812 5424 mendicus
2842 5387 2975 5427 voce
3004 5375 3230 5444 supplici
3276 5396 3287 5430 :
3338 5378 3593 5438 Miserere
3620 5386 3758 5451 mei,

2177 5452 2454 5523 inquiens,
2485 5472 2641 5514 serve
2680 5459 2776 5516 Dei
2807 5462 3067 5520 Altissimi
3087 5510 3100 5533 ,
3131 5470 3223 5538 qui
3252 5486 3373 5525 cum
3404 5488 3579 5530 essem
3608 5480 3762 5535 navis

2174 5545 2529 5615 gubernator,
2562 5552 2898 5623 naufragium
2936 5555 3069 5625 feci,
3100 5570 3154 5615 et
3178 5563 3351 5619 aliena
3382 5582 3610 5637 meaque
3632 5586 3756 5640 per-
3848 5548 3849 5551 Ἴ

2170 5636 2301 5693 didi.
2333 5638 2533 5710 Atille,
2555 5644 2631 5698 uti
2654 5645 2917 5716 benignus
2940 5650 2991 5705 in
3013 5668 3295 5724 pauperes,
3329 5673 3392 5714 ac
3412 5636 3540 5717 vere
3560 5636 3757 5721 Christi

2243 5812 2264 5838 ο
2294 5799 2501 5855 Floruit
2527 5803 2705 5859 medio
2733 5810 2930 5864 saeculo
2960 5827 3124 5869 nono.

2241 5870 2266 5907 (ι
2298 5870 2441 5926 Vixit
2471 5874 2692 5931 ineunte
2718 5880 2915 5937 saeculo
2946 5880 3177 5943 decimo.
