  <div class='ocr_page' id='page_1' title='image "/cluster/home/n/w/nwhite01/storage/ocr_20150623/75/hvd.32044015469380/254.png"; bbox 0 0 4130 6456; ppageno 0'>
   <div class='ocr_carea' id='block_1_1' title="bbox 397 412 490 471">
    <p class='ocr_par' dir='ltr' id='par_1_1' title="bbox 397 412 490 471">
     <span class='ocr_line' id='line_1_1' title="bbox 397 412 490 471; baseline 0.022 -2"><span class='ocrx_word' id='word_1_1' title='bbox 397 412 490 471; x_wconf 72' lang='grc'>19⁸1</span> 
     </span>
    </p>
   </div>
   <div class='ocr_carea' id='block_1_2' title="bbox 1114 414 2907 473">
    <p class='ocr_par' dir='ltr' id='par_1_2' title="bbox 1114 414 2907 473">
     <span class='ocr_line' id='line_1_2' title="bbox 1114 414 2907 473; baseline 0.001 -3"><span class='ocrx_word' id='word_1_2' title='bbox 1114 416 1552 473; x_wconf 73' lang='grc' dir='ltr'><strong>.ΤΕ8’ῙῚΜΟΝΙΛ</strong></span> <span class='ocrx_word' id='word_1_3' title='bbox 1596 416 1681 473; x_wconf 86' lang='lat' dir='ltr'><strong>ET</strong></span> <span class='ocrx_word' id='word_1_4' title='bbox 1728 415 1980 473; x_wconf 76' lang='lat' dir='ltr'><strong>ELOGIA</strong></span> <span class='ocrx_word' id='word_1_5' title='bbox 2021 416 2110 471; x_wconf 84' lang='lat' dir='ltr'><strong>DE</strong></span> <span class='ocrx_word' id='word_1_6' title='bbox 2151 415 2209 471; x_wconf 93' lang='lat' dir='ltr'><strong>S.</strong></span> <span class='ocrx_word' id='word_1_7' title='bbox 2253 414 2602 472; x_wconf 86' lang='lat' dir='ltr'><strong>GREGORIO</strong></span> <span class='ocrx_word' id='word_1_8' title='bbox 2643 416 2907 473; x_wconf 79' lang='lat' dir='ltr'><strong>MAGNO.</strong></span> 
     </span>
    </p>
   </div>
   <div class='ocr_carea' id='block_1_3' title="bbox 3554 419 3657 476">
    <p class='ocr_par' dir='ltr' id='par_1_3' title="bbox 3554 419 3657 476">
     <span class='ocr_line' id='line_1_3' title="bbox 3554 419 3657 476; baseline 0.039 -4"><span class='ocrx_word' id='word_1_9' title='bbox 3554 419 3657 476; x_wconf 64' lang='lat'><strong>498</strong></span> 
     </span>
    </p>
   </div>
   <div class='ocr_carea' id='block_1_4' title="bbox 388 506 3659 603">
    <p class='ocr_par' dir='ltr' id='par_1_4' title="bbox 388 506 3659 603">
     <span class='ocr_line' id='line_1_4' title="bbox 388 506 3659 603; baseline 0.001 -16"><span class='ocrx_word' id='word_1_10' title='bbox 388 546 600 595; x_wconf 88' lang='lat' dir='ltr'><strong>servus,</strong></span> <span class='ocrx_word' id='word_1_11' title='bbox 633 538 825 586; x_wconf 90' lang='lat' dir='ltr'><strong>vocato</strong></span> <span class='ocrx_word' id='word_1_12' title='bbox 854 539 1204 599; x_wconf 79' lang='lat' dir='ltr'><strong>procuratore</strong></span> <span class='ocrx_word' id='word_1_13' title='bbox 1238 550 1250 585; x_wconf 92' lang='lat'><strong>:</strong></span> <span class='ocrx_word' id='word_1_14' title='bbox 1286 532 1381 597; x_wconf 91' lang='lat' dir='ltr'><strong>Da,</strong></span> <span class='ocrx_word' id='word_1_15' title='bbox 1417 533 1612 602; x_wconf 79' lang='lat' dir='ltr'><strong>inquit,</strong></span> <span class='ocrx_word' id='word_1_16' title='bbox 1636 532 1819 598; x_wconf 79' lang='lat' dir='ltr'><strong>frater,</strong></span> <span class='ocrx_word' id='word_1_17' title='bbox 1852 530 1978 586; x_wconf 89' lang='lat' dir='ltr'><strong>huic</strong></span> <span class='ocrx_word' id='word_1_18' title='bbox 2005 532 2060 592; x_wconf 77' lang='grc' dir='ltr'><strong>Α</strong></span> <span class='ocrx_word' id='word_1_19' title='bbox 2083 536 2139 584; x_wconf 89' lang='lat' dir='ltr'><strong>et</strong></span> <span class='ocrx_word' id='word_1_20' title='bbox 2180 529 2324 583; x_wconf 89' lang='lat' dir='ltr'><strong>Petri</strong></span> <span class='ocrx_word' id='word_1_21' title='bbox 2368 531 2624 603; x_wconf 79' lang='lat' dir='ltr'><strong>principis</strong></span> <span class='ocrx_word' id='word_1_22' title='bbox 2673 531 3041 602; x_wconf 85' lang='lat' dir='ltr'><strong>apostolorum</strong></span> <span class='ocrx_word' id='word_1_23' title='bbox 3068 544 3349 587; x_wconf 85' lang='lat' dir='ltr'><strong>successor</strong></span> <span class='ocrx_word' id='word_1_24' title='bbox 3552 550 3567 586; x_wconf 91' lang='lat'><strong>:</strong></span> <span class='ocrx_word' id='word_1_25' title='bbox 3600 541 3659 589; x_wconf 90' lang='lat' dir='ltr'><strong>ut</strong></span> 
     </span>
    </p>
   </div>
   <div class='ocr_carea' id='block_1_5' title="bbox 388 621 1970 693">
    <p class='ocr_par' dir='ltr' id='par_1_5' title="bbox 388 621 1970 693">
     <span class='ocr_line' id='line_1_5' title="bbox 388 621 1970 693; baseline 0.001 -17"><span class='ocrx_word' id='word_1_26' title='bbox 388 636 485 676; x_wconf 84' lang='lat' dir='ltr'><strong>sex</strong></span> <span class='ocrx_word' id='word_1_27' title='bbox 517 636 764 675; x_wconf 90' lang='lat' dir='ltr'><strong>nummos</strong></span> <span class='ocrx_word' id='word_1_28' title='bbox 794 636 1005 675; x_wconf 89' lang='lat' dir='ltr'><strong>aureos.</strong></span> <span class='ocrx_word' id='word_1_29' title='bbox 1056 621 1246 676; x_wconf 89' lang='lat' dir='ltr'><strong>Frater</strong></span> <span class='ocrx_word' id='word_1_30' title='bbox 1283 631 1461 677; x_wconf 89' lang='lat' dir='ltr'><strong>autem</strong></span> <span class='ocrx_word' id='word_1_31' title='bbox 1504 624 1557 678; x_wconf 90' lang='lat' dir='ltr'><strong>id</strong></span> <span class='ocrx_word' id='word_1_32' title='bbox 1600 624 1744 693; x_wconf 88' lang='lat' dir='ltr'><strong>quod</strong></span> <span class='ocrx_word' id='word_1_33' title='bbox 1785 637 1970 679; x_wconf 88' lang='lat' dir='ltr'><strong>servus</strong></span> 
     </span>
    </p>
   </div>
   <div class='ocr_carea' id='block_1_6' title="bbox 392 710 1967 784">
    <p class='ocr_par' dir='ltr' id='par_1_6' title="bbox 392 710 1967 784">
     <span class='ocr_line' id='line_1_6' title="bbox 392 710 1967 784; baseline 0.001 -19"><span class='ocrx_word' id='word_1_34' title='bbox 392 710 487 765; x_wconf 85' lang='lat' dir='ltr'><strong>Dei</strong></span> <span class='ocrx_word' id='word_1_35' title='bbox 518 710 809 781; x_wconf 89' lang='lat' dir='ltr'><strong>Gregorius</strong></span> <span class='ocrx_word' id='word_1_36' title='bbox 836 712 1205 778; x_wconf 83' lang='lat' dir='ltr'><strong>mandaverat,</strong></span> <span class='ocrx_word' id='word_1_37' title='bbox 1236 712 1378 780; x_wconf 88' lang='lat' dir='ltr'><strong>fecit,</strong></span> <span class='ocrx_word' id='word_1_38' title='bbox 1409 713 1763 784; x_wconf 91' lang='lat' dir='ltr'><strong>mendicoque</strong></span> <span class='ocrx_word' id='word_1_39' title='bbox 1803 728 1967 783; x_wconf 87' lang='lat' dir='ltr'><strong>pecu-</strong></span> 
     </span>
    </p>
   </div>
   <div class='ocr_carea' id='block_1_7' title="bbox 390 799 1971 872">
    <p class='ocr_par' dir='ltr' id='par_1_7' title="bbox 390 799 1971 872">
     <span class='ocr_line' id='line_1_7' title="bbox 390 799 1971 872; baseline -0.001 -17"><span class='ocrx_word' id='word_1_40' title='bbox 390 801 537 855; x_wconf 82' lang='lat' dir='ltr'><strong>niam</strong></span> <span class='ocrx_word' id='word_1_41' title='bbox 562 801 727 855; x_wconf 82' lang='lat' dir='ltr'><strong>dedit.</strong></span> <span class='ocrx_word' id='word_1_42' title='bbox 762 799 967 855; x_wconf 88' lang='lat' dir='ltr'><strong>Eodem</strong></span> <span class='ocrx_word' id='word_1_43' title='bbox 989 817 1173 857; x_wconf 87' lang='lat' dir='ltr'><strong>rursus</strong></span> <span class='ocrx_word' id='word_1_44' title='bbox 1191 802 1274 856; x_wconf 91' lang='lat' dir='ltr'><strong>die</strong></span> <span class='ocrx_word' id='word_1_45' title='bbox 1289 817 1490 872; x_wconf 87' lang='lat' dir='ltr'><strong>pauper</strong></span> <span class='ocrx_word' id='word_1_46' title='bbox 1510 800 1650 857; x_wconf 86' lang='lat' dir='ltr'><strong>idem</strong></span> <span class='ocrx_word' id='word_1_47' title='bbox 1671 802 1737 855; x_wconf 90' lang='lat' dir='ltr'><strong>ad</strong></span> <span class='ocrx_word' id='word_1_48' title='bbox 1754 803 1971 856; x_wconf 88' lang='lat' dir='ltr'><strong>beatum</strong></span> 
     </span>
    </p>
   </div>
   <div class='ocr_carea' id='block_1_8' title="bbox 391 888 1971 963">
    <p class='ocr_par' dir='ltr' id='par_1_8' title="bbox 391 888 1971 963">
     <span class='ocr_line' id='line_1_8' title="bbox 391 888 1971 963; baseline 0 -16"><span class='ocrx_word' id='word_1_49' title='bbox 391 888 714 958; x_wconf 81' lang='lat' dir='ltr'><strong>Gregorium</strong></span> <span class='ocrx_word' id='word_1_50' title='bbox 745 894 916 958; x_wconf 85' lang='lat' dir='ltr'><strong>venit;</strong></span> <span class='ocrx_word' id='word_1_51' title='bbox 948 904 1026 960; x_wconf 82' lang='lat' dir='ltr'><strong>et,</strong></span> <span class='ocrx_word' id='word_1_52' title='bbox 1056 892 1310 948; x_wconf 82' lang='lat' dir='ltr'><strong>Miserere</strong></span> <span class='ocrx_word' id='word_1_53' title='bbox 1338 894 1464 960; x_wconf 91' lang='lat' dir='ltr'><strong>mei,</strong></span> <span class='ocrx_word' id='word_1_54' title='bbox 1492 894 1684 963; x_wconf 80' lang='lat' dir='ltr'><strong>inquit,</strong></span> <span class='ocrx_word' id='word_1_55' title='bbox 1703 908 1858 949; x_wconf 82' lang='lat' dir='ltr'><strong>serve</strong></span> <span class='ocrx_word' id='word_1_56' title='bbox 1878 892 1971 948; x_wconf 89' lang='lat' dir='ltr'><strong>Dei</strong></span> 
     </span>
    </p>
   </div>
   <div class='ocr_carea' id='block_1_9' title="bbox 392 983 1972 1057">
    <p class='ocr_par' dir='ltr' id='par_1_9' title="bbox 392 983 1972 1057">
     <span class='ocr_line' id='line_1_9' title="bbox 392 983 1972 1057; baseline 0.004 -20"><span class='ocrx_word' id='word_1_57' title='bbox 392 983 672 1051; x_wconf 82' lang='lat' dir='ltr'><strong>Altissimi,</strong></span> <span class='ocrx_word' id='word_1_58' title='bbox 695 984 927 1053; x_wconf 89' lang='lat' dir='ltr'><strong>quicum</strong></span> <span class='ocrx_word' id='word_1_59' title='bbox 957 985 1123 1039; x_wconf 89' lang='lat' dir='ltr'><strong>multa</strong></span> <span class='ocrx_word' id='word_1_60' title='bbox 1153 987 1441 1051; x_wconf 89' lang='lat' dir='ltr'><strong>amiserim,</strong></span> <span class='ocrx_word' id='word_1_61' title='bbox 1466 1003 1653 1057; x_wconf 90' lang='lat' dir='ltr'><strong>parum</strong></span> <span class='ocrx_word' id='word_1_62' title='bbox 1682 989 1777 1042; x_wconf 90' lang='lat' dir='ltr'><strong>abs</strong></span> <span class='ocrx_word' id='word_1_63' title='bbox 1798 996 1851 1043; x_wconf 91' lang='lat' dir='ltr'><strong>te</strong></span> <span class='ocrx_word' id='word_1_64' title='bbox 1880 1002 1972 1043; x_wconf 84' lang='lat' dir='ltr'><strong>ac-</strong></span> 
     </span>
    </p>
   </div>
   <div class='ocr_carea' id='block_1_10' title="bbox 392 1075 1974 1146">
    <p class='ocr_par' dir='ltr' id='par_1_10' title="bbox 392 1075 1974 1146">
     <span class='ocr_line' id='line_1_10' title="bbox 392 1075 1974 1146; baseline 0.002 -15"><span class='ocrx_word' id='word_1_65' title='bbox 392 1077 530 1145; x_wconf 88' lang='lat' dir='ltr'><strong>cepi.</strong></span> <span class='ocrx_word' id='word_1_66' title='bbox 564 1075 762 1131; x_wconf 86' lang='lat' dir='ltr'><strong>Beatus</strong></span> <span class='ocrx_word' id='word_1_67' title='bbox 794 1086 973 1131; x_wconf 90' lang='lat' dir='ltr'><strong>autem</strong></span> <span class='ocrx_word' id='word_1_68' title='bbox 1008 1076 1301 1146; x_wconf 81' lang='lat' dir='ltr'><strong>Gregorius</strong></span> <span class='ocrx_word' id='word_1_69' title='bbox 1344 1079 1647 1133; x_wconf 87' lang='lat' dir='ltr'><strong>ministrum</strong></span> <span class='ocrx_word' id='word_1_70' title='bbox 1684 1095 1839 1134; x_wconf 91' lang='lat' dir='ltr'><strong>suum</strong></span> <span class='ocrx_word' id='word_1_71' title='bbox 1876 1082 1974 1134; x_wconf 89' lang='lat' dir='ltr'><strong>ite-</strong></span> 
     </span>
    </p>
   </div>
   <div class='ocr_carea' id='block_1_11' title="bbox 391 1166 1973 1234">
    <p class='ocr_par' dir='ltr' id='par_1_11' title="bbox 391 1166 1973 1234">
     <span class='ocr_line' id='line_1_11' title="bbox 391 1166 1973 1234; baseline 0.001 -13"><span class='ocrx_word' id='word_1_72' title='bbox 391 1180 514 1221; x_wconf 86' lang='lat' dir='ltr'><strong>rum</strong></span> <span class='ocrx_word' id='word_1_73' title='bbox 544 1166 807 1229; x_wconf 49' lang='lat' dir='ltr'><strong>vocavity</strong></span> <span class='ocrx_word' id='word_1_74' title='bbox 834 1166 1075 1234; x_wconf 80' lang='lat' dir='ltr'><strong>dixitque</strong></span> <span class='ocrx_word' id='word_1_75' title='bbox 1116 1175 1175 1219; x_wconf 89' lang='lat' dir='ltr'><strong>ut</strong></span> <span class='ocrx_word' id='word_1_76' title='bbox 1222 1182 1316 1221; x_wconf 89' lang='lat' dir='ltr'><strong>sex</strong></span> <span class='ocrx_word' id='word_1_77' title='bbox 1346 1168 1474 1222; x_wconf 87' lang='lat' dir='ltr'><strong>item</strong></span> <span class='ocrx_word' id='word_1_78' title='bbox 1515 1184 1761 1223; x_wconf 86' lang='lat' dir='ltr'><strong>nummos</strong></span> <span class='ocrx_word' id='word_1_79' title='bbox 1799 1168 1973 1223; x_wconf 91' lang='lat' dir='ltr'><strong>eidem</strong></span> 
     </span>
    </p>
   </div>
   <div class='ocr_carea' id='block_1_12' title="bbox 394 1256 1975 1331">
    <p class='ocr_par' dir='ltr' id='par_1_12' title="bbox 394 1256 1975 1331">
     <span class='ocr_line' id='line_1_12' title="bbox 394 1256 1975 1331; baseline 0.003 -21"><span class='ocrx_word' id='word_1_80' title='bbox 394 1256 620 1326; x_wconf 86' lang='lat' dir='ltr'><strong>pauperi</strong></span> <span class='ocrx_word' id='word_1_81' title='bbox 672 1268 1000 1312; x_wconf 86' lang='lat' dir='ltr'><strong>numeraret.</strong></span> <span class='ocrx_word' id='word_1_82' title='bbox 1051 1257 1129 1312; x_wconf 88' lang='lat' dir='ltr'><strong>Ac</strong></span> <span class='ocrx_word' id='word_1_83' title='bbox 1176 1258 1339 1313; x_wconf 90' lang='lat' dir='ltr'><strong>lrater</strong></span> <span class='ocrx_word' id='word_1_84' title='bbox 1369 1260 1582 1329; x_wconf 89' lang='lat' dir='ltr'><strong>quidem</strong></span> <span class='ocrx_word' id='word_1_85' title='bbox 1630 1261 1828 1331; x_wconf 90' lang='lat' dir='ltr'><strong>paruit.</strong></span> <span class='ocrx_word' id='word_1_86' title='bbox 1868 1259 1975 1315; x_wconf 88' lang='lat' dir='ltr'><strong>Sed</strong></span> 
     </span>
    </p>
   </div>
   <div class='ocr_carea' id='block_1_13' title="bbox 399 1347 1971 1417">
    <p class='ocr_par' dir='ltr' id='par_1_13' title="bbox 399 1347 1971 1417">
     <span class='ocr_line' id='line_1_13' title="bbox 399 1347 1971 1417; baseline 0.003 -18"><span class='ocrx_word' id='word_1_87' title='bbox 399 1361 599 1415; x_wconf 84' lang='lat' dir='ltr'><strong>pauper</strong></span> <span class='ocrx_word' id='word_1_88' title='bbox 617 1348 1018 1416; x_wconf 85' lang='lat' dir='ltr'><strong>eum,‘acceptis</strong></span> <span class='ocrx_word' id='word_1_89' title='bbox 1035 1347 1319 1403; x_wconf 88' lang='lat' dir='ltr'><strong>duodecim</strong></span> <span class='ocrx_word' id='word_1_90' title='bbox 1342 1351 1590 1415; x_wconf 89' lang='lat' dir='ltr'><strong>nummis,</strong></span> <span class='ocrx_word' id='word_1_91' title='bbox 1623 1351 1971 1417; x_wconf 87' lang='lat' dir='ltr'><strong>discessisset,</strong></span> 
     </span>
    </p>
   </div>
   <div class='ocr_carea' id='block_1_14' title="bbox 397 1436 1971 1509">
    <p class='ocr_par' dir='ltr' id='par_1_14' title="bbox 397 1436 1971 1509">
     <span class='ocr_line' id='line_1_14' title="bbox 397 1436 1971 1509; baseline 0.004 -20"><span class='ocrx_word' id='word_1_92' title='bbox 397 1438 463 1489; x_wconf 92' lang='lat' dir='ltr'><strong>ad</strong></span> <span class='ocrx_word' id='word_1_93' title='bbox 494 1437 710 1491; x_wconf 89' lang='lat' dir='ltr'><strong>beatum</strong></span> <span class='ocrx_word' id='word_1_94' title='bbox 738 1436 1055 1505; x_wconf 84' lang='lat' dir='ltr'><strong>Gregorium</strong></span> <span class='ocrx_word' id='word_1_95' title='bbox 1084 1440 1246 1507; x_wconf 91' lang='lat' dir='ltr'><strong>paulo</strong></span> <span class='ocrx_word' id='word_1_96' title='bbox 1274 1451 1396 1509; x_wconf 92' lang='lat' dir='ltr'><strong>post</strong></span> <span class='ocrx_word' id='word_1_97' title='bbox 1429 1442 1588 1495; x_wconf 85' lang='lat' dir='ltr'><strong>rediit</strong></span> <span class='ocrx_word' id='word_1_98' title='bbox 1620 1442 1809 1497; x_wconf 92' lang='lat' dir='ltr'><strong>eodem</strong></span> <span class='ocrx_word' id='word_1_99' title='bbox 1843 1443 1930 1497; x_wconf 91' lang='lat' dir='ltr'><strong>die</strong></span> <span class='ocrx_word' id='word_1_100' title='bbox 1957 1460 1971 1495; x_wconf 93' lang='lat'><strong>:</strong></span> 
     </span>
    </p>
   </div>
   <div class='ocr_carea' id='block_1_15' title="bbox 398 1525 1976 1602">
    <p class='ocr_par' dir='ltr' id='par_1_15' title="bbox 398 1525 1976 1602">
     <span class='ocr_line' id='line_1_15' title="bbox 398 1525 1976 1602; baseline 0.006 -23"><span class='ocrx_word' id='word_1_101' title='bbox 398 1525 685 1592; x_wconf 83' lang='lat' dir='ltr'><strong>Miserere,</strong></span> <span class='ocrx_word' id='word_1_102' title='bbox 718 1528 1143 1595; x_wconf 76' lang='lat' dir='ltr'><strong>inquiens,,mei,</strong></span> <span class='ocrx_word' id='word_1_103' title='bbox 1174 1546 1327 1585; x_wconf 88' lang='lat' dir='ltr'><strong>serve</strong></span> <span class='ocrx_word' id='word_1_104' title='bbox 1356 1533 1449 1587; x_wconf 92' lang='lat' dir='ltr'><strong>Dei</strong></span> <span class='ocrx_word' id='word_1_105' title='bbox 1478 1534 1733 1588; x_wconf 84' lang='lat' dir='ltr'><strong>Altissimi</strong></span> <span class='ocrx_word' id='word_1_106' title='bbox 1752 1577 1768 1602; x_wconf 93' lang='lat'><strong>,</strong></span> <span class='ocrx_word' id='word_1_107' title='bbox 1798 1543 1853 1589; x_wconf 90' lang='lat' dir='ltr'><strong>et</strong></span> <span class='ocrx_word' id='word_1_108' title='bbox 1879 1534 1976 1589; x_wconf 90' lang='lat' dir='ltr'><strong>ali-</strong></span> 
     </span>
    </p>
   </div>
   <div class='ocr_carea' id='block_1_16' title="bbox 396 1617 1975 1693">
    <p class='ocr_par' dir='ltr' id='par_1_16' title="bbox 396 1617 1975 1693">
     <span class='ocr_line' id='line_1_16' title="bbox 396 1617 1975 1693; baseline 0.006 -24"><span class='ocrx_word' id='word_1_109' title='bbox 396 1617 519 1684; x_wconf 91' lang='lat' dir='ltr'><strong>quid</strong></span> <span class='ocrx_word' id='word_1_110' title='bbox 558 1633 766 1671; x_wconf 90' lang='lat' dir='ltr'><strong>rursum</strong></span> <span class='ocrx_word' id='word_1_111' title='bbox 810 1620 1037 1687; x_wconf 88' lang='lat' dir='ltr'><strong>elargire</strong></span> <span class='ocrx_word' id='word_1_112' title='bbox 1069 1639 1081 1673; x_wconf 95' lang='lat'><strong>:</strong></span> <span class='ocrx_word' id='word_1_113' title='bbox 1117 1621 1371 1690; x_wconf 89' lang='lat' dir='ltr'><strong>quoniam</strong></span> <span class='ocrx_word' id='word_1_114' title='bbox 1418 1638 1665 1693; x_wconf 85' lang='lat' dir='ltr'><strong>magnam</strong></span> <span class='ocrx_word' id='word_1_115' title='bbox 1710 1624 1975 1693; x_wconf 86' lang='lat' dir='ltr'><strong>jacturam</strong></span> 
     </span>
    </p>
   </div>
   <div class='ocr_carea' id='block_1_17' title="bbox 397 1707 1977 1782">
    <p class='ocr_par' dir='ltr' id='par_1_17' title="bbox 397 1707 1977 1782">
     <span class='ocr_line' id='line_1_17' title="bbox 397 1707 1977 1782; baseline 0.008 -22"><span class='ocrx_word' id='word_1_116' title='bbox 397 1708 518 1763; x_wconf 82' lang='lat' dir='ltr'><strong>feci.</strong></span> <span class='ocrx_word' id='word_1_117' title='bbox 550 1707 907 1766; x_wconf 90' lang='lat' dir='ltr'><strong>Procuratore</strong></span> <span class='ocrx_word' id='word_1_118' title='bbox 948 1713 1161 1767; x_wconf 91' lang='lat' dir='ltr'><strong>tertium</strong></span> <span class='ocrx_word' id='word_1_119' title='bbox 1192 1716 1453 1769; x_wconf 83' lang='lat' dir='ltr'><strong>accersito</strong></span> <span class='ocrx_word' id='word_1_120' title='bbox 1480 1735 1491 1768; x_wconf 90' lang='lat'><strong>:</strong></span> <span class='ocrx_word' id='word_1_121' title='bbox 1526 1717 1633 1782; x_wconf 87' lang='lat' dir='ltr'><strong>Da,</strong></span> <span class='ocrx_word' id='word_1_122' title='bbox 1668 1717 1864 1782; x_wconf 86' lang='lat' dir='ltr'><strong>frater,</strong></span> <span class='ocrx_word' id='word_1_123' title='bbox 1896 1718 1977 1772; x_wconf 87' lang='lat' dir='ltr'><strong>in-</strong></span> 
     </span>
    </p>
   </div>
   <div class='ocr_carea' id='block_1_18' title="bbox 398 1798 1978 1876">
    <p class='ocr_par' dir='ltr' id='par_1_18' title="bbox 398 1798 1978 1876">
     <span class='ocr_line' id='line_1_18' title="bbox 398 1798 1978 1876; baseline 0.007 -25"><span class='ocrx_word' id='word_1_124' title='bbox 398 1798 531 1866; x_wconf 91' lang='lat' dir='ltr'><strong>quit,</strong></span> <span class='ocrx_word' id='word_1_125' title='bbox 563 1799 687 1857; x_wconf 88' lang='lat' dir='ltr'><strong>huic</strong></span> <span class='ocrx_word' id='word_1_126' title='bbox 713 1802 935 1869; x_wconf 86' lang='lat' dir='ltr'><strong>pauperi</strong></span> <span class='ocrx_word' id='word_1_127' title='bbox 963 1817 1057 1856; x_wconf 86' lang='lat' dir='ltr'><strong>sex</strong></span> <span class='ocrx_word' id='word_1_128' title='bbox 1081 1803 1216 1858; x_wconf 88' lang='lat' dir='ltr'><strong>alios</strong></span> <span class='ocrx_word' id='word_1_129' title='bbox 1244 1820 1509 1859; x_wconf 90' lang='lat' dir='ltr'><strong>nnmmos.</strong></span> <span class='ocrx_word' id='word_1_130' title='bbox 1542 1805 1611 1858; x_wconf 87' lang='lat' dir='ltr'><strong>At</strong></span> <span class='ocrx_word' id='word_1_131' title='bbox 1636 1805 1724 1860; x_wconf 92' lang='lat' dir='ltr'><strong>ille</strong></span> <span class='ocrx_word' id='word_1_132' title='bbox 1751 1822 1978 1876; x_wconf 84' lang='lat' dir='ltr'><strong>respon-</strong></span> 
     </span>
    </p>
   </div>
   <div class='ocr_carea' id='block_1_19' title="bbox 2074 620 3660 692">
    <p class='ocr_par' dir='ltr' id='par_1_19' title="bbox 2074 620 3660 692">
     <span class='ocr_line' id='line_1_19' title="bbox 2074 620 3660 692; baseline 0.003 -19"><span class='ocrx_word' id='word_1_133' title='bbox 2074 634 2263 689; x_wconf 89' lang='lat' dir='ltr'><strong>posses</strong></span> <span class='ocrx_word' id='word_1_134' title='bbox 2311 620 2560 677; x_wconf 90' lang='lat' dir='ltr'><strong>omnibus</strong></span> <span class='ocrx_word' id='word_1_135' title='bbox 2611 622 2986 691; x_wconf 90' lang='lat' dir='ltr'><strong>quodcumque</strong></span> <span class='ocrx_word' id='word_1_136' title='bbox 3031 636 3167 692; x_wconf 90' lang='lat' dir='ltr'><strong>opus</strong></span> <span class='ocrx_word' id='word_1_137' title='bbox 3218 621 3358 677; x_wconf 88' lang='lat' dir='ltr'><strong>foret</strong></span> <span class='ocrx_word' id='word_1_138' title='bbox 3402 622 3660 678; x_wconf 87' lang='lat' dir='ltr'><strong>submini-</strong></span> 
     </span>
    </p>
   </div>
   <div class='ocr_carea' id='block_1_20' title="bbox 2073 710 3662 783">
    <p class='ocr_par' dir='ltr' id='par_1_20' title="bbox 2073 710 3662 783">
     <span class='ocr_line' id='line_1_20' title="bbox 2073 710 3662 783; baseline 0.003 -17"><span class='ocrx_word' id='word_1_139' title='bbox 2073 719 2268 767; x_wconf 89' lang='lat' dir='ltr'><strong>strare.</strong></span> <span class='ocrx_word' id='word_1_140' title='bbox 2312 710 2493 777; x_wconf 91' lang='lat' dir='ltr'><strong>Unde,</strong></span> <span class='ocrx_word' id='word_1_141' title='bbox 2526 713 2713 768; x_wconf 90' lang='lat' dir='ltr'><strong>beatus</strong></span> <span class='ocrx_word' id='word_1_142' title='bbox 2740 714 2915 783; x_wconf 88' lang='lat' dir='ltr'><strong>inquit</strong></span> <span class='ocrx_word' id='word_1_143' title='bbox 2938 713 3257 782; x_wconf 78' lang='lat' dir='ltr'><strong>Gregorius,</strong></span> <span class='ocrx_word' id='word_1_144' title='bbox 3308 715 3479 777; x_wconf 89' lang='lat' dir='ltr'><strong>nosti,</strong></span> <span class='ocrx_word' id='word_1_145' title='bbox 3529 721 3662 770; x_wconf 84' lang='lat' dir='ltr'><strong>tunc</strong></span> 
     </span>
    </p>
   </div>
   <div class='ocr_carea' id='block_1_21' title="bbox 2073 802 3657 872">
    <p class='ocr_par' dir='ltr' id='par_1_21' title="bbox 2073 802 3657 872">
     <span class='ocr_line' id='line_1_21' title="bbox 2073 802 3657 872; baseline 0 -16"><span class='ocrx_word' id='word_1_146' title='bbox 2073 803 2376 868; x_wconf 90' lang='lat' dir='ltr'><strong>Dominum,</strong></span> <span class='ocrx_word' id='word_1_147' title='bbox 2408 810 2467 856; x_wconf 92' lang='lat' dir='ltr'><strong>ut</strong></span> <span class='ocrx_word' id='word_1_148' title='bbox 2503 816 2604 870; x_wconf 86' lang='lat' dir='ltr'><strong>ego</strong></span> <span class='ocrx_word' id='word_1_149' title='bbox 2630 805 2870 872; x_wconf 82' lang='lat' dir='ltr'><strong>pontifex</strong></span> <span class='ocrx_word' id='word_1_150' title='bbox 2898 802 3104 869; x_wconf 86' lang='lat' dir='ltr'><strong>ﬁerem,</strong></span> <span class='ocrx_word' id='word_1_151' title='bbox 3136 804 3477 859; x_wconf 73' lang='lat' dir='ltr'><strong>decrevisse?</strong></span> <span class='ocrx_word' id='word_1_152' title='bbox 3499 802 3657 869; x_wconf 77' lang='lat' dir='ltr'><strong>Quia,</strong></span> 
     </span>
    </p>
   </div>
   <div class='ocr_carea' id='block_1_22' title="bbox 2073 892 3662 965">
    <p class='ocr_par' dir='ltr' id='par_1_22' title="bbox 2073 892 3662 965">
     <span class='ocr_line' id='line_1_22' title="bbox 2073 892 3662 965; baseline 0.001 -17"><span class='ocrx_word' id='word_1_153' title='bbox 2073 893 2373 963; x_wconf 90' lang='lat' dir='ltr'><strong>respondit,</strong></span> <span class='ocrx_word' id='word_1_154' title='bbox 2412 908 2529 947; x_wconf 90' lang='lat' dir='ltr'><strong>sum</strong></span> <span class='ocrx_word' id='word_1_155' title='bbox 2561 893 2655 947; x_wconf 89' lang='lat' dir='ltr'><strong>Dei</strong></span> <span class='ocrx_word' id='word_1_156' title='bbox 2683 895 2904 962; x_wconf 84' lang='lat' dir='ltr'><strong>angelus</strong></span> <span class='ocrx_word' id='word_1_157' title='bbox 2934 896 3345 965; x_wconf 88' lang='lat' dir='ltr'><strong>omnipotentis,</strong></span> <span class='ocrx_word' id='word_1_158' title='bbox 3378 895 3579 950; x_wconf 90' lang='lat' dir='ltr'><strong>idcirco</strong></span> <span class='ocrx_word' id='word_1_159' title='bbox 3608 892 3662 949; x_wconf 87' lang='lat' dir='ltr'><strong>id</strong></span> 
     </span>
    </p>
   </div>
   <div class='ocr_carea' id='block_1_23' title="bbox 2078 981 3661 1054">
    <p class='ocr_par' dir='ltr' id='par_1_23' title="bbox 2078 981 3661 1054">
     <span class='ocr_line' id='line_1_23' title="bbox 2078 981 3661 1054; baseline 0 -16"><span class='ocrx_word' id='word_1_160' title='bbox 2078 983 2225 1038; x_wconf 92' lang='lat' dir='ltr'><strong>novi.</strong></span> <span class='ocrx_word' id='word_1_161' title='bbox 2286 981 2351 1035; x_wconf 85' lang='lat' dir='ltr'><strong>Et</strong></span> <span class='ocrx_word' id='word_1_162' title='bbox 2379 990 2507 1037; x_wconf 90' lang='lat' dir='ltr'><strong>tunc</strong></span> <span class='ocrx_word' id='word_1_163' title='bbox 2534 982 2791 1038; x_wconf 89' lang='lat' dir='ltr'><strong>Dominus</strong></span> <span class='ocrx_word' id='word_1_164' title='bbox 2820 984 2966 1037; x_wconf 89' lang='lat' dir='ltr'><strong>misit</strong></span> <span class='ocrx_word' id='word_1_165' title='bbox 3005 1000 3124 1053; x_wconf 91' lang='lat' dir='ltr'><strong>me,</strong></span> <span class='ocrx_word' id='word_1_166' title='bbox 3154 992 3213 1039; x_wconf 91' lang='lat' dir='ltr'><strong>ut</strong></span> <span class='ocrx_word' id='word_1_167' title='bbox 3241 984 3403 1038; x_wconf 89' lang='lat' dir='ltr'><strong>animi</strong></span> <span class='ocrx_word' id='word_1_168' title='bbox 3430 984 3505 1038; x_wconf 91' lang='lat' dir='ltr'><strong>tui</strong></span> <span class='ocrx_word' id='word_1_169' title='bbox 3533 997 3661 1054; x_wconf 83' lang='lat' dir='ltr'><strong>pro-</strong></span> 
     </span>
    </p>
   </div>
   <div class='ocr_carea' id='block_1_24' title="bbox 2073 1074 3659 1144">
    <p class='ocr_par' dir='ltr' id='par_1_24' title="bbox 2073 1074 3659 1144">
     <span class='ocr_line' id='line_1_24' title="bbox 2073 1074 3659 1144; baseline -0.001 -15"><span class='ocrx_word' id='word_1_170' title='bbox 2073 1074 2313 1144; x_wconf 90' lang='lat' dir='ltr'><strong>positum</strong></span> <span class='ocrx_word' id='word_1_171' title='bbox 2348 1074 2686 1143; x_wconf 84' lang='lat' dir='ltr'><strong>explorarem</strong></span> <span class='ocrx_word' id='word_1_172' title='bbox 2707 1114 2721 1138; x_wconf 91' lang='lat'><strong>,</strong></span> <span class='ocrx_word' id='word_1_173' title='bbox 2771 1080 2825 1128; x_wconf 92' lang='lat' dir='ltr'><strong>et</strong></span> <span class='ocrx_word' id='word_1_174' title='bbox 2854 1081 3033 1127; x_wconf 91' lang='lat' dir='ltr'><strong>utrum</strong></span> <span class='ocrx_word' id='word_1_175' title='bbox 3073 1076 3407 1129; x_wconf 88' lang='lat' dir='ltr'><strong>humanitate</strong></span> <span class='ocrx_word' id='word_1_176' title='bbox 3433 1074 3659 1139; x_wconf 88' lang='lat' dir='ltr'><strong>ductus,</strong></span> 
     </span>
    </p>
   </div>
   <div class='ocr_carea' id='block_1_25' title="bbox 2077 1167 3662 1238">
    <p class='ocr_par' dir='ltr' id='par_1_25' title="bbox 2077 1167 3662 1238">
     <span class='ocr_line' id='line_1_25' title="bbox 2077 1167 3662 1238; baseline -0.001 -17"><span class='ocrx_word' id='word_1_177' title='bbox 2077 1182 2143 1221; x_wconf 91' lang='lat' dir='ltr'><strong>an</strong></span> <span class='ocrx_word' id='word_1_178' title='bbox 2199 1167 2563 1222; x_wconf 89' lang='lat' dir='ltr'><strong>ostentatione</strong></span> <span class='ocrx_word' id='word_1_179' title='bbox 2602 1168 2809 1223; x_wconf 88' lang='lat' dir='ltr'><strong>faceres</strong></span> <span class='ocrx_word' id='word_1_180' title='bbox 2857 1167 3276 1238; x_wconf 83' lang='lat' dir='ltr'><strong>eleemosynam.</strong></span> <span class='ocrx_word' id='word_1_181' title='bbox 3311 1168 3429 1235; x_wconf 88' lang='lat' dir='ltr'><strong>Quo</strong></span> <span class='ocrx_word' id='word_1_182' title='bbox 3472 1168 3662 1222; x_wconf 84' lang='lat' dir='ltr'><strong>beatus</strong></span> 
     </span>
    </p>
   </div>
   <div class='ocr_carea' id='block_1_26' title="bbox 2078 1255 3665 1327">
    <p class='ocr_par' dir='ltr' id='par_1_26' title="bbox 2078 1255 3665 1327">
     <span class='ocr_line' id='line_1_26' title="bbox 2078 1255 3665 1327; baseline -0.001 -16"><span class='ocrx_word' id='word_1_183' title='bbox 2078 1255 2371 1325; x_wconf 88' lang='lat' dir='ltr'><strong>Gregorius</strong></span> <span class='ocrx_word' id='word_1_184' title='bbox 2399 1258 2585 1312; x_wconf 90' lang='lat' dir='ltr'><strong>audito</strong></span> <span class='ocrx_word' id='word_1_185' title='bbox 2613 1258 2825 1323; x_wconf 91' lang='lat' dir='ltr'><strong>timuit,</strong></span> <span class='ocrx_word' id='word_1_186' title='bbox 2858 1272 3030 1327; x_wconf 89' lang='lat' dir='ltr'><strong>neque</strong></span> <span class='ocrx_word' id='word_1_187' title='bbox 3061 1258 3202 1311; x_wconf 91' lang='lat' dir='ltr'><strong>enim</strong></span> <span class='ocrx_word' id='word_1_188' title='bbox 3229 1267 3387 1312; x_wconf 89' lang='lat' dir='ltr'><strong>antea</strong></span> <span class='ocrx_word' id='word_1_189' title='bbox 3416 1272 3538 1313; x_wconf 90' lang='lat' dir='ltr'><strong>eum</strong></span> <span class='ocrx_word' id='word_1_190' title='bbox 3568 1271 3665 1309; x_wconf 87' lang='lat' dir='ltr'><strong>an-</strong></span> 
     </span>
    </p>
   </div>
   <div class='ocr_carea' id='block_1_27' title="bbox 2077 1348 3662 1419">
    <p class='ocr_par' dir='ltr' id='par_1_27' title="bbox 2077 1348 3662 1419">
     <span class='ocr_line' id='line_1_27' title="bbox 2077 1348 3662 1419; baseline -0.003 -14"><span class='ocrx_word' id='word_1_191' title='bbox 2077 1351 2253 1419; x_wconf 88' lang='lat' dir='ltr'><strong>gelum</strong></span> <span class='ocrx_word' id='word_1_192' title='bbox 2293 1366 2412 1405; x_wconf 91' lang='lat' dir='ltr'><strong>esse</strong></span> <span class='ocrx_word' id='word_1_193' title='bbox 2459 1358 2816 1419; x_wconf 86' lang='lat' dir='ltr'><strong>cognoverat;</strong></span> <span class='ocrx_word' id='word_1_194' title='bbox 2868 1358 2923 1404; x_wconf 91' lang='lat' dir='ltr'><strong>et</strong></span> <span class='ocrx_word' id='word_1_195' title='bbox 2962 1350 3085 1405; x_wconf 90' lang='lat' dir='ltr'><strong>ideo</strong></span> <span class='ocrx_word' id='word_1_196' title='bbox 3124 1365 3245 1404; x_wconf 91' lang='lat' dir='ltr'><strong>cum</strong></span> <span class='ocrx_word' id='word_1_197' title='bbox 3274 1348 3367 1403; x_wconf 90' lang='lat' dir='ltr'><strong>illo</strong></span> <span class='ocrx_word' id='word_1_198' title='bbox 3409 1360 3662 1418; x_wconf 88' lang='lat' dir='ltr'><strong>tanquam</strong></span> 
     </span>
    </p>
   </div>
   <div class='ocr_carea' id='block_1_28' title="bbox 2079 1440 3666 1510">
    <p class='ocr_par' dir='ltr' id='par_1_28' title="bbox 2079 1440 3666 1510">
     <span class='ocr_line' id='line_1_28' title="bbox 2079 1440 3666 1510; baseline -0.002 -15"><span class='ocrx_word' id='word_1_199' title='bbox 2079 1456 2201 1495; x_wconf 92' lang='lat' dir='ltr'><strong>cum</strong></span> <span class='ocrx_word' id='word_1_200' title='bbox 2233 1441 2449 1496; x_wconf 87' lang='lat' dir='ltr'><strong>homine</strong></span> <span class='ocrx_word' id='word_1_201' title='bbox 2492 1450 2679 1510; x_wconf 83' lang='lat' dir='ltr'><strong>egerat</strong></span> <span class='ocrx_word' id='word_1_202' title='bbox 2727 1450 2783 1495; x_wconf 90' lang='lat' dir='ltr'><strong>et</strong></span> <span class='ocrx_word' id='word_1_203' title='bbox 2820 1442 3029 1496; x_wconf 91' lang='lat' dir='ltr'><strong>locutus</strong></span> <span class='ocrx_word' id='word_1_204' title='bbox 3057 1440 3250 1495; x_wconf 91' lang='lat' dir='ltr'><strong>fuerat.</strong></span> <span class='ocrx_word' id='word_1_205' title='bbox 3300 1440 3443 1493; x_wconf 88' lang='lat' dir='ltr'><strong>Dixit</strong></span> <span class='ocrx_word' id='word_1_206' title='bbox 3486 1448 3666 1493; x_wconf 90' lang='lat' dir='ltr'><strong>autem</strong></span> 
     </span>
    </p>
   </div>
   <div class='ocr_carea' id='block_1_29' title="bbox 2078 1529 3665 1603">
    <p class='ocr_par' dir='ltr' id='par_1_29' title="bbox 2078 1529 3665 1603">
     <span class='ocr_line' id='line_1_29' title="bbox 2078 1529 3665 1603; baseline -0.002 -17"><span class='ocrx_word' id='word_1_207' title='bbox 2078 1533 2299 1603; x_wconf 84' lang='lat' dir='ltr'><strong>angelus</strong></span> <span class='ocrx_word' id='word_1_208' title='bbox 2320 1532 2386 1585; x_wconf 91' lang='lat' dir='ltr'><strong>ad</strong></span> <span class='ocrx_word' id='word_1_209' title='bbox 2407 1532 2623 1586; x_wconf 89' lang='lat' dir='ltr'><strong>beatum</strong></span> <span class='ocrx_word' id='word_1_210' title='bbox 2647 1530 2995 1600; x_wconf 89' lang='lat' dir='ltr'><strong>Gregorium:</strong></span> <span class='ocrx_word' id='word_1_211' title='bbox 3024 1530 3102 1585; x_wconf 89' lang='lat' dir='ltr'><strong>Ne</strong></span> <span class='ocrx_word' id='word_1_212' title='bbox 3126 1532 3332 1595; x_wconf 90' lang='lat' dir='ltr'><strong>timeas,</strong></span> <span class='ocrx_word' id='word_1_213' title='bbox 3356 1529 3501 1585; x_wconf 91' lang='lat' dir='ltr'><strong>misit</strong></span> <span class='ocrx_word' id='word_1_214' title='bbox 3522 1530 3665 1584; x_wconf 88' lang='lat' dir='ltr'><strong>enim</strong></span> 
     </span>
    </p>
   </div>
   <div class='ocr_carea' id='block_1_30' title="bbox 2078 1622 3668 1689">
    <p class='ocr_par' dir='ltr' id='par_1_30' title="bbox 2078 1622 3668 1689">
     <span class='ocr_line' id='line_1_30' title="bbox 2078 1622 3668 1689; baseline 0 -12"><span class='ocrx_word' id='word_1_215' title='bbox 2078 1638 2165 1678; x_wconf 90' lang='lat' dir='ltr'><strong>me</strong></span> <span class='ocrx_word' id='word_1_216' title='bbox 2194 1624 2335 1677; x_wconf 89' lang='lat' dir='ltr'><strong>Deus</strong></span> <span class='ocrx_word' id='word_1_217' title='bbox 2363 1632 2423 1680; x_wconf 90' lang='lat' dir='ltr'><strong>ut</strong></span> <span class='ocrx_word' id='word_1_218' title='bbox 2451 1632 2630 1679; x_wconf 90' lang='lat' dir='ltr'><strong>tecum</strong></span> <span class='ocrx_word' id='word_1_219' title='bbox 2658 1638 2845 1678; x_wconf 89' lang='lat' dir='ltr'><strong>verser</strong></span> <span class='ocrx_word' id='word_1_220' title='bbox 2874 1624 2927 1678; x_wconf 93' lang='lat' dir='ltr'><strong>in</strong></span> <span class='ocrx_word' id='word_1_221' title='bbox 2956 1624 3057 1679; x_wconf 90' lang='lat' dir='ltr'><strong>hac</strong></span> <span class='ocrx_word' id='word_1_222' title='bbox 3083 1623 3213 1677; x_wconf 88' lang='lat' dir='ltr'><strong>vita.</strong></span> <span class='ocrx_word' id='word_1_223' title='bbox 3244 1622 3399 1689; x_wconf 79' lang='lat' dir='ltr'><strong>Quod</strong></span> <span class='ocrx_word' id='word_1_224' title='bbox 3428 1622 3518 1677; x_wconf 90' lang='lat' dir='ltr'><strong>ille</strong></span> <span class='ocrx_word' id='word_1_225' title='bbox 3546 1637 3668 1677; x_wconf 91' lang='lat' dir='ltr'><strong>cum</strong></span> 
     </span>
    </p>
   </div>
   <div class='ocr_carea' id='block_1_31' title="bbox 2080 1712 3668 1785">
    <p class='ocr_par' dir='ltr' id='par_1_31' title="bbox 2080 1712 3668 1785">
     <span class='ocr_line' id='line_1_31' title="bbox 2080 1712 3668 1785; baseline 0 -17"><span class='ocrx_word' id='word_1_226' title='bbox 2080 1715 2346 1781; x_wconf 89' lang='lat' dir='ltr'><strong>audisset,</strong></span> <span class='ocrx_word' id='word_1_227' title='bbox 2378 1715 2527 1769; x_wconf 91' lang='lat' dir='ltr'><strong>humi</strong></span> <span class='ocrx_word' id='word_1_228' title='bbox 2557 1722 2865 1785; x_wconf 88' lang='lat' dir='ltr'><strong>prostratus</strong></span> <span class='ocrx_word' id='word_1_229' title='bbox 2895 1715 2948 1768; x_wconf 93' lang='lat' dir='ltr'><strong>in</strong></span> <span class='ocrx_word' id='word_1_230' title='bbox 2979 1714 3169 1769; x_wconf 83' lang='lat' dir='ltr'><strong>faciem</strong></span> <span class='ocrx_word' id='word_1_231' title='bbox 3198 1728 3380 1779; x_wconf 91' lang='lat' dir='ltr'><strong>suam,</strong></span> <span class='ocrx_word' id='word_1_232' title='bbox 3426 1712 3668 1768; x_wconf 83' lang='lat' dir='ltr'><strong>adoravit</strong></span> 
     </span>
    </p>
   </div>
   <div class='ocr_carea' id='block_1_32' title="bbox 2080 1804 3669 1876">
    <p class='ocr_par' dir='ltr' id='par_1_32' title="bbox 2080 1804 3669 1876">
     <span class='ocr_line' id='line_1_32' title="bbox 2080 1804 3669 1876; baseline 0.002 -19"><span class='ocrx_word' id='word_1_233' title='bbox 2080 1804 2366 1860; x_wconf 91' lang='lat' dir='ltr'><strong>Dominum</strong></span> <span class='ocrx_word' id='word_1_234' title='bbox 2394 1824 2407 1859; x_wconf 96' lang='lat'><strong>:</strong></span> <span class='ocrx_word' id='word_1_235' title='bbox 2437 1805 2495 1861; x_wconf 89' lang='lat' dir='ltr'><strong>Si</strong></span> <span class='ocrx_word' id='word_1_236' title='bbox 2521 1814 2745 1876; x_wconf 90' lang='lat' dir='ltr'><strong>propter</strong></span> <span class='ocrx_word' id='word_1_237' title='bbox 2788 1806 3038 1875; x_wconf 87' lang='lat' dir='ltr'><strong>exiguam</strong></span> <span class='ocrx_word' id='word_1_238' title='bbox 3072 1809 3235 1871; x_wconf 88' lang='lat' dir='ltr'><strong>hanc,</strong></span> <span class='ocrx_word' id='word_1_239' title='bbox 3288 1805 3565 1874; x_wconf 89' lang='lat' dir='ltr'><strong>inquiens,</strong></span> <span class='ocrx_word' id='word_1_240' title='bbox 3598 1804 3669 1860; x_wconf 89' lang='lat' dir='ltr'><strong>ad</strong></span> 
     </span>
    </p>
   </div>
   <div class='ocr_carea' id='block_1_33' title="bbox 399 1889 3669 1967">
    <p class='ocr_par' dir='ltr' id='par_1_33' title="bbox 399 1889 3669 1967">
     <span class='ocr_line' id='line_1_33' title="bbox 399 1889 3669 1967; baseline 0.002 -25"><span class='ocrx_word' id='word_1_241' title='bbox 399 1889 531 1943; x_wconf 89' lang='lat' dir='ltr'><strong>deus</strong></span> <span class='ocrx_word' id='word_1_242' title='bbox 559 1907 571 1941; x_wconf 91' lang='lat'><strong>:</strong></span> <span class='ocrx_word' id='word_1_243' title='bbox 604 1889 775 1945; x_wconf 89' lang='lat' dir='ltr'><strong>Crede</strong></span> <span class='ocrx_word' id='word_1_244' title='bbox 806 1892 956 1951; x_wconf 81' lang='lat' dir='ltr'><strong>mihi,</strong></span> <span class='ocrx_word' id='word_1_245' title='bbox 994 1891 1173 1958; x_wconf 89' lang='lat' dir='ltr'><strong>Pater,</strong></span> <span class='ocrx_word' id='word_1_246' title='bbox 1206 1894 1396 1961; x_wconf 90' lang='lat' dir='ltr'><strong>inquit,</strong></span> <span class='ocrx_word' id='word_1_247' title='bbox 1428 1910 1495 1948; x_wconf 89' lang='lat' dir='ltr'><strong>ne</strong></span> <span class='ocrx_word' id='word_1_248' title='bbox 1519 1910 1655 1948; x_wconf 89' lang='lat' dir='ltr'><strong>unus</strong></span> <span class='ocrx_word' id='word_1_249' title='bbox 1681 1895 1897 1963; x_wconf 90' lang='lat' dir='ltr'><strong>quidem</strong></span> <span class='ocrx_word' id='word_1_250' title='bbox 1923 1896 1977 1949; x_wconf 93' lang='lat' dir='ltr'><strong>in</strong></span> <span class='ocrx_word' id='word_1_251' title='bbox 2008 1908 2057 1966; x_wconf 84' lang='lat' dir='ltr'><strong>B</strong></span> <span class='ocrx_word' id='word_1_252' title='bbox 2084 1896 2503 1964; x_wconf 91' lang='lat' dir='ltr'><strong>promerendum</strong></span> <span class='ocrx_word' id='word_1_253' title='bbox 2554 1896 2718 1950; x_wconf 91' lang='lat' dir='ltr'><strong>animi</strong></span> <span class='ocrx_word' id='word_1_254' title='bbox 2766 1897 3211 1967; x_wconf 88' lang='lat' dir='ltr'><strong>propensionem,</strong></span> <span class='ocrx_word' id='word_1_255' title='bbox 3266 1904 3471 1950; x_wconf 88' lang='lat' dir='ltr'><strong>tantum</strong></span> <span class='ocrx_word' id='word_1_256' title='bbox 3512 1896 3669 1950; x_wconf 85' lang='lat' dir='ltr'><strong>heni-</strong></span> 
     </span>
    </p>
   </div>
   <div class='ocr_carea' id='block_1_34' title="bbox 400 1979 1975 2053">
    <p class='ocr_par' dir='ltr' id='par_1_34' title="bbox 400 1979 1975 2053">
     <span class='ocr_line' id='line_1_34' title="bbox 400 1979 1975 2053; baseline 0.006 -24"><span class='ocrx_word' id='word_1_257' title='bbox 400 1992 525 2032; x_wconf 87' lang='lat' dir='ltr'><strong>arca</strong></span> <span class='ocrx_word' id='word_1_258' title='bbox 580 1979 798 2033; x_wconf 89' lang='lat' dir='ltr'><strong>relictus</strong></span> <span class='ocrx_word' id='word_1_259' title='bbox 843 1991 926 2035; x_wconf 90' lang='lat' dir='ltr'><strong>est</strong></span> <span class='ocrx_word' id='word_1_260' title='bbox 972 1997 1241 2035; x_wconf 92' lang='lat' dir='ltr'><strong>nummus.</strong></span> <span class='ocrx_word' id='word_1_261' title='bbox 1290 1981 1389 2035; x_wconf 89' lang='lat' dir='ltr'><strong>Cui</strong></span> <span class='ocrx_word' id='word_1_262' title='bbox 1418 1984 1608 2038; x_wconf 91' lang='lat' dir='ltr'><strong>beatus</strong></span> <span class='ocrx_word' id='word_1_263' title='bbox 1637 1983 1975 2053; x_wconf 87' lang='lat' dir='ltr'><strong>Gregorius:</strong></span> 
     </span>
    </p>
   </div>
   <div class='ocr_carea' id='block_1_35' title="bbox 400 2062 1981 2143">
    <p class='ocr_par' dir='ltr' id='par_1_35' title="bbox 400 2062 1981 2143">
     <span class='ocr_line' id='line_1_35' title="bbox 400 2062 1981 2143; baseline 0.004 -21"><span class='ocrx_word' id='word_1_264' title='bbox 400 2062 589 2122; x_wconf 81' lang='lat' dir='ltr'><strong>Nonne</strong></span> <span class='ocrx_word' id='word_1_265' title='bbox 618 2068 761 2122; x_wconf 90' lang='lat' dir='ltr'><strong>aliud</strong></span> <span class='ocrx_word' id='word_1_266' title='bbox 788 2069 1076 2138; x_wconf 90' lang='lat' dir='ltr'><strong>quidquam</strong></span> <span class='ocrx_word' id='word_1_267' title='bbox 1107 2071 1273 2127; x_wconf 86' lang='lat' dir='ltr'><strong>habes</strong></span> <span class='ocrx_word' id='word_1_268' title='bbox 1302 2073 1353 2125; x_wconf 90' lang='lat' dir='ltr'><strong>in</strong></span> <span class='ocrx_word' id='word_1_269' title='bbox 1383 2075 1773 2143; x_wconf 90' lang='lat' dir='ltr'><strong>promptuario,</strong></span> <span class='ocrx_word' id='word_1_270' title='bbox 1804 2082 1862 2128; x_wconf 90' lang='lat' dir='ltr'><strong>ut</strong></span> <span class='ocrx_word' id='word_1_271' title='bbox 1886 2090 1981 2129; x_wconf 92' lang='lat' dir='ltr'><strong>vas</strong></span> 
     </span>
    </p>
   </div>
   <div class='ocr_carea' id='block_1_36' title="bbox 403 2154 1981 2233">
    <p class='ocr_par' dir='ltr' id='par_1_36' title="bbox 403 2154 1981 2233">
     <span class='ocr_line' id='line_1_36' title="bbox 403 2154 1981 2233; baseline 0.007 -26"><span class='ocrx_word' id='word_1_272' title='bbox 403 2154 624 2225; x_wconf 88' lang='lat' dir='ltr'><strong>aliquod</strong></span> <span class='ocrx_word' id='word_1_273' title='bbox 652 2168 740 2211; x_wconf 92' lang='lat' dir='ltr'><strong>aut</strong></span> <span class='ocrx_word' id='word_1_274' title='bbox 787 2159 1199 2228; x_wconf 87' lang='lat' dir='ltr'><strong>vestimentum,</strong></span> <span class='ocrx_word' id='word_1_275' title='bbox 1247 2161 1390 2230; x_wconf 91' lang='lat' dir='ltr'><strong>quod</strong></span> <span class='ocrx_word' id='word_1_276' title='bbox 1437 2164 1659 2232; x_wconf 88' lang='lat' dir='ltr'><strong>pauperi</strong></span> <span class='ocrx_word' id='word_1_277' title='bbox 1706 2164 1981 2233; x_wconf 81' lang='lat' dir='ltr'><strong>largiaris?</strong></span> 
     </span>
    </p>
   </div>
   <div class='ocr_carea' id='block_1_37' title="bbox 402 2243 1983 2325">
    <p class='ocr_par' dir='ltr' id='par_1_37' title="bbox 402 2243 1983 2325">
     <span class='ocr_line' id='line_1_37' title="bbox 402 2243 1983 2325; baseline 0.009 -27"><span class='ocrx_word' id='word_1_278' title='bbox 402 2243 650 2311; x_wconf 87' lang='lat' dir='ltr'><strong>Nullum,</strong></span> <span class='ocrx_word' id='word_1_279' title='bbox 683 2251 967 2319; x_wconf 82' lang='lat' dir='ltr'><strong>respondit.</strong></span> <span class='ocrx_word' id='word_1_280' title='bbox 990 2251 1106 2318; x_wconf 88' lang='lat' dir='ltr'><strong>ille,</strong></span> <span class='ocrx_word' id='word_1_281' title='bbox 1135 2268 1228 2307; x_wconf 90' lang='lat' dir='ltr'><strong>vas</strong></span> <span class='ocrx_word' id='word_1_282' title='bbox 1258 2253 1537 2321; x_wconf 90' lang='lat' dir='ltr'><strong>habemus,</strong></span> <span class='ocrx_word' id='word_1_283' title='bbox 1570 2264 1759 2324; x_wconf 64' lang='lat' dir='ltr'><strong>prteter</strong></span> <span class='ocrx_word' id='word_1_284' title='bbox 1787 2272 1983 2325; x_wconf 81' lang='lat' dir='ltr'><strong>argen-</strong></span> 
     </span>
    </p>
   </div>
   <div class='ocr_carea' id='block_1_38' title="bbox 409 2339 1982 2415">
    <p class='ocr_par' dir='ltr' id='par_1_38' title="bbox 409 2339 1982 2415">
     <span class='ocr_line' id='line_1_38' title="bbox 409 2339 1982 2415; baseline 0.006 -24"><span class='ocrx_word' id='word_1_285' title='bbox 409 2344 551 2391; x_wconf 89' lang='lat' dir='ltr'><strong>teum</strong></span> <span class='ocrx_word' id='word_1_286' title='bbox 591 2339 738 2403; x_wconf 89' lang='lat' dir='ltr'><strong>illud,</strong></span> <span class='ocrx_word' id='word_1_287' title='bbox 763 2341 905 2410; x_wconf 93' lang='lat' dir='ltr'><strong>quod</strong></span> <span class='ocrx_word' id='word_1_288' title='bbox 921 2356 1113 2411; x_wconf 88' lang='lat' dir='ltr'><strong>magna</strong></span> <span class='ocrx_word' id='word_1_289' title='bbox 1135 2344 1350 2398; x_wconf 88' lang='lat' dir='ltr'><strong>domina</strong></span> <span class='ocrx_word' id='word_1_290' title='bbox 1367 2345 1433 2399; x_wconf 92' lang='lat' dir='ltr'><strong>de</strong></span> <span class='ocrx_word' id='word_1_291' title='bbox 1454 2359 1604 2400; x_wconf 90' lang='lat' dir='ltr'><strong>more</strong></span> <span class='ocrx_word' id='word_1_292' title='bbox 1630 2346 1982 2415; x_wconf 88' lang='lat' dir='ltr'><strong>leguminibus</strong></span> 
     </span>
    </p>
   </div>
   <div class='ocr_carea' id='block_1_39' title="bbox 405 2426 1979 2505">
    <p class='ocr_par' dir='ltr' id='par_1_39' title="bbox 405 2426 1979 2505">
     <span class='ocr_line' id='line_1_39' title="bbox 405 2426 1979 2505; baseline 0.007 -25"><span class='ocrx_word' id='word_1_293' title='bbox 405 2426 622 2497; x_wconf 90' lang='lat' dir='ltr'><strong>plenum</strong></span> <span class='ocrx_word' id='word_1_294' title='bbox 653 2429 815 2484; x_wconf 91' lang='lat' dir='ltr'><strong>misit.</strong></span> <span class='ocrx_word' id='word_1_295' title='bbox 848 2431 978 2497; x_wconf 85' lang='lat' dir='ltr'><strong>Abi,</strong></span> <span class='ocrx_word' id='word_1_296' title='bbox 1011 2432 1182 2503; x_wconf 89' lang='lat' dir='ltr'><strong>inquit</strong></span> <span class='ocrx_word' id='word_1_297' title='bbox 1209 2450 1395 2489; x_wconf 88' lang='lat' dir='ltr'><strong>servus</strong></span> <span class='ocrx_word' id='word_1_298' title='bbox 1425 2436 1517 2490; x_wconf 92' lang='lat' dir='ltr'><strong>Dei</strong></span> <span class='ocrx_word' id='word_1_299' title='bbox 1547 2436 1863 2505; x_wconf 80' lang='lat' dir='ltr'><strong>Gregorius,</strong></span> <span class='ocrx_word' id='word_1_300' title='bbox 1895 2445 1979 2491; x_wconf 87' lang='lat' dir='ltr'><strong>at-</strong></span> 
     </span>
    </p>
   </div>
   <div class='ocr_carea' id='block_1_40' title="bbox 406 2523 1985 2603">
    <p class='ocr_par' dir='ltr' id='par_1_40' title="bbox 406 2523 1985 2603">
     <span class='ocr_line' id='line_1_40' title="bbox 406 2523 1985 2603; baseline 0.009 -28"><span class='ocrx_word' id='word_1_301' title='bbox 406 2535 508 2592; x_wconf 92' lang='lat' dir='ltr'><strong>que</strong></span> <span class='ocrx_word' id='word_1_302' title='bbox 532 2523 659 2577; x_wconf 88' lang='lat' dir='ltr'><strong>illud</strong></span> <span class='ocrx_word' id='word_1_303' title='bbox 689 2528 910 2596; x_wconf 90' lang='lat' dir='ltr'><strong>pauperi</strong></span> <span class='ocrx_word' id='word_1_304' title='bbox 939 2529 1137 2596; x_wconf 62' lang='lat' dir='ltr'><strong>praebe.</strong></span> <span class='ocrx_word' id='word_1_305' title='bbox 1169 2529 1356 2586; x_wconf 86' lang='lat' dir='ltr'><strong>Frater</strong></span> <span class='ocrx_word' id='word_1_306' title='bbox 1376 2541 1553 2587; x_wconf 92' lang='lat' dir='ltr'><strong>autem</strong></span> <span class='ocrx_word' id='word_1_307' title='bbox 1577 2534 1701 2589; x_wconf 89' lang='lat' dir='ltr'><strong>fecit</strong></span> <span class='ocrx_word' id='word_1_308' title='bbox 1720 2535 1860 2603; x_wconf 89' lang='lat' dir='ltr'><strong>quod</strong></span> <span class='ocrx_word' id='word_1_309' title='bbox 1882 2536 1985 2590; x_wconf 88' lang='lat' dir='ltr'><strong>sibi</strong></span> 
     </span>
    </p>
   </div>
   <div class='ocr_carea' id='block_1_41' title="bbox 409 2613 1980 2696">
    <p class='ocr_par' dir='ltr' id='par_1_41' title="bbox 409 2613 1980 2696">
     <span class='ocr_line' id='line_1_41' title="bbox 409 2613 1980 2696; baseline 0.01 -30"><span class='ocrx_word' id='word_1_310' title='bbox 409 2627 441 2667; x_wconf 89' lang='lat' dir='ltr'><strong>a</strong></span> <span class='ocrx_word' id='word_1_311' title='bbox 484 2613 644 2670; x_wconf 88' lang='lat' dir='ltr'><strong>beato</strong></span> <span class='ocrx_word' id='word_1_312' title='bbox 674 2614 936 2686; x_wconf 90' lang='lat' dir='ltr'><strong>Gregorio</strong></span> <span class='ocrx_word' id='word_1_313' title='bbox 980 2621 1288 2676; x_wconf 88' lang='lat' dir='ltr'><strong>mandatum</strong></span> <span class='ocrx_word' id='word_1_314' title='bbox 1346 2622 1539 2679; x_wconf 83' lang='lat' dir='ltr'><strong>fuerat.</strong></span> <span class='ocrx_word' id='word_1_315' title='bbox 1568 2624 1778 2696; x_wconf 84' lang='lat' dir='ltr'><strong>Pauper</strong></span> <span class='ocrx_word' id='word_1_316' title='bbox 1802 2626 1980 2695; x_wconf 89' lang='lat' dir='ltr'><strong>igitur,</strong></span> 
     </span>
    </p>
   </div>
   <div class='ocr_carea' id='block_1_42' title="bbox 409 2706 1987 2784">
    <p class='ocr_par' dir='ltr' id='par_1_42' title="bbox 409 2706 1987 2784">
     <span class='ocr_line' id='line_1_42' title="bbox 409 2706 1987 2784; baseline 0.011 -28"><span class='ocrx_word' id='word_1_317' title='bbox 409 2706 644 2774; x_wconf 87' lang='lat' dir='ltr'><strong>acceptis</strong></span> <span class='ocrx_word' id='word_1_318' title='bbox 672 2708 951 2764; x_wconf 89' lang='lat' dir='ltr'><strong>duodecim</strong></span> <span class='ocrx_word' id='word_1_319' title='bbox 975 2714 1225 2777; x_wconf 90' lang='lat' dir='ltr'><strong>nummis,</strong></span> <span class='ocrx_word' id='word_1_320' title='bbox 1259 2722 1313 2768; x_wconf 92' lang='lat' dir='ltr'><strong>et</strong></span> <span class='ocrx_word' id='word_1_321' title='bbox 1331 2730 1459 2770; x_wconf 86' lang='lat' dir='ltr'><strong>vase</strong></span> <span class='ocrx_word' id='word_1_322' title='bbox 1481 2724 1759 2784; x_wconf 89' lang='lat' dir='ltr'><strong>argenteo,</strong></span> <span class='ocrx_word' id='word_1_323' title='bbox 1786 2717 1987 2773; x_wconf 88' lang='lat' dir='ltr'><strong>disces-</strong></span> 
     </span>
    </p>
   </div>
   <div class='ocr_carea' id='block_1_43' title="bbox 409 2799 1985 2866">
    <p class='ocr_par' dir='ltr' id='par_1_43' title="bbox 409 2799 1985 2866">
     <span class='ocr_line' id='line_1_43' title="bbox 409 2799 1985 2866; baseline 0.009 -15"><span class='ocrx_word' id='word_1_324' title='bbox 409 2800 498 2853; x_wconf 87' lang='lat' dir='ltr'><strong>sit.</strong></span> <span class='ocrx_word' id='word_1_325' title='bbox 542 2799 676 2855; x_wconf 93' lang='lat' dir='ltr'><strong>Cum</strong></span> <span class='ocrx_word' id='word_1_326' title='bbox 707 2811 884 2859; x_wconf 90' lang='lat' dir='ltr'><strong>autem</strong></span> <span class='ocrx_word' id='word_1_327' title='bbox 914 2804 968 2859; x_wconf 89' lang='lat' dir='ltr'><strong>in</strong></span> <span class='ocrx_word' id='word_1_328' title='bbox 999 2806 1335 2862; x_wconf 87' lang='lat' dir='ltr'><strong>sanctissima</strong></span> <span class='ocrx_word' id='word_1_329' title='bbox 1380 2816 1434 2862; x_wconf 92' lang='lat' dir='ltr'><strong>et</strong></span> <span class='ocrx_word' id='word_1_330' title='bbox 1475 2808 1708 2863; x_wconf 89' lang='lat' dir='ltr'><strong>maxima</strong></span> <span class='ocrx_word' id='word_1_331' title='bbox 1749 2810 1843 2864; x_wconf 91' lang='lat' dir='ltr'><strong>Dei</strong></span> <span class='ocrx_word' id='word_1_332' title='bbox 1885 2808 1985 2866; x_wconf 90' lang='lat' dir='ltr'><strong>Ec-</strong></span> 
     </span>
    </p>
   </div>
   <div class='ocr_carea' id='block_1_44' title="bbox 410 2891 1988 2972">
    <p class='ocr_par' dir='ltr' id='par_1_44' title="bbox 410 2891 1988 2972">
     <span class='ocr_line' id='line_1_44' title="bbox 410 2891 1988 2972; baseline 0.008 -28"><span class='ocrx_word' id='word_1_333' title='bbox 410 2891 570 2947; x_wconf 75' lang='lat' dir='ltr'><strong>clesia</strong></span> <span class='ocrx_word' id='word_1_334' title='bbox 608 2896 805 2951; x_wconf 89' lang='lat' dir='ltr'><strong>veteris</strong></span> <span class='ocrx_word' id='word_1_335' title='bbox 851 2897 1033 2953; x_wconf 77' lang='lat' dir='ltr'><strong>Romae</strong></span> <span class='ocrx_word' id='word_1_336' title='bbox 1081 2909 1292 2955; x_wconf 89' lang='lat' dir='ltr'><strong>creatus</strong></span> <span class='ocrx_word' id='word_1_337' title='bbox 1340 2908 1483 2957; x_wconf 87' lang='lat' dir='ltr'><strong>esset</strong></span> <span class='ocrx_word' id='word_1_338' title='bbox 1528 2903 1859 2971; x_wconf 86' lang='lat' dir='ltr'><strong>patriarcha,</strong></span> <span class='ocrx_word' id='word_1_339' title='bbox 1912 2911 1988 2972; x_wconf 90' lang='lat' dir='ltr'><strong>et,</strong></span> 
     </span>
    </p>
   </div>
   <div class='ocr_carea' id='block_1_45' title="bbox 412 2985 1988 3065">
    <p class='ocr_par' dir='ltr' id='par_1_45' title="bbox 412 2985 1988 3065">
     <span class='ocr_line' id='line_1_45' title="bbox 412 2985 1988 3065; baseline 0.008 -28"><span class='ocrx_word' id='word_1_340' title='bbox 412 2985 859 3050; x_wconf 86' lang='lat' dir='ltr'><strong>quemadmodum</strong></span> <span class='ocrx_word' id='word_1_341' title='bbox 891 2991 1320 3059; x_wconf 84' lang='lat' dir='ltr'><strong>patriarcharum</strong></span> <span class='ocrx_word' id='word_1_342' title='bbox 1350 3000 1435 3047; x_wconf 91' lang='lat' dir='ltr'><strong>est</strong></span> <span class='ocrx_word' id='word_1_343' title='bbox 1462 2994 1819 3060; x_wconf 87' lang='lat' dir='ltr'><strong>consuetudo,</strong></span> <span class='ocrx_word' id='word_1_344' title='bbox 1849 3010 1988 3065; x_wconf 92' lang='lat' dir='ltr'><strong>quo-</strong></span> 
     </span>
    </p>
   </div>
   <div class='ocr_carea' id='block_1_46' title="bbox 414 3078 1991 3157">
    <p class='ocr_par' dir='ltr' id='par_1_46' title="bbox 414 3078 1991 3157">
     <span class='ocr_line' id='line_1_46' title="bbox 414 3078 1991 3157; baseline 0.006 -24"><span class='ocrx_word' id='word_1_345' title='bbox 414 3078 535 3135; x_wconf 85' lang='lat' dir='ltr'><strong>dam</strong></span> <span class='ocrx_word' id='word_1_346' title='bbox 560 3081 644 3136; x_wconf 91' lang='lat' dir='ltr'><strong>die</strong></span> <span class='ocrx_word' id='word_1_347' title='bbox 665 3082 995 3139; x_wconf 87' lang='lat' dir='ltr'><strong>thesaurario</strong></span> <span class='ocrx_word' id='word_1_348' title='bbox 1013 3086 1319 3141; x_wconf 88' lang='lat' dir='ltr'><strong>mandasset</strong></span> <span class='ocrx_word' id='word_1_349' title='bbox 1339 3094 1396 3141; x_wconf 92' lang='lat' dir='ltr'><strong>ut</strong></span> <span class='ocrx_word' id='word_1_350' title='bbox 1422 3085 1703 3141; x_wconf 90' lang='lat' dir='ltr'><strong>duodecim</strong></span> <span class='ocrx_word' id='word_1_351' title='bbox 1728 3102 1991 3157; x_wconf 85' lang='lat' dir='ltr'><strong>pauperes</strong></span> 
     </span>
    </p>
   </div>
   <div class='ocr_carea' id='block_1_47' title="bbox 414 3173 1987 3249">
    <p class='ocr_par' dir='ltr' id='par_1_47' title="bbox 414 3173 1987 3249">
     <span class='ocr_line' id='line_1_47' title="bbox 414 3173 1987 3249; baseline 0.003 -21"><span class='ocrx_word' id='word_1_352' title='bbox 414 3173 478 3228; x_wconf 89' lang='lat' dir='ltr'><strong>ad</strong></span> <span class='ocrx_word' id='word_1_353' title='bbox 505 3189 743 3229; x_wconf 88' lang='lat' dir='ltr'><strong>mensam</strong></span> <span class='ocrx_word' id='word_1_354' title='bbox 774 3191 924 3231; x_wconf 91' lang='lat' dir='ltr'><strong>suam</strong></span> <span class='ocrx_word' id='word_1_355' title='bbox 942 3186 1286 3242; x_wconf 89' lang='lat' dir='ltr'><strong>convocaret,</strong></span> <span class='ocrx_word' id='word_1_356' title='bbox 1317 3179 1408 3247; x_wconf 93' lang='lat' dir='ltr'><strong>qui</strong></span> <span class='ocrx_word' id='word_1_357' title='bbox 1435 3192 1618 3233; x_wconf 87' lang='lat' dir='ltr'><strong>secum</strong></span> <span class='ocrx_word' id='word_1_358' title='bbox 1640 3178 1987 3249; x_wconf 89' lang='lat' dir='ltr'><strong>pranderent,</strong></span> 
     </span>
    </p>
   </div>
   <div class='ocr_carea' id='block_1_48' title="bbox 2081 1986 3672 2052">
    <p class='ocr_par' dir='ltr' id='par_1_48' title="bbox 2081 1986 3672 2052">
     <span class='ocr_line' id='line_1_48' title="bbox 2081 1986 3672 2052; baseline 0.001 -15"><span class='ocrx_word' id='word_1_359' title='bbox 2081 1986 2298 2052; x_wconf 87' lang='lat' dir='ltr'><strong>gnitatis</strong></span> <span class='ocrx_word' id='word_1_360' title='bbox 2348 1987 2618 2041; x_wconf 91' lang='lat' dir='ltr'><strong>cumulum</strong></span> <span class='ocrx_word' id='word_1_361' title='bbox 2649 1987 3101 2041; x_wconf 89' lang='lat' dir='ltr'><strong>clementissimus</strong></span> <span class='ocrx_word' id='word_1_362' title='bbox 3137 1986 3395 2040; x_wconf 89' lang='lat' dir='ltr'><strong>Dominus</strong></span> <span class='ocrx_word' id='word_1_363' title='bbox 3423 1986 3672 2041; x_wconf 85' lang='lat' dir='ltr'><strong>declara-</strong></span> 
     </span>
    </p>
   </div>
   <div class='ocr_carea' id='block_1_49' title="bbox 2079 2075 3670 2147">
    <p class='ocr_par' dir='ltr' id='par_1_49' title="bbox 2079 2075 3670 2147">
     <span class='ocr_line' id='line_1_49' title="bbox 2079 2075 3670 2147; baseline 0.001 -18"><span class='ocrx_word' id='word_1_364' title='bbox 2079 2075 2178 2142; x_wconf 87' lang='lat' dir='ltr'><strong>vit,</strong></span> <span class='ocrx_word' id='word_1_365' title='bbox 2204 2083 2264 2129; x_wconf 88' lang='lat' dir='ltr'><strong>ut</strong></span> <span class='ocrx_word' id='word_1_366' title='bbox 2286 2076 2534 2144; x_wconf 89' lang='lat' dir='ltr'><strong>angelum</strong></span> <span class='ocrx_word' id='word_1_367' title='bbox 2557 2092 2714 2131; x_wconf 89' lang='lat' dir='ltr'><strong>suum</strong></span> <span class='ocrx_word' id='word_1_368' title='bbox 2734 2077 2990 2140; x_wconf 86' lang='lat' dir='ltr'><strong>mitteret,</strong></span> <span class='ocrx_word' id='word_1_369' title='bbox 3021 2077 3114 2147; x_wconf 89' lang='lat' dir='ltr'><strong>qui</strong></span> <span class='ocrx_word' id='word_1_370' title='bbox 3138 2077 3245 2131; x_wconf 91' lang='lat' dir='ltr'><strong>mei</strong></span> <span class='ocrx_word' id='word_1_371' title='bbox 3270 2076 3325 2130; x_wconf 89' lang='lat' dir='ltr'><strong>in</strong></span> <span class='ocrx_word' id='word_1_372' title='bbox 3349 2085 3670 2147; x_wconf 88' lang='lat' dir='ltr'><strong>perpetuum</strong></span> 
     </span>
    </p>
   </div>
   <div class='ocr_carea' id='block_1_50' title="bbox 2081 2167 3672 2238">
    <p class='ocr_par' dir='ltr' id='par_1_50' title="bbox 2081 2167 3672 2238">
     <span class='ocr_line' id='line_1_50' title="bbox 2081 2167 3672 2238; baseline 0.001 -17"><span class='ocrx_word' id='word_1_373' title='bbox 2081 2176 2264 2222; x_wconf 91' lang='lat' dir='ltr'><strong>custos</strong></span> <span class='ocrx_word' id='word_1_374' title='bbox 2291 2176 2461 2233; x_wconf 91' lang='lat' dir='ltr'><strong>esset,</strong></span> <span class='ocrx_word' id='word_1_375' title='bbox 2512 2184 2757 2238; x_wconf 78' lang='lat' dir='ltr'><strong>quzenam</strong></span> <span class='ocrx_word' id='word_1_376' title='bbox 2788 2184 2977 2224; x_wconf 91' lang='lat' dir='ltr'><strong>eorum</strong></span> <span class='ocrx_word' id='word_1_377' title='bbox 3026 2167 3205 2223; x_wconf 88' lang='lat' dir='ltr'><strong>futura</strong></span> <span class='ocrx_word' id='word_1_378' title='bbox 3231 2177 3316 2224; x_wconf 90' lang='lat' dir='ltr'><strong>est</strong></span> <span class='ocrx_word' id='word_1_379' title='bbox 3342 2168 3524 2237; x_wconf 75' lang='lat' dir='ltr'><strong>gloriae</strong></span> <span class='ocrx_word' id='word_1_380' title='bbox 3557 2183 3672 2222; x_wconf 88' lang='lat' dir='ltr'><strong>ma-</strong></span> 
     </span>
    </p>
   </div>
   <div class='ocr_carea' id='block_1_51' title="bbox 2080 2257 3674 2328">
    <p class='ocr_par' dir='ltr' id='par_1_51' title="bbox 2080 2257 3674 2328">
     <span class='ocr_line' id='line_1_51' title="bbox 2080 2257 3674 2328; baseline 0 -17"><span class='ocrx_word' id='word_1_381' title='bbox 2080 2258 2320 2327; x_wconf 74' lang='lat' dir='ltr'><strong>gnitudo,</strong></span> <span class='ocrx_word' id='word_1_382' title='bbox 2354 2258 2445 2327; x_wconf 91' lang='lat' dir='ltr'><strong>qui</strong></span> <span class='ocrx_word' id='word_1_383' title='bbox 2474 2259 2741 2314; x_wconf 87' lang='lat' dir='ltr'><strong>mandatis</strong></span> <span class='ocrx_word' id='word_1_384' title='bbox 2770 2258 2887 2327; x_wconf 88' lang='lat' dir='ltr'><strong>ejus</strong></span> <span class='ocrx_word' id='word_1_385' title='bbox 2913 2258 3392 2328; x_wconf 88' lang='lat' dir='ltr'><strong>obtemperabunt,</strong></span> <span class='ocrx_word' id='word_1_386' title='bbox 3439 2267 3493 2312; x_wconf 91' lang='lat' dir='ltr'><strong>et</strong></span> <span class='ocrx_word' id='word_1_387' title='bbox 3513 2257 3674 2325; x_wconf 54' lang='lat' dir='ltr'><strong>justi-</strong></span> 
     </span>
    </p>
   </div>
   <div class='ocr_carea' id='block_1_52' title="bbox 2081 2345 3674 2415">
    <p class='ocr_par' dir='ltr' id='par_1_52' title="bbox 2081 2345 3674 2415">
     <span class='ocr_line' id='line_1_52' title="bbox 2081 2345 3674 2415; baseline 0.001 -16"><span class='ocrx_word' id='word_1_388' title='bbox 2081 2347 2210 2399; x_wconf 89' lang='lat' dir='ltr'><strong>tiam</strong></span> <span class='ocrx_word' id='word_1_389' title='bbox 2265 2347 2482 2401; x_wconf 90' lang='lat' dir='ltr'><strong>colent?</strong></span> <span class='ocrx_word' id='word_1_390' title='bbox 2519 2346 2695 2402; x_wconf 80' lang='lat' dir='ltr'><strong>Verax</strong></span> <span class='ocrx_word' id='word_1_391' title='bbox 2725 2349 2869 2403; x_wconf 90' lang='lat' dir='ltr'><strong>enim</strong></span> <span class='ocrx_word' id='word_1_392' title='bbox 2898 2356 2981 2403; x_wconf 89' lang='lat' dir='ltr'><strong>est</strong></span> <span class='ocrx_word' id='word_1_393' title='bbox 3028 2347 3118 2402; x_wconf 91' lang='lat' dir='ltr'><strong>ille</strong></span> <span class='ocrx_word' id='word_1_394' title='bbox 3146 2347 3237 2415; x_wconf 89' lang='lat' dir='ltr'><strong>qui</strong></span> <span class='ocrx_word' id='word_1_395' title='bbox 3279 2346 3439 2411; x_wconf 84' lang='lat' dir='ltr'><strong>dixit,</strong></span> <span class='ocrx_word' id='word_1_396' title='bbox 3468 2345 3674 2415; x_wconf 91' lang='lat' dir='ltr'><strong>judicio</strong></span> 
     </span>
    </p>
   </div>
   <div class='ocr_carea' id='block_1_53' title="bbox 2080 2435 3673 2507">
    <p class='ocr_par' dir='ltr' id='par_1_53' title="bbox 2080 2435 3673 2507">
     <span class='ocr_line' id='line_1_53' title="bbox 2080 2435 3673 2507; baseline -0.001 -16"><span class='ocrx_word' id='word_1_397' title='bbox 2080 2438 2499 2494; x_wconf 89' lang='lat' dir='ltr'><strong>misericordiam</strong></span> <span class='ocrx_word' id='word_1_398' title='bbox 2557 2438 2825 2507; x_wconf 62' lang='lat' dir='ltr'><strong>praestari,</strong></span> <span class='ocrx_word' id='word_1_399' title='bbox 2878 2445 2934 2491; x_wconf 91' lang='lat' dir='ltr'><strong>et</strong></span> <span class='ocrx_word' id='word_1_400' title='bbox 2974 2436 3084 2492; x_wconf 91' lang='lat' dir='ltr'><strong>Deo</strong></span> <span class='ocrx_word' id='word_1_401' title='bbox 3129 2436 3361 2490; x_wconf 88' lang='lat' dir='ltr'><strong>fenerari</strong></span> <span class='ocrx_word' id='word_1_402' title='bbox 3412 2451 3534 2490; x_wconf 91' lang='lat' dir='ltr'><strong>eum</strong></span> <span class='ocrx_word' id='word_1_403' title='bbox 3581 2435 3673 2503; x_wconf 87' lang='lat' dir='ltr'><strong>qui</strong></span> 
     </span>
    </p>
   </div>
   <div class='ocr_carea' id='block_1_54' title="bbox 2082 2525 3673 2600">
    <p class='ocr_par' dir='ltr' id='par_1_54' title="bbox 2082 2525 3673 2600">
     <span class='ocr_line' id='line_1_54' title="bbox 2082 2525 3673 2600; baseline -0.002 -17"><span class='ocrx_word' id='word_1_404' title='bbox 2082 2530 2335 2600; x_wconf 90' lang='lat' dir='ltr'><strong>pauperis</strong></span> <span class='ocrx_word' id='word_1_405' title='bbox 2363 2530 2667 2583; x_wconf 90' lang='lat' dir='ltr'><strong>miseretur.</strong></span> <span class='ocrx_word' id='word_1_406' title='bbox 2700 2527 2837 2595; x_wconf 88' lang='lat' dir='ltr'><strong>Quin</strong></span> <span class='ocrx_word' id='word_1_407' title='bbox 2868 2528 3027 2582; x_wconf 89' lang='lat' dir='ltr'><strong>etiam</strong></span> <span class='ocrx_word' id='word_1_408' title='bbox 3069 2527 3184 2597; x_wconf 92' lang='lat' dir='ltr'><strong>ipse</strong></span> <span class='ocrx_word' id='word_1_409' title='bbox 3230 2525 3486 2580; x_wconf 91' lang='lat' dir='ltr'><strong>Dominus</strong></span> <span class='ocrx_word' id='word_1_410' title='bbox 3511 2538 3673 2592; x_wconf 85' lang='lat' dir='ltr'><strong>ange-</strong></span> 
     </span>
    </p>
   </div>
   <div class='ocr_carea' id='block_1_55' title="bbox 2084 2616 3675 2689">
    <p class='ocr_par' dir='ltr' id='par_1_55' title="bbox 2084 2616 3675 2689">
     <span class='ocr_line' id='line_1_55' title="bbox 2084 2616 3675 2689; baseline -0.003 -14"><span class='ocrx_word' id='word_1_411' title='bbox 2084 2622 2257 2675; x_wconf 85' lang='lat' dir='ltr'><strong>lorum</strong></span> <span class='ocrx_word' id='word_1_412' title='bbox 2284 2661 2299 2685; x_wconf 94' lang='lat'><strong>,</strong></span> <span class='ocrx_word' id='word_1_413' title='bbox 2358 2621 2448 2689; x_wconf 92' lang='lat' dir='ltr'><strong>qui</strong></span> <span class='ocrx_word' id='word_1_414' title='bbox 2506 2621 2692 2674; x_wconf 89' lang='lat' dir='ltr'><strong>salutis</strong></span> <span class='ocrx_word' id='word_1_415' title='bbox 2727 2620 3002 2674; x_wconf 91' lang='lat' dir='ltr'><strong>hominum</strong></span> <span class='ocrx_word' id='word_1_416' title='bbox 3051 2627 3241 2673; x_wconf 90' lang='lat' dir='ltr'><strong>auctor</strong></span> <span class='ocrx_word' id='word_1_417' title='bbox 3268 2625 3369 2682; x_wconf 89' lang='lat' dir='ltr'><strong>est,</strong></span> <span class='ocrx_word' id='word_1_418' title='bbox 3400 2632 3495 2671; x_wconf 91' lang='lat' dir='ltr'><strong>eos</strong></span> <span class='ocrx_word' id='word_1_419' title='bbox 3522 2616 3614 2686; x_wconf 91' lang='lat' dir='ltr'><strong>qui</strong></span> <span class='ocrx_word' id='word_1_420' title='bbox 3642 2631 3675 2671; x_wconf 85' lang='lat' dir='ltr'><strong>a</strong></span> 
     </span>
    </p>
   </div>
   <div class='ocr_carea' id='block_1_56' title="bbox 2083 2706 3674 2776">
    <p class='ocr_par' dir='ltr' id='par_1_56' title="bbox 2083 2706 3674 2776">
     <span class='ocr_line' id='line_1_56' title="bbox 2083 2706 3674 2776; baseline -0.004 -10"><span class='ocrx_word' id='word_1_421' title='bbox 2083 2711 2287 2766; x_wconf 84' lang='lat' dir='ltr'><strong>dextris</strong></span> <span class='ocrx_word' id='word_1_422' title='bbox 2323 2721 2482 2765; x_wconf 88' lang='lat' dir='ltr'><strong>erunt</strong></span> <span class='ocrx_word' id='word_1_423' title='bbox 2529 2710 2810 2774; x_wconf 89' lang='lat' dir='ltr'><strong>collocati,</strong></span> <span class='ocrx_word' id='word_1_424' title='bbox 2854 2710 2931 2762; x_wconf 93' lang='lat' dir='ltr'><strong>sic</strong></span> <span class='ocrx_word' id='word_1_425' title='bbox 2959 2708 3301 2776; x_wconf 86' lang='lat' dir='ltr'><strong>alloquetur:</strong></span> <span class='ocrx_word' id='word_1_426' title='bbox 3339 2707 3551 2773; x_wconf 83' lang='lat' dir='ltr'><strong>Venite,</strong></span> <span class='ocrx_word' id='word_1_427' title='bbox 3586 2706 3674 2760; x_wconf 85' lang='lat' dir='ltr'><strong>be-</strong></span> 
     </span>
    </p>
   </div>
   <div class='ocr_carea' id='block_1_57' title="bbox 2087 2798 3676 2871">
    <p class='ocr_par' dir='ltr' id='par_1_57' title="bbox 2087 2798 3676 2871">
     <span class='ocr_line' id='line_1_57' title="bbox 2087 2798 3676 2871; baseline -0.003 -15"><span class='ocrx_word' id='word_1_428' title='bbox 2087 2802 2278 2856; x_wconf 84' lang='lat' dir='ltr'><strong>nedicti</strong></span> <span class='ocrx_word' id='word_1_429' title='bbox 2301 2800 2477 2855; x_wconf 78' lang='lat' dir='ltr'><strong>Patris</strong></span> <span class='ocrx_word' id='word_1_430' title='bbox 2499 2802 2615 2867; x_wconf 87' lang='lat' dir='ltr'><strong>mei,</strong></span> <span class='ocrx_word' id='word_1_431' title='bbox 2649 2809 2886 2871; x_wconf 81' lang='lat' dir='ltr'><strong>paratam</strong></span> <span class='ocrx_word' id='word_1_432' title='bbox 2907 2799 3045 2853; x_wconf 83' lang='lat' dir='ltr'><strong>vobis</strong></span> <span class='ocrx_word' id='word_1_433' title='bbox 3062 2816 3094 2851; x_wconf 89' lang='lat' dir='ltr'><strong>a</strong></span> <span class='ocrx_word' id='word_1_434' title='bbox 3116 2798 3295 2852; x_wconf 86' lang='lat' dir='ltr'><strong>mundi</strong></span> <span class='ocrx_word' id='word_1_435' title='bbox 3317 2798 3676 2852; x_wconf 80' lang='lat' dir='ltr'><strong>constitutione</strong></span> 
     </span>
    </p>
   </div>
   <div class='ocr_carea' id='block_1_58' title="bbox 2086 2888 3677 2964">
    <p class='ocr_par' dir='ltr' id='par_1_58' title="bbox 2086 2888 3677 2964">
     <span class='ocr_line' id='line_1_58' title="bbox 2086 2888 3677 2964; baseline -0.003 -17"><span class='ocrx_word' id='word_1_436' title='bbox 2086 2895 2325 2964; x_wconf 80' lang='lat' dir='ltr'><strong>suscipite</strong></span> <span class='ocrx_word' id='word_1_437' title='bbox 2352 2894 2495 2963; x_wconf 85' lang='lat' dir='ltr'><strong>regni</strong></span> <span class='ocrx_word' id='word_1_438' title='bbox 2517 2892 2889 2946; x_wconf 73' lang='lat' dir='ltr'><strong>Itwreditatem.</strong></span> <span class='ocrx_word' id='word_1_439' title='bbox 2919 2889 2984 2944; x_wconf 84' lang='lat' dir='ltr'><strong>Et</strong></span> <span class='ocrx_word' id='word_1_440' title='bbox 3007 2908 3019 2943; x_wconf 90' lang='lat'><strong>:</strong></span> <span class='ocrx_word' id='word_1_441' title='bbox 3046 2889 3254 2943; x_wconf 80' lang='lat' dir='ltr'><strong>Esuriri</strong></span> <span class='ocrx_word' id='word_1_442' title='bbox 3273 2891 3429 2955; x_wconf 86' lang='lat' dir='ltr'><strong>enim,</strong></span> <span class='ocrx_word' id='word_1_443' title='bbox 3453 2897 3503 2942; x_wconf 87' lang='lat' dir='ltr'><strong>et</strong></span> <span class='ocrx_word' id='word_1_444' title='bbox 3530 2888 3677 2943; x_wconf 80' lang='lat' dir='ltr'><strong>dedi-</strong></span> 
     </span>
    </p>
   </div>
   <div class='ocr_carea' id='block_1_59' title="bbox 2088 2978 3673 3047">
    <p class='ocr_par' dir='ltr' id='par_1_59' title="bbox 2088 2978 3673 3047">
     <span class='ocr_line' id='line_1_59' title="bbox 2088 2978 3673 3047; baseline -0.003 -8"><span class='ocrx_word' id='word_1_445' title='bbox 2088 2988 2179 3040; x_wconf 86' lang='lat' dir='ltr'><strong>stis</strong></span> <span class='ocrx_word' id='word_1_446' title='bbox 2225 2985 2350 3038; x_wconf 82' lang='lat' dir='ltr'><strong>mihi</strong></span> <span class='ocrx_word' id='word_1_447' title='bbox 2398 2985 2729 3038; x_wconf 83' lang='lat' dir='ltr'><strong>manducare.</strong></span> <span class='ocrx_word' id='word_1_448' title='bbox 2777 2982 2947 3047; x_wconf 84' lang='lat' dir='ltr'><strong>Sitivi,</strong></span> <span class='ocrx_word' id='word_1_449' title='bbox 2999 2991 3047 3035; x_wconf 92' lang='lat' dir='ltr'><strong>et</strong></span> <span class='ocrx_word' id='word_1_450' title='bbox 3087 2981 3301 3035; x_wconf 82' lang='lat' dir='ltr'><strong>dedistis</strong></span> <span class='ocrx_word' id='word_1_451' title='bbox 3330 2981 3457 3034; x_wconf 85' lang='lat' dir='ltr'><strong>mihi</strong></span> <span class='ocrx_word' id='word_1_452' title='bbox 3486 2978 3673 3034; x_wconf 76' lang='lat' dir='ltr'><strong>bibere.</strong></span> 
     </span>
    </p>
   </div>
   <div class='ocr_carea' id='block_1_60' title="bbox 2090 3072 3673 3146">
    <p class='ocr_par' dir='ltr' id='par_1_60' title="bbox 2090 3072 3673 3146">
     <span class='ocr_line' id='line_1_60' title="bbox 2090 3072 3673 3146; baseline -0.004 -16"><span class='ocrx_word' id='word_1_453' title='bbox 2090 3075 2289 3146; x_wconf 84' lang='lat' dir='ltr'><strong>Hospes</strong></span> <span class='ocrx_word' id='word_1_454' title='bbox 2319 3093 2478 3139; x_wconf 88' lang='lat' dir='ltr'><strong>eram,</strong></span> <span class='ocrx_word' id='word_1_455' title='bbox 2509 3084 2557 3128; x_wconf 86' lang='lat' dir='ltr'><strong>et</strong></span> <span class='ocrx_word' id='word_1_456' title='bbox 2585 3074 2862 3146; x_wconf 85' lang='lat' dir='ltr'><strong>collegistis</strong></span> <span class='ocrx_word' id='word_1_457' title='bbox 2884 3090 2984 3129; x_wconf 83' lang='lat' dir='ltr'><strong>me.</strong></span> <span class='ocrx_word' id='word_1_458' title='bbox 3010 3072 3200 3144; x_wconf 56' lang='lat' dir='ltr'><strong>nger,</strong></span> <span class='ocrx_word' id='word_1_459' title='bbox 3223 3080 3274 3127; x_wconf 88' lang='lat' dir='ltr'><strong>et</strong></span> <span class='ocrx_word' id='word_1_460' title='bbox 3300 3072 3543 3127; x_wconf 82' lang='lat' dir='ltr'><strong>visitastis</strong></span> <span class='ocrx_word' id='word_1_461' title='bbox 3573 3087 3673 3125; x_wconf 78' lang='lat' dir='ltr'><strong>me.</strong></span> 
     </span>
    </p>
   </div>
   <div class='ocr_carea' id='block_1_61' title="bbox 2092 3160 3672 3236">
    <p class='ocr_par' dir='ltr' id='par_1_61' title="bbox 2092 3160 3672 3236">
     <span class='ocr_line' id='line_1_61' title="bbox 2092 3160 3672 3236; baseline -0.003 -16"><span class='ocrx_word' id='word_1_462' title='bbox 2092 3165 2297 3231; x_wconf 87' lang='lat' dir='ltr'><strong>Nudus,</strong></span> <span class='ocrx_word' id='word_1_463' title='bbox 2330 3176 2378 3219; x_wconf 87' lang='lat' dir='ltr'><strong>et</strong></span> <span class='ocrx_word' id='word_1_464' title='bbox 2401 3166 2671 3236; x_wconf 85' lang='lat' dir='ltr'><strong>operuistts</strong></span> <span class='ocrx_word' id='word_1_465' title='bbox 2692 3182 2794 3221; x_wconf 82' lang='lat' dir='ltr'><strong>me.</strong></span> <span class='ocrx_word' id='word_1_466' title='bbox 2823 3165 2891 3219; x_wconf 87' lang='grc' dir='ltr'>1η</span> <span class='ocrx_word' id='word_1_467' title='bbox 2913 3180 3139 3229; x_wconf 86' lang='lat' dir='ltr'><strong>carcere,</strong></span> <span class='ocrx_word' id='word_1_468' title='bbox 3169 3171 3216 3216; x_wconf 93' lang='lat' dir='ltr'><strong>et</strong></span> <span class='ocrx_word' id='word_1_469' title='bbox 3244 3163 3449 3216; x_wconf 84' lang='lat' dir='ltr'><strong>venistis</strong></span> <span class='ocrx_word' id='word_1_470' title='bbox 3477 3160 3544 3213; x_wconf 84' lang='lat' dir='ltr'><strong>ad</strong></span> <span class='ocrx_word' id='word_1_471' title='bbox 3572 3176 3672 3215; x_wconf 80' lang='lat' dir='ltr'><strong>me.</strong></span> 
     </span>
    </p>
   </div>
   <div class='ocr_carea' id='block_1_62' title="bbox 414 3251 3680 3339">
    <p class='ocr_par' dir='ltr' id='par_1_62' title="bbox 414 3251 3680 3339">
     <span class='ocr_line' id='line_1_62' title="bbox 414 3251 3680 3339; baseline -0.002 -27"><span class='ocrx_word' id='word_1_472' title='bbox 414 3268 591 3337; x_wconf 67' lang='lat' dir='ltr'><strong>paruit</strong></span> <span class='ocrx_word' id='word_1_473' title='bbox 618 3268 728 3331; x_wconf 66' lang='lat' dir='ltr'><strong>ille,</strong></span> <span class='ocrx_word' id='word_1_474' title='bbox 747 3283 811 3323; x_wconf 81' lang='lat' dir='ltr'><strong>ac</strong></span> <span class='ocrx_word' id='word_1_475' title='bbox 839 3284 1106 3339; x_wconf 72' lang='lat' dir='ltr'><strong>pauperes</strong></span> <span class='ocrx_word' id='word_1_476' title='bbox 1133 3270 1467 3325; x_wconf 64' lang='lat' dir='ltr'><strong>convocavit,</strong></span> <span class='ocrx_word' id='word_1_477' title='bbox 1498 3269 1695 3324; x_wconf 68' lang='lat' dir='ltr'><strong>verum</strong></span> <span class='ocrx_word' id='word_1_478' title='bbox 1725 3285 1847 3324; x_wconf 82' lang='lat' dir='ltr'><strong>cum</strong></span> <span class='ocrx_word' id='word_1_479' title='bbox 1876 3270 1989 3326; x_wconf 74' lang='lat' dir='ltr'><strong>dis.</strong></span> <span class='ocrx_word' id='word_1_480' title='bbox 2015 3268 2062 3330; x_wconf 83' lang='lat' dir='ltr'><strong>C</strong></span> <span class='ocrx_word' id='word_1_481' title='bbox 2097 3259 2360 3324; x_wconf 81' lang='lat' dir='ltr'><strong>Quatenus</strong></span> <span class='ocrx_word' id='word_1_482' title='bbox 2405 3258 2541 3311; x_wconf 82' lang='lat' dir='ltr'><strong>enim</strong></span> <span class='ocrx_word' id='word_1_483' title='bbox 2585 3259 2781 3322; x_wconf 73' lang='lat' dir='ltr'><strong>fecistis</strong></span> <span class='ocrx_word' id='word_1_484' title='bbox 2819 3257 2911 3310; x_wconf 87' lang='lat' dir='ltr'><strong>uni</strong></span> <span class='ocrx_word' id='word_1_485' title='bbox 2938 3272 3001 3309; x_wconf 76' lang='lat' dir='ltr'><strong>ea;</strong></span> <span class='ocrx_word' id='word_1_486' title='bbox 3031 3255 3109 3307; x_wconf 72' lang='grc' dir='ltr'><strong>Ιιίε</strong></span> <span class='ocrx_word' id='word_1_487' title='bbox 3150 3251 3396 3325; x_wconf 79' lang='lat' dir='ltr'><strong>fratribus</strong></span> <span class='ocrx_word' id='word_1_488' title='bbox 3425 3252 3550 3306; x_wconf 70' lang='lat' dir='ltr'><strong>tricis</strong></span> <span class='ocrx_word' id='word_1_489' title='bbox 3577 3251 3680 3305; x_wconf 83' lang='lat' dir='ltr'><strong>mi-</strong></span> 
     </span>
    </p>
   </div>
   <div class='ocr_carea' id='block_1_63' title="bbox 416 3359 1991 3432">
    <p class='ocr_par' dir='ltr' id='par_1_63' title="bbox 416 3359 1991 3432">
     <span class='ocr_line' id='line_1_63' title="bbox 416 3359 1991 3432; baseline 0.002 -18"><span class='ocrx_word' id='word_1_490' title='bbox 416 3359 728 3415; x_wconf 88' lang='lat' dir='ltr'><strong>cubuissent</strong></span> <span class='ocrx_word' id='word_1_491' title='bbox 780 3375 901 3415; x_wconf 90' lang='lat' dir='ltr'><strong>cum</strong></span> <span class='ocrx_word' id='word_1_492' title='bbox 945 3361 1288 3431; x_wconf 89' lang='lat' dir='ltr'><strong>patriarcha,</strong></span> <span class='ocrx_word' id='word_1_493' title='bbox 1337 3361 1656 3432; x_wconf 88' lang='lat' dir='ltr'><strong>deprehensi</strong></span> <span class='ocrx_word' id='word_1_494' title='bbox 1703 3369 1827 3416; x_wconf 93' lang='lat' dir='ltr'><strong>sunt</strong></span> <span class='ocrx_word' id='word_1_495' title='bbox 1872 3377 1991 3418; x_wconf 91' lang='lat' dir='ltr'><strong>esse</strong></span> 
     </span>
    </p>
   </div>
   <div class='ocr_carea' id='block_1_64' title="bbox 416 3453 1991 3524">
    <p class='ocr_par' dir='ltr' id='par_1_64' title="bbox 416 3453 1991 3524">
     <span class='ocr_line' id='line_1_64' title="bbox 416 3453 1991 3524; baseline 0.002 -17"><span class='ocrx_word' id='word_1_496' title='bbox 416 3453 692 3508; x_wconf 89' lang='lat' dir='ltr'><strong>tredecim.</strong></span> <span class='ocrx_word' id='word_1_497' title='bbox 725 3454 1084 3520; x_wconf 75' lang='lat' dir='ltr'><strong>Quamobrem</strong></span> <span class='ocrx_word' id='word_1_498' title='bbox 1111 3455 1371 3512; x_wconf 88' lang='lat' dir='ltr'><strong>accersito</strong></span> <span class='ocrx_word' id='word_1_499' title='bbox 1392 3455 1755 3510; x_wconf 90' lang='lat' dir='ltr'><strong>thesaurario:</strong></span> <span class='ocrx_word' id='word_1_500' title='bbox 1781 3455 1991 3524; x_wconf 88' lang='lat' dir='ltr'><strong>Nonne,</strong></span> 
     </span>
    </p>
   </div>
   <div class='ocr_carea' id='block_1_65' title="bbox 418 3544 1993 3615">
    <p class='ocr_par' dir='ltr' id='par_1_65' title="bbox 418 3544 1993 3615">
     <span class='ocr_line' id='line_1_65' title="bbox 418 3544 1993 3615; baseline 0.002 -17"><span class='ocrx_word' id='word_1_501' title='bbox 418 3544 611 3613; x_wconf 89' lang='lat' dir='ltr'><strong>inquit,</strong></span> <span class='ocrx_word' id='word_1_502' title='bbox 639 3545 888 3599; x_wconf 88' lang='lat' dir='ltr'><strong>mandavi</strong></span> <span class='ocrx_word' id='word_1_503' title='bbox 918 3545 1013 3601; x_wconf 91' lang='lat' dir='ltr'><strong>tibi</strong></span> <span class='ocrx_word' id='word_1_504' title='bbox 1050 3554 1111 3601; x_wconf 89' lang='lat' dir='ltr'><strong>ut</strong></span> <span class='ocrx_word' id='word_1_505' title='bbox 1159 3546 1441 3602; x_wconf 89' lang='lat' dir='ltr'><strong>duodecim</strong></span> <span class='ocrx_word' id='word_1_506' title='bbox 1470 3549 1728 3602; x_wconf 83' lang='lat' dir='ltr'><strong>vocares?</strong></span> <span class='ocrx_word' id='word_1_507' title='bbox 1756 3546 1864 3602; x_wconf 89' lang='lat' dir='ltr'><strong>Cur</strong></span> <span class='ocrx_word' id='word_1_508' title='bbox 1891 3548 1993 3615; x_wconf 89' lang='lat' dir='ltr'><strong>igi-</strong></span> 
     </span>
    </p>
   </div>
   <div class='ocr_carea' id='block_1_66' title="bbox 419 3635 1996 3706">
    <p class='ocr_par' dir='ltr' id='par_1_66' title="bbox 419 3635 1996 3706">
     <span class='ocr_line' id='line_1_66' title="bbox 419 3635 1996 3706; baseline 0.004 -20"><span class='ocrx_word' id='word_1_509' title='bbox 419 3640 505 3687; x_wconf 90' lang='lat' dir='ltr'><strong>tur</strong></span> <span class='ocrx_word' id='word_1_510' title='bbox 542 3635 799 3689; x_wconf 88' lang='lat' dir='ltr'><strong>tredecim</strong></span> <span class='ocrx_word' id='word_1_511' title='bbox 828 3636 1035 3690; x_wconf 89' lang='lat' dir='ltr'><strong>vocasti</strong></span> <span class='ocrx_word' id='word_1_512' title='bbox 1076 3646 1271 3706; x_wconf 62' lang='lat' dir='ltr'><strong>praeter</strong></span> <span class='ocrx_word' id='word_1_513' title='bbox 1315 3639 1635 3693; x_wconf 89' lang='lat' dir='ltr'><strong>sententiam</strong></span> <span class='ocrx_word' id='word_1_514' title='bbox 1661 3639 1873 3692; x_wconf 87' lang='lat' dir='ltr'><strong>meam?</strong></span> <span class='ocrx_word' id='word_1_515' title='bbox 1903 3637 1996 3693; x_wconf 81' lang='lat' dir='ltr'><strong>llis</strong></span> 
     </span>
    </p>
   </div>
   <div class='ocr_carea' id='block_1_67' title="bbox 420 3722 1999 3797">
    <p class='ocr_par' dir='ltr' id='par_1_67' title="bbox 420 3722 1999 3797">
     <span class='ocr_line' id='line_1_67' title="bbox 420 3722 1999 3797; baseline 0.004 -21"><span class='ocrx_word' id='word_1_516' title='bbox 420 3722 511 3776; x_wconf 89' lang='lat' dir='ltr'><strong>ille</strong></span> <span class='ocrx_word' id='word_1_517' title='bbox 541 3724 736 3779; x_wconf 85' lang='lat' dir='ltr'><strong>auditis</strong></span> <span class='ocrx_word' id='word_1_518' title='bbox 762 3726 1083 3793; x_wconf 88' lang='lat' dir='ltr'><strong>perterritus</strong></span> <span class='ocrx_word' id='word_1_519' title='bbox 1110 3745 1122 3779; x_wconf 92' lang='lat'><strong>:</strong></span> <span class='ocrx_word' id='word_1_520' title='bbox 1154 3725 1355 3791; x_wconf 86' lang='lat' dir='ltr'><strong>Crede,</strong></span> <span class='ocrx_word' id='word_1_521' title='bbox 1402 3728 1600 3797; x_wconf 92' lang='lat' dir='ltr'><strong>inquit,</strong></span> <span class='ocrx_word' id='word_1_522' title='bbox 1632 3728 1796 3794; x_wconf 90' lang='lat' dir='ltr'><strong>mihi,</strong></span> <span class='ocrx_word' id='word_1_523' title='bbox 1835 3743 1999 3784; x_wconf 88' lang='lat' dir='ltr'><strong>vene-</strong></span> 
     </span>
    </p>
   </div>
   <div class='ocr_carea' id='block_1_68' title="bbox 423 3812 1999 3887">
    <p class='ocr_par' dir='ltr' id='par_1_68' title="bbox 423 3812 1999 3887">
     <span class='ocr_line' id='line_1_68' title="bbox 423 3812 1999 3887; baseline 0.006 -23"><span class='ocrx_word' id='word_1_524' title='bbox 423 3813 589 3865; x_wconf 78' lang='lat' dir='ltr'><strong>rande</strong></span> <span class='ocrx_word' id='word_1_525' title='bbox 613 3812 865 3877; x_wconf 91' lang='lat' dir='ltr'><strong>Domine,</strong></span> <span class='ocrx_word' id='word_1_526' title='bbox 895 3814 1174 3869; x_wconf 90' lang='lat' dir='ltr'><strong>duodecim</strong></span> <span class='ocrx_word' id='word_1_527' title='bbox 1199 3824 1353 3881; x_wconf 88' lang='lat' dir='ltr'><strong>sunt;</strong></span> <span class='ocrx_word' id='word_1_528' title='bbox 1402 3832 1503 3873; x_wconf 91' lang='lat' dir='ltr'><strong>nec</strong></span> <span class='ocrx_word' id='word_1_529' title='bbox 1526 3819 1663 3872; x_wconf 91' lang='lat' dir='ltr'><strong>alius</strong></span> <span class='ocrx_word' id='word_1_530' title='bbox 1690 3819 1999 3887; x_wconf 89' lang='lat' dir='ltr'><strong>quisquam,</strong></span> 
     </span>
    </p>
   </div>
   <div class='ocr_carea' id='block_1_69' title="bbox 424 3903 2000 3987">
    <p class='ocr_par' dir='ltr' id='par_1_69' title="bbox 424 3903 2000 3987">
     <span class='ocr_line' id='line_1_69' title="bbox 424 3903 2000 3987; baseline 0.005 -33"><span class='ocrx_word' id='word_1_531' title='bbox 424 3910 618 3970; x_wconf 76' lang='lat' dir='ltr'><strong>przeter</strong></span> <span class='ocrx_word' id='word_1_532' title='bbox 647 3903 1007 3971; x_wconf 89' lang='lat' dir='ltr'><strong>patriarcham</strong></span> <span class='ocrx_word' id='word_1_533' title='bbox 1027 3942 1042 3965; x_wconf 88' lang='lat'><strong>,</strong></span> <span class='ocrx_word' id='word_1_534' title='bbox 1075 3904 1333 3958; x_wconf 91' lang='lat' dir='ltr'><strong>tredecim</strong></span> <span class='ocrx_word' id='word_1_535' title='bbox 1356 3904 1511 3959; x_wconf 90' lang='lat' dir='ltr'><strong>vidit.</strong></span> <span class='ocrx_word' id='word_1_536' title='bbox 1540 3905 1687 3961; x_wconf 86' lang='lat' dir='ltr'><strong>Inter</strong></span> <span class='ocrx_word' id='word_1_537' title='bbox 1727 3907 2000 3987; x_wconf 57' lang='lat' dir='ltr'><strong>pranden-</strong></span> 
     </span>
    </p>
   </div>
   <div class='ocr_carea' id='block_1_70' title="bbox 426 3990 2057 4064">
    <p class='ocr_par' dir='ltr' id='par_1_70' title="bbox 426 3990 2057 4064">
     <span class='ocr_line' id='line_1_70' title="bbox 426 3990 2057 4064; baseline 0.003 -20"><span class='ocrx_word' id='word_1_538' title='bbox 426 3990 551 4045; x_wconf 91' lang='lat' dir='ltr'><strong>dum</strong></span> <span class='ocrx_word' id='word_1_539' title='bbox 581 3992 740 4061; x_wconf 88' lang='lat' dir='ltr'><strong>igitur</strong></span> <span class='ocrx_word' id='word_1_540' title='bbox 765 3993 1067 4062; x_wconf 89' lang='lat' dir='ltr'><strong>patriarcha</strong></span> <span class='ocrx_word' id='word_1_541' title='bbox 1096 3994 1310 4048; x_wconf 89' lang='lat' dir='ltr'><strong>tertium</strong></span> <span class='ocrx_word' id='word_1_542' title='bbox 1332 3992 1601 4048; x_wconf 90' lang='lat' dir='ltr'><strong>decimum</strong></span> <span class='ocrx_word' id='word_1_543' title='bbox 1625 3993 1771 4049; x_wconf 91' lang='lat' dir='ltr'><strong>illum</strong></span> <span class='ocrx_word' id='word_1_544' title='bbox 1793 4002 2005 4064; x_wconf 85' lang='lat' dir='ltr'><strong>specta-</strong></span> <span class='ocrx_word' id='word_1_545' title='bbox 2052 4008 2057 4021; x_wconf 61' lang='grc' dir='ltr'>δ</span> 
     </span>
    </p>
   </div>
   <div class='ocr_carea' id='block_1_71' title="bbox 428 4082 2007 4151">
    <p class='ocr_par' dir='ltr' id='par_1_71' title="bbox 428 4082 2007 4151">
     <span class='ocr_line' id='line_1_71' title="bbox 428 4082 2007 4151; baseline 0.003 -14"><span class='ocrx_word' id='word_1_546' title='bbox 428 4082 539 4148; x_wconf 89' lang='lat' dir='ltr'><strong>bat,</strong></span> <span class='ocrx_word' id='word_1_547' title='bbox 569 4084 659 4151; x_wconf 91' lang='lat' dir='ltr'><strong>qui</strong></span> <span class='ocrx_word' id='word_1_548' title='bbox 687 4084 739 4137; x_wconf 93' lang='lat' dir='ltr'><strong>in</strong></span> <span class='ocrx_word' id='word_1_549' title='bbox 762 4099 969 4139; x_wconf 91' lang='lat' dir='ltr'><strong>summo</strong></span> <span class='ocrx_word' id='word_1_550' title='bbox 994 4100 1215 4139; x_wconf 91' lang='lat' dir='ltr'><strong>scamno</strong></span> <span class='ocrx_word' id='word_1_551' title='bbox 1238 4084 1570 4140; x_wconf 89' lang='lat' dir='ltr'><strong>considebat.</strong></span> <span class='ocrx_word' id='word_1_552' title='bbox 1601 4084 1669 4139; x_wconf 90' lang='lat' dir='ltr'><strong>Et</strong></span> <span class='ocrx_word' id='word_1_553' title='bbox 1692 4100 1820 4141; x_wconf 91' lang='lat' dir='ltr'><strong>ecce</strong></span> <span class='ocrx_word' id='word_1_554' title='bbox 1844 4085 2007 4142; x_wconf 84' lang='lat' dir='ltr'><strong>facies</strong></span> 
     </span>
    </p>
   </div>
   <div class='ocr_carea' id='block_1_72' title="bbox 426 4174 2006 4243">
    <p class='ocr_par' dir='ltr' id='par_1_72' title="bbox 426 4174 2006 4243">
     <span class='ocr_line' id='line_1_72' title="bbox 426 4174 2006 4243; baseline 0.001 -13"><span class='ocrx_word' id='word_1_555' title='bbox 426 4174 543 4243; x_wconf 90' lang='lat' dir='ltr'><strong>ejus</strong></span> <span class='ocrx_word' id='word_1_556' title='bbox 561 4175 738 4231; x_wconf 90' lang='lat' dir='ltr'><strong>varias</strong></span> <span class='ocrx_word' id='word_1_557' title='bbox 769 4175 968 4230; x_wconf 82' lang='lat' dir='ltr'><strong>formas</strong></span> <span class='ocrx_word' id='word_1_558' title='bbox 988 4177 1253 4232; x_wconf 87' lang='lat' dir='ltr'><strong>sumebat.</strong></span> <span class='ocrx_word' id='word_1_559' title='bbox 1284 4175 1442 4230; x_wconf 84' lang='lat' dir='ltr'><strong>Modo</strong></span> <span class='ocrx_word' id='word_1_560' title='bbox 1464 4176 1606 4231; x_wconf 87' lang='lat' dir='ltr'><strong>enim</strong></span> <span class='ocrx_word' id='word_1_561' title='bbox 1633 4190 1822 4243; x_wconf 86' lang='lat' dir='ltr'><strong>senex,</strong></span> <span class='ocrx_word' id='word_1_562' title='bbox 1843 4176 2006 4231; x_wconf 93' lang='lat' dir='ltr'><strong>modo</strong></span> 
     </span>
    </p>
   </div>
   <div class='ocr_carea' id='block_1_73' title="bbox 426 4264 2013 4336">
    <p class='ocr_par' dir='ltr' id='par_1_73' title="bbox 426 4264 2013 4336">
     <span class='ocr_line' id='line_1_73' title="bbox 426 4264 2013 4336; baseline 0.001 -18"><span class='ocrx_word' id='word_1_563' title='bbox 426 4264 743 4320; x_wconf 86' lang='lat' dir='ltr'><strong>adolescens</strong></span> <span class='ocrx_word' id='word_1_564' title='bbox 778 4265 867 4320; x_wconf 91' lang='lat' dir='ltr'><strong>ille</strong></span> <span class='ocrx_word' id='word_1_565' title='bbox 899 4265 1199 4320; x_wconf 87' lang='lat' dir='ltr'><strong>videbatur.</strong></span> <span class='ocrx_word' id='word_1_566' title='bbox 1231 4264 1417 4336; x_wconf 85' lang='lat' dir='ltr'><strong>Itaque</strong></span> <span class='ocrx_word' id='word_1_567' title='bbox 1445 4282 1566 4320; x_wconf 91' lang='lat' dir='ltr'><strong>cum</strong></span> <span class='ocrx_word' id='word_1_568' title='bbox 1595 4281 1627 4320; x_wconf 91' lang='lat' dir='ltr'><strong>e</strong></span> <span class='ocrx_word' id='word_1_569' title='bbox 1662 4280 1848 4320; x_wconf 89' lang='lat' dir='ltr'><strong>mensa</strong></span> <span class='ocrx_word' id='word_1_570' title='bbox 1877 4281 2013 4320; x_wconf 59' lang='lat' dir='ltr'><strong>conc</strong></span> 
     </span>
    </p>
   </div>
   <div class='ocr_carea' id='block_1_74' title="bbox 428 4352 2009 4424">
    <p class='ocr_par' dir='ltr' id='par_1_74' title="bbox 428 4352 2009 4424">
     <span class='ocr_line' id='line_1_74' title="bbox 428 4352 2009 4424; baseline 0 -14"><span class='ocrx_word' id='word_1_571' title='bbox 428 4356 820 4420; x_wconf 85' lang='lat' dir='ltr'><strong>surrexissent,</strong></span> <span class='ocrx_word' id='word_1_572' title='bbox 844 4354 1034 4409; x_wconf 90' lang='lat' dir='ltr'><strong>beatus</strong></span> <span class='ocrx_word' id='word_1_573' title='bbox 1060 4352 1373 4424; x_wconf 88' lang='lat' dir='ltr'><strong>Gregorius,</strong></span> <span class='ocrx_word' id='word_1_574' title='bbox 1406 4354 1626 4423; x_wconf 91' lang='lat' dir='ltr'><strong>reliquis</strong></span> <span class='ocrx_word' id='word_1_575' title='bbox 1646 4356 1895 4410; x_wconf 87' lang='lat' dir='ltr'><strong>omnibus</strong></span> <span class='ocrx_word' id='word_1_576' title='bbox 1924 4356 2009 4410; x_wconf 81' lang='lat' dir='ltr'><strong>di-</strong></span> 
     </span>
    </p>
   </div>
   <div class='ocr_carea' id='block_1_75' title="bbox 429 4446 2011 4517">
    <p class='ocr_par' dir='ltr' id='par_1_75' title="bbox 429 4446 2011 4517">
     <span class='ocr_line' id='line_1_75' title="bbox 429 4446 2011 4517; baseline 0.001 -15"><span class='ocrx_word' id='word_1_577' title='bbox 429 4447 626 4511; x_wconf 88' lang='lat' dir='ltr'><strong>missis,</strong></span> <span class='ocrx_word' id='word_1_578' title='bbox 654 4446 870 4501; x_wconf 91' lang='lat' dir='ltr'><strong>tertium</strong></span> <span class='ocrx_word' id='word_1_579' title='bbox 902 4446 1171 4502; x_wconf 90' lang='lat' dir='ltr'><strong>decimum</strong></span> <span class='ocrx_word' id='word_1_580' title='bbox 1203 4447 1373 4511; x_wconf 92' lang='lat' dir='ltr'><strong>illum,</strong></span> <span class='ocrx_word' id='word_1_581' title='bbox 1406 4448 1496 4517; x_wconf 91' lang='lat' dir='ltr'><strong>qui</strong></span> <span class='ocrx_word' id='word_1_582' title='bbox 1532 4457 1639 4503; x_wconf 87' lang='lat' dir='ltr'><strong>tam</strong></span> <span class='ocrx_word' id='word_1_583' title='bbox 1668 4448 2011 4503; x_wconf 89' lang='lat' dir='ltr'><strong>admirandus</strong></span> 
     </span>
    </p>
   </div>
   <div class='ocr_carea' id='block_1_76' title="bbox 429 4534 2011 4605">
    <p class='ocr_par' dir='ltr' id='par_1_76' title="bbox 429 4534 2011 4605">
     <span class='ocr_line' id='line_1_76' title="bbox 429 4534 2011 4605; baseline 0.001 -16"><span class='ocrx_word' id='word_1_584' title='bbox 429 4535 530 4605; x_wconf 86' lang='lat' dir='ltr'><strong>ipsi</strong></span> <span class='ocrx_word' id='word_1_585' title='bbox 557 4536 704 4591; x_wconf 89' lang='lat' dir='ltr'><strong>visus</strong></span> <span class='ocrx_word' id='word_1_586' title='bbox 732 4534 936 4601; x_wconf 87' lang='lat' dir='ltr'><strong>fuerat,</strong></span> <span class='ocrx_word' id='word_1_587' title='bbox 986 4552 1147 4590; x_wconf 86' lang='lat' dir='ltr'><strong>manu</strong></span> <span class='ocrx_word' id='word_1_588' title='bbox 1178 4536 1571 4605; x_wconf 88' lang='lat' dir='ltr'><strong>apprehensum</strong></span> <span class='ocrx_word' id='word_1_589' title='bbox 1614 4538 1670 4591; x_wconf 88' lang='lat' dir='ltr'><strong>in</strong></span> <span class='ocrx_word' id='word_1_590' title='bbox 1710 4538 2011 4592; x_wconf 89' lang='lat' dir='ltr'><strong>cubiculum</strong></span> 
     </span>
    </p>
   </div>
   <div class='ocr_carea' id='block_1_77' title="bbox 2094 3345 3682 3428">
    <p class='ocr_par' dir='ltr' id='par_1_77' title="bbox 2094 3345 3682 3428">
     <span class='ocr_line' id='line_1_77' title="bbox 2094 3345 3682 3428; baseline -0.009 -15"><span class='ocrx_word' id='word_1_591' title='bbox 2094 3360 2268 3420; x_wconf 82' lang='lat' dir='ltr'><strong>nimis,</strong></span> <span class='ocrx_word' id='word_1_592' title='bbox 2300 3358 2424 3411; x_wconf 87' lang='lat' dir='ltr'><strong>mihi</strong></span> <span class='ocrx_word' id='word_1_593' title='bbox 2462 3357 2653 3428; x_wconf 77' lang='lat' dir='ltr'><strong>fecistis</strong></span> <span class='ocrx_word' id='word_1_594' title='bbox 2700 3352 2912 3425; x_wconf 78' lang='lat' dir='ltr'><strong>(Matth.</strong></span> <span class='ocrx_word' id='word_1_595' title='bbox 2963 3366 3087 3413; x_wconf 85' lang='lat' dir='ltr'><strong>xxv,</strong></span> <span class='ocrx_word' id='word_1_596' title='bbox 3117 3347 3231 3417; x_wconf 75' lang='grc'><strong>45).</strong></span> <span class='ocrx_word' id='word_1_597' title='bbox 3264 3348 3435 3414; x_wconf 81' lang='lat' dir='ltr'><strong>Quam</strong></span> <span class='ocrx_word' id='word_1_598' title='bbox 3463 3345 3682 3414; x_wconf 91' lang='lat' dir='ltr'><strong>quidem</strong></span> 
     </span>
    </p>
   </div>
   <div class='ocr_carea' id='block_1_78' title="bbox 2095 3436 3682 3505">
    <p class='ocr_par' dir='ltr' id='par_1_78' title="bbox 2095 3436 3682 3505">
     <span class='ocr_line' id='line_1_78' title="bbox 2095 3436 3682 3505; baseline -0.009 0"><span class='ocrx_word' id='word_1_599' title='bbox 2095 3451 2308 3505; x_wconf 89' lang='lat' dir='ltr'><strong>beatam</strong></span> <span class='ocrx_word' id='word_1_600' title='bbox 2343 3462 2531 3502; x_wconf 90' lang='lat' dir='ltr'><strong>vocem</strong></span> <span class='ocrx_word' id='word_1_601' title='bbox 2560 3446 2762 3501; x_wconf 90' lang='lat' dir='ltr'><strong>utinam</strong></span> <span class='ocrx_word' id='word_1_602' title='bbox 2793 3443 3071 3497; x_wconf 82' lang='lat' dir='ltr'><strong>audiamus</strong></span> <span class='ocrx_word' id='word_1_603' title='bbox 3098 3456 3196 3494; x_wconf 86' lang='lat' dir='ltr'><strong>nos</strong></span> <span class='ocrx_word' id='word_1_604' title='bbox 3220 3453 3410 3493; x_wconf 91' lang='lat' dir='ltr'><strong>omnes</strong></span> <span class='ocrx_word' id='word_1_605' title='bbox 3436 3438 3529 3505; x_wconf 89' lang='lat' dir='ltr'><strong>qui</strong></span> <span class='ocrx_word' id='word_1_606' title='bbox 3570 3436 3682 3491; x_wconf 64' lang='lat' dir='ltr'><strong>haec</strong></span> 
     </span>
    </p>
   </div>
   <div class='ocr_carea' id='block_1_79' title="bbox 2095 3533 3684 3609">
    <p class='ocr_par' dir='ltr' id='par_1_79' title="bbox 2095 3533 3684 3609">
     <span class='ocr_line' id='line_1_79' title="bbox 2095 3533 3684 3609; baseline -0.008 -13"><span class='ocrx_word' id='word_1_607' title='bbox 2095 3542 2182 3597; x_wconf 89' lang='lat' dir='ltr'><strong>vel</strong></span> <span class='ocrx_word' id='word_1_608' title='bbox 2211 3540 2456 3609; x_wconf 85' lang='lat' dir='ltr'><strong>legimus,</strong></span> <span class='ocrx_word' id='word_1_609' title='bbox 2488 3539 2575 3593; x_wconf 88' lang='lat' dir='ltr'><strong>vel</strong></span> <span class='ocrx_word' id='word_1_610' title='bbox 2602 3537 2880 3601; x_wconf 88' lang='lat' dir='ltr'><strong>audimus;</strong></span> <span class='ocrx_word' id='word_1_611' title='bbox 2925 3543 2981 3591; x_wconf 91' lang='lat' dir='ltr'><strong>et</strong></span> <span class='ocrx_word' id='word_1_612' title='bbox 3015 3548 3409 3603; x_wconf 91' lang='lat' dir='ltr'><strong>consequamur</strong></span> <span class='ocrx_word' id='word_1_613' title='bbox 3435 3546 3499 3585; x_wconf 90' lang='lat' dir='ltr'><strong>ea</strong></span> <span class='ocrx_word' id='word_1_614' title='bbox 3544 3533 3684 3585; x_wconf 85' lang='lat' dir='ltr'><strong>bona</strong></span> 
     </span>
    </p>
   </div>
   <div class='ocr_carea' id='block_1_80' title="bbox 2098 3622 3683 3703">
    <p class='ocr_par' dir='ltr' id='par_1_80' title="bbox 2098 3622 3683 3703">
     <span class='ocr_line' id='line_1_80' title="bbox 2098 3622 3683 3703; baseline -0.008 -16"><span class='ocrx_word' id='word_1_615' title='bbox 2098 3633 2421 3703; x_wconf 73' lang='lat' dir='ltr'><strong>sempiterna</strong></span> <span class='ocrx_word' id='word_1_616' title='bbox 2445 3671 2459 3695; x_wconf 96' lang='lat'><strong>,</strong></span> <span class='ocrx_word' id='word_1_617' title='bbox 2490 3646 2610 3699; x_wconf 76' lang='lat' dir='ltr'><strong>qua:</strong></span> <span class='ocrx_word' id='word_1_618' title='bbox 2648 3630 2857 3700; x_wconf 90' lang='lat' dir='ltr'><strong>paravit</strong></span> <span class='ocrx_word' id='word_1_619' title='bbox 2886 3627 3025 3680; x_wconf 90' lang='lat' dir='ltr'><strong>Deus</strong></span> <span class='ocrx_word' id='word_1_620' title='bbox 3052 3626 3116 3679; x_wconf 92' lang='lat' dir='ltr'><strong>iis</strong></span> <span class='ocrx_word' id='word_1_621' title='bbox 3144 3640 3174 3679; x_wconf 92' lang='lat' dir='ltr'><strong>a</strong></span> <span class='ocrx_word' id='word_1_622' title='bbox 3208 3624 3402 3694; x_wconf 90' lang='lat' dir='ltr'><strong>quibus</strong></span> <span class='ocrx_word' id='word_1_623' title='bbox 3426 3622 3683 3689; x_wconf 85' lang='lat' dir='ltr'><strong>diligitur,</strong></span> 
     </span>
    </p>
   </div>
   <div class='ocr_carea' id='block_1_81' title="bbox 2098 3713 3685 3795">
    <p class='ocr_par' dir='ltr' id='par_1_81' title="bbox 2098 3713 3685 3795">
     <span class='ocr_line' id='line_1_81' title="bbox 2098 3713 3685 3795; baseline -0.008 -17"><span class='ocrx_word' id='word_1_624' title='bbox 2098 3740 2195 3795; x_wconf 88' lang='lat' dir='ltr'><strong>per</strong></span> <span class='ocrx_word' id='word_1_625' title='bbox 2232 3725 2457 3790; x_wconf 86' lang='lat' dir='ltr'><strong>gratiam</strong></span> <span class='ocrx_word' id='word_1_626' title='bbox 2485 3732 2645 3791; x_wconf 89' lang='lat' dir='ltr'><strong>atque</strong></span> <span class='ocrx_word' id='word_1_627' title='bbox 2676 3720 3067 3775; x_wconf 88' lang='lat' dir='ltr'><strong>humanitatem</strong></span> <span class='ocrx_word' id='word_1_628' title='bbox 3097 3717 3304 3772; x_wconf 90' lang='lat' dir='ltr'><strong>Domini</strong></span> <span class='ocrx_word' id='word_1_629' title='bbox 3347 3715 3515 3769; x_wconf 88' lang='lat' dir='ltr'><strong>nostri</strong></span> <span class='ocrx_word' id='word_1_630' title='bbox 3557 3713 3685 3767; x_wconf 87' lang='lat' dir='ltr'><strong>Jesu</strong></span> 
     </span>
    </p>
   </div>
   <div class='ocr_carea' id='block_1_82' title="bbox 2102 3807 3509 3881">
    <p class='ocr_par' dir='ltr' id='par_1_82' title="bbox 2102 3807 3509 3881">
     <span class='ocr_line' id='line_1_82' title="bbox 2102 3807 3509 3881; baseline -0.006 -12"><span class='ocrx_word' id='word_1_631' title='bbox 2102 3816 2316 3878; x_wconf 89' lang='lat' dir='ltr'><strong>Christi,</strong></span> <span class='ocrx_word' id='word_1_632' title='bbox 2349 3816 2435 3869; x_wconf 87' lang='lat' dir='ltr'><strong>cui</strong></span> <span class='ocrx_word' id='word_1_633' title='bbox 2464 3814 2633 3881; x_wconf 89' lang='lat' dir='ltr'><strong>gloria</strong></span> <span class='ocrx_word' id='word_1_634' title='bbox 2655 3813 2707 3866; x_wconf 93' lang='lat' dir='ltr'><strong>in</strong></span> <span class='ocrx_word' id='word_1_635' title='bbox 2736 3811 2929 3865; x_wconf 61' lang='lat' dir='ltr'><strong>saecula</strong></span> <span class='ocrx_word' id='word_1_636' title='bbox 2955 3810 3293 3864; x_wconf 64' lang='lat' dir='ltr'><strong>sarculnrum.</strong></span> <span class='ocrx_word' id='word_1_637' title='bbox 3321 3807 3509 3861; x_wconf 86' lang='lat' dir='ltr'><strong>Amen.</strong></span> 
     </span>
    </p>
   </div>
   <div class='ocr_carea' id='block_1_83' title="bbox 2104 3899 3683 3979">
    <p class='ocr_par' dir='ltr' id='par_1_83' title="bbox 2104 3899 3683 3979">
     <span class='ocr_line' id='line_1_83' title="bbox 2104 3899 3683 3979; baseline -0.007 -15"><span class='ocrx_word' id='word_1_638' title='bbox 2104 3909 2359 3979; x_wconf 88' lang='lat' dir='ltr'><strong>Sigeberti</strong></span> <span class='ocrx_word' id='word_1_639' title='bbox 2375 3906 2757 3960; x_wconf 82' lang='lat' dir='ltr'><strong>Gemblacensis</strong></span> <span class='ocrx_word' id='word_1_640' title='bbox 2775 3914 2825 3970; x_wconf 70' lang='grc' dir='ltr'><strong>α,</strong></span> <span class='ocrx_word' id='word_1_641' title='bbox 2845 3903 2935 3957; x_wconf 91' lang='lat' dir='ltr'><strong>lib.</strong></span> <span class='ocrx_word' id='word_1_642' title='bbox 2968 3904 3031 3956; x_wconf 85' lang='lat' dir='ltr'><strong>de</strong></span> <span class='ocrx_word' id='word_1_643' title='bbox 3059 3902 3255 3972; x_wconf 89' lang='lat' dir='ltr'><strong>Script.</strong></span> <span class='ocrx_word' id='word_1_644' title='bbox 3273 3900 3497 3965; x_wconf 79' lang='lat' dir='ltr'><strong>Eccles.,</strong></span> <span class='ocrx_word' id='word_1_645' title='bbox 3521 3917 3568 3955; x_wconf 88' lang='lat' dir='ltr'><strong>c.</strong></span> <span class='ocrx_word' id='word_1_646' title='bbox 3592 3899 3683 3954; x_wconf 65' lang='grc'><strong>41.</strong></span> 
     </span>
    </p>
   </div>
   <div class='ocr_carea' id='block_1_84' title="bbox 2181 3991 3680 4066">
    <p class='ocr_par' dir='ltr' id='par_1_84' title="bbox 2181 3991 3680 4066">
     <span class='ocr_line' id='line_1_84' title="bbox 2181 3991 3680 4066; baseline -0.004 -14"><span class='ocrx_word' id='word_1_647' title='bbox 2181 3997 2491 4066; x_wconf 87' lang='lat' dir='ltr'><strong>Gregorius,</strong></span> <span class='ocrx_word' id='word_1_648' title='bbox 2520 3997 2736 4051; x_wconf 88' lang='lat' dir='ltr'><strong>natione</strong></span> <span class='ocrx_word' id='word_1_649' title='bbox 2759 3995 3054 4059; x_wconf 84' lang='lat' dir='ltr'><strong>Romanus,</strong></span> <span class='ocrx_word' id='word_1_650' title='bbox 3072 4010 3137 4049; x_wconf 87' lang='lat' dir='ltr'><strong>ex</strong></span> <span class='ocrx_word' id='word_1_651' title='bbox 3170 4001 3400 4062; x_wconf 58' lang='lat' dir='ltr'><strong>praetore</strong></span> <span class='ocrx_word' id='word_1_652' title='bbox 3429 3991 3680 4057; x_wconf 82' lang='lat' dir='ltr'><strong>Urbano,</strong></span> 
     </span>
    </p>
   </div>
   <div class='ocr_carea' id='block_1_85' title="bbox 2106 4081 3687 4155">
    <p class='ocr_par' dir='ltr' id='par_1_85' title="bbox 2106 4081 3687 4155">
     <span class='ocr_line' id='line_1_85' title="bbox 2106 4081 3687 4155; baseline -0.008 -8"><span class='ocrx_word' id='word_1_653' title='bbox 2106 4089 2402 4147; x_wconf 88' lang='lat' dir='ltr'><strong>monachus</strong></span> <span class='ocrx_word' id='word_1_654' title='bbox 2480 4087 2686 4155; x_wconf 91' lang='lat' dir='ltr'><strong>abbas,</strong></span> <span class='ocrx_word' id='word_1_655' title='bbox 2778 4085 3037 4155; x_wconf 90' lang='lat' dir='ltr'><strong>septimus</strong></span> <span class='ocrx_word' id='word_1_656' title='bbox 3108 4083 3361 4138; x_wconf 81' lang='lat' dir='ltr'><strong>Romame</strong></span> <span class='ocrx_word' id='word_1_657' title='bbox 3434 4081 3687 4136; x_wconf 73' lang='lat' dir='ltr'><strong>Ecclesia:</strong></span> 
     </span>
    </p>
   </div>
   <div class='ocr_carea' id='block_1_86' title="bbox 2108 4172 3686 4250">
    <p class='ocr_par' dir='ltr' id='par_1_86' title="bbox 2108 4172 3686 4250">
     <span class='ocr_line' id='line_1_86' title="bbox 2108 4172 3686 4250; baseline -0.008 -11"><span class='ocrx_word' id='word_1_658' title='bbox 2108 4183 2309 4246; x_wconf 87' lang='lat' dir='ltr'><strong>levita,</strong></span> <span class='ocrx_word' id='word_1_659' title='bbox 2396 4179 2775 4250; x_wconf 81' lang='lat' dir='ltr'><strong>apocrisiarius</strong></span> <span class='ocrx_word' id='word_1_660' title='bbox 2839 4192 2991 4247; x_wconf 67' lang='lat' dir='ltr'><strong>papae</strong></span> <span class='ocrx_word' id='word_1_661' title='bbox 3060 4175 3313 4231; x_wconf 77' lang='lat' dir='ltr'><strong>Romamn</strong></span> <span class='ocrx_word' id='word_1_662' title='bbox 3391 4172 3686 4236; x_wconf 63' lang='lat' dir='ltr'><strong>Ecclesiae,</strong></span> 
     </span>
    </p>
   </div>
   <div class='ocr_carea' id='block_1_87' title="bbox 2108 4264 3689 4340">
    <p class='ocr_par' dir='ltr' id='par_1_87' title="bbox 2108 4264 3689 4340">
     <span class='ocr_line' id='line_1_87' title="bbox 2108 4264 3689 4340; baseline -0.006 -12"><span class='ocrx_word' id='word_1_663' title='bbox 2108 4274 2275 4329; x_wconf 90' lang='lat' dir='ltr'><strong>multa</strong></span> <span class='ocrx_word' id='word_1_664' title='bbox 2339 4270 2572 4340; x_wconf 89' lang='lat' dir='ltr'><strong>scripsit.</strong></span> <span class='ocrx_word' id='word_1_665' title='bbox 2649 4269 2888 4337; x_wconf 81' lang='lat' dir='ltr'><strong>Rogatus</strong></span> <span class='ocrx_word' id='word_1_666' title='bbox 2957 4282 2987 4321; x_wconf 92' lang='lat' dir='ltr'><strong>a</strong></span> <span class='ocrx_word' id='word_1_667' title='bbox 3068 4265 3313 4321; x_wconf 87' lang='lat' dir='ltr'><strong>Leandro</strong></span> <span class='ocrx_word' id='word_1_668' title='bbox 3386 4264 3689 4334; x_wconf 80' lang='lat' dir='ltr'><strong>Hispalensi</strong></span> 
     </span>
    </p>
   </div>
   <div class='ocr_carea' id='block_1_88' title="bbox 2109 4354 3689 4437">
    <p class='ocr_par' dir='ltr' id='par_1_88' title="bbox 2109 4354 3689 4437">
     <span class='ocr_line' id='line_1_88' title="bbox 2109 4354 3689 4437; baseline -0.008 -15"><span class='ocrx_word' id='word_1_669' title='bbox 2109 4367 2385 4437; x_wconf 90' lang='lat' dir='ltr'><strong>episcopo,</strong></span> <span class='ocrx_word' id='word_1_670' title='bbox 2416 4363 2609 4417; x_wconf 91' lang='lat' dir='ltr'><strong>librum</strong></span> <span class='ocrx_word' id='word_1_671' title='bbox 2661 4359 2761 4414; x_wconf 85' lang='lat' dir='ltr'><strong>Job</strong></span> <span class='ocrx_word' id='word_1_672' title='bbox 2803 4359 3052 4429; x_wconf 83' lang='lat' dir='ltr'><strong>exposuit</strong></span> <span class='ocrx_word' id='word_1_673' title='bbox 3081 4356 3380 4427; x_wconf 90' lang='lat' dir='ltr'><strong>tripliciter,</strong></span> <span class='ocrx_word' id='word_1_674' title='bbox 3409 4354 3689 4418; x_wconf 87' lang='lat' dir='ltr'><strong>historice,</strong></span> 
     </span>
    </p>
   </div>
   <div class='ocr_carea' id='block_1_89' title="bbox 2111 4444 3687 4523">
    <p class='ocr_par' dir='ltr' id='par_1_89' title="bbox 2111 4444 3687 4523">
     <span class='ocr_line' id='line_1_89' title="bbox 2111 4444 3687 4523; baseline -0.009 -12"><span class='ocrx_word' id='word_1_675' title='bbox 2111 4454 2397 4523; x_wconf 89' lang='lat' dir='ltr'><strong>allegorice</strong></span> <span class='ocrx_word' id='word_1_676' title='bbox 2422 4460 2477 4508; x_wconf 91' lang='lat' dir='ltr'><strong>et</strong></span> <span class='ocrx_word' id='word_1_677' title='bbox 2502 4450 2779 4506; x_wconf 89' lang='lat' dir='ltr'><strong>moraliter</strong></span> <span class='ocrx_word' id='word_1_678' title='bbox 2804 4468 2818 4515; x_wconf 92' lang='lat'><strong>;</strong></span> <span class='ocrx_word' id='word_1_679' title='bbox 2847 4457 2903 4503; x_wconf 91' lang='lat' dir='ltr'><strong>et</strong></span> <span class='ocrx_word' id='word_1_680' title='bbox 2933 4449 3125 4503; x_wconf 91' lang='lat' dir='ltr'><strong>librum</strong></span> <span class='ocrx_word' id='word_1_681' title='bbox 3154 4446 3394 4501; x_wconf 91' lang='lat' dir='ltr'><strong>dividens</strong></span> <span class='ocrx_word' id='word_1_682' title='bbox 3421 4445 3475 4499; x_wconf 90' lang='lat' dir='ltr'><strong>in</strong></span> <span class='ocrx_word' id='word_1_683' title='bbox 3499 4459 3594 4499; x_wconf 86' lang='lat' dir='ltr'><strong>sex</strong></span> <span class='ocrx_word' id='word_1_684' title='bbox 3623 4444 3687 4497; x_wconf 89' lang='lat' dir='ltr'><strong>li-</strong></span> 
     </span>
    </p>
   </div>
   <div class='ocr_carea' id='block_1_90' title="bbox 2112 4534 3691 4612">
    <p class='ocr_par' dir='ltr' id='par_1_90' title="bbox 2112 4534 3691 4612">
     <span class='ocr_line' id='line_1_90' title="bbox 2112 4534 3691 4612; baseline -0.008 -10"><span class='ocrx_word' id='word_1_685' title='bbox 2112 4547 2263 4612; x_wconf 88' lang='lat' dir='ltr'><strong>bros,</strong></span> <span class='ocrx_word' id='word_1_686' title='bbox 2310 4542 2702 4600; x_wconf 87' lang='lat' dir='ltr'><strong>consummavit</strong></span> <span class='ocrx_word' id='word_1_687' title='bbox 2751 4541 2853 4596; x_wconf 93' lang='lat' dir='ltr'><strong>hoc</strong></span> <span class='ocrx_word' id='word_1_688' title='bbox 2909 4539 3156 4593; x_wconf 89' lang='lat' dir='ltr'><strong>mirabile</strong></span> <span class='ocrx_word' id='word_1_689' title='bbox 3211 4551 3345 4605; x_wconf 89' lang='lat' dir='ltr'><strong>opus</strong></span> <span class='ocrx_word' id='word_1_690' title='bbox 3373 4535 3427 4588; x_wconf 89' lang='lat' dir='ltr'><strong>in</strong></span> <span class='ocrx_word' id='word_1_691' title='bbox 3476 4534 3691 4601; x_wconf 89' lang='lat' dir='ltr'><strong>triginta</strong></span> 
     </span>
    </p>
   </div>
   <div class='ocr_carea' id='block_1_91' title="bbox 430 4622 3691 4712">
    <p class='ocr_par' dir='ltr' id='par_1_91' title="bbox 430 4622 3691 4712">
     <span class='ocr_line' id='line_1_91' title="bbox 430 4622 3691 4712; baseline -0.004 -20"><span class='ocrx_word' id='word_1_692' title='bbox 430 4627 609 4691; x_wconf 60' lang='lat' dir='ltr'><strong>dum.</strong></span> <span class='ocrx_word' id='word_1_693' title='bbox 641 4634 696 4681; x_wconf 75' lang='grc' dir='ltr'><strong>ει</strong></span> <span class='ocrx_word' id='word_1_694' title='bbox 723 4628 987 4683; x_wconf 58' lang='lat' dir='ltr'><strong>al1001mm</strong></span> <span class='ocrx_word' id='word_1_695' title='bbox 1024 4636 1108 4681; x_wconf 63' lang='lat' dir='ltr'><strong>est</strong></span> <span class='ocrx_word' id='word_1_696' title='bbox 1147 4627 1213 4681; x_wconf 70' lang='lat' dir='ltr'><strong>ad</strong></span> <span class='ocrx_word' id='word_1_697' title='bbox 1254 4628 1397 4683; x_wconf 76' lang='lat' dir='ltr'><strong>hunc</strong></span> <span class='ocrx_word' id='word_1_698' title='bbox 1425 4628 1642 4682; x_wconf 78' lang='lat' dir='ltr'><strong>m0dllm</strong></span> <span class='ocrx_word' id='word_1_699' title='bbox 1676 4646 1688 4681; x_wconf 76' lang='grc' dir='ltr'>ε</span> <span class='ocrx_word' id='word_1_700' title='bbox 1718 4628 1922 4696; x_wconf 70' lang='lat' dir='ltr'><strong>Adiuro</strong></span> <span class='ocrx_word' id='word_1_701' title='bbox 1952 4637 2004 4684; x_wconf 77' lang='grc' dir='ltr'><strong>ιθ</strong></span> <span class='ocrx_word' id='word_1_702' title='bbox 2031 4648 2086 4708; x_wconf 84' lang='grc' dir='ltr'><strong>Ῑ)</strong></span> <span class='ocrx_word' id='word_1_703' title='bbox 2108 4639 2343 4712; x_wconf 89' lang='lat' dir='ltr'><strong>quinque</strong></span> <span class='ocrx_word' id='word_1_704' title='bbox 2364 4635 2531 4690; x_wconf 91' lang='lat' dir='ltr'><strong>libris.</strong></span> <span class='ocrx_word' id='word_1_705' title='bbox 2566 4632 2797 4687; x_wconf 89' lang='lat' dir='ltr'><strong>Primam</strong></span> <span class='ocrx_word' id='word_1_706' title='bbox 2822 4639 2877 4685; x_wconf 91' lang='lat' dir='ltr'><strong>et</strong></span> <span class='ocrx_word' id='word_1_707' title='bbox 2903 4630 3143 4683; x_wconf 90' lang='lat' dir='ltr'><strong>ultimam</strong></span> <span class='ocrx_word' id='word_1_708' title='bbox 3172 4632 3380 4695; x_wconf 88' lang='lat' dir='ltr'><strong>partem</strong></span> <span class='ocrx_word' id='word_1_709' title='bbox 3403 4622 3691 4679; x_wconf 86' lang='lat' dir='ltr'><strong>Ezechielis</strong></span> 
     </span>
    </p>
   </div>
   <div class='ocr_carea' id='block_1_92' title="bbox 431 4718 2014 4788">
    <p class='ocr_par' dir='ltr' id='par_1_92' title="bbox 431 4718 2014 4788">
     <span class='ocr_line' id='line_1_92' title="bbox 431 4718 2014 4788; baseline 0.004 -16"><span class='ocrx_word' id='word_1_710' title='bbox 431 4734 526 4788; x_wconf 89' lang='lat' dir='ltr'><strong>per</strong></span> <span class='ocrx_word' id='word_1_711' title='bbox 549 4731 796 4785; x_wconf 84' lang='lat' dir='ltr'><strong>magnam</strong></span> <span class='ocrx_word' id='word_1_712' title='bbox 823 4718 1207 4787; x_wconf 88' lang='lat' dir='ltr'><strong>omnipotentis</strong></span> <span class='ocrx_word' id='word_1_713' title='bbox 1244 4719 1337 4773; x_wconf 92' lang='lat' dir='ltr'><strong>Dei</strong></span> <span class='ocrx_word' id='word_1_714' title='bbox 1376 4720 1656 4782; x_wconf 87' lang='lat' dir='ltr'><strong>virtutem,</strong></span> <span class='ocrx_word' id='word_1_715' title='bbox 1707 4729 1766 4775; x_wconf 91' lang='lat' dir='ltr'><strong>ut</strong></span> <span class='ocrx_word' id='word_1_716' title='bbox 1804 4723 2014 4783; x_wconf 84' lang='lat' dir='ltr'><strong>aperias</strong></span> 
     </span>
    </p>
   </div>
   <div class='ocr_carea' id='block_1_93' title="bbox 434 4808 2011 4881">
    <p class='ocr_par' dir='ltr' id='par_1_93' title="bbox 434 4808 2011 4881">
     <span class='ocr_line' id='line_1_93' title="bbox 434 4808 2011 4881; baseline 0.005 -20"><span class='ocrx_word' id='word_1_717' title='bbox 434 4809 585 4874; x_wconf 90' lang='lat' dir='ltr'><strong>mihi,</strong></span> <span class='ocrx_word' id='word_1_718' title='bbox 614 4809 705 4878; x_wconf 89' lang='lat' dir='ltr'><strong>qui</strong></span> <span class='ocrx_word' id='word_1_719' title='bbox 733 4808 829 4873; x_wconf 90' lang='lat' dir='ltr'><strong>sis,</strong></span> <span class='ocrx_word' id='word_1_720' title='bbox 853 4816 907 4862; x_wconf 91' lang='lat' dir='ltr'><strong>et</strong></span> <span class='ocrx_word' id='word_1_721' title='bbox 927 4823 1033 4876; x_wconf 94' lang='lat' dir='ltr'><strong>quo</strong></span> <span class='ocrx_word' id='word_1_722' title='bbox 1060 4808 1279 4863; x_wconf 91' lang='lat' dir='ltr'><strong>nomine</strong></span> <span class='ocrx_word' id='word_1_723' title='bbox 1302 4811 1608 4879; x_wconf 89' lang='lat' dir='ltr'><strong>appelleris.</strong></span> <span class='ocrx_word' id='word_1_724' title='bbox 1640 4811 1707 4865; x_wconf 89' lang='lat' dir='ltr'><strong>Et</strong></span> <span class='ocrx_word' id='word_1_725' title='bbox 1732 4813 1821 4867; x_wconf 86' lang='lat' dir='ltr'><strong>ille</strong></span> <span class='ocrx_word' id='word_1_726' title='bbox 1845 4832 1856 4866; x_wconf 91' lang='lat'><strong>:</strong></span> <span class='ocrx_word' id='word_1_727' title='bbox 1883 4815 2011 4881; x_wconf 90' lang='lat' dir='ltr'><strong>Cur,</strong></span> 
     </span>
    </p>
   </div>
   <div class='ocr_carea' id='block_1_94' title="bbox 436 4900 2015 4970">
    <p class='ocr_par' dir='ltr' id='par_1_94' title="bbox 436 4900 2015 4970">
     <span class='ocr_line' id='line_1_94' title="bbox 436 4900 2015 4970; baseline 0.004 -18"><span class='ocrx_word' id='word_1_728' title='bbox 436 4900 627 4970; x_wconf 85' lang='lat' dir='ltr'><strong>inquit,</strong></span> <span class='ocrx_word' id='word_1_729' title='bbox 662 4914 855 4954; x_wconf 86' lang='lat' dir='ltr'><strong>nomen</strong></span> <span class='ocrx_word' id='word_1_730' title='bbox 888 4914 1066 4953; x_wconf 92' lang='lat' dir='ltr'><strong>meum</strong></span> <span class='ocrx_word' id='word_1_731' title='bbox 1110 4900 1336 4969; x_wconf 65' lang='lat' dir='ltr'><strong>quaeris,</strong></span> <span class='ocrx_word' id='word_1_732' title='bbox 1378 4902 1521 4969; x_wconf 90' lang='lat' dir='ltr'><strong>quod</strong></span> <span class='ocrx_word' id='word_1_733' title='bbox 1551 4910 1635 4956; x_wconf 86' lang='lat' dir='ltr'><strong>est</strong></span> <span class='ocrx_word' id='word_1_734' title='bbox 1663 4902 2015 4959; x_wconf 86' lang='lat' dir='ltr'><strong>admirabile?</strong></span> 
     </span>
    </p>
   </div>
   <div class='ocr_carea' id='block_1_95' title="bbox 436 4990 2013 5061">
    <p class='ocr_par' dir='ltr' id='par_1_95' title="bbox 436 4990 2013 5061">
     <span class='ocr_line' id='line_1_95' title="bbox 436 4990 2013 5061; baseline 0.002 -15"><span class='ocrx_word' id='word_1_735' title='bbox 436 4992 543 5061; x_wconf 85' lang='lat' dir='ltr'><strong>Ego</strong></span> <span class='ocrx_word' id='word_1_736' title='bbox 580 5007 699 5047; x_wconf 91' lang='lat' dir='ltr'><strong>sum</strong></span> <span class='ocrx_word' id='word_1_737' title='bbox 742 5005 945 5061; x_wconf 86' lang='lat' dir='ltr'><strong>pauper</strong></span> <span class='ocrx_word' id='word_1_738' title='bbox 982 4990 1074 5044; x_wconf 92' lang='lat' dir='ltr'><strong>ille</strong></span> <span class='ocrx_word' id='word_1_739' title='bbox 1120 4991 1210 5058; x_wconf 91' lang='lat' dir='ltr'><strong>qui</strong></span> <span class='ocrx_word' id='word_1_740' title='bbox 1265 4991 1331 5045; x_wconf 90' lang='lat' dir='ltr'><strong>ad</strong></span> <span class='ocrx_word' id='word_1_741' title='bbox 1362 5000 1415 5046; x_wconf 89' lang='lat' dir='ltr'><strong>te</strong></span> <span class='ocrx_word' id='word_1_742' title='bbox 1442 4993 1566 5047; x_wconf 89' lang='lat' dir='ltr'><strong>veni</strong></span> <span class='ocrx_word' id='word_1_743' title='bbox 1598 4994 1650 5047; x_wconf 92' lang='lat' dir='ltr'><strong>in</strong></span> <span class='ocrx_word' id='word_1_744' title='bbox 1680 4996 2013 5049; x_wconf 89' lang='lat' dir='ltr'><strong>mansionem</strong></span> 
     </span>
    </p>
   </div>
   <div class='ocr_carea' id='block_1_96' title="bbox 436 5081 2013 5151">
    <p class='ocr_par' dir='ltr' id='par_1_96' title="bbox 436 5081 2013 5151">
     <span class='ocr_line' id='line_1_96' title="bbox 436 5081 2013 5151; baseline 0.001 -13"><span class='ocrx_word' id='word_1_745' title='bbox 436 5082 607 5138; x_wconf 87' lang='lat' dir='ltr'><strong>sancti</strong></span> <span class='ocrx_word' id='word_1_746' title='bbox 674 5082 896 5137; x_wconf 82' lang='lat' dir='ltr'><strong>Andreae</strong></span> <span class='ocrx_word' id='word_1_747' title='bbox 948 5081 1180 5151; x_wconf 87' lang='lat' dir='ltr'><strong>apostoli</strong></span> <span class='ocrx_word' id='word_1_748' title='bbox 1234 5081 1302 5136; x_wconf 90' lang='lat' dir='ltr'><strong>ad</strong></span> <span class='ocrx_word' id='word_1_749' title='bbox 1356 5083 1553 5137; x_wconf 90' lang='lat' dir='ltr'><strong>clivum</strong></span> <span class='ocrx_word' id='word_1_750' title='bbox 1622 5083 1833 5151; x_wconf 90' lang='lat' dir='ltr'><strong>Scauri,</strong></span> <span class='ocrx_word' id='word_1_751' title='bbox 1890 5101 2013 5141; x_wconf 92' lang='lat' dir='ltr'><strong>cum</strong></span> 
     </span>
    </p>
   </div>
   <div class='ocr_carea' id='block_1_97' title="bbox 440 5171 2021 5240">
    <p class='ocr_par' dir='ltr' id='par_1_97' title="bbox 440 5171 2021 5240">
     <span class='ocr_line' id='line_1_97' title="bbox 440 5171 2021 5240; baseline 0 -11"><span class='ocrx_word' id='word_1_752' title='bbox 440 5183 493 5229; x_wconf 95' lang='lat' dir='ltr'><strong>tu</strong></span> <span class='ocrx_word' id='word_1_753' title='bbox 524 5174 578 5228; x_wconf 89' lang='lat' dir='ltr'><strong>in</strong></span> <span class='ocrx_word' id='word_1_754' title='bbox 606 5172 797 5229; x_wconf 89' lang='lat' dir='ltr'><strong>cellula</strong></span> <span class='ocrx_word' id='word_1_755' title='bbox 838 5182 926 5227; x_wconf 86' lang='lat' dir='ltr'><strong>tua</strong></span> <span class='ocrx_word' id='word_1_756' title='bbox 955 5171 1172 5227; x_wconf 87' lang='lat' dir='ltr'><strong>sederes</strong></span> <span class='ocrx_word' id='word_1_757' title='bbox 1211 5187 1273 5227; x_wconf 93' lang='lat' dir='ltr'><strong>ac</strong></span> <span class='ocrx_word' id='word_1_758' title='bbox 1299 5174 1592 5240; x_wconf 88' lang='lat' dir='ltr'><strong>scriberes,</strong></span> <span class='ocrx_word' id='word_1_759' title='bbox 1632 5176 1718 5230; x_wconf 91' lang='lat' dir='ltr'><strong>cui</strong></span> <span class='ocrx_word' id='word_1_760' title='bbox 1741 5175 2021 5231; x_wconf 91' lang='lat' dir='ltr'><strong>duodenos</strong></span> 
     </span>
    </p>
   </div>
   <div class='ocr_carea' id='block_1_98' title="bbox 441 5263 2020 5333">
    <p class='ocr_par' dir='ltr' id='par_1_98' title="bbox 441 5263 2020 5333">
     <span class='ocr_line' id='line_1_98' title="bbox 441 5263 2020 5333; baseline 0.001 -14"><span class='ocrx_word' id='word_1_761' title='bbox 441 5266 632 5321; x_wconf 90' lang='lat' dir='ltr'><strong>dedisti</strong></span> <span class='ocrx_word' id='word_1_762' title='bbox 661 5279 926 5329; x_wconf 89' lang='lat' dir='ltr'><strong>nummos,</strong></span> <span class='ocrx_word' id='word_1_763' title='bbox 959 5273 1013 5319; x_wconf 92' lang='lat' dir='ltr'><strong>et</strong></span> <span class='ocrx_word' id='word_1_764' title='bbox 1040 5278 1154 5328; x_wconf 89' lang='lat' dir='ltr'><strong>vas,</strong></span> <span class='ocrx_word' id='word_1_765' title='bbox 1186 5263 1329 5333; x_wconf 89' lang='lat' dir='ltr'><strong>quod</strong></span> <span class='ocrx_word' id='word_1_766' title='bbox 1359 5264 1453 5319; x_wconf 93' lang='lat' dir='ltr'><strong>tibi</strong></span> <span class='ocrx_word' id='word_1_767' title='bbox 1484 5266 1639 5320; x_wconf 87' lang='lat' dir='ltr'><strong>beata</strong></span> <span class='ocrx_word' id='word_1_768' title='bbox 1661 5275 1834 5321; x_wconf 89' lang='lat' dir='ltr'><strong>mater</strong></span> <span class='ocrx_word' id='word_1_769' title='bbox 1855 5266 2020 5321; x_wconf 87' lang='lat' dir='ltr'><strong>Silvia</strong></span> 
     </span>
    </p>
   </div>
   <div class='ocr_carea' id='block_1_99' title="bbox 443 5355 2021 5427">
    <p class='ocr_par' dir='ltr' id='par_1_99' title="bbox 443 5355 2021 5427">
     <span class='ocr_line' id='line_1_99' title="bbox 443 5355 2021 5427; baseline 0.001 -16"><span class='ocrx_word' id='word_1_770' title='bbox 443 5372 566 5411; x_wconf 89' lang='lat' dir='ltr'><strong>cum</strong></span> <span class='ocrx_word' id='word_1_771' title='bbox 609 5356 969 5425; x_wconf 87' lang='lat' dir='ltr'><strong>leguminibus</strong></span> <span class='ocrx_word' id='word_1_772' title='bbox 1006 5355 1246 5409; x_wconf 90' lang='lat' dir='ltr'><strong>miserat.</strong></span> <span class='ocrx_word' id='word_1_773' title='bbox 1297 5355 1480 5425; x_wconf 85' lang='lat' dir='ltr'><strong>Itaque</strong></span> <span class='ocrx_word' id='word_1_774' title='bbox 1522 5372 1641 5411; x_wconf 91' lang='lat' dir='ltr'><strong>cum</strong></span> <span class='ocrx_word' id='word_1_775' title='bbox 1681 5360 2021 5427; x_wconf 90' lang='lat' dir='ltr'><strong>perspicuum</strong></span> 
     </span>
    </p>
   </div>
   <div class='ocr_carea' id='block_1_100' title="bbox 444 5448 2022 5519">
    <p class='ocr_par' dir='ltr' id='par_1_100' title="bbox 444 5448 2022 5519">
     <span class='ocr_line' id='line_1_100' title="bbox 444 5448 2022 5519; baseline 0.001 -17"><span class='ocrx_word' id='word_1_776' title='bbox 444 5448 607 5506; x_wconf 85' lang='lat' dir='ltr'><strong>fuerit</strong></span> <span class='ocrx_word' id='word_1_777' title='bbox 636 5457 687 5504; x_wconf 90' lang='lat' dir='ltr'><strong>te</strong></span> <span class='ocrx_word' id='word_1_778' title='bbox 715 5450 768 5504; x_wconf 91' lang='lat' dir='ltr'><strong>in</strong></span> <span class='ocrx_word' id='word_1_779' title='bbox 797 5448 976 5505; x_wconf 90' lang='lat' dir='ltr'><strong>cordis</strong></span> <span class='ocrx_word' id='word_1_780' title='bbox 1004 5448 1350 5519; x_wconf 89' lang='lat' dir='ltr'><strong>simplicitate</strong></span> <span class='ocrx_word' id='word_1_781' title='bbox 1380 5457 1435 5503; x_wconf 88' lang='lat' dir='ltr'><strong>et</strong></span> <span class='ocrx_word' id='word_1_782' title='bbox 1467 5448 1721 5518; x_wconf 89' lang='lat' dir='ltr'><strong>patientia</strong></span> <span class='ocrx_word' id='word_1_783' title='bbox 1768 5456 2022 5504; x_wconf 87' lang='lat' dir='ltr'><strong>constan-</strong></span> 
     </span>
    </p>
   </div>
   <div class='ocr_carea' id='block_1_101' title="bbox 447 5540 2023 5612">
    <p class='ocr_par' dir='ltr' id='par_1_101' title="bbox 447 5540 2023 5612">
     <span class='ocr_line' id='line_1_101' title="bbox 447 5540 2023 5612; baseline -0.002 -14"><span class='ocrx_word' id='word_1_784' title='bbox 447 5550 556 5598; x_wconf 91' lang='lat' dir='ltr'><strong>tem</strong></span> <span class='ocrx_word' id='word_1_785' title='bbox 602 5542 993 5612; x_wconf 89' lang='lat' dir='ltr'><strong>permansisse,</strong></span> <span class='ocrx_word' id='word_1_786' title='bbox 1040 5556 1107 5596; x_wconf 88' lang='lat' dir='ltr'><strong>ex</strong></span> <span class='ocrx_word' id='word_1_787' title='bbox 1154 5556 1262 5610; x_wconf 93' lang='lat' dir='ltr'><strong>quo</strong></span> <span class='ocrx_word' id='word_1_788' title='bbox 1291 5541 1379 5596; x_wconf 92' lang='lat' dir='ltr'><strong>die</strong></span> <span class='ocrx_word' id='word_1_789' title='bbox 1420 5542 1550 5595; x_wconf 89' lang='lat' dir='ltr'><strong>mihi</strong></span> <span class='ocrx_word' id='word_1_790' title='bbox 1595 5541 1709 5595; x_wconf 82' lang='lat' dir='ltr'><strong>haec</strong></span> <span class='ocrx_word' id='word_1_791' title='bbox 1755 5540 2023 5608; x_wconf 83' lang='lat' dir='ltr'><strong>tribuisti,</strong></span> 
     </span>
    </p>
   </div>
   <div class='ocr_carea' id='block_1_102' title="bbox 448 5633 2026 5704">
    <p class='ocr_par' dir='ltr' id='par_1_102' title="bbox 448 5633 2026 5704">
     <span class='ocr_line' id='line_1_102' title="bbox 448 5633 2026 5704; baseline -0.001 -13"><span class='ocrx_word' id='word_1_792' title='bbox 448 5635 727 5691; x_wconf 88' lang='lat' dir='ltr'><strong>constituit</strong></span> <span class='ocrx_word' id='word_1_793' title='bbox 749 5634 1008 5689; x_wconf 91' lang='lat' dir='ltr'><strong>Dominus</strong></span> <span class='ocrx_word' id='word_1_794' title='bbox 1040 5642 1097 5688; x_wconf 89' lang='lat' dir='ltr'><strong>ut</strong></span> <span class='ocrx_word' id='word_1_795' title='bbox 1120 5633 1370 5690; x_wconf 76' lang='lat' dir='ltr'><strong>Ecclesia:</strong></span> <span class='ocrx_word' id='word_1_796' title='bbox 1395 5641 1595 5689; x_wconf 73' lang='lat' dir='ltr'><strong>sancta:</strong></span> <span class='ocrx_word' id='word_1_797' title='bbox 1624 5649 1761 5698; x_wconf 60' lang='lat' dir='ltr'><strong>suae,</strong></span> <span class='ocrx_word' id='word_1_798' title='bbox 1794 5649 1892 5704; x_wconf 92' lang='lat' dir='ltr'><strong>pro</strong></span> <span class='ocrx_word' id='word_1_799' title='bbox 1920 5648 2026 5703; x_wconf 86' lang='lat' dir='ltr'><strong>qua</strong></span> 
     </span>
    </p>
   </div>
   <div class='ocr_carea' id='block_1_103' title="bbox 450 5726 2026 5800">
    <p class='ocr_par' dir='ltr' id='par_1_103' title="bbox 450 5726 2026 5800">
     <span class='ocr_line' id='line_1_103' title="bbox 450 5726 2026 5800; baseline -0.003 -15"><span class='ocrx_word' id='word_1_800' title='bbox 450 5730 729 5800; x_wconf 87' lang='lat' dir='ltr'><strong>proprium</strong></span> <span class='ocrx_word' id='word_1_801' title='bbox 758 5730 922 5783; x_wconf 88' lang='lat' dir='ltr'><strong>etiam</strong></span> <span class='ocrx_word' id='word_1_802' title='bbox 964 5730 1278 5792; x_wconf 73' lang='lat' dir='ltr'><strong>sanguinem</strong></span> <span class='ocrx_word' id='word_1_803' title='bbox 1327 5729 1530 5793; x_wconf 75' lang='lat' dir='ltr'><strong>effudit,</strong></span> <span class='ocrx_word' id='word_1_804' title='bbox 1578 5728 1819 5799; x_wconf 90' lang='lat' dir='ltr'><strong>pontifex</strong></span> <span class='ocrx_word' id='word_1_805' title='bbox 1849 5726 2026 5790; x_wconf 83' lang='lat' dir='ltr'><strong>fieres,</strong></span> 
     </span>
    </p>
   </div>
   <div class='ocr_carea' id='block_1_104' title="bbox 526 5840 1296 5898">
    <p class='ocr_par' dir='ltr' id='par_1_104' title="bbox 526 5840 1296 5898">
     <span class='ocr_line' id='line_1_104' title="bbox 526 5840 1296 5898; baseline 0.001 -1"><span class='ocrx_word' id='word_1_806' title='bbox 526 5854 551 5880; x_wconf 67' lang='grc' dir='ltr'>ε</span> <span class='ocrx_word' id='word_1_807' title='bbox 581 5840 786 5897; x_wconf 78' lang='lat' dir='ltr'><strong>Obiisse</strong></span> <span class='ocrx_word' id='word_1_808' title='bbox 807 5843 996 5897; x_wconf 88' lang='lat' dir='ltr'><strong>dicitur</strong></span> <span class='ocrx_word' id='word_1_809' title='bbox 1024 5859 1112 5897; x_wconf 90' lang='lat' dir='ltr'><strong>an.</strong></span> <span class='ocrx_word' id='word_1_810' title='bbox 1140 5843 1296 5898; x_wconf 76' lang='grc'>1115.</span> 
     </span>
    </p>
   </div>
   <div class='ocr_carea' id='block_1_105' title="bbox 520 5909 2029 5981">
    <p class='ocr_par' dir='ltr' id='par_1_105' title="bbox 520 5909 2029 5981">
     <span class='ocr_line' id='line_1_105' title="bbox 520 5909 2029 5981; baseline -0.001 -13"><span class='ocrx_word' id='word_1_811' title='bbox 520 5912 549 5950; x_wconf 69' lang='grc' dir='ltr'><strong>ι’</strong></span> <span class='ocrx_word' id='word_1_812' title='bbox 580 5912 697 5969; x_wconf 86' lang='grc' dir='ltr'><strong>Νοη</strong></span> <span class='ocrx_word' id='word_1_813' title='bbox 727 5912 795 5966; x_wconf 84' lang='lat' dir='ltr'><strong>ad</strong></span> <span class='ocrx_word' id='word_1_814' title='bbox 822 5911 1148 5981; x_wconf 80' lang='lat' dir='ltr'><strong>Marianum,</strong></span> <span class='ocrx_word' id='word_1_815' title='bbox 1178 5930 1273 5970; x_wconf 91' lang='lat' dir='ltr'><strong>seu</strong></span> <span class='ocrx_word' id='word_1_816' title='bbox 1302 5914 1677 5979; x_wconf 77' lang='lat' dir='ltr'><strong>Marinianum,</strong></span> <span class='ocrx_word' id='word_1_817' title='bbox 1710 5910 1804 5968; x_wconf 88' lang='lat' dir='ltr'><strong>sed</strong></span> <span class='ocrx_word' id='word_1_818' title='bbox 1833 5910 1899 5966; x_wconf 88' lang='lat' dir='ltr'><strong>ad</strong></span> <span class='ocrx_word' id='word_1_819' title='bbox 1928 5909 2029 5966; x_wconf 89' lang='lat' dir='ltr'><strong>Se-</strong></span> 
     </span>
    </p>
   </div>
   <div class='ocr_carea' id='block_1_106' title="bbox 2004 6176 2027 6201">
    <p class='ocr_par' dir='ltr' id='par_1_106' title="bbox 2004 6176 2027 6201">
     <span class='ocr_line' id='line_1_106' title="bbox 2004 6176 2027 6201; baseline 0 0"><span class='ocrx_word' id='word_1_820' title='bbox 2004 6176 2027 6201; x_wconf 65' lang='grc' dir='ltr'><strong>ς</strong></span> 
     </span>
    </p>
   </div>
   <div class='ocr_carea' id='block_1_107' title="bbox 2114 4717 3693 4803">
    <p class='ocr_par' dir='ltr' id='par_1_107' title="bbox 2114 4717 3693 4803">
     <span class='ocr_line' id='line_1_107' title="bbox 2114 4717 3693 4803; baseline -0.011 -17"><span class='ocrx_word' id='word_1_821' title='bbox 2114 4731 2413 4803; x_wconf 63' lang='lat' dir='ltr'><strong>prophetae,</strong></span> <span class='ocrx_word' id='word_1_822' title='bbox 2443 4741 2563 4797; x_wconf 75' lang='lat' dir='ltr'><strong>qua:</strong></span> <span class='ocrx_word' id='word_1_823' title='bbox 2591 4723 2931 4779; x_wconf 89' lang='lat' dir='ltr'><strong>obscuriores</strong></span> <span class='ocrx_word' id='word_1_824' title='bbox 2961 4726 3134 4785; x_wconf 88' lang='lat' dir='ltr'><strong>erant,</strong></span> <span class='ocrx_word' id='word_1_825' title='bbox 3165 4718 3414 4787; x_wconf 88' lang='lat' dir='ltr'><strong>exposuit</strong></span> <span class='ocrx_word' id='word_1_826' title='bbox 3441 4717 3693 4771; x_wconf 86' lang='lat' dir='ltr'><strong>homiliti-</strong></span> 
     </span>
    </p>
   </div>
   <div class='ocr_carea' id='block_1_108' title="bbox 2115 4808 3695 4885">
    <p class='ocr_par' dir='ltr' id='par_1_108' title="bbox 2115 4808 3695 4885">
     <span class='ocr_line' id='line_1_108' title="bbox 2115 4808 3695 4885; baseline -0.012 -5"><span class='ocrx_word' id='word_1_827' title='bbox 2115 4840 2181 4880; x_wconf 92' lang='lat' dir='ltr'><strong>co</strong></span> <span class='ocrx_word' id='word_1_828' title='bbox 2210 4834 2481 4877; x_wconf 89' lang='lat' dir='ltr'><strong>sermone.</strong></span> <span class='ocrx_word' id='word_1_829' title='bbox 2506 4816 2731 4885; x_wconf 88' lang='lat' dir='ltr'><strong>Scripsit</strong></span> <span class='ocrx_word' id='word_1_830' title='bbox 2761 4813 2784 4849; x_wconf 75' lang='grc' dir='ltr'><strong>ι’</strong></span> <span class='ocrx_word' id='word_1_831' title='bbox 2818 4811 2885 4865; x_wconf 91' lang='lat' dir='ltr'><strong>ad</strong></span> <span class='ocrx_word' id='word_1_832' title='bbox 2914 4810 3208 4864; x_wconf 81' lang='lat' dir='ltr'><strong>Marianum</strong></span> <span class='ocrx_word' id='word_1_833' title='bbox 3235 4808 3543 4880; x_wconf 80' lang='lat' dir='ltr'><strong>episcopum</strong></span> <span class='ocrx_word' id='word_1_834' title='bbox 3570 4822 3695 4876; x_wconf 84' lang='lat' dir='ltr'><strong>qua-</strong></span> 
     </span>
    </p>
   </div>
   <div class='ocr_carea' id='block_1_109' title="bbox 2116 4898 3693 4981">
    <p class='ocr_par' dir='ltr' id='par_1_109' title="bbox 2116 4898 3693 4981">
     <span class='ocr_line' id='line_1_109' title="bbox 2116 4898 3693 4981; baseline -0.013 -12"><span class='ocrx_word' id='word_1_835' title='bbox 2116 4915 2358 4981; x_wconf 82' lang='lat' dir='ltr'><strong>draginta</strong></span> <span class='ocrx_word' id='word_1_836' title='bbox 2386 4911 2517 4962; x_wconf 91' lang='lat' dir='ltr'><strong>duas</strong></span> <span class='ocrx_word' id='word_1_837' title='bbox 2537 4902 2813 4972; x_wconf 88' lang='lat' dir='ltr'><strong>Evangelii</strong></span> <span class='ocrx_word' id='word_1_838' title='bbox 2842 4900 3108 4956; x_wconf 90' lang='lat' dir='ltr'><strong>homilias.</strong></span> <span class='ocrx_word' id='word_1_839' title='bbox 3137 4898 3195 4953; x_wconf 85' lang='lat' dir='ltr'><strong>In</strong></span> <span class='ocrx_word' id='word_1_840' title='bbox 3233 4898 3389 4953; x_wconf 91' lang='lat' dir='ltr'><strong>initio</strong></span> <span class='ocrx_word' id='word_1_841' title='bbox 3421 4898 3693 4967; x_wconf 81' lang='lat' dir='ltr'><strong>pontiﬁca-</strong></span> 
     </span>
    </p>
   </div>
   <div class='ocr_carea' id='block_1_110' title="bbox 2116 4988 3696 5064">
    <p class='ocr_par' dir='ltr' id='par_1_110' title="bbox 2116 4988 3696 5064">
     <span class='ocr_line' id='line_1_110' title="bbox 2116 4988 3696 5064; baseline -0.013 -6"><span class='ocrx_word' id='word_1_842' title='bbox 2116 5012 2203 5057; x_wconf 90' lang='lat' dir='ltr'><strong>tus</strong></span> <span class='ocrx_word' id='word_1_843' title='bbox 2247 5001 2330 5055; x_wconf 92' lang='lat' dir='ltr'><strong>sui</strong></span> <span class='ocrx_word' id='word_1_844' title='bbox 2379 4996 2591 5064; x_wconf 78' lang='lat' dir='ltr'><strong>scripsit</strong></span> <span class='ocrx_word' id='word_1_845' title='bbox 2633 4994 2698 5047; x_wconf 88' lang='lat' dir='ltr'><strong>ad</strong></span> <span class='ocrx_word' id='word_1_846' title='bbox 2740 4990 3024 5054; x_wconf 86' lang='lat' dir='ltr'><strong>Joannem,</strong></span> <span class='ocrx_word' id='word_1_847' title='bbox 3066 4988 3335 5044; x_wconf 74' lang='lat' dir='ltr'><strong>Ravenna:</strong></span> <span class='ocrx_word' id='word_1_848' title='bbox 3365 4988 3696 5057; x_wconf 89' lang='lat' dir='ltr'><strong>episcopum,</strong></span> 
     </span>
    </p>
   </div>
   <div class='ocr_carea' id='block_1_111' title="bbox 2117 5080 3697 5156">
    <p class='ocr_par' dir='ltr' id='par_1_111' title="bbox 2117 5080 3697 5156">
     <span class='ocr_line' id='line_1_111' title="bbox 2117 5080 3697 5156; baseline -0.012 -8"><span class='ocrx_word' id='word_1_849' title='bbox 2117 5094 2310 5148; x_wconf 89' lang='lat' dir='ltr'><strong>librum</strong></span> <span class='ocrx_word' id='word_1_850' title='bbox 2341 5086 2557 5156; x_wconf 77' lang='lat' dir='ltr'><strong>Regula:</strong></span> <span class='ocrx_word' id='word_1_851' title='bbox 2583 5081 2900 5147; x_wconf 88' lang='lat' dir='ltr'><strong>Pastoralis;</strong></span> <span class='ocrx_word' id='word_1_852' title='bbox 2926 5081 3118 5135; x_wconf 86' lang='lat' dir='ltr'><strong>librum</strong></span> <span class='ocrx_word' id='word_1_853' title='bbox 3148 5080 3508 5147; x_wconf 85' lang='lat' dir='ltr'><strong>Dialogorum,</strong></span> <span class='ocrx_word' id='word_1_854' title='bbox 3540 5092 3697 5145; x_wconf 88' lang='lat' dir='ltr'><strong>quem</strong></span> 
     </span>
    </p>
   </div>
   <div class='ocr_carea' id='block_1_112' title="bbox 2120 5164 3699 5243">
    <p class='ocr_par' dir='ltr' id='par_1_112' title="bbox 2120 5164 3699 5243">
     <span class='ocr_line' id='line_1_112' title="bbox 2120 5164 3699 5243; baseline -0.014 -5"><span class='ocrx_word' id='word_1_855' title='bbox 2120 5196 2242 5238; x_wconf 78' lang='lat' dir='ltr'><strong>sum</strong></span> <span class='ocrx_word' id='word_1_856' title='bbox 2267 5180 2450 5243; x_wconf 86' lang='lat' dir='ltr'><strong>Petro,</strong></span> <span class='ocrx_word' id='word_1_857' title='bbox 2474 5174 2701 5229; x_wconf 87' lang='lat' dir='ltr'><strong>diacono</strong></span> <span class='ocrx_word' id='word_1_858' title='bbox 2725 5187 2823 5227; x_wconf 88' lang='lat' dir='ltr'><strong>suo</strong></span> <span class='ocrx_word' id='word_1_859' title='bbox 2839 5212 2854 5237; x_wconf 94' lang='lat'><strong>,</strong></span> <span class='ocrx_word' id='word_1_860' title='bbox 2882 5170 2951 5226; x_wconf 90' lang='lat' dir='ltr'><strong>de</strong></span> <span class='ocrx_word' id='word_1_861' title='bbox 2986 5168 3257 5225; x_wconf 89' lang='lat' dir='ltr'><strong>miraculis</strong></span> <span class='ocrx_word' id='word_1_862' title='bbox 3277 5177 3586 5223; x_wconf 89' lang='lat' dir='ltr'><strong>sanctorum</strong></span> <span class='ocrx_word' id='word_1_863' title='bbox 3616 5164 3699 5218; x_wconf 91' lang='lat' dir='ltr'><strong>sui</strong></span> 
     </span>
    </p>
   </div>
   <div class='ocr_carea' id='block_1_113' title="bbox 2120 5253 3700 5341">
    <p class='ocr_par' dir='ltr' id='par_1_113' title="bbox 2120 5253 3700 5341">
     <span class='ocr_line' id='line_1_113' title="bbox 2120 5253 3700 5341; baseline -0.013 -14"><span class='ocrx_word' id='word_1_864' title='bbox 2120 5268 2380 5341; x_wconf 90' lang='lat' dir='ltr'><strong>temporis</strong></span> <span class='ocrx_word' id='word_1_865' title='bbox 2407 5264 2606 5329; x_wconf 87' lang='lat' dir='ltr'><strong>habuit,</strong></span> <span class='ocrx_word' id='word_1_866' title='bbox 2640 5260 3022 5317; x_wconf 64' lang='lat' dir='ltr'><strong>Theudelindaa</strong></span> <span class='ocrx_word' id='word_1_867' title='bbox 3053 5258 3525 5328; x_wconf 88' lang='lat' dir='ltr'><strong>Langobardorum</strong></span> <span class='ocrx_word' id='word_1_868' title='bbox 3555 5253 3700 5322; x_wconf 87' lang='lat' dir='ltr'><strong>regi-</strong></span> 
     </span>
    </p>
   </div>
   <div class='ocr_carea' id='block_1_114' title="bbox 2122 5343 3703 5431">
    <p class='ocr_par' dir='ltr' id='par_1_114' title="bbox 2122 5343 3703 5431">
     <span class='ocr_line' id='line_1_114' title="bbox 2122 5343 3703 5431; baseline -0.013 -13"><span class='ocrx_word' id='word_1_869' title='bbox 2122 5378 2204 5419; x_wconf 73' lang='lat' dir='ltr'><strong>na:</strong></span> <span class='ocrx_word' id='word_1_870' title='bbox 2222 5376 2320 5431; x_wconf 90' lang='lat' dir='ltr'><strong>pro</strong></span> <span class='ocrx_word' id='word_1_871' title='bbox 2348 5371 2570 5413; x_wconf 88' lang='lat' dir='ltr'><strong>munere</strong></span> <span class='ocrx_word' id='word_1_872' title='bbox 2595 5354 2759 5409; x_wconf 89' lang='lat' dir='ltr'><strong>misit.</strong></span> <span class='ocrx_word' id='word_1_873' title='bbox 2786 5352 3146 5423; x_wconf 87' lang='lat' dir='ltr'><strong>Epistolarum</strong></span> <span class='ocrx_word' id='word_1_874' title='bbox 3173 5357 3256 5404; x_wconf 88' lang='lat' dir='ltr'><strong>tot</strong></span> <span class='ocrx_word' id='word_1_875' title='bbox 3282 5348 3448 5402; x_wconf 89' lang='lat' dir='ltr'><strong>libros</strong></span> <span class='ocrx_word' id='word_1_876' title='bbox 3474 5343 3703 5414; x_wconf 83' lang='lat' dir='ltr'><strong>posteris</strong></span> 
     </span>
    </p>
   </div>
   <div class='ocr_carea' id='block_1_115' title="bbox 2123 5432 3695 5521">
    <p class='ocr_par' dir='ltr' id='par_1_115' title="bbox 2123 5432 3695 5521">
     <span class='ocr_line' id='line_1_115' title="bbox 2123 5432 3695 5521; baseline -0.015 -12"><span class='ocrx_word' id='word_1_877' title='bbox 2123 5451 2341 5521; x_wconf 91' lang='lat' dir='ltr'><strong>reliquit</strong></span> <span class='ocrx_word' id='word_1_878' title='bbox 2362 5457 2494 5518; x_wconf 92' lang='lat' dir='ltr'><strong>quot</strong></span> <span class='ocrx_word' id='word_1_879' title='bbox 2521 5460 2692 5500; x_wconf 88' lang='lat' dir='ltr'><strong>annos</strong></span> <span class='ocrx_word' id='word_1_880' title='bbox 2718 5445 2771 5498; x_wconf 88' lang='lat' dir='ltr'><strong>iu</strong></span> <span class='ocrx_word' id='word_1_881' title='bbox 2799 5443 3118 5513; x_wconf 78' lang='lat' dir='ltr'><strong>pontificatu</strong></span> <span class='ocrx_word' id='word_1_882' title='bbox 3155 5438 3310 5504; x_wconf 90' lang='lat' dir='ltr'><strong>vixit,</strong></span> <span class='ocrx_word' id='word_1_883' title='bbox 3341 5436 3393 5490; x_wconf 92' lang='lat' dir='ltr'><strong>id</strong></span> <span class='ocrx_word' id='word_1_884' title='bbox 3419 5442 3503 5489; x_wconf 87' lang='lat' dir='ltr'><strong>est</strong></span> <span class='ocrx_word' id='word_1_885' title='bbox 3530 5432 3695 5487; x_wconf 85' lang='lat' dir='ltr'><strong>trede-</strong></span> 
     </span>
    </p>
   </div>
   <div class='ocr_carea' id='block_1_116' title="bbox 2125 5527 3702 5606">
    <p class='ocr_par' dir='ltr' id='par_1_116' title="bbox 2125 5527 3702 5606">
     <span class='ocr_line' id='line_1_116' title="bbox 2125 5527 3702 5606; baseline -0.014 -6"><span class='ocrx_word' id='word_1_886' title='bbox 2125 5545 2228 5601; x_wconf 92' lang='lat' dir='ltr'><strong>cim</strong></span> <span class='ocrx_word' id='word_1_887' title='bbox 2269 5552 2321 5598; x_wconf 92' lang='lat' dir='ltr'><strong>et</strong></span> <span class='ocrx_word' id='word_1_888' title='bbox 2366 5540 2551 5596; x_wconf 87' lang='lat' dir='ltr'><strong>semis.</strong></span> <span class='ocrx_word' id='word_1_889' title='bbox 2592 5537 2817 5606; x_wconf 91' lang='lat' dir='ltr'><strong>Scripsit</strong></span> <span class='ocrx_word' id='word_1_890' title='bbox 2844 5542 2899 5590; x_wconf 89' lang='lat' dir='ltr'><strong>et</strong></span> <span class='ocrx_word' id='word_1_891' title='bbox 2926 5535 3049 5597; x_wconf 89' lang='lat' dir='ltr'><strong>alia,</strong></span> <span class='ocrx_word' id='word_1_892' title='bbox 3081 5544 3253 5600; x_wconf 74' lang='lat' dir='ltr'><strong>quaee</strong></span> <span class='ocrx_word' id='word_1_893' title='bbox 3279 5527 3535 5583; x_wconf 89' lang='lat' dir='ltr'><strong>Romanis</strong></span> <span class='ocrx_word' id='word_1_894' title='bbox 3584 5532 3702 5596; x_wconf 71' lang='lat' dir='ltr'><strong>post</strong></span> 
     </span>
    </p>
   </div>
   <div class='ocr_carea' id='block_1_117' title="bbox 2124 5615 3705 5702">
    <p class='ocr_par' dir='ltr' id='par_1_117' title="bbox 2124 5615 3705 5702">
     <span class='ocr_line' id='line_1_117' title="bbox 2124 5615 3705 5702; baseline -0.015 -10"><span class='ocrx_word' id='word_1_895' title='bbox 2124 5644 2355 5693; x_wconf 90' lang='lat' dir='ltr'><strong>mortem</strong></span> <span class='ocrx_word' id='word_1_896' title='bbox 2404 5632 2521 5702; x_wconf 83' lang='lat' dir='ltr'><strong>ejus</strong></span> <span class='ocrx_word' id='word_1_897' title='bbox 2564 5628 2845 5685; x_wconf 81' lang='lat' dir='ltr'><strong>combusta</strong></span> <span class='ocrx_word' id='word_1_898' title='bbox 2892 5631 3050 5688; x_wconf 90' lang='lat' dir='ltr'><strong>sunt;</strong></span> <span class='ocrx_word' id='word_1_899' title='bbox 3079 5621 3170 5690; x_wconf 89' lang='lat' dir='ltr'><strong>qui</strong></span> <span class='ocrx_word' id='word_1_900' title='bbox 3217 5627 3273 5675; x_wconf 89' lang='lat' dir='ltr'><strong>et</strong></span> <span class='ocrx_word' id='word_1_901' title='bbox 3318 5615 3499 5673; x_wconf 84' lang='lat' dir='ltr'><strong>omnia</strong></span> <span class='ocrx_word' id='word_1_902' title='bbox 3541 5629 3705 5686; x_wconf 76' lang='lat' dir='ltr'><strong>opera</strong></span> 
     </span>
    </p>
   </div>
   <div class='ocr_carea' id='block_1_118' title="bbox 2128 5707 3704 5797">
    <p class='ocr_par' dir='ltr' id='par_1_118' title="bbox 2128 5707 3704 5797">
     <span class='ocr_line' id='line_1_118' title="bbox 2128 5707 3704 5797; baseline -0.015 -14"><span class='ocrx_word' id='word_1_903' title='bbox 2128 5728 2245 5797; x_wconf 89' lang='lat' dir='ltr'><strong>ejus</strong></span> <span class='ocrx_word' id='word_1_904' title='bbox 2300 5721 2740 5784; x_wconf 90' lang='lat' dir='ltr'><strong>combussissent,</strong></span> <span class='ocrx_word' id='word_1_905' title='bbox 2789 5715 2890 5770; x_wconf 88' lang='lat' dir='ltr'><strong>nisi</strong></span> <span class='ocrx_word' id='word_1_906' title='bbox 2956 5711 3186 5777; x_wconf 85' lang='lat' dir='ltr'><strong>Petrus,</strong></span> <span class='ocrx_word' id='word_1_907' title='bbox 3232 5710 3492 5766; x_wconf 88' lang='lat' dir='ltr'><strong>diaconus</strong></span> <span class='ocrx_word' id='word_1_908' title='bbox 3547 5707 3704 5775; x_wconf 88' lang='lat' dir='ltr'><strong>eius,</strong></span> 
     </span>
    </p>
   </div>
   <div class='ocr_carea' id='block_1_119' title="bbox 2131 5818 3706 5913">
    <p class='ocr_par' dir='ltr' id='par_1_119' title="bbox 2131 5818 3706 5913">
     <span class='ocr_line' id='line_1_119' title="bbox 2131 5818 3706 5913; baseline -0.01 -21"><span class='ocrx_word' id='word_1_909' title='bbox 2131 5835 2420 5893; x_wconf 89' lang='lat' dir='ltr'><strong>cundinum</strong></span> <span class='ocrx_word' id='word_1_910' title='bbox 2442 5829 2949 5913; x_wconf 75' lang='lat' dir='ltr'><strong>Tauromenitanum</strong></span> <span class='ocrx_word' id='word_1_911' title='bbox 2972 5839 3060 5895; x_wconf 87' lang='lat' dir='ltr'><strong>ep.</strong></span> <span class='ocrx_word' id='word_1_912' title='bbox 3084 5822 3347 5879; x_wconf 76' lang='lat' dir='ltr'><strong>Cteterttm</strong></span> <span class='ocrx_word' id='word_1_913' title='bbox 3373 5821 3621 5880; x_wconf 83' lang='lat' dir='ltr'><strong>homilias</strong></span> <span class='ocrx_word' id='word_1_914' title='bbox 3642 5818 3706 5876; x_wconf 70' lang='grc' dir='ltr'>ω</span> 
     </span>
    </p>
   </div>
   <div class='ocr_carea' id='block_1_120' title="bbox 2132 5914 2723 5974">
    <p class='ocr_par' dir='ltr' id='par_1_120' title="bbox 2132 5914 2723 5974">
     <span class='ocr_line' id='line_1_120' title="bbox 2132 5914 2723 5974; baseline -0.017 -12"><span class='ocrx_word' id='word_1_915' title='bbox 2132 5914 2345 5963; x_wconf 84' lang='lat' dir='ltr'><strong>tantum</strong></span> <span class='ocrx_word' id='word_1_916' title='bbox 2366 5914 2723 5974; x_wconf 75' lang='lat' dir='ltr'><strong>agnoscrmus.</strong></span> 
     </span>
    </p>
   </div>
  </div>
