4130 6512
654 413 753 470 511

1868 402 2112 459 SANCTI
2154 398 2481 457 CREGORII
2521 396 2738 455 MAGNI

3841 386 3953 442 512

655 527 777 582 fidei
814 536 839 564 ι
878 526 1280 594 Visigothorum
1318 523 1519 593 legatio
1566 520 1940 591 perduxisset,
1983 530 2143 571 omne
2182 516 2238 569 in
2267 514 2313 571 Α
2344 517 2459 585 ipse
2484 510 2797 575 meministi,
2820 516 2879 562 ut
2908 507 3101 562 librum
3125 503 3271 559 beati
3294 502 3396 558 Job
3419 516 3702 573 exponere
3730 504 3951 573 impor-

655 618 758 672 tuis
785 618 1030 682 auribus,
1062 616 1206 687 quod
1230 616 1361 671 mihi
1387 616 1454 671 de
1488 630 1576 670 me
1610 612 1946 683 displicebat,
1974 606 2232 678 exposui:

653 710 905 781 quoniam
960 710 1050 764 diu
1104 710 1371 780 longeque
1420 706 1787 765 conversionis
1844 702 2071 773 gratiam
2125 700 2237 754 dis-

654 800 789 869 tuli,
828 808 884 856 et
938 806 1223 870 postquam
1272 799 1478 855 caelesti
1536 812 1656 853 sum
1698 791 1966 850 desiderio
2026 789 2239 843 afﬂatus

656 888 684 930 δ
704 891 947 947 saeculari
973 892 1162 946 habitu
1178 891 1391 961 contegi
1408 890 1600 945 melius
1626 886 1806 959 putavi
1838 884 2027 957 (Joan.
2059 880 2236 945 Diac.,

655 983 695 1037 f.
718 999 757 1049 ι,
788 998 836 1037 c.
860 982 975 1053 27).
1008 982 1365 1052 Aperiebatur
1384 981 1528 1035 enim
1548 978 1677 1033 mihi
1696 978 1804 1047 jam
1830 974 1898 1028 de
1925 970 2240 1027 mternitatis

656 1090 842 1129 amore
880 1074 1008 1144 quid
1049 1088 1367 1144 quaarerem,
1412 1071 1506 1127 sed
1536 1070 1723 1124 inolita
1770 1082 1858 1122 me
1905 1060 2239 1120 consuetudo

657 1165 990 1232 devinxerat,
1020 1180 1089 1219 ne
1117 1169 1166 1236 2
1194 1164 1517 1219 exteriorem
1542 1161 1744 1216 cultum
1768 1166 2051 1213 mutarem.
2078 1152 2241 1208 Cum-

657 1270 764 1325 que
785 1255 958 1310 adhuc
979 1270 1065 1310 me
1086 1263 1305 1324 cogeret
1331 1254 1542 1308 animus
1582 1250 1836 1322 praesenti
1862 1247 2059 1304 mundo
2087 1245 2240 1315 quasi

656 1346 836 1416 specie
865 1354 1021 1401 tenus
1040 1345 1333 1412 deservire,
1364 1350 1646 1414 coeperunt
1670 1342 1840 1396 multa
1859 1346 2049 1393 contra
2070 1352 2157 1391 me
2173 1351 2242 1389 ex

658 1438 899 1506 ejusdem
927 1438 1111 1493 mundi
1140 1454 1268 1493 cura
1310 1451 1656 1493 succrescere
1675 1476 1690 1500 ,
1720 1444 1781 1490 ut
1823 1435 1878 1489 in
1905 1448 1971 1487 eo
1999 1432 2104 1501 jam
2132 1446 2241 1485 non

657 1527 864 1595 specie,
887 1526 1001 1593 sed,
1034 1527 1177 1596 quod
1205 1535 1288 1582 est
1321 1528 1559 1595 gravius,
1588 1534 1771 1581 mente
1798 1525 2078 1580 retinerer.
2114 1520 2242 1587 Quae

660 1618 877 1673 tandem
908 1625 1099 1674 cuncta
1148 1619 1377 1674 sollicite
1428 1618 1656 1686 fugiens,
1686 1625 1899 1687 portum
1930 1611 2242 1668 monasterii

659 1711 813 1780 petii,
868 1719 924 1766 et
962 1712 1162 1767 relictis
1208 1728 1327 1782 quae
1372 1712 1557 1767 mundi
1603 1722 1749 1777 sunt,
1781 1722 1840 1765 ut
1883 1709 2077 1763 frustra
2116 1715 2243 1761 tunc

658 1801 861 1855 credidi
888 1842 905 1869 ,
952 1817 1019 1856 ex
1054 1803 1215 1871 hujus
1237 1805 1362 1858 vitae
1392 1803 1669 1871 naufragio
1698 1802 1870 1857 nudus
1895 1800 2058 1855 evasi.
2107 1798 2243 1865 Quia

2341 614 2468 659 tuna
2500 618 2586 657 me
2614 601 2876 671 petitione
2902 597 3317 668 compellerent;
3348 603 3406 651 et
3430 603 3593 665 prout
3616 595 3840 650 veritas
3868 597 3954 652 vi-

2337 710 2427 751 res
2454 693 2777 758 mt’underet,
2811 690 2889 746 eis
2917 689 3169 761 mysteria
3199 695 3361 742 tantas
3391 686 3783 756 profunditatis
3807 703 3952 757 ape-

2340 789 2521 843 rirem.
2554 786 2657 852 Qui
2683 786 2786 840 hoc
2815 796 3031 854 quoque
3058 781 3187 836 mihi
3224 780 3278 835 in
3306 795 3475 837 onere
3502 795 3613 836 sua:
3650 782 3955 852 petitionis

2341 881 2677 945 addiderunt,
2706 886 2766 932 ut
2791 893 2899 932 non
2927 877 3102 931 solum
3129 874 3293 930 verba
3319 874 3560 930 historize
3596 889 3697 945 per
3726 874 3953 943 allego-

2340 970 2541 1025 riarum
2588 984 2778 1025 sensus
2827 975 3154 1033 excuterem,
3186 966 3283 1022 sed
3318 966 3699 1034 allegoriamm
3745 981 3953 1023 sensus

2342 1064 2587 1133 protinus
2606 1061 2659 1115 in
2684 1060 3002 1117 exercitium
3031 1058 3353 1114 moralitatis
3374 1060 3727 1121 inchnarem;
3761 1057 3951 1113 adhuc

2342 1155 2541 1224 aliquid
2563 1154 2778 1225 gravius
2803 1152 3175 1221 adjungentes,
3199 1158 3259 1205 ut
3286 1149 3557 1205 intellecta
3576 1164 3823 1219 quaeque
3844 1157 3951 1205 tes-

2341 1247 2580 1302 timoniis
2602 1248 2906 1314 cingerem;
2934 1250 2990 1299 et
3014 1242 3221 1312 prolata
3252 1241 3577 1307 testimonia,
3600 1241 3648 1295 si
3677 1240 3947 1310 implicita

2343 1338 2573 1415 fortasse
2591 1337 2919 1396 viderentur,
2951 1333 3361 1404 interpositione
3387 1332 3751 1403 superaddita:
3772 1347 3947 1402 expo-

2344 1430 2556 1485 sitionis
2585 1428 2897 1485 enodarem.

2967 1514 3196 1572 CAPUT
3232 1513 3296 1569 11.

2418 1613 2533 1677 Qua
2563 1613 2723 1666 animi
2751 1612 3080 1675 demissione,
3111 1625 3212 1681 qua
3252 1607 3307 1661 in
3335 1606 3503 1660 Deum
3537 1603 3758 1674 ﬁducia.
3797 1603 3946 1657 Idem

2345 1722 2473 1775 opus
2502 1721 2603 1775 qua
2630 1706 2832 1758 ratione
2860 1708 3219 1765 retractatum,
3252 1698 3541 1752 absolutum
3594 1711 3656 1749 ac
3699 1695 3945 1749 diuisum.

2350 1797 2489 1860 Quos
2518 1797 2730 1849 rimetur
2759 1813 2957 1850 sensus.
2980 1827 3053 1839 --
3078 1794 3202 1847 Mox
3230 1806 3379 1854 vero,
3405 1798 3466 1845 ut
3492 1790 3544 1844 in
3572 1789 3815 1844 obscuro
3844 1787 3948 1843 hoc

658 1890 801 1945 enim
827 1892 1141 1964 plerumque
1191 1910 1383 1949 navem
1431 1896 1644 1949 incaute
1672 1906 1694 1933 ο
1723 1895 2036 1961 religatam,
2081 1890 2242 1944 etiam
2274 1891 2319 1951 Β
2347 1901 2707 1962 opere,atque
2722 1896 2847 1944 ante
2865 1903 2963 1942 nos
2984 1889 3243 1940 hactenus
3262 1882 3582 1945 indiscusso,
3603 1880 3671 1934 ad
3691 1886 3849 1933 tanta
3862 1891 3948 1933 me

659 1980 725 2036 de
748 1982 868 2038 sinu
898 1983 1149 2040 tutissimi
1177 1986 1375 2040 littoris
1406 1985 1547 2039 unda
1588 1984 1827 2052 excutit,
1859 1999 1979 2038 cum
2012 1991 2245 2052 tempes-

660 2077 744 2125 tas
775 2074 1057 2139 excrescit,
1087 2082 1311 2144 repente
1346 2090 1453 2139 me,
1487 2076 1586 2129 sub
1606 2082 1869 2144 praetextu
1899 2071 2248 2128 ecclesiastici

660 2160 884 2229 ordinis,
914 2162 969 2217 in
996 2178 1279 2219 causarum
1328 2164 1662 2221 saecularium
1716 2164 1905 2234 pelago
1932 2163 2140 2233 reperi;
2193 2170 2250 2218 et

660 2251 897 2320 quietem
925 2257 1255 2321 monasterii,
1280 2258 1407 2324 quia
1432 2256 1681 2311 habendo
1705 2272 1812 2311 non
1842 2254 2052 2310 fortiter
2078 2254 2244 2318 tenui,

662 2358 824 2412 quam
853 2344 1038 2399 stricte
1068 2347 1297 2400 tenenda
1321 2347 1499 2410 fuerit,
1526 2346 1800 2416 perdendo
1832 2346 2082 2413 cognovi.
2114 2344 2245 2399 Nam

664 2446 787 2486 cum
810 2432 940 2486 mihi
963 2434 1031 2486 ad
1062 2434 1464 2504 percipiendum
1491 2436 1630 2491 sacri
1661 2436 1844 2491 altaris
1870 2436 2246 2505 ministerium,

664 2517 986 2575 obedientiaa
1004 2523 1176 2579 virtus
1205 2525 1515 2595 opponitur,
1544 2526 1645 2581 hoc
1665 2526 1763 2581 sub
1788 2525 2038 2581 Ecclesize
2066 2526 2247 2581 colore

664 2617 976 2680 susceptum
1012 2626 1130 2680 est,
1160 2608 1304 2685 quod
1346 2617 1396 2687 3
1424 2617 1471 2672 si
1509 2616 1677 2671 inulte
1717 2618 1905 2683 liceat,
1940 2618 2132 2672 iterum
2162 2617 2246 2671 fu-

664 2700 902 2771 giendod
936 2704 1269 2761 deﬂectatur.
1300 2707 1537 2776 Postque
1568 2708 1671 2763 hoc
1702 2708 1905 2763 nolenti
1936 2708 2064 2761 mihi
2086 2715 2247 2776 atque

666 2792 944 2861 renitenti,
970 2810 1091 2849 cum
1112 2810 1277 2865 grave
1298 2806 1440 2852 esset
1463 2798 1647 2853 altaris
1676 2798 2053 2863 ministerium,
2083 2799 2244 2852 etiam

665 2884 873 2953 pondus
899 2893 982 2941 est
1008 2902 1149 2941 cura:
1190 2890 1478 2958 pastoralis
1532 2891 1849 2960 injunctum.
1903 2890 2054 2957 Quod
2095 2899 2245 2946 tanto

666 2989 809 3029 nunc
837 2974 1019 3029 durius
1050 2978 1246 3044 tolero,
1275 2989 1480 3050 quanto
1508 2996 1595 3036 me
1624 2981 1674 3035 ei
1700 2981 1958 3050 imparem
1986 2982 2243 3049 sentiens,

666 3061 722 3117 in
776 3063 920 3119 nulla
976 3052 1185 3121 fiducia:
1226 3069 1601 3125 consolatione
1648 3072 1876 3141 respiro.
1932 3069 2066 3137 Quia
2102 3071 2244 3126 enim

668 3153 848 3208 mundi
871 3153 982 3224 jam
1009 3163 1281 3228 tempora,
1311 3159 1466 3215 malis
1495 3161 1988 3229 crebrescentibus,
2016 3145 2245 3218 termino

2348 1983 2589 2053 pertrahi
2616 1997 2680 2037 ac
2698 1980 2825 2034 talia
2847 1977 3094 2047 cognovi,
3109 1976 3225 2031 solo
3250 1974 3461 2029 auditus
3472 1971 3718 2043 pondere
3736 1971 3942 2037 victus,

2350 2075 2542 2141 fateor,
2576 2075 2913 2141 lassatusque
2943 2069 3219 2126 succubui.
3257 2067 3365 2123 Sed
3406 2064 3811 2147 repente'inter
3830 2063 3945 2118 for-

2349 2167 2605 2222 midinem
2635 2164 3086 2232 devotionemque
3113 2160 3502 2229 deprehensus,
3531 2170 3655 2211 cum
3687 2155 3743 2209 in
3775 2154 3945 2221 largi-

2349 2267 2520 2312 torem
2566 2271 2845 2310 munerum
2888 2254 3076 2309 oculos
3113 2252 3307 2305 mentis
3335 2248 3638 2303 attollerem
3661 2289 3678 2313 ,
3715 2253 3942 2301 cuncta-

2349 2350 2498 2403 tione
2516 2348 2834 2418 postposita,
2860 2345 3005 2399 illico
3027 2351 3208 2398 certus
3225 2338 3449 2404 attendi,
3464 2338 3588 2421 quia
3604 2334 3942 2406 impossibile

2348 2457 2468 2497 esse
2512 2456 2619 2495 non
2664 2432 2911 2509 pderat,
2939 2434 3083 2504 quod
3128 2434 3195 2489 de
3225 2431 3475 2487 fraternis
3520 2429 3648 2483 mihi
3680 2426 3940 2483 cordibus

2347 2535 2579 2595 charitas
2606 2532 2922 2604 imperabat.
2950 2529 3089 2583 Fore
3116 2525 3315 2596 quippe
3340 2523 3591 2578 idoneum
3620 2534 3709 2573 me
3740 2516 3811 2572 ad
3841 2517 3940 2571 ista

2346 2626 2668 2697 desperavi:
2702 2624 2799 2679 sed
2838 2624 2953 2693 ipsa
2999 2619 3107 2674 mei
3135 2615 3513 2687 desperatione
3541 2611 3838 2675 robustior,
3874 2608 3941 2663 ad

2348 2718 2498 2772 illum
2529 2731 2675 2786 spem
2702 2715 2947 2785 protinus
2974 2710 3141 2776 erexi,
3184 2723 3279 2779 per
3306 2722 3466 2776 quem
3495 2710 3683 2774 aperta
3713 2709 3799 2756 est
3836 2700 3939 2753 lin-

2348 2823 2451 2877 gua
2479 2815 2749 2861 mutorum
2775 2846 2790 2872 ,
2836 2803 2925 2872 qui
2974 2802 3183 2869 linguas
3211 2796 3493 2852 infantium
3542 2793 3671 2848 facit
3709 2792 3941 2845 disertas

2351 2898 2502 2970 (δαν.
2538 2914 2594 2962 x,
2624 2895 2748 2963 21);
2778 2893 2869 2963 qui
2898 2891 2917 2930 ί
2950 2892 3243 2945 immensos
3270 2888 3567 2954 brutosquc
3594 2883 3759 2937 asina:
3789 2880 3940 2935 rudi-

2351 2998 2434 3043 tus
2458 3028 2471 3051 ,
2505 3003 2601 3058 per
2620 2995 2866 3042 sensatos
2894 2983 3112 3039 humani
3154 2979 3408 3049 colloquii
3436 2975 3680 3032 distinxit
3724 2971 3938 3027 modos.

2349 3080 2485 3147 Quid
2515 3080 2673 3148 igitur
2695 3078 2910 3141 mirum,
2942 3076 2985 3131 si
3017 3074 3348 3129 intellectum
3378 3069 3542 3124 stulto
3570 3063 3775 3121 homini
3799 3076 3939 3132 prae-

2352 3172 2499 3237 bcat,
2533 3170 2625 3239 qui
2656 3169 2938 3223 veritatem
2978 3181 3149 3228 suam,
3183 3178 3306 3218 cum
3335 3161 3606 3220 voluerit,
3646 3157 3817 3212 etiam
3846 3168 3940 3223 per

669 3246 1060 3317 ριόρίηίιιιτιηιε
1105 3251 1319 3305 “libata
1365 3260 1518 3319 sum;
1568 3253 1669 3322 ίρὸί
1715 3270 1815 3309 "03
1835 3295 1851 3321 9
1902 3255 1992 3322 (illi
2022 3254 2247 3308 ίηῑθτηίε
2272 3267 2317 3329 C
2350 3279 2441 3318 ora
2466 3263 2828 3331 jumentorum
2858 3268 3042 3315 narrat
3073 3257 3261 3329 (Num.
3293 3271 3427 3323 χχιι,
3448 3252 3587 3321 9.8)?
3611 3249 3783 3319 Hujus
3815 3260 3940 3315 ergo

669 3337 934 3405 mysteriis
963 3337 1238 3397 deservire
1263 3342 1555 3409 credimur,
1587 3344 1731 3399 curis
1768 3344 2122 3399 exterioribus
2151 3345 2248 3399 im-

670 3426 967 3494 plicamur:
1000 3430 1139 3484 sicut
1182 3448 1249 3487 eo
1278 3448 1495 3504 quoque
1538 3443 1803 3504 tempore,
1832 3453 1937 3505 quo
1966 3436 2032 3489 ad
2060 3436 2248 3492 minis-

670 3516 862 3570 terium
911 3518 1096 3574 altaris
1139 3530 1383 3591 accessi,
1413 3525 1518 3580 hoc
1556 3525 1623 3580 de
1650 3541 1770 3591 me,
1819 3526 2099 3594 ignorante
2140 3542 2249 3596 me,

671 3614 844 3660 actum
873 3616 983 3675 est,
1016 3619 1073 3663 ut
1101 3612 1241 3666 sacri
1270 3613 1474 3669 ordinis
1510 3614 1721 3684 pondus
1751 3616 2049 3684 acciperem
2072 3658 2085 3680 ,
2118 3631 2251 3685 qua-

671 3706 824 3753 tenus
850 3699 903 3753 in
926 3707 1143 3757 terreno
1173 3703 1373 3781 palatio
1395 3704 1642 3760 licentius
1664 3706 2015 3772 excubarem;
2047 3706 2135 3760 ubi
2166 3721 2252 3761 me

672 3786 872 3843 scilicet
910 3789 1064 3844 multi
1111 3806 1177 3846 ex
1218 3795 1544 3849 monasterio
1584 3794 1777 3850 fratres
1820 3796 1961 3864 mei,
2000 3809 2253 3864 germana

672 3878 836 3934 vincti
878 3882 1175 3950 cbaritate,
1210 3886 1382 3941 secuti
1430 3893 1575 3941 sunt.
1623 3885 1778 3953 Quod
1824 3887 2003 3941 divina
2053 3888 2253 3941 factum

671 3970 1075 4042 dispensatione
1101 3976 1375 4046 conspicio
1400 4016 1416 4043 ,
1455 3985 1516 4031 ut
1553 3993 1739 4034 eorum
1766 3993 1980 4048 semper
2008 3977 2254 4047 exemplo

674 4063 742 4117 ad
786 4065 1046 4120 orationis
1092 4065 1360 4136 placidum
1407 4068 1594 4133 littus,
1639 4070 1791 4139 quasi
1841 4069 2092 4124 anchorae
2130 4069 2257 4124 fune

672 4155 1057 4223 restringerer,
1091 4171 1215 4210 cum
1242 4172 1526 4213 causarum
1570 4159 1905 4213 Stecularium
1956 4157 2257 4213 incessabili

678 4244 907 4313 impulsu
938 4247 1273 4300 ﬂuctuarem.
1317 4247 1397 4300 Ad
1436 4248 1646 4302 illorum
1677 4248 1875 4317 quippe
1901 4249 2255 4314 consortium,

676 4334 825 4387 velut
847 4334 913 4387 ad
940 4334 1192 4390 tutissimi
1223 4346 1409 4406 portus
1433 4338 1627 4403 sinum,
1652 4348 1674 4373 υ
1701 4338 1900 4393 terreni
1931 4346 2084 4393 actus
2113 4340 2260 4394 volu-

680 4424 823 4478 mina
848 4425 1148 4495 ﬂuctusque
1174 4426 1472 4495 fugiebam;
1503 4437 1557 4485 et
1585 4429 1709 4485 licet
1748 4430 1873 4484 illud
1905 4446 1991 4485 me
2017 4432 2257 4486 ministe-

678 4516 819 4571 rium
866 4533 936 4573 ex
974 4521 1302 4575 monasterio
1350 4522 1697 4589 abstractum,
1729 4537 1757 4575 a
1788 4523 2024 4592 pristinae
2065 4524 2260 4593 quietis

2350 3355 2546 3410 robore
2575 3352 3021 3408 considerationis
3072 3350 3381 3413 accinctus,
3415 3344 3721 3399 ariditatem
3763 3354 3940 3393 meam

2352 3446 2418 3499 ad
2450 3443 2805 3512 indagandum
2832 3428 3033 3497 fontem
3084 3449 3246 3495 tanta:
3277 3435 3652 3509 profunditatis
3680 3431 3940 3489 excitavi.

2353 3532 2423 3588 Et
2466 3534 2710 3602 quamvis
2759 3548 2963 3597 eorum,
2996 3532 3188 3599 quibus
3237 3543 3510 3599 exponere
3555 3522 3941 3594 compellebar,

2354 3628 2511 3695 longe
2538 3642 2626 3681 me
2650 3626 2758 3680 vita
2789 3624 3228 3688 transcenderet,
3275 3622 3592 3690 iniuriosum
3616 3627 3795 3671 tamen
3829 3627 3943 3669 esse

2355 3735 2461 3773 non
2483 3717 2707 3781 credidi,
2735 3719 2778 3772 si
2808 3717 3005 3772 ﬂuenta
3032 3716 3216 3771 usibus
3241 3714 3518 3769 hominum
3541 3708 3747 3781 plumbi
3773 3704 3941 3760 ﬁstula

2357 3809 2705 3864 ministraret.
2759 3807 2913 3863 Unde
2952 3824 3078 3862 mox
3108 3806 3311 3861 eisdem
3339 3819 3522 3861 coram
3549 3800 3745 3872 positis
3768 3796 3941 3853 fratri-

2355 3902 2479 3968 bus,
2495 3900 2674 3969 priora
2696 3900 2815 3954 libri
2841 3899 2939 3953 sub
2962 3898 3132 3954 oculis
3158 3898 3297 3955 dixi;
3323 3905 3377 3952 et
3397 3896 3523 3965 quia
3545 3902 3760 3962 tempus
3781 3888 3938 3959 paulo

2356 3990 2634 4045 vacantius
2686 3990 2900 4057 reperi,
2956 3989 3257 4060 posteriora
3312 3985 3593 4043 tractando
3631 3983 3687 4055 [ι
3724 3980 3942 4037 dictavi.

2357 4082 2602 4150 Cumque
2628 4082 2760 4136 mihi
2786 4082 2958 4151 spatia
2988 4081 3220 4149 largiora
3248 4087 3625 4151 suppeterent,
3658 4078 3829 4131 multa
3854 4091 3942 4130 au-

2358 4188 2519 4242 gens,
2552 4174 2720 4241 pauca
2763 4173 3110 4237 subtrahens,
3140 4180 3302 4240 atque
3344 4172 3417 4225 ita
3446 4179 3506 4224 ut
3544 4170 3763 4223 inventa
3791 4176 3940 4225 suat.

2361 4264 2619 4319 nonnulla
2640 4264 3041 4333 derelinquens,
3072 4278 3135 4319 ea
3161 4278 3279 4334 qua:
3308 4277 3395 4317 me
3437 4261 3694 4332 loquente
3722 4273 3942 4330 excepta

2361 4356 2461 4410 sub
2488 4355 2660 4409 oculis
2688 4353 2925 4418 fuerant,
2946 4370 3056 4435 per
3082 4356 3247 4409 libros
3276 4353 3615 4409 emendando
3644 4351 3943 4421 composui,

2362 4448 2486 4517 quia
2508 4458 2564 4503 et
2585 4464 2704 4503 cum
2728 4455 2997 4517 postrema
3016 4448 3298 4515 dictarem,
3320 4462 3428 4516 quo
3456 4446 3595 4516 stylo
3617 4446 3791 4514 prima
3807 4445 3943 4499 dixe~

2365 4552 2503 4601 ram,
2534 4538 2768 4591 sollicite
2796 4537 3023 4591 attendi.
3053 4532 3144 4605 Egi
3168 4552 3325 4606 ergo,
3350 4544 3410 4590 ut
3432 4544 3487 4591 et
3508 4550 3571 4590 ea
3594 4549 3715 4606 qum
3744 4534 3945 4589 locutus

678 4609 807 4675 Vila.
843 4626 1103 4666 mucrone
1145 4612 1668 4712 διιωηοεωιξεῑίοηίε
1715 4615 2073 4681 exstinxerat;
2122 4615 2262 4669 ίηιθι·
2290 4643 2517 4712 Dsum,
2547 4627 2785 4681 studiosa
2828 4627 3202 4682 emendatione
3246 4635 3649 4693 transcurrens,
3691 4626 3845 4694 quasi
3883 4622 3945 4679 ad

679 4715 774 4755 eos
801 4710 979 4757 tamen
1027 4718 1125 4773 per
1151 4704 1409 4758 studiosa:
1454 4704 1699 4761 lectionis
1744 4706 2057 4775 alloquium,
2085 4708 2263 4776 quoti~

680 4788 851 4843 diana:
880 4805 966 4846 me
995 4792 1254 4861 aspiratio
1296 4794 1723 4861 compunctionis
1769 4796 2057 4850 animabat.
2113 4796 2263 4852 Tunc

682 4880 881 4935 eisdem
932 4884 1206 4951 fratribus,
1255 4895 1417 4939 etiam
1464 4894 1691 4954 cogente
1736 4894 1808 4953 te,
1861 4888 2080 4956 placuit,
2125 4888 2265 4943 sicut

682 5033 895 5116 dicitur:
918 5038 1005 5106 qui
1034 5041 1372 5116 procurandis
1394 5046 1693 5116 monasterii
1714 5046 1931 5116 negotiis
1960 5046 2267 5115 prwpositus

683 5114 816 5184 erat.
847 5104 1015 5161 Porro
1048 5109 1280 5184 Leonem
1302 5111 1550 5179 Magnum
1581 5129 1611 5167 e
1640 5104 1896 5184 Romanis
1927 5104 2267 5183 pontificibus

684 5180 940 5254 primum,
975 5180 1375 5254 apocrisiarium
1399 5185 1648 5237 habuisse
1692 5180 2161 5254 Constantinopoli
2214 5187 2267 5238 in

682 5251 983 5325 comitatu,
1014 5251 1643 5325 ex_emploAA|exandrini
1676 5255 1943 5325 episcopi,
1994 5251 2271 5311 contendit

684 5312 1028 5395 doctissimus
1050 5312 1415 5395 Quesnellius.
1450 5338 1516 5395 ex
1546 5312 1801 5395 epist-86
1831 5312 2071 5392 ejusdem
2099 5327 2271 5381 sancti

682 5381 1099 5526 ἓξὲηξιὲἷίάέ
1126 5390 1346 5445 Dissert.
1384 5392 1408 5444 1
1446 5381 1711 5459 ριιεεὶιειη
1745 5399 1812 5447 ad
1855 5381 1941 5449 an.
1971 5396 2094 5460 455,
2126 5414 2179 5451 n.
2214 5396 2267 5463 4,

681 5469 801 5522 pag.
841 5469 989 5522 me).

721 5532 781 5605 h‘
822 5524 958 5605 Seu;
987 5527 1481 5605 i’isigotftarum,_ut
1510 5534 1561 5605 in
1593 5536 1983 5605 antiquioribus
2023 5539 2158 5593 Cod.
2192 5541 2272 5598 le-

681 5595 843 5680 gitur.
897 5595 1145 5680 "ierant
1173 5599 1334 5654 Gothi
1362 5595 1868 5680 Occidentaleslqul
1909 5609 2191 5680 Hispanias
2219 5595 2276 5669 et

683 5661 910 5751 Calliam
933 5667 1706 5751 Narbonensemoccupabant.
1731 5661 2271 5751 Os‘tibgdiiiihﬁhbdl

683 5737 795 5817 pati
824 5746 960 5817 sunt
980 5737 1140 5792 Gothi
1171 5737 1492 5817 Orientales.

756 5802 782 5839 δ
822 5804 993 5870 Editi,
1019 5819 1247 5881 excepto
1269 5811 1556 5881 Gussanv.,
1582 5824 1883 5877 srecularem
1908 5825 2133 5877 habitum
2158 5842 2277 5879 con-

687 5879 929 5942 temnere,
960 5886 1149 5932 contra
1177 5878 1304 5935 Mss.
1353 5878 1590 5944 omnium
1642 5892 1819 5949 ﬁdem.
1851 5898 2096 5950 Nostram
2140 5895 2270 5951 lect.

2367 4721 2767 4776 similitudinem
2792 4721 3020 4775 dictatus
3060 4723 3354 4791 erigerem;
3385 4730 3440 4777 et
3467 4737 3532 4776 ea
3558 4736 3677 4790 qua:
3720 4720 3944 4774 dictave-

2370 4828 2504 4876 ram,
2529 4828 2635 4867 non
2666 4811 2824 4880 longe
2845 4828 2873 4865 a
2897 4812 3253 4881 colloquentis
3281 4826 3534 4867 sermone
3556 4810 3947 4879 discreparent;

2371 4914 2637 4974 quatenus
2688 4902 2815 4957 dum
2858 4902 2963 4958 hoc
3008 4903 3264 4970 tenditur,
3305 4902 3435 4957 illud
3476 4900 3788 4964 attrahitur,
3816 4898 3948 4955 edita

2377 5057 2657 5112 conﬁrmat
2678 5056 2834 5112 Joan.
2878 5057 3045 5122 Diac.,
3076 5058 3113 5111 l.
3147 5058 3322 5114 tVitae
3350 5057 3612 5125 S.Greg.,
3641 5073 3693 5112 c.
3724 5056 3759 5109 4
3783 5074 3797 5110 :
3823 5056 3949 5110 Dum

2376 5130 2723 5199 c_onvcrsiom's
2754 5145 2859 5199 sua?
2880 5131 3103 5197 gratiam
3134 5129 3334 5199 longius
3368 5129 3690 5199 protrahens,
3722 5129 3875 5180 tutius
3902 5144 3948 5179 se

2376 5196 2578 5251 Christo
2626 5196 2990 5265 famulatui-um
3039 5196 3256 5268 putaret,
3288 5201 3331 5252 si
3371 5198 3461 5253 sub
3490 5199 3735 5267 prmtoris
3777 5199 3951 5251 urbem

2377 5268 2553 5323 habitu
2581 5268 2771 5322 mundo
2792 5270 2958 5335 specie
2987 5279 3130 5323 tenus
3162 5270 3455 5324 deserviret.

2452 5350 2472 5377 ο
2516 5339 2678 5393 Corb.
2712 5348 2766 5391 et
2796 5338 3044 5401 Vindoc.,
3078 5341 3334 5393 relictam.

2450 5406 2473 5445 ἀ
2490 5408 2587 5463 llic
2602 5408 2843 5477 plerique
2857 5407 2982 5462 Mss.
3000 5410 3175 5464 varias
3191 5412 3444 5464 exhibent
3464 5411 3585 5464 lect.
3611 5410 3725 5464 Duo
3743 5408 3951 5474 Rhem.,

2382 5479 2644 5552 secundus
2683 5478 2894 5552 Remig.
2928 5489 2982 5552 et
3010 5478 3171 5552 Lyr..7
3192 5483 3377 5552 iterum
3399 5481 3645 5552 fugiendo
3675 5481 3950 5542 deseratur,

2379 5550 2564 5602 iterum
2586 5550 2829 5619 fugiendo
2859 5550 3130 5618 deﬂentur.
3156 5551 3230 5603 Ita
3260 5549 3420 5605 Corb‘.
3448 5549 3504 5604 et
3525 5549 3679 5605 Colb.

2456 5628 2479 5656 ο
2522 5618 2796 5674 ΑΟοοοὶο
2851 5619 2938 5691 hic
2986 5621 3200 5688 praefixa
3234 5620 3497 5689 particula
3548 5631 3680 5691 post,
3714 5620 3949 5688 deinceps

2379 5690 2632 5754 obtinuit,
2664 5690 3017 5743 renitentibus
3048 5691 3171 5745 Mss.
3204 5701 3258 5745 et
3280 5700 3385 5744 vet.
3415 5690 3556 5744 Edit.

2456 5758 2474 5796 τ
2516 5760 2547 5831 ri
2577 5760 3218 5831 Rcmig.,‘insensalosque
3247 5763 3536 5831 brutosquc.
3569 5761 3627 5815 In
3650 5760 3835 5824 Cor-1).,
3858 5760 3946 5813 ric-

2381 5838 2481 5903 tus,
2511 5830 2561 5882 in
2592 5830 2764 5883 altero
2806 5829 2991 5897 Regio,
3039 5836 3257 5903 rugitus.
3290 5831 3387 5887 llic
3416 5829 3720 5900 immensus,
3766 5830 3817 5885 id
3856 5840 3937 5885 est

2352 5900 2496 5983 ‘sine
2525 5914 2802 5967 mensura,
2830 5900 3122 5973 opponitur
3149 5905 3408 5958 distinctis
3438 5903 3623 5958 modis.
