4130 6458
191 402 294 462 515

1094 395 1455 456 MORALIUM
1494 393 1700 474 LIBRI.
1738 421 1810 436 —-
1848 392 2185 451 EPISTOLA
2222 393 2561 451 MISSORIA.

3351 393 3461 456 5M

186 519 348 578 modo
376 517 619 575 dissimili
644 531 732 574 res
756 530 865 572 non
893 515 1165 572 dissimilis
1192 515 1549 589 formaretur;
1581 526 1772 582 quam—
1800 515 1853 574 Α
1874 528 2007 580 mea,
2039 524 2088 566 et
2108 520 2321 567 mortem
2352 530 2471 567 ossa
2498 529 2611 567 mea
2640 500 2789 587 (Job.
2816 529 2908 581 vn,
2940 512 3053 585 15).
3085 512 3151 570 Ει
3188 530 3308 577 quis
3333 504 3455 576 rec-

185 613 268 670 vis
286 612 500 668 tertiam
528 610 684 679 hujus
710 610 889 680 operis
934 617 1142 679 partem
1173 618 1231 663 ut
1260 607 1617 677 colloquendo
1645 622 1773 676 pro-

184 706 307 776 tuli,
335 721 476 777 pene
503 707 577 760 ita
606 704 887 773 dereliqui,
920 703 1041 774 quia
1071 719 1193 758 cum
1232 719 1319 758 me
1347 704 1540 757 lratres
1568 701 1636 755 ad
1668 700 1771 754 alia

182 798 523 871 pertrahunt,
552 798 691 851 hanc
720 795 966 851 subtilius
992 795 1266 858 emendari
1299 794 1603 849 uoluerunt.
1636 792 1769 858 Qui-

181 889 284 948 bus
310 889 563 944 nimirum
617 888 785 941 multa
823 886 1158 956 iubentibus,
1201 886 1327 941 dum
1371 898 1563 955 parere
1608 883 1770 939 modo

182 996 282 1053 per
306 979 663 1050 expositionis
680 987 707 1015 ι
728 979 1106 1046 ministerium,
1126 978 1285 1032 modo
1315 992 1412 1047 per
1431 975 1770 1045 contempla-

178 1075 343 1131 tionis
371 1088 672 1138 ascensum,
701 1072 862 1127 modo
890 1087 987 1143 per
1012 1071 1333 1127 moralitatis
1357 1071 1769 1124 instrumentum

177 1164 345 1231 volui,
386 1179 520 1234 opus
570 1163 675 1218 hoc
721 1177 817 1232 per
869 1162 1083 1231 triginta
1122 1170 1179 1216 et
1222 1162 1459 1231 quinque
1496 1160 1768 1215 volumina

175 1262 481 1321 extensum,
508 1254 561 1308 in
609 1268 705 1309 sex
749 1251 1037 1309 Codicibus
1083 1252 1313 1323 explevi.
1356 1250 1511 1307 Unde
1534 1260 1589 1306 et
1617 1252 1671 1305 in
1701 1265 1783 1309 eo,

174 1359 320 1415 saepe
334 1344 487 1413 quasi
507 1351 836 1413 postponere
856 1342 1098 1398 ordinem
1123 1342 1476 1411 expositionis
1498 1342 1765 1411 invenior,

175 1443 233 1492 et
262 1436 424 1506 paulo
473 1435 674 1491 diutius
702 1434 1177 1504 contemplationis
1198 1433 1224 1471 ι)
1258 1434 1527 1488 latitudini
1556 1421 1767 1488 ac'mo-

171 1526 405 1582 ralitatis
431 1526 644 1582 insudo.
697 1524 802 1581 Sed
832 1534 1013 1581 tamen
1050 1525 1291 1596 quisquis
1337 1527 1406 1581 de
1444 1526 1556 1581 Deo
1587 1526 1765 1595 loqui-

170 1626 299 1685 tur,
358 1626 510 1673 curet
572 1632 793 1673 necesse
849 1626 933 1671 est
997 1625 1055 1670 ut
1117 1614 1380 1687 quidquid
1433 1615 1765 1670 audientium

168 1722 355 1764 mores
399 1706 645 1774 instruit,
699 1707 952 1772 rimetur;
990 1714 1046 1761 et
1091 1706 1233 1761 hunc
1260 1714 1464 1761 rectum
1512 1705 1767 1776 loquendi

166 1797 419 1853 ordinem
466 1796 711 1866 deputet,
741 1796 787 1852 si
809 1812 929 1851 cum
979 1796 1358 1866 opportunitas
1394 1794 1765 1850 mdilicationis

1876 612 1986 659 tum
2009 604 2224 675 sapiens
2248 606 2433 660 credat
2453 607 2627 662 virum
2653 609 2789 663 tanti
2814 610 3088 679 prteconii,
3120 625 3281 681 quem
3310 614 3449 671 vide-

1874 695 2002 751 licet
2029 703 2243 750 constat
2271 693 2297 732 ἀ
2329 696 2397 750 ab
2434 696 2647 753 interno
2668 699 2846 767 judice
2874 702 3089 769 praemia
3114 717 3214 773 pro
3242 705 3448 775 patien-

1874 788 1959 842 tiae
1972 788 2167 842 virtute
2179 789 2443 858 recipere,
2456 790 2758 845 decrevisse
2770 792 2912 846 inter
2923 793 3147 850 verbera
3164 798 3448 867 suspendio

1871 880 2036 934 vitam
2075 879 2272 934 linire?
2298 879 2598 948 Aliquando
2627 882 2789 936 etiam
2813 924 2828 950 ,
2869 899 2939 939 ne
2975 884 3204 942 fortasse
3231 888 3450 958 intelligi

1865 968 2018 1038 juxta
2066 969 2302 1025 litteram
2328 970 2584 1039 debeant,
2614 972 2729 1041 ipsa
2758 988 2817 1027 se
2840 975 3005 1030 verba
3043 976 3235 1032 littera
3282 978 3453 1049 impu-

1870 1071 2053 1131 gnant.
2084 1062 2173 1117 Ait
2198 1078 2429 1132 namque
2453 1081 2468 1117 :
2504 1062 2692 1117 Pereat
2719 1064 2827 1118 dies
2854 1067 2909 1119 in
2937 1084 3037 1137 qua
3064 1079 3215 1124 natus
3241 1088 3374 1138 sum,
3408 1080 3453 1126 et

1869 1170 1976 1209 nox
1998 1155 2051 1207 in
2071 1171 2169 1224 qua
2195 1154 2387 1208 dictum
2406 1162 2515 1210 est:
2538 1153 2822 1226 Conceptus
2845 1167 2921 1210 est
2940 1157 3089 1212 homo
3118 1160 3258 1229 (.lob.
3278 1177 3356 1226 ιιι,
3377 1159 3454 1231 2).

1870 1242 1938 1297 Ει
1965 1244 2127 1313 paqu
2159 1253 2278 1313 post
2303 1244 2520 1313 subjicit
2544 1265 2557 1299 :
2586 1243 2813 1316 Occupet
2853 1263 2969 1301 eam
2993 1250 3257 1320 caligo,“
3283 1251 3456 1304 invol-

1870 1342 2016 1389 vatur
2048 1335 2394 1390 amaritudine
2424 1335 2614 1403 (Ibid.,
2637 1335 2715 1406 5).
2741 1336 2912 1406 Atque
2936 1338 2989 1392 in
3018 1337 3256 1407 ejusdem
3285 1342 3458 1397 noctis

1870 1424 2245 1479 maledictione
2269 1424 2576 1495 subjungit:
2611 1426 2693 1481 Sit
2715 1427 2936 1482 uexilla
2960 1430 3197 1482 solitaria
3222 1428 3353 1500 (1b.,
3379 1431 3453 1501 7).

1869 1514 1970 1581 Qui
1994 1516 2246 1569 nimirum
2276 1517 2573 1572 nativitatis
2613 1518 2729 1573 dies
2751 1559 2766 1585 ,
2800 1519 2916 1588 ipso
2944 1518 3177 1591 impulsu
3198 1521 3459 1591 temporis
3540 1542 3543 1547 ν

1869 1607 2134 1673 evolutus,
2167 1615 2313 1662 stare
2339 1624 2447 1663 non
2474 1617 2708 1679 poterat.
2745 1608 2890 1683 [Vet.
2934 1618 2985 1664 et
3009 1609 3132 1665 Rec.
3162 1610 3193 1665 Ι
3206 1610 3295 1684 ια]
3340 1611 3459 1679 Quo

1868 1698 2029 1768 igitur
2050 1706 2209 1769 pacto
2246 1700 2400 1754 hunc
2429 1700 2627 1756 involvi
2672 1702 2899 1771 caligine
2942 1704 3202 1773 optabat?
3231 1703 3458 1775 Elapsus

1868 1790 2086 1859 quippe,
2113 1789 2225 1860 jam
2255 1806 2363 1846 non
2392 1800 2541 1857 erat;
2572 1800 2627 1846 et
2658 1800 2836 1848 tamen
2875 1794 2922 1849 si
2952 1795 3008 1850 in
3045 1810 3227 1851 rerum
3265 1806 3458 1852 natura

164 1892 358 1960 exigit,
384 1891 452 1946 ab
478 1906 544 1947 eo
564 1907 646 1956 se,
672 1891 818 1961 quod
841 1891 986 1962 loqui
1028 1898 1288 1961 coeperat,
1313 1891 1515 1945 utiliter
1534 1890 1760 1944 derivet.
1796 1899 1844 1959 Β
1868 1880 2209 1944 subsisteret.
2256 1883 2461 1938 sentire
2491 1876 2909 1940 aniaritudiuem
2960 1902 3302 1958 nequaquam
3333 1904 3453 1959 pos-

161 1979 321 2037 Sacri
349 1983 494 2037 enim
545 1990 808 2036 tractator
858 1980 1056 2051 eloquii
1102 1996 1309 2035 morem
1340 1980 1574 2033 ﬂuminis
1603 1979 1763 2034 debet

160 2071 387 2128 imitari.
435 2072 656 2127 Fluvius
701 2072 902 2141 quippe
940 2070 1066 2125 dum
1110 2086 1206 2138 per
1236 2070 1447 2125 alveum
1479 2070 1686 2135 deﬂuit,
1714 2070 1776 2153 si.

160 2163 334 2220 valles
360 2178 627 2219 concavas
658 2177 726 2218 ex
764 2162 935 2218 latere
959 2162 1257 2231 contingit,
1286 2162 1337 2216 in
1379 2177 1471 2217 eas
1515 2164 1760 2232 protinus

159 2254 249 2311 sui
277 2255 512 2324 impetus
542 2269 761 2310 cursum
789 2254 1039 2321 divertit;
1072 2270 1303 2324 cumque
1333 2255 1451 2309 illas
1479 2254 1757 2311 sufﬁcien-

159 2350 248 2400 ter
279 2344 600 2417 impleverit,
632 2352 858 2414 repente
904 2360 1023 2400 sese
1051 2346 1106 2400 in
1133 2347 1345 2401 alveum
1372 2346 1627 2401 refundit.
1668 2346 1759 2404 Sic

159 2435 417 2489 nimirum
442 2477 456 2501 ,
486 2434 565 2489 sic
609 2434 774 2489 divini
811 2435 960 2490 verbi
1010 2451 1130 2491 esse
1179 2445 1443 2491 tractator
1489 2438 1669 2505 debet,
1701 2447 1757 2493 ut

160 2542 290 2582 cum
328 2527 395 2581 de
437 2526 677 2597 qualibet
723 2542 785 2582 re
814 2527 1047 2594 disserit,
1076 2529 1121 2583 si
1150 2528 1381 2585 fortasse
1424 2529 1577 2598 juxta
1606 2530 1754 2599 posi-

162 2626 279 2670 tam
330 2617 674 2673 occasionem
724 2631 973 2686 congruae
1026 2618 1393 2674 aediﬁcationis
1448 2619 1753 2687 invenerit,

160 2710 320 2779 quasi
346 2708 413 2764 ad
434 2710 666 2765 vicinam
695 2711 892 2765 vallem
914 2710 1106 2781 linguae
1137 2712 1305 2767 undas
1336 2713 1676 2781 intorqueat;
1702 2722 1757 2768 et

160 2814 289 2856 cum
334 2799 681 2869 subjunctzec
714 2801 1085 2857 instructionis
1129 2817 1377 2861 campum
1425 2803 1756 2860 sullicienter

117 2956 129 2966 ι
161 2890 439 2957 infuderit,
471 2891 537 2945 ad
564 2893 828 2948 sermonis
857 2894 1122 2962 propositi
1150 2896 1363 2949 alveum
1394 2904 1659 2950 recurrat.

776 3007 1004 3064 CAPUT
1056 3009 1143 3064 III.

237 3095 352 3160 Quo
404 3098 584 3154 ordine
630 3101 861 3173 singulos
922 3119 1101 3156 sensus
1158 3103 1398 3171 explicet.
1462 3104 1752 3174 Allegorico

158 3188 423 3243 interdum
450 3193 739 3247 necessario
776 3192 1153 3247 inhaerendum.
1187 3223 1260 3234 —
1290 3192 1579 3248 Sciendum
1620 3210 1751 3249 vero

1865 1980 1967 2026 set.
1998 1971 2222 2029 Constat
2252 1988 2380 2042 ergo
2410 1974 2553 2044 quod
2579 1976 2727 2031 nullo
2758 1978 2920 2032 modo
2949 1977 3017 2032 de
3046 1979 3134 2035 die
3163 1981 3462 2039 insensibili

1864 2061 2077 2129 dicitur,
2102 2064 2193 2132 qui
2220 2079 2382 2120 sensu
2410 2066 2621 2135 percuti
2649 2068 3019 2125 amaritudinis
3044 2080 3283 2141 optatur.
3316 2072 3384 2128 Et
3409 2073 3459 2131 si

1863 2153 2234 2221 conceptionis
2262 2170 2370 2209 nox
2399 2154 2620 2224 reliquis
2659 2158 2912 2215 noctibus
2941 2160 3229 2231 conjuncta
3255 2165 3458 2224 disces-

1860 2253 2025 2311 serat,
2049 2259 2157 2313 quo
2178 2255 2341 2317 pacto
2368 2247 2509 2303 hanc
2531 2247 2647 2304 ﬁeri
2668 2250 2968 2307 solitariam
2995 2263 3019 2291 θ
3048 2260 3307 2327 exoptat?
3328 2259 3460 2327 Quae

1861 2343 1920 2388 ut
1958 2350 1989 2389 a
2026 2336 2178 2406 lapsu
2218 2340 2477 2407 temporis
2512 2340 2601 2409 ﬁgi
2622 2356 2729 2396 non
2760 2344 2954 2410 potuit,
2983 2343 3058 2399 ita
3085 2347 3249 2402 etiam
3294 2364 3395 2404 nec
3424 2365 3457 2406 a

1859 2427 2189 2497 reliquarum
2218 2432 2459 2485 noctium
2484 2431 2870 2501 conjunctione
2908 2438 3168 2508 separari.
3198 2439 3300 2506 Qui
3330 2458 3455 2497 rur-

1858 2534 1975 2573 sum
2001 2519 2130 2574 dicit
2156 2538 2169 2573 :
2203 2520 2477 2594 Usquequo
2504 2539 2609 2577 non
2634 2526 2805 2594 parcis
2822 2526 2967 2594 mihi,
2999 2544 3093 2582 nec
3120 2531 3336 2585 dimittis
3354 2548 3455 2599 me,

1857 2620 1914 2664 ut
1960 2613 2176 2683 glutiam
2227 2615 2445 2668 salivam
2489 2633 2655 2681 meam
2684 2617 2824 2688 (Job.
2865 2635 2959 2688 vn,
3006 2620 3133 2690 19)?
3162 2621 3230 2677 Et
3274 2633 3453 2680 tamen

1855 2704 2015 2774 paulo
2061 2706 2307 2774 superius
2350 2706 2602 2761 dixerat:
2639 2707 2768 2771 Qute
2807 2710 2950 2780 prius
2992 2720 3205 2784 tangere
3250 2716 3458 2773 nolebat

1857 2798 2033 2851 anima
2064 2814 2177 2852 mea
2202 2839 2215 2863 ,
2267 2815 2401 2852 nunc
2430 2816 2541 2869 prie
2589 2802 2833 2871 angustia
2862 2802 2961 2856 cibi
2992 2806 3093 2858 mei
3124 2815 3244 2859 sunt
3297 2807 3453 2879 (Job.

1854 2903 1929 2955 vr,
1965 2890 2038 2959 7).
2063 2890 2193 2957 Quis
2222 2898 2401 2947 autem
2433 2894 2635 2948 nesciat
2662 2895 2884 2950 salivam
2915 2896 3129 2954 facilius
3157 2914 3316 2969 posse
3338 2902 3459 2972 glu-

1856 2983 1945 3037 tiri
1974 2997 2135 3050 quam
2161 2984 2379 3040 cibum?
2426 2986 2529 3052 Qui
2574 2987 2758 3058 itaque
2803 3004 2863 3045 se
2900 3006 3116 3048 sumere
3144 2994 3321 3049 cibum
3362 2994 3457 3053 de-

1857 3073 2089 3141 nuntiat,
2115 3074 2426 3131 incredibile
2450 3086 2535 3132 est
2555 3078 2709 3134 valde
2731 3095 2840 3149 quo
2862 3082 3052 3138 ordine
3078 3084 3275 3153 glutire
3297 3103 3458 3157 posse

1856 3163 2078 3218 salivam
2110 3174 2291 3235 negat.
2325 3168 2501 3237 Atque
2540 3168 2735 3224 iterum
2761 3169 2923 3226 dicit:
2950 3171 3190 3244 Peccavi,
3219 3178 3343 3246 quid
3371 3162 3456 3251 fa-

157 3286 280 3346 εει,
312 3282 452 3350 quod
497 3283 743 3352 qumdam
789 3284 1047 3339 historica
1088 3285 1428 3355 ewosilione
1478 3293 1742 3341 lranscur.
1766 3274 1824 3338 ηρ
1856 3257 1992 3355 ciam
2021 3257 2136 3321 tibi,
2169 3277 2198 3313 υ
2222 3268 2392 3314 custos
2422 3260 2685 3315 hominum
2710 3261 2851 3332 (Job.
2874 3280 2965 3331 vn,
2996 3263 3124 3335 20)?
3152 3267 3238 3323 vel
3267 3278 3454 3325 certe:

158 3375 359 3440 rimus,
409 3383 464 3430 et
500 3390 597 3444 per
637 3375 951 3444 allegoriam
997 3375 1241 3445 quaedam
1297 3377 1474 3447 typica
1522 3376 1775 3449 investi-v

162 3466 380 3534 gatione
412 3470 853 3535 perscrutamur;
885 3467 1131 3536 quaedam
1176 3483 1274 3538 per
1311 3468 1426 3523 sola
1455 3468 1777 3549 allegoricae“

159 3558 487 3614 moralitalis
519 3559 876 3615 instrumenta
915 3559 1259 3627 discutimus;
1289 3561 1548 3617 nonnulla
1570 3556 1781 3619 autem‘?

157 3667 256 3721 per
301 3662 497 3707 cuncta
542 3653 700 3708 simul
729 3654 1019 3710 sollicitius
1054 3656 1399 3724 exquirentes
1424 3694 1438 3719 ,
1474 3648 1775 3725 tripliciter3

155 3742 496 3811 indagamus.
529 3745 663 3797 Nam
686 3744 916 3814 primum
949 3744 1163 3814 quidem
1193 3742 1544 3800 fundamenta
1584 3745 1775 3800 histo-»

154 3835 251 3890 rize
287 3833 571 3903 ponimus;
604 3834 799 3888 deinde
824 3850 920 3904 per
945 3834 1394 3903 signiﬁcationem
1435 3836 1669 3906 typicam
1700 3837 1756 3891 in

154 3941 342 3982 arcem
373 3923 498 3980 ﬁdei
525 3924 784 3980 fabricam
812 3927 1013 3981 mentis
1042 3927 1330 3996 erigimus;
1358 3928 1425 3982 ad
1455 3936 1757 3984 extremum

153 4033 377 4090 quoque
427 4031 525 4088 per
560 4017 885 4073 moralitalis
930 4019 1157 4088 gratiam
1184 4062 1198 4089 ,
1242 4019 1399 4089 quasi
1426 4019 1756 4090 superducto

154 4110 445 4167 aediﬁcium
488 4108 672 4164 colore
700 4108 979 4165 vestimus.
1022 4108 1120 4165 Vel
1161 4118 1309 4165 certe
1348 4111 1476 4181 quid
1520 4111 1758 4167 veritatis

155 4204 326 4269 dicta,
345 4201 447 4256 nisi
467 4200 771 4257 reﬁciendae
800 4202 994 4256 mentis
1021 4201 1275 4257 alimenta
1304 4201 1569 4258 credenda
1598 4204 1759 4259 sunt?

155 4294 295 4364 Quae
312 4293 485 4349 modis
501 4292 892 4348 alternantibus
908 4293 1277 4363 multipliciter
1291 4294 1629 4361 disserendo,
1648 4295 1756 4351 fer-

160 4390 342 4445 culum
372 4387 454 4442 ori
483 4386 791 4453 ollerimus;
824 4396 885 4442 ut
922 4386 1134 4443 invitati
1172 4386 1394 4443 lectoris
1431 4387 1587 4457 quasi
1626 4402 1757 4443 con-

160 4481 298 4536 viva:
322 4481 491 4536 nostri
512 4480 786 4547 fastidium
815 4481 1161 4551 repellamus,
1188 4481 1280 4551 qui
1302 4482 1429 4537 dum
1458 4481 1561 4537 sibi
1588 4482 1754 4537 multa

159 4575 345 4631 oblata
365 4574 690 4643 considerat,
717 4575 863 4645 quod
885 4576 1183 4646 elegantius
1206 4576 1469 4642 decernit,
1494 4587 1750 4633 assumat.

1859 3349 2167 3407 Consumrre
2209 3370 2289 3407 me
2335 3355 2410 3409 vis
2452 3357 2673 3426 peccatis
2728 3358 3085 3415 adolescentia:
3129 3378 3257 3417 mea:
3313 3362 3453 3434 (Job.

1859 3456 1988 3508 xm,
2034 3441 2188 3514 26)?
2231 3442 2296 3497 Et
2349 3453 2528 3501 tamen
2579 3446 2683 3502 alia
2728 3449 3082 3518 responsione
3137 3452 3453 3523 subjungit:

1858 3531 2045 3605 Neque
2065 3522 2201 3589 enim
2222 3538 2549 3607 reprehendit
2572 3555 2652 3592 me
2673 3556 2761 3593 cor
2772 3556 2940 3594 meum
2958 3541 3016 3594 in
3046 3542 3187 3596 omni
3212 3545 3317 3598 vita
3345 3562 3456 3599 mea

1860 3624 2004 3696 (Job.
2032 3642 2198 3691 xxvn,
2232 3626 2311 3696 6).
2342 3628 2460 3694 Quo
2487 3630 2649 3696 igitur
2678 3637 2836 3699 pacto
2862 3645 2893 3685 a
2915 3631 3206 3705 corde‘suo
3234 3634 3455 3691 minime

1859 3716 1915 3772 in
1942 3719 2090 3772 omni
2119 3719 2227 3772 vita
2250 3719 2665 3787 reprehenditur
2685 3758 2700 3785 ,
2742 3721 2831 3789 qui
2873 3735 3127 3790 peccasse
3151 3738 3212 3777 se
3240 3724 3454 3792 publica

1858 3821 1995 3861 voce
2016 3809 2279 3862 testatur?
2299 3807 2485 3878 Neque
2501 3810 2644 3862 enim
2672 3809 2833 3863 simul
2862 3826 3101 3878 unquam
3123 3813 3453 3867 conveniunt

1861 3897 2019 3967 culpa
2044 3899 2245 3967 operis,
2274 3905 2327 3952 et
2348 3898 2892 3967 irrepreheusibilitas
2921 3901 3123 3956 cordis.
3156 3902 3263 3957 Sed
3293 3904 3453 3959 nimi-

1859 4003 1979 4042 rum
2003 3987 2167 4051 verba
2218 3988 2445 4055 litterze,
2493 3988 2618 4043 dum
2657 3989 2854 4045 collata
2895 3990 2995 4045 sibi
3036 3994 3327 4049 convenire
3354 4010 3453 4050 ne-

1860 4086 2083 4147 queunt,
2112 4076 2257 4132 aliud
2282 4078 2337 4132 in
2364 4093 2424 4134 se
2449 4078 2648 4147 aliquid
2670 4080 2815 4149 quod
2839 4088 3110 4149 quaeratur
3138 4083 3450 4151 ostendunt,

1861 4188 1926 4227 ac
1973 4173 2019 4227 si
2061 4171 2381 4241 quibusdam
2410 4172 2632 4228 vocibus
2682 4172 2901 4228 dicant:
2933 4174 3069 4229 Dum
3118 4183 3301 4231 nostra
3352 4192 3452 4233 nos

1860 4263 2168 4334 conspicitis
2196 4263 2478 4334 superﬁcie
2526 4264 2752 4335 destrui,
2780 4266 2886 4321 hoc
2924 4266 2978 4320 in
3019 4266 3173 4322 nobis
3202 4267 3451 4338 quaerite,

1859 4350 2004 4427 quod
2034 4358 2340 4413 ordinatum
2384 4359 2597 4429 sibique
2642 4373 2947 4429 congruens
2984 4359 3127 4431 apud
3152 4375 3253 4417 nos
3273 4362 3453 4418 valeat

1861 4449 2004 4507 intus
2032 4450 2277 4506 inveniri.

2471 4564 2701 4621 CAPUT
2737 4567 2827 4622 IV.

159 4664 466 4735 Aliquando
496 4682 623 4722 vero
654 4681 929 4735 exponere
972 4674 1160 4727 aperta
1202 4667 1439 4724 historia:
1463 4670 1629 4725 verba
1657 4685 1752 4725 ne-
1783 4677 1836 4736 1)
1930 4658 2225 4729 Aliquando
2246 4658 2459 4712 litterali
2486 4661 2657 4712 sensui
2686 4656 3451 4726 inhaerendum—Aliquando

161 4757 432 4826 gligimus,
457 4774 524 4812 ne
547 4757 749 4813 tardius
772 4757 840 4812 ad
862 4757 1089 4813 obscura
1113 4761 1392 4815 veniamus
1418 4778 1431 4813 :
1461 4760 1750 4831 aliquando

162 4857 344 4904 autem
375 4848 597 4919 intelligi
623 4848 776 4919 juxta
814 4848 1053 4903 litteram
1082 4858 1381 4917 nequeunt;
1414 4852 1539 4920 quia
1570 4868 1753 4923 super-

161 4942 284 4998 ﬁcie
306 4952 460 4997 tenus
482 4951 726 5012 accepta,
761 4956 1098 5013 nequaquam
1123 4942 1532 4999 instructionem
1565 4945 1749 5014 legen-

161 5035 328 5103 tibus,
359 5034 454 5091 sed
502 5050 743 5090 errorem
787 5034 1029 5103 gignunt.
1082 5032 1227 5089 Ecce
1256 5036 1455 5090 etenim
1504 5035 1743 5091 dicitur:

163 5128 272 5184 Sub
299 5145 396 5199 quo
422 5137 699 5181 curvantur
726 5128 809 5199 qui
840 5135 1050 5197 portant
1097 5124 1269 5181 orbem
1315 5127 1333 5198 (
1362 5126 1484 5181 Job.
1516 5143 1592 5193 lx,
1625 5128 1746 5199 15).

161 5217 233 5273 Et
260 5220 327 5274 de
355 5227 506 5273 tanto
533 5219 652 5274 viro
672 5219 791 5289 quis
818 5219 1024 5274 nesciat
1045 5218 1187 5289 quod
1218 5233 1557 5288 nequaquam
1580 5235 1749 5275 vanas

161 5320 447 5381 poetarum
487 5310 690 5366 fabulas
718 5312 975 5383 sequitur,
1007 5318 1064 5365 ut
1092 5310 1142 5381 5
1173 5309 1355 5364 mundi
1385 5310 1583 5365 molem
1622 5312 1749 5366 sub-

160 5402 288 5457 vehi
313 5403 563 5472 giganteo
601 5404 800 5460 sudore
845 5402 1183 5474 suspicetur?
1214 5401 1315 5467 Qui
1343 5417 1558 5456 rursum
1597 5418 1749 5472 pres-

161 5507 257 5551 sus
290 5495 728 5566 percussionibus
776 5496 903 5551 dicit
936 5513 947 5547 :
978 5493 1152 5567 Elegit
1197 5493 1527 5561 suspendium
1572 5496 1748 5549 anima

240 5658 265 5685 ⁸
302 5645 513 5704 Ebroic.
526 5693 539 5715 ,
574 5649 899 5715 Mysterium.

236 5715 265 5757 ¹³
303 5708 586 5793 secundus
635 5708 852 5793 “Ilqu
896 5720 1150 5793 Floriac.,
1197 5722 1461 5793 secundus
1511 5723 1744 5793 Remig,

164 5786 322 5859 Reg,
352 5790 537 5854 Mich.,
568 5790 625 5845 S.
658 5791 1189 5863 Albin._._rAltitudini.
1220 5791 1593 5863 Convenitque
1624 5786 1747 5851 co'n;

165 5862 513 5933 templationis
541 5863 797 5933 ascensni.
827 5859 929 5933 Hic
947 5869 1143 5923 tamen,
1166 5863 1251 5916 ubi
1276 5859 1605 5920 diffundendi
1628 5883 1744 5922 ser-

166 5933 342 5989 monis
364 5932 503 5988 ratio
524 5932 823 6001 subjicitur,
845 5940 899 5986 ct
921 5932 972 5986 in
994 5933 1381 5990 moralitatibus
1401 5939 1743 6007 excurrendi,

1859 4758 2039 4804 autem
2061 4751 2151 4818 qui
2177 4751 2343 4805 verba
2372 4751 2619 4820 accipere
2646 4750 2885 4805 historiae
2911 4750 3063 4819 juxta
3092 4749 3327 4803 litteram
3357 4765 3451 4805 ne-

1859 4841 2027 4909 gligit,
2058 4841 2298 4896 oblatum
2327 4843 2429 4897 sibi
2458 4842 2702 4897 veritatis
2730 4842 2908 4896 lumen
2948 4842 3257 4909 abscondit;
3299 4859 3451 4900 cum-

1859 4948 1964 5003 que
1994 4933 2265 4987 laboriose
2294 4933 2536 4987 invenire
2565 4933 2618 4986 in
2644 4932 2724 4987 eis
2761 4932 2908 4986 aliud
2934 4934 3255 4992 intrinsecus
3284 4952 3450 5007 appe-

1862 5023 1944 5090 tit,
1978 5023 2081 5077 lmc
2109 5023 2253 5091 quod
2296 5022 2426 5077 foris
2463 5022 2579 5078 sine
2608 5022 2925 5078 difﬁcultate
2962 5027 3174 5095 assequi
3213 5035 3445 5097 poterat,

1860 5116 2075 5171 amittit.
2129 5117 2360 5172 Sanctus
2409 5131 2642 5185 namque
2671 5116 2751 5171 vir
2787 5116 2951 5171 dicit:
2981 5117 3041 5174 Si
3087 5122 3265 5191 negavi
3312 5123 3450 5191 quod

1854 5214 2091 5269 volebant
2138 5209 2472 5279 pauperibus,
2504 5218 2554 5262 et
2593 5210 2766 5264 oculos
2792 5210 2960 5265 vidua:
2987 5223 3285 5267 exspectare
3312 5216 3446 5285 feci;

1856 5307 1901 5360 si
1941 5306 2137 5360 comedi
2168 5302 2450 5357 buccellam
2481 5317 2650 5355 meam
2677 5305 2836 5369 solus,
2869 5313 2918 5356 et
2956 5319 3059 5358 non
3091 5306 3311 5359 comedit
3349 5322 3446 5375 pu-

1856 5397 2012 5467 pillus
2043 5411 2108 5449 ex
2145 5410 2239 5458 ea;
2287 5393 2333 5447 si
2368 5391 2579 5461 despexi
2626 5402 3046 5461 praetereuntem,
3076 5410 3135 5447 eo
3176 5393 3314 5463 quod
3343 5409 3444 5447 non

1856 5487 2093 5541 habuerit
2116 5486 2489 5552 indumentum,
2523 5493 2571 5540 et
2586 5487 2776 5556 absque
2796 5489 3111 5558 operimento
3138 5502 3445 5558 pauperem;

1860 5656 2139 5728 probanda
2162 5656 2331 5723 magis
2369 5655 2582 5711 videtur
2600 5672 2705 5711 vox
2733 5655 3015 5717 latitudini,
3043 5667 3161 5721 quae
3188 5652 3243 5707 in
3269 5652 3447 5724 potiu-

1855 5726 2008 5784 ribus
2034 5726 2161 5782 Mss.
2194 5728 2441 5781 habetur.

1934 5811 1957 5837 ο
2000 5798 2241 5860 Ehroic.,
2276 5795 2425 5867 Lyra,
2450 5797 2649 5868 Bigot.,
2682 5796 3063 5866 tediﬁcationis.

1927 5868 1951 5905 ἀ
1992 5868 2153 5933 Ειιίιί,
2188 5868 2252 5921 ab
2283 5876 2493 5923 (eterna.
3432 5902 3441 5907 ε

1936 5951 1957 5979 θ
1998 5939 2205 6005 Νοτιηη
2239 5938 2294 5995 S.
2331 5940 2477 6007 Alb.,
2514 5940 2770 6007 Pieriae,
2804 5940 3067 5999 Colbert..
3094 5948 3296 5995 exerat.
3384 5971 3414 6011 ι

3485 5952 3495 5978 l
