4130 6472
626 369 748 453 51s

1849 381 2088 437 SANC'I'I
2129 379 2459 437 GREGORII
2500 379 2719 472 RlAGNl

3816 381 3926 438 595

645 502 685 556 si
713 517 816 556 nou
839 499 1212 576 benedicennt
1240 499 1368 554 mihi
1406 499 1573 553 latera
1612 498 1748 568 ejus,
1791 505 1840 551 et
1869 499 1932 551 de
1960 497 2230 553 velleribus
2256 498 2303 558 Α
2331 495 2536 566 liquet,
2565 495 2688 566 quia
2710 496 3038 553 adversitate
3065 512 3176 553 non
3201 495 3414 556 modica
3438 497 3642 556 labaris
3666 501 3778 556 mei
3807 508 3928 556 stn—

642 598 810 654 oeium
828 609 1058 650 mearum
1085 593 1364 665 calefactus
1392 600 1470 646 est
1517 589 1672 662 (Job.
1697 605 1845 655 xxxt,
1880 588 1946 642 16
1973 589 2020 642 et
2048 605 2152 661 seq.
2178 588 2220 657 ).

640 687 770 754 Quae
796 686 1048 742 videlicet
1091 685 1138 740 si
1176 685 1241 740 ad
1271 684 1541 754 allegoria:
1582 699 1796 739 sensum
1830 682 2092 738 violenter
2144 682 2224 736 in-

640 778 921 845 ﬂectimns,
953 785 1150 832 cuncta
1176 777 1292 847 ejus
1328 775 1705 833 misericordia:
1745 775 1884 830 facta
1911 790 2218 829 vacuamns.

641 869 858 924 Divinos
878 872 1076 924 etenim
1097 883 1276 925 sermo
1298 869 1434 924 sicut
1463 867 1730 938 mysteriis
1759 866 2043 936 prudentes
2065 881 2223 920 exer-

640 969 744 1027 cet,
775 960 852 1016 sic
878 951 1192 1031 plerumque
1220 959 1504 1030 superﬁcie
1542 959 1808 1028 simplices
1836 956 2061 1013 refovet.
2113 956 2223 1010 Ha-

639 1049 730 1106 bet
747 1049 802 1104 in
821 1049 1036 1119 publico
1057 1051 1197 1106 unde
1220 1050 1472 1120 parvulos
1492 1049 1716 1113 nutriat,
1735 1055 1913 1103 servat
1941 1049 1992 1101 in
2013 1056 2223 1102 secreto

639 1139 781 1195 unde
819 1145 1031 1194 mentes
1075 1140 1385 1196 sublimium
1426 1140 1482 1194 in
1507 1139 1864 1195 admiratione
1906 1136 2219 1208 suspendat.

639 1230 802 1298 Quasi
827 1232 1046 1301 quidam
1083 1233 1282 1302 quippe
1317 1241 1399 1288 est
1442 1233 1498 1304 6
1542 1231 1753 1297 ﬂuvius,
1787 1239 1844 1287 ut
1874 1231 1947 1286 ita
1973 1231 2221 1297 dixerim,

638 1323 830 1394 planus
859 1331 914 1378 et
938 1322 1098 1389 altrm,
1128 1323 1181 1378 in
1207 1338 1317 1392 quo
1340 1331 1395 1378 et
1423 1337 1591 1393 agnus
1637 1322 1894 1390 ambulet,
1925 1331 1979 1376 et
2004 1321 2224 1391 elephas

639 1424 806 1470 natet.
841 1412 909 1470 Ut
934 1428 1063 1483 ergo
1086 1414 1501 1484 uniuscujusque
1519 1414 1620 1470 loci
1643 1413 2016 1484 opportunitas
2047 1421 2223 1482 postu-

638 1511 733 1580 lat,
766 1511 840 1564 ita
876 1518 900 1546 ⁸
931 1524 991 1564 se
1018 1525 1116 1579 per
1143 1509 1376 1564 studium
1403 1506 1757 1578 expositionis
1783 1505 1916 1561 ordo
1946 1505 2218 1572 immutat;

637 1609 900 1671 quatenus
950 1609 1104 1656 tanto
1131 1600 1311 1657 verius
1356 1615 1572 1656 sensum
1600 1598 1792 1652 divinas
1820 1596 2108 1652 locutionis
2137 1596 2222 1650 in-

637 1692 854 1756 veniat,
883 1699 1089 1760 quanto
1116 1697 1174 1744 nt
1202 1706 1292 1746 res
1315 1703 1544 1759 quaeque
1583 1688 1856 1758 exegerit,
1906 1703 2004 1757 per
2030 1701 2222 1742 causa"

636 1800 751 1841 rum
777 1784 992 1854 species
1015 1783 1264 1838 alternat.

1263 1870 1493 1929 CAPUT
1533 1871 1598 1926 ν.

709 1964 985 2038 Gregorius
1002 1964 1310 2036 aegritudine
1329 1963 1576 2018 laborans
1597 1979 1725 2034 opus
1745 1979 1958 2033 sequens
1983 1963 2217 2035 perfecit.

635 2059 808 2111 Artem
823 2057 1068 2126 loquendi
1088 2056 1334 2128 neglexit.
1368 2053 1564 2119 Quibus
1594 2063 1772 2109 utatur
1794 2054 2079 2125 Scriptura:
2113 2072 2220 2108 ver-

633 2149 878 2204 siouibus.
907 2181 980 2191 —
1003 2146 1176 2215 Quam
1205 2147 1455 2202 videlicet
1491 2146 1886 2217 expositionem
1931 2161 2222 2202 recensen-

632 2242 754 2295 dam
787 2253 888 2296 tuae
917 2239 1260 2308 beatitudini,
1291 2257 1397 2296 non
1424 2242 1549 2310 quia
1579 2241 1725 2294 velut
1765 2240 1978 2308 dignam
2017 2238 2177 2293 debui
2202 2281 2215 2304 ,

633 2335 722 2387 icti
752 2334 875 2403 quia
907 2341 960 2386 te
986 2340 1203 2402 petente
1252 2332 1473 2387 memini
1523 2331 1866 2401 promisisse,
1918 2332 2216 2385 transmisi.

631 2423 685 2477 lu
717 2437 823 2493 qua
850 2422 1110 2492 quidquid
1143 2432 1231 2476 tua
1274 2422 1532 2477 sanctitas
1573 2421 1812 2490 tepidum
1853 2422 2220 2492 incultumque

631 2515 914 2585 repererit,
939 2522 1091 2570 tanto
1114 2514 1244 2568 mihi
1264 2514 1546 2571 celerrime
1578 2513 1867 2584 indulgeat,
1889 2522 2092 2582 quanto
2115 2515 2221 2570 hoc

631 2621 715 2661 me
744 2621 946 2676 :ngrum
977 2606 1158 2661 dicere
1200 2622 1306 2660 non
1355 2606 1590 2675 ignorat.
1638 2604 1772 2659 Nam
1804 2607 1928 2659 dum
1970 2607 2220 2662 molestia

546 2748 554 2752 -
630 2714 823 2769 corpus
847 2698 1120 2765 atteritur,
1146 2697 1170 2735 ιι
1196 2697 1386 2755 allecto
1414 2707 1595 2753 mente
1615 2698 1779 2752 etiam
1807 2697 2016 2754 dicendi
2047 2699 2220 2754 studia

629 2789 1005 2858 languescunt.
1055 2788 1220 2844 Multa
1257 2789 1458 2860 quippe
1501 2803 1765 2844 annorum
1807 2788 1918 2858 jam
1951 2791 2221 2846 curricula

628 2881 1003 2959 devolvuntur,
1023 2881 1168 2953 quod
1185 2883 1387 2938 crebris
1408 2880 1671 2937 viscerum
1691 2881 1967 2937 doloribus
1985 2884 2216 2951 crucior,

628 2973 772 3031 horis
803 2975 1198 3045 momentisque
1223 2975 1473 3031 omnibus
1512 2973 1680 3030 fracta
1726 2977 1990 3031 stomachi
2021 2977 2220 3032 virtute

627 3063 883 3132 lassesco,
910 3066 1071 3122 lentis
1115 3066 1357 3136 quidem,
1388 3065 1483 3120 sed
1524 3075 1703 3121 tamen
1754 3068 2025 3123 continuis
2053 3066 2218 3123 febri-

542 3161 548 3166 '
625 3157 723 3213 bus
754 3158 974 3214 anhelo.
1006 3159 1256 3228 interque
1284 3158 1398 3213 lucc
1423 3157 1548 3213 dum
1575 3157 1836 3214 sollicitus
1873 3174 2042 3228 penso
2069 3161 2217 3229 quia,

2326 589 2426 646 diis
2456 590 2505 644 in
2539 590 2643 645 hoc
2682 589 2932 646 molestia
2971 591 3269 661 corporalis
3297 591 3531 658 obsistit,
3561 593 3709 662 quod
3738 595 3930 652 carnis

2324 683 2495 738 virtus
2523 697 2644 738 cum
2683 682 2968 739 locutionis
2997 684 3353 740 ministerium
3381 686 3640 741 exhibere
3668 688 3764 742 vix
3804 689 3927 743 sul.

2326 775 2458 843 ﬁcit,
2487 791 2638 830 mens
2670 776 2828 843 digne
2881 791 2988 830 non
3043 784 3222 855 potest
3274 777 3526 832 intimare
3553 778 3701 848 quod
3726 780 3926 836 sentit.

2325 867 2466 934 Quid
2517 882 2749 936 namque
2805 876 2886 921 est
2936 866 3168 923 olliciurn
3213 869 3477 938 corporis,
3510 869 3616 925 nisi
3650 885 3928 940 organum

2325 958 2537 1014 cordis?
2583 957 2652 1012 Et
2701 958 2994 1028 quamlibet
3040 959 3243 1029 peritus
3292 961 3362 1014 sit
3407 961 3662 1016 cantandi
3701 963 3922 1028 artifex,

2325 1050 2542 1128 explere
2567 1057 2736 1105 artem
2766 1065 2873 1106 non
2911 1050 3080 1119 valet,
3112 1051 3216 1106 nisi
3239 1050 3310 1105 ad
3335 1051 3474 1108 hanc
3502 1053 3603 1108 sibi
3632 1062 3690 1109 et
3730 1054 3922 1110 minis-

2324 1151 2458 1197 tena
2481 1142 2753 1198 exteriora
2777 1141 3114 1198 concordent
3138 1160 3154 1196 :
3193 1141 3320 1212 quia
3341 1143 3592 1198 nimirum
3620 1145 3922 1212 canticum,

2323 1223 2654 1304 quod'docta
2687 1249 2879 1289 manus
2908 1233 3156 1304 imperat,
3188 1242 3442 1304 quassata
3469 1248 3671 1304 organa
3698 1238 3924 1306 proprie

2324 1344 2431 1383 non
2481 1327 2778 1393 resultant;
2832 1341 2932 1382 nec
2961 1335 3134 1381 artem
3163 1325 3322 1382 ﬂatus
3350 1336 3624 1398 exprtnnt,
3675 1328 3724 1383 si
3750 1328 3921 1383 scissa

2324 1422 2494 1476 rimis'
2523 1420 2700 1475 ﬁstula
2730 1418 2943 1475 stridet.
2977 1418 3190 1486 Quanto
3236 1419 3419 1486 itaque
3453 1419 3669 1488 gravius
3699 1419 3920 1488 θη)οεὶ-

2324 1511 2484 1565 tionis
2507 1524 2638 1565 mete
2665 1509 2894 1578 qualitas
2926 1509 3204 1578 premitur,
3230 1508 3281 1562 in
3311 1522 3418 1576 qua
3444 1507 3656 1563 dicendi
3685 1509 3924 1576 gratiam

2323 1602 2400 1656 sic
2428 1600 2659 1655 fractura
2688 1599 2875 1668 organi
2902 1599 3145 1669 dissipat,
3178 1608 3237 1654 ut
3263 1599 3404 1655 hanc
3430 1600 3636 1670 peritia
3656 1616 3750 1655 ars
3768 1602 3921 1657 nulla

2324 1694 2648 1764 componat?
2677 1692 2871 1759 Quaeso
2913 1701 3096 1748 autem
3122 1699 3183 1747 ut
3223 1692 3384 1760 hujus
3409 1692 3592 1762 cperis
3617 1692 3764 1747 dicta
3797 1709 3922 1763 per-

2325 1803 2568 1856 currens,
2595 1788 2650 1842 in
2677 1788 2761 1844 bis
2785 1788 3074 1842 verborum
3100 1784 3226 1842 folia
3256 1800 3362 1839 non
3383 1786 3646 1854 requiras,
3669 1786 3800 1855 quia
3828 1801 3922 1856 per

2253 1885 2477 1942 Bsacra
2527 1877 2743 1947 eloquia
2797 1879 2865 1934 ab
2903 1892 3094 1933 eorum
3144 1876 3524 1932 tractatoribus
3569 1876 3922 1934 inlruetnosat

2325 1970 2666 2040 loquacitatis
2716 1969 2908 2025 levitas
2953 1967 3196 2024 studiose
3224 1966 3627 2036 compescitur,
3685 1969 3815 2021 dum
3867 1969 3920 2023 in

2323 2061 2524 2132 templo
2545 2059 2640 2114 Dei
2663 2075 2852 2115 nemus
2875 2060 3100 2129 plantari
3123 2060 3441 2130 prohibetur
3463 2059 3641 2130 (Deut.
3667 2075 3780 2126 xvt,
3802 2059 3918 2130 21).

2323 2149 2388 2205 Et
2413 2152 2593 2208 cuncti
2622 2151 2810 2221 procul
2836 2151 2999 2207 dubio
3025 2151 3244 2218 scimus,
3275 2152 3398 2222 quia
3427 2153 3646 2220 quoties
3678 2154 3733 2206 in
3777 2152 3922 2208 fol'n's

2324 2244 2464 2298 male
2494 2245 2628 2298 laetae
2657 2245 2854 2313 segetis
2881 2244 3041 2298 culmi
3069 2244 3389 2314 proﬁciunt,
3432 2243 3630 2299 minori
3681 2244 3921 2314 plenitu-

2323 2334 2448 2388 dine
2486 2336 2753 2404 spicarum
2784 2349 2947 2404 grana
2991 2343 3322 2404 turgescunt.
3359 2332 3511 2389 Unde
3538 2343 3595 2388 et
3634 2334 3808 2404 ipsam
3841 2334 3922 2388 lo-

2323 2423 2522 2493 quendi
2554 2433 2745 2491 artem,
2777 2442 2938 2494 quam
2968 2426 3277 2494 magisteria
3314 2425 3610 2496 disciplinae
3635 2424 3922 2482 exterioris

2326 2518 2615 2580 insinuant,
2649 2534 2866 2574 servare
2891 2519 3133 2589 despexi.
3174 2519 3307 2574 Nam
3337 2519 3477 2576 sicut
3505 2520 3664 2590 huius
3701 2535 3923 2591 quoque

2323 2611 2566 2678 epistolae
2597 2621 2750 2666 tenor
2775 2612 3038 2679 enuntiat,
3064 2609 3092 2648 δ
3123 2627 3230 2667 non
3260 2611 3560 2666 metacismi
3587 2611 3922 2667 eollisionem

2325 2700 2489 2768 fugio,
2520 2715 2628 2754 non
2656 2701 2972 2755 barbarismi
3013 2699 3386 2758 confusionem
3417 2701 3618 2768 devito,
3649 2701 3790 2756 situs
3810 2715 3924 2756 mo-

2326 2801 2518 2860 tusque
2547 2800 2602 2846 et
2630 2793 3068 2861 prmpositionum
3117 2809 3274 2849 casus
3317 2806 3537 2849 servare
3589 2801 3920 2861 contemno,

2323 2885 2444 2952 quia
2477 2884 2748 2952 indignum
2799 2884 2978 2954 (Dist.
3022 2884 3114 2955 58,
3146 2902 3194 2940 c.
3220 2883 3540 2957 Indignum)
3569 2885 3920 2940 vehementer

2324 2976 2597 3043 existimo,
2625 2985 2681 3030 ut
2708 2977 2870 3031 verba
2915 2978 3154 3034 caelestis
3203 2981 3405 3035 oraculi
3452 2979 3775 3041 restringam
3815 2977 3917 3034 sub
3994 2962 3998 2966 ’

2324 3067 2522 3134 regulis
2553 3067 2766 3120 Donati.
2813 3067 2996 3136 Neque
3039 3069 3182 3123 enim
3209 3069 3324 3125 [nec
3350 3071 3417 3126 ab
3448 3069 3568 3125 tilns
3606 3069 3915 3138 interpreti-

2323 3159 2442 3224 bus,
2471 3159 2520 3212 in
2551 3157 2845 3228 Scripturas
2872 3175 3037 3215 sacra:
3065 3161 3390 3216 auctoritate
3417 3170 3632 3216 servata
3660 3168 3808 3215 sunt.
3841 3157 3917 3213 Ex

625 3248 906 3320 Scriptura
959 3258 1135 3316 teste,
1169 3247 1351 3304 Omnis
1396 3250 1536 3321 [ilius
1590 3251 1676 3319 qui
1723 3267 1757 3302 a
1795 3250 1906 3304 Deo
1949 3252 2216 3321 recipitur,
2247 3266 2292 3328 ρ
2323 3265 2426 3319 qua
2462 3250 2711 3303 nin'tirum
2742 3251 2866 3319 quia
2902 3259 3086 3305 nostra
3135 3251 3403 3320 expositio
3448 3253 3645 3320 oritur,
3695 3250 3916 3321 dignum

628 3340 925 3411 ﬂagellatur
957 3339 1146 3412 (Hebr.
1177 3356 1276 3410 xu,
1302 3340 1390 3409 6),
1422 3356 1532 3409 quo
1566 3341 1719 3393 malis
1750 3341 2104 3410 praesentibus
2131 3343 2224 3396 du-

629 3433 739 3486 rius
783 3430 1080 3501 deprimor,
1111 3446 1178 3486 eo
1215 3442 1236 3469 ε
1266 3431 1331 3485 de
1355 3438 1555 3485 aeterna
1584 3431 1782 3486 certius
1805 3433 2227 3502 praesumptione

629 3520 854 3587 respiro.
910 3518 976 3574 Et
1013 3518 1242 3574 fortasse
1288 3520 1392 3574 hoc
1429 3519 1622 3575 divinat
1660 3520 2012 3590 providentia:
2040 3524 2219 3578 consi-

629 3611 760 3666 lium
803 3609 923 3677 luit,
966 3621 1025 3666 ut
1055 3626 1370 3681 percussum
1399 3609 1506 3666 Job
1535 3626 1822 3681 percussus
1848 3627 2176 3682 exponerem
2202 3655 2218 3681 ,

628 3710 676 3755 et
711 3701 962 3772 ﬂagellati
1011 3713 1248 3759 mentem
1301 3701 1491 3758 melius
1543 3717 1639 3772 per
1667 3701 1900 3772 ,llagella
1939 3706 2215 3759 sentirem.

627 3793 770 3866 [νει.
801 3803 852 3850 et
881 3793 1007 3850 Rec.
1036 3793 1139 3866 Ἀ]
1169 3792 1275 3850 Sed
1327 3799 1508 3848 tamen
1557 3803 1705 3849 recte
1758 3793 2222 3852 considerantibus

705 3959 731 4022 ἐι
755 3951 824 4022 _S.
854 3949 1001 4018 Alb.,
1025 3951 1102 4003 ita
1129 3965 1332 4022 semper
1353 3947 1599 4022 studium.

700 4019 927 4092 “Mlti,
989 4017 1210 4092 afﬂicta.
1241 4017 1604 4092 Elegantius
1633 4017 1760 4092 Mes.
1802 4017 1960 4092 Beg.,
2014 4017 2174 4074 Corb.
2199 4061 2214 4086 ,

627 4092 683 4146 S.
719 4090 860 4158 Alb.,
887 4092 909 4145 -l
947 4089 1172 4148 Vin'doc.
1194 4130 1210 4156 ,
1240 4091 1448 4161 affecta.
1481 4090 1516 4142 2
1547 4089 1774 4144 Vindoc.
1818 4091 1976 4144 habet
2008 4101 2216 4145 utraut-

630 4177 735 4230 que
763 4163 1039 4299 ggblssq
1072 4234 1173 4287 nisi
1203 4231 1351 4301 quod
1382 4232 1434 4286 in
1465 4231 1597 4300 Reg.
1623 4239 1679 4286 et
1697 4233 1935 4288 Colbert.
1983 4233 2215 4301 legitur:

2324 3340 2568 3412 profecto
2599 3350 2679 3396 est
2708 3351 2766 3396 ut
2793 3344 2944 3411 quasi
2973 3344 3115 3398 edita
3145 3343 3358 3398 soboles
3393 3343 3629 3412 speciem
3655 3356 3767 3396 sure
3799 3355 3915 3394 ma-

2325 3436 2420 3489 tris
2451 3435 2706 3488 imitetur.
2738 3433 2940 3489 Novam
2966 3450 3096 3490 vero
3124 3435 3529 3490 translationem
3552 3434 3792 3499 dissero;
3822 3433 3917 3486 sed

2323 3542 2443 3580 eum
2479 3525 2810 3594 probationis
2837 3540 2995 3578 causa
3021 3525 3206 3593 exigit,
3241 3540 3383 3580 nunc
3408 3539 3624 3589 novam,
3657 3538 3800 3577 nunc
3828 3538 3916 3574 ve—

2325 3627 2493 3672 terem
2534 3633 2626 3686 per
2659 3617 2961 3670 testimonia
2984 3632 3229 3680 assumo;
3265 3623 3322 3670 ut
3361 3616 3484 3684 quia
3515 3614 3669 3669 sedes
3699 3623 3915 3683 aposto-

2328 3708 2452 3772 lica,
2481 3709 2566 3762 cui
2601 3707 2709 3761 Deo
2740 3716 2963 3763 auctore
3007 3707 3287 3776 pmsideo,
3319 3715 3545 3775 utraque
3590 3705 3780 3771 utitur,
3810 3703 3916 3758 mei

2328 3813 2543 3869 quoque
2571 3797 2723 3853 labor
2747 3797 2912 3853 studii
2937 3814 3004 3852 ex
3028 3807 3253 3868 utraque
3281 3797 3554 3853 fulciatur.

2330 3955 2389 4010 de
2414 3963 2609 4008 eterna
2639 3961 2808 4008 certus
2836 3955 3208 4008 consolatione.
3243 3952 3401 4016 Editi,
3434 3955 3497 4008 de
3527 3953 3757 4008 (uternis.

2399 4023 2424 4061 ἀ
2478 4025 2784 4091 Lugendum
2819 4042 2918 4079 non
2955 4025 3220 4079 Iotacismi
3258 4039 3438 4078 monet.
3470 4025 3738 4079 illustriss.
3771 4019 3916 4074 ﬂue-

2329 4098 2433 4149 tius
2467 4095 2601 4165 (Lib.
2636 4097 2700 4148 de
2729 4104 2835 4165 opt.
2867 4114 2982 4166 gen.
3016 4099 3231 4166 interp.,
3263 4113 3376 4166 cap.
3403 4095 3545 4164 42),
3598 4093 3752 4160 cujus
3783 4107 3914 4145 cuna

2323 4167 2545 4234 jeclurm
2593 4167 2726 4220 nulli
2753 4165 2880 4220 Mss.
2925 4166 3122 4220 famul.
3176 4165 3520 4220 Metacismus
3555 4182 3585 4218 a
3617 4168 3918 4234 μετάκειμαι

2331 4238 2561 4291 derivari
2592 4245 2790 4306 potest,
2825 4247 2879 4291 et
2918 4236 3106 4291 Latine
3135 4236 3242 4291 dici
3273 4237 3632 4307 transpositio.

661 4399 3910 4435 Μ

1864 4565 2505 4745 ἦβτδεὶαῐὶσ
2555 4641 2584 4679 ο

1251 4827 1329 4891 In
1358 4845 1482 4908 qua
1509 4847 1643 4908 qua:
1674 4834 1806 4890 toto
1837 4844 2021 4906 opere
2056 4827 2446 4892 edisserenda
2470 4840 2619 4892 sunt
2650 4835 2869 4912 paucis
2893 4835 3283 4914 perstringit.

1147 5046 1374 5112 CAPUT
1413 5051 1703 5110 PRIMUM.

700 5154 752 5224 ³1
773 5152 827 5207 1³.
871 5152 996 5217 Quis
1034 5151 1254 5218 scriptor
1290 5147 1410 5203 libri
1439 5146 1559 5201 .Iob.
1587 5177 1656 5188 ——
1678 5145 1825 5199 inter
1847 5142 2045 5197 multos
2075 5158 2219 5212 serpe

629 5246 904 5319 quieritur,
929 5242 1047 5312 quis
1069 5240 1185 5295 libri
1204 5239 1463 5294 beatilob
1481 5238 1712 5306 scriptor
1734 5235 2014 5290 habeatur.
2039 5233 2108 5289 Et
2129 5236 2221 5290 alii

630 5341 848 5414 quidem
899 5337 1145 5409 Moysen,
1179 5335 1268 5389 alii
1302 5347 1465 5389 unum
1504 5330 1797 5402 quemlibet
1829 5345 1893 5383 ex
1944 5330 2222 5399 prophetis

630 5435 947 5503 scriptorem
976 5429 1133 5500 hujus
1154 5428 1332 5498 operis
1355 5425 1516 5481 luisse
1538 5425 1897 5492 suspicantur.
1922 5420 2056 5488 Quia
2076 5423 2217 5477 enim

629 5530 679 5584 in
705 5531 842 5585 libro
864 5527 1136 5583 Geneseos
1163 5523 1371 5594 (Cenes.
1403 5534 1586 5580 xxxvr,
1620 5515 1726 5582 55)
1756 5515 1926 5570 Jobab
1958 5517 2022 5570 de
2051 5516 2220 5584 stirpe

631 5620 767 5678 Esau
813 5619 1174 5683 descendisse,
1206 5624 1260 5671 et
1287 5613 1415 5666 Bale
1441 5609 1551 5664 tilio
1591 5607 1800 5662 Beoriu
1827 5623 2051 5674 regnum
2095 5626 2216 5663 suc-

703 5801 727 5827 ⁸
767 5789 823 5843 ln
855 5786 1104 5843 omnibus
1134 5792 1240 5837 vet.
1291 5781 1414 5834 Mss.
1448 5780 1537 5834 hic
1579 5777 1763 5846 incipit
1815 5779 1983 5846 prima
2019 5793 2140 5846 pars
2169 5786 2223 5831 ut

634 5859 726 5912 lib.
759 5876 795 5921 ι,
829 5859 970 5912 nulla
1004 5856 1141 5909 facta
1183 5851 1510 5918 praefationis
1563 5850 1851 5921 mentione.
1890 5847 2189 5921 Plenior-ita

636 5943 760 6002 ωειλ
783 5917 1037 5984 sanctum
1065 5917 1353 5978 Ductorem
1383 5921 1550 6002 liquet
1591 5937 1654 5975 ex
1700 5919 1782 5974 his
1828 5919 2002 5974 verbis
2034 5919 2083 5972 in
2120 5917 2222 5973 line

2246 5059 2548 5120 Dcessisse
2578 5060 2946 5135 describitur,
2977 5061 3117 5115 hunc
3168 5061 3387 5116 beatum
3433 5059 3536 5118 .lob
3585 5061 3746 5132 longe
3799 5076 3927 5122 ante

2325 5148 2496 5221 Moysi
2528 5159 2768 5221 tempora
2818 5152 3091 5208 exstitisse
3133 5153 3510 5220 crediderunt,
3550 5170 3762 5211 morem
3793 5173 3923 5228 pro-

2324 5239 2466 5296 l'ccto
2514 5243 2654 5297 sacri
2700 5244 2898 5312 eloquii
2941 5244 3277 5311 nescientes,
3310 5244 3437 5314 quia
3463 5244 3518 5301 in
3548 5247 3924 5316 superioribus

2324 5332 2436 5386 suis
2461 5334 2701 5401 partibus
2729 5335 2867 5389 solet
2905 5335 3140 5390 breviter
3177 5337 3335 5404 longe
3364 5345 3484 5406 post
3517 5347 3768 5392 secutura
3801 5353 3924 5407 per-

2327 5425 2614 5494 stringere,
2646 5441 2766 5480 cum
2797 5427 2976 5482 studet
3001 5427 3066 5482 ad
3097 5428 3199 5482 alia
3227 5429 3475 5485 subtilius
3504 5441 3526 5467 ιί
3555 5430 3922 5485 enumeranda

2328 5532 2643 5584 properare.
2679 5515 2831 5573 Unde
2859 5527 2912 5573 ct
2952 5519 3060 5574 illic
3099 5519 3289 5588 Jobab,
3333 5521 3644 5592 priusquam
3674 5537 3828 5591 reges
3867 5522 3926 5577 in

2326 5606 2490 5660 Israel
2549 5611 2881 5678 existerent,
2946 5609 3105 5665 fuisse
3155 5621 3506 5667 memoratur.
3568 5611 3923 5683 Nequaquam

2333 5779 2608 5855 legeltdis:
2643 5779 2707 5832 In
2748 5781 2955 5855 longiori
2996 5785 3319 5855 pmifationis
3352 5783 3498 5838 verba
3548 5781 3925 5855 prolrtminttts.

2409 5852 2432 5890 ί)
2477 5850 2598 5912 ω,
2632 5843 3348 5915 enuntianda;'eor'reximus
3385 5871 3451 5911 ex
3495 5843 3768 5908 consensu
3793 5843 3926 5904 Mss.
