4130 6456
188 396 292 452 517
1253 365 1610 430 ιιυιιΑιιυιι
1651 364 1823 422 LIBRI

1931 391 1966 406 -
2002 359 2246 417 ΡΒᾹΞΕἌ
2255 359 2389 412 ’1⁸10⁶
3351 351 3464 410 διε-

189 521 320 578 ergo
345 502 616 562 exstitisse
644 503 770 553 ante
809 495 981 562 legem
1008 484 1370 557 cognoscitur,
1398 481 1490 554 qui
1517 479 1770 536 lsraelili-
1798 479 1850 542 A
1875 491 1984 578 qam
2015 487 2210 578 meum.“
2241 469 2488 578 ἱηεξξηαξξ
2514 482 2692 570 autem
2718 473 2938 578 υςεεναῐῖπ
2964 464 3034 578 ίςιΑι
3048 460 3199 522 υθτθα
3227 459 3332 516 ονίε

191 552 929 666 ἓῦζιιῐιι-ἷιιιίιιιιιιηιειιιροῖθ
971 552 1132 638 fuisse
1171 552 1432 646 signatur.
1465 573 1617 641 Quod
1647 572 1776 628 dum
1876 565 2046 635 (Psal.
2082 577 2284 666 uxvn,
2321 559 2396 628 l).
2432 559 2722 662 Nonenim
2752 558 2837 614 lex
2867 554 3074 666 Da‘vid,
3099 563 3191 666 aut
3227 552 3460 625 populus

663 646 821 737 caute
849 675 1212 737 considerant,
1245 668 1463 740 Moysen
1503 673 1776 736 gestorqu
1875 657 2062 722 David,
2085 653 2192 757 sed
2220 666 2508 751 personam
2533 650 2672 764 ejus:
2707 666 2786 752 ex.
2805 666 2914 719 quo
2941 646 3284 750 loquebatur,
3312 659 3464 748 assu-

193 736 739 850 iilii-u-su-qua—si—longe
767 765 1056 838 antepositi
1082 736 1402 833 scriptorem
1441 764 1674 827 putant;
1721 761 1779 809 ut
1875 762 2048 812 mens,
2084 745 2252 815 ipsius
2282 740 2602 797 auctoritate
2645 741 2901 812 loquitur,
2932 737 3086 809 cujus
3114 736 3467 808 inspiratione

553 865 648 936 qui
675 829 854 934 potuit
877 829 946 914 ad
983 829 1340 912 eruditionem
1373 856 1612 906 nostram
1644 845 1780 913 legis
1875 839 2203 910 replebatur.
2238 833 2354 890 Hoc
2381 830 2767 936 quotidienﬁeri
2807 832 2860 886 in
2902 829 3141 887 Ecclesia
3170 829 3465 897 cernimus,

195 921 466 1039 praecepta
495 921 693 1022 edere;
711 955 826 1026 ipse
853 949 1104 1008 credatur
1128 947 1289 1002 etiam
1332 959 1399 998 ex
1439 940 1652 1011 gentilis
1678 937 1784 992 viri
1875 932 1922 987 si
1954 929 2233 998 vigilanter
2263 927 2554 981 intuemur.
2605 921 2740 979 Nam
2768 933 2916 980 stans
2961 924 3015 978 in
3062 923 3239 979 medio
3279 921 3466 993 populi

1335 1035 1346 1039 -
1529 1032 1570 1039 --
1724 1029 1777 1039 ε..
1879 1025 1891 1039 ι
1968 1032 1979 1039 .
2089 1021 2273 1039 ,ιμμμ-.
2305 1037 2313 1039 ξ
2357 1016 2460 1039 13--
2499 1033 2601 1039 μη..
2643 1015 2772 1039 Π--.-
2814 1015 3060 1039 Αι..-ι.-...
3128 1014 3258 1039 n...-
3298 1011 3442 1039 1-....-

709 1011 781 1104 ad
802 1061 901 1100 nos
923 1039 1172 1110 exempla
1193 1035 1494 1092 mandasse.
1529 1029 1784 1088 Nonnulli
1878 1025 2050 1080 lector
2079 1021 2273 1078 clamat
2303 1037 2316 1072 ε
2349 1016 2464 1090 Ego
2492 1033 2608 1071 sunt
2634 1015 2772 1070 Deus
2802 1015 3088 1122 :ilrraham,
3119 1014 3258 1070 Deus
3289 1011 3466 1081 Isaac,
3509 1062 3516 1070 .

486 1103 846 1192 dictumcst,
890 1103 1209 1194 scripto-rem
1240 1121 1398 1189 hujus
1423 1119 1604 1192 operis
1634 1134 1801 1174 unum
1880 1127 1932 1174 et
1969 1115 2103 1170 Deus
2141 1111 2304 1167 Jacob
2335 1109 2532 1182 (Exod.
2566 1124 2644 1173 ιιι,
2676 1107 2752 1176 6).
2805 1103 2873 1162 Et
2902 1105 3045 1176 quod
3074 1105 3188 1176 ipse
3216 1105 3356 1160 Deus
3381 1103 3472 1168 sit,

205 1197 504 1300 quemlibet
534 1239 600 1280 cx
631 1219 907 1292 prophetis
937 1217 1269 1272 arbitrantur
1295 1232 1307 1267 :
1335 1220 1640 1270 asserentes
1659 1210 1803 1280 quod
1881 1227 2011 1270 vere
2037 1208 2282 1282 profecto
2311 1221 2421 1262 non
2449 1204 2607 1269 dicit;
2633 1217 2733 1258 nec
2762 1208 2942 1256 tamen
2971 1215 3068 1270 per
3089 1199 3190 1254 hoc
3217 1198 3359 1268 quod
3387 1197 3472 1254 di-

210 1290 391 1379 nullus
420 1329 528 1373 tam
560 1290 788 1386 mystica
811 1311 906 1366 Dei
933 1310 1099 1368 verba
1120 1319 1452 1378 cognoscere
1481 1304 1675 1374 potuit.
1702 1302 1804 1356 niSi
1883 1309 1976 1374 cit,
2005 1303 2250 1362 veritatis
2277 1300 2520 1371 regulam
2562 1297 2801 1362 deserit;
2835 1294 2961 1364 quia
2989 1292 3077 1350 cui
3118 1290 3474 1346 ministerium

209 1416 366 1486 cuius
393 1381 634 1469 mentem-
669 1405 968 1480 prophetiae
996 1403 1219 1474 εΡίτίῑυδ
1250 1398 1318 1453 ad
1358 1411 1591 1469 superna
1624 1395 1805 1450 suble-
1885 1399 2118 1456 lectione
2147 1394 2388 1459 exhibet,
2415 1391 2532 1461 ejus
2557 1389 2854 1448 dominium
2875 1401 3010 1443 voce
3036 1383 3344 1456 praetendit.
3373 1381 3476 1436 lta-

209 1471 380 1566 va'vit.
670 1471 689 1480 I
775 1471 794 1479 -
1025 1471 1042 1474 ν
1888 1507 1993 1563 que
2019 1489 2310 1558 scriptores
2331 1484 2474 1542 sacri
2499 1480 2720 1550 eloquii,
2751 1480 2877 1550 quia
2906 1477 3096 1549 repleti
3135 1482 3328 1532 saneto
3355 1471 3478 1543 Spi-

282 1602 338 1657 2.
368 1600 559 1654 Auctor
588 1596 816 1668 Spiritus
847 1586 1281 1649 sanctum—Sed
1302 1585 1423 1656 quis
1439 1584 1554 1640 haec
1575 1582 1807 1651 scripse-
1887 1584 1997 1639 ritu
2017 1595 2177 1650 super
2195 1593 2253 1634 se
2273 1577 2578 1643 trahuntur,
2605 1573 2762 1645 quasi
2784 1578 2938 1628 extra
2965 1570 3290 1640 semetipsos
3313 1568 3480 1632 fiunt;

208 1696 314 1758 rit,
357 1693 511 1748 valde
547 1657 876 1762 supervacue
919 1683 1198 1754 qnmritur,
1246 1693 1368 1733 eum
1399 1685 1576 1730 tamen
1618 1682 1809 1726 auctor
1891 1681 1947 1728 et
1971 1671 2048 1727 sic
2067 1671 2134 1725 de
2156 1685 2214 1724 se
2240 1669 2557 1730 sententias,
2582 1664 2738 1737 quasi
2759 1664 2826 1719 de
2847 1663 2966 1719 aliis
2995 1660 3298 1734 proferunt.
3331 1657 3485 1714 Unde

211 1751 336 1834 libri
379 1751 630 1846 Spiritus.
653 1781 871 1828 sanctus
912 1751 1140 1827 ﬁdeliter
1167 1769 1432 1824 credatur.
1469 1766 1585 1834 Ipse
1632 1762 1790 1831 igitur
1894 1770 1949 1817 et
1971 1762 2158 1815 beatus
2177 1756 2278 1813 Job
2299 1767 2494 1812 sancto
2515 1755 2722 1825 Spiritu
2749 1753 2982 1818 afﬂatus,
3003 1751 3283 1822 potuitsua
3309 1755 3485 1818 gesta,

211 1870 329 1925 haec
351 1837 583 1938 scripsit,
607 1867 698 1936 qui
727 1864 999 1920 scribenda
1028 1863 1268 1918 dictavit.
1299 1859 1412 1929 ipse
1440 1854 1674 1926 scripsit,
1701 1851 1793 1921 qui
1821 1851 1870 1911 B
1896 1865 2015 1921 quzc
2044 1856 2199 1904 erant
2229 1846 2478 1902 videlicet
2503 1859 2749 1916 superna:
2776 1842 3117 1915 aspirationis
3145 1840 3309 1907 dona,
3333 1837 3486 1911 quasi

213 1967 270 2015 et
298 1960 352 2014 in
383 1958 522 2014 illius
548 1972 712 2027 opere
743 1955 1029 2024 inspirator
1057 1952 1281 2016 exstitit,
1313 1959 1368 2004 ct
1397 1963 1491 2016 per
1511 1943 1796 2000 scribentis

105 2125 114 2134 Ι
213 2067 403 2108 vocem
431 2049 686 2105 imitanda
714 2047 781 2101 ad
810 2061 908 2101 nos
937 2045 1052 2114 ejus
1080 2043 1224 2099 facta
1253 2038 1560 2096 transmisit.
1595 2037 1649 2091 Si
1679 2049 1793 2088 ina-

213 2143 302 2214 gni
325 2140 603 2207 cujusdam
621 2139 721 2193 viri
739 2136 1006 2208 susceptis
1027 2134 1269 2204 epistolis
1292 2132 1590 2200 legeremus
1613 2127 1796 2193 verba,

213 2232 309 2288 sed
339 2247 447 2302 quo
475 2231 683 2286 calamo
714 2228 936 2284 fuissent
959 2227 1157 2296 scripta
1185 2237 1565 2294 qumreremus,
1596 2218 1797 2274 ridicu-

217 2326 325 2380 lum
360 2321 600 2394 profecto
646 2332 787 2376 esset
816 2319 1163 2390 epistolarutn
1202 2325 1478 2371 auctorem
1505 2314 1644 2370 scire
1673 2327 1768 2367 sen

218 2429 444 2483 sumque
477 2426 826 2481 cognoscere,
859 2411 952 2465 sed
981 2409 1126 2480 quali
1161 2409 1369 2464 calamo
1413 2421 1597 2462 earum
1636 2401 1803 2457 verba

219 2505 478 2574 impressa
529 2501 725 2556 fuerint
754 2501 1023 2568 indagare.
1056 2499 1188 2555 Cum
1219 2512 1347 2566 ergo
1376 2511 1490 2551 rem
1518 2491 1802 2563 cognosci-

223 2613 360 2658 mus,
395 2594 614 2664 ejusque
644 2593 721 2647 rei
751 2591 1006 2662 Spiritum
1048 2601 1291 2644 sancttnn
1333 2597 1610 2644 auctorem
1652 2593 1804 2639 tene-

225 2707 363 2757 mus,
392 2688 513 2758 quia
543 2687 861 2756 scriptorem
905 2685 1215 2754 quzerimus,
1241 2683 1366 2752 quid
1411 2680 1552 2734 aliud
1576 2679 1806 2748 agimus;

225 2782 326 2837 nisi
356 2780 593 2850 legentes
625 2777 850 2842 litteras,
884 2778 951 2832 de
990 2776 1200 2831 calamo
1225 2785 1248 2811 α
1279 2772 1700 2844 percontamur?

295 2872 440 2948 [Vct.
477 2869 586 2942 ΙΙ
611 2869 664 2924 ὅ.
710 2870 823 2934 Quo
852 2871 1136 2940 inspirante
1163 2869 1260 2923 Job
1290 2885 1385 2922 sua
1414 2865 1698 2921 certamina
1722 2864 1808 2918 de—

228 2969 453 3040 scripsit.
487 2997 551 3006 -—
582 2966 844 3020 Arbitrari
893 2974 1068 3019 tamen
1099 2964 1279 3020 verius
1320 2977 1623 3033 possumus,
1668 2958 1812 3028 quod

231 3063 370 3116 idem
425 3060 614 3114 beatus
661 3056 793 3124 Job,
835 3043 928 3128 qui
975 3057 1271 3111 certamina
1317 3053 1574 3124 spiritalis
1621 3045 1811 3122 pugnae

231 3151 497 3216 sustinuit,
531 3150 689 3204 etiam
711 3157 1096 3205 consummata:
1124 3164 1232 3204 suae
1260 3147 1497 3202 victoriae
1517 3160 1666 3213 ges'a
1692 3162 1704 3195 ι
1727 3159 1816 3198 ar-

1900 1958 2006 1997 non
2034 1955 2130 1996 sua
2159 1939 2398 1994 scribere
2423 1955 2436 1990 :
2469 1937 2597 2006 quia
2627 1951 2693 1991 eo
2717 1933 2940 1990 alterius
2969 1940 3124 1988 erant
3149 1945 3270 2001 qua:
3299 1929 3487 1998 loque-

1898 2035 2075 2097 batur,
2103 2045 2214 2098 quo
2240 2030 2403 2083 homo
2433 2027 2754 2097 loquebatur
2782 2041 2900 2094 quae
2930 2025 3026 2080 Dei
3049 2030 3209 2089 sunt;
3235 2029 3293 2076 et
3313 2036 3382 2076 eo
3411 2019 3488 2076 al-

1900 2133 1983 2178 ter
2003 2137 2123 2191 quaa
2151 2126 2307 2176 erant
2343 2118 2485 2174 illius
2514 2115 2856 2187 loquebatur,
2876 2131 2984 2188 quo
3015 2114 3254 2186 Spiritus
3273 2119 3496 2170 sanctus.

1899 2213 2223 2285 loquebatur
2250 2225 2371 2281 qua:
2398 2208 2631 2266 hominis
2668 2218 2814 2264 sunt.

2355 2321 2584 2379 CAPUT
2621 2321 2665 2378 ιι
2705 2323 2852 2397 [γει.
2895 2319 3038 2393 1H].

1971 2419 2028 2488 9
2055 2415 2108 2470 4.
2141 2416 2414 2482 Praecepta
2442 2413 2638 2468 nomini
2667 2413 2812 2466 data.
2855 2442 2927 2456 -—
2964 2409 3072 2468 Sed
3097 2409 3216 2479 jam
3238 2408 3496 2466 debeant.

1902 2509 2006 2564 ista
2037 2516 2364 2578 postponere
2394 2544 2410 2570 ,
2452 2513 2507 2560 et
2544 2503 2612 2559 ad
2641 2501 3032 2560 consideranda
3061 2516 3229 2557 saera:
3256 2501 3495 2556 historiae

1905 2608 2056 2670 gesta
2087 2611 2401 2669 properare.
2430 2593 2617 2651 Omnis
2645 2595 2810 2651 homo
2828 2609 2896 2650 eo
2923 2595 3044 2665 ipso
3068 2609 3180 2664 quo
3201 2593 3368 2648 homo
3393 2601 3499 2659 est,

1905 2707 2060 2749 suum
2111 2688 2414 2758 intelligere
2457 2686 2620 2742 debet
2665 2695 2974 2751 auctorem;
3030 2685 3186 2754 cujus
3235 2683 3500 2739 voluntati

1914 2788 2066 2837 tanto
2091 2777 2264 2848 magis
2292 2775 2525 2844 serviat,
2555 2785 2760 2845 quanto
2789 2790 2849 2830 se
2876 2776 3002 2844 quia
3031 2775 3099 2832 de
3135 2789 3194 2832 se
3222 2775 3338 2846 ipso
3366 2775 3500 2830 nihil

1908 2872 1979 2927 sit
2003 2877 2223 2941 pensat;
2251 2883 2382 2924 ecce
2409 2876 2589 2922 autem
2613 2867 2813 2924 conditi
2842 2866 3009 2923 Deum
3036 2867 3382 2924 considerare
3409 2883 3502 2922 ne-

1912 2965 2197 3034 gleximus.
2229 2959 2475 3016 Adhibita
2506 2967 2634 3015 sunt
2651 2967 2921 3030 prmeepta
2940 2999 2955 3025 ,
2980 2957 3262 3029 praeceptis
3288 2972 3506 3030 quoque

1913 3058 2291 3126 obtemperare
2322 3053 2612 3108 noluimus.
2657 3052 3035 3122 Adjunguntur
3062 3050 3336 3120 exempla,
3387 3050 3508 3120 ipsa

1913 3163 2131 3219 quoque
2189 3146 2388 3201 imitari
2423 3144 2670 3216 exempla
2710 3144 3044 3200 declinamus
3069 3185 3084 3209 ,
3128 3157 3248 3213 qua:
3276 3143 3508 3198 edidisse

233 3242 386 3296 ravit.
413 3241 516 3296 Nec
535 3255 752 3295 movere
777 3239 938 3294 debet
963 3239 1107 3309 quod
1137 3239 1190 3293 in
1221 3238 1410 3294 eodem
1435 3238 1570 3292 libro
1597 3236 1812 3300 dicitur,
1846 3228 1890 3289 C
1920 3241 1949 3283 b
1970 3242 2126 3298 nobis
2143 3241 2350 3310 positos
2364 3239 2465 3294 sub
2480 3238 2600 3308 lege
2626 3237 3007 3308 conspicimus.
3037 3236 3174 3304 Quia
3202 3236 3347 3291 enim
3370 3235 3511 3291 Deus

234 3332 388 3395 Dixit
423 3330 556 3396 Job;
602 3331 718 3395 vel,
771 3331 880 3385 licet:
921 3338 1072 3402 atque
1118 3329 1209 3383 illa
1240 3329 1450 3399 pertulit
1492 3325 1610 3380 Job.
1654 3326 1816 3382 Moris

229 3428 285 3495 8
307 3425 446 3479 enim
480 3423 770 3492 Scriptura:
800 3437 965 3477 sacra:
993 3431 1075 3476 est
1113 3429 1170 3474 ut
1200 3421 1302 3491 ipsi
1325 3420 1416 3490 qui
1443 3419 1704 3485 scribunt,
1737 3419 1817 3474 sic

232 3519 298 3574 dc
327 3535 382 3574 se
412 3518 465 3571 in
497 3518 584 3573 illa
629 3516 784 3586 quasi
813 3516 877 3570 de
907 3515 1024 3570 aliis
1065 3515 1373 3585 loquantur.
1403 3512 1539 3569 lline
1566 3520 1650 3569 est
1675 3513 1817 3567 enim

235 3611 377 3681 quod
407 3609 617 3680 Moyses
644 3609 756 3663 ait:
789 3607 919 3662 Erat
971 3605 1180 3679 Moyses
1222 3608 1297 3661 vir
1338 3605 1638 3660 mitissimus
1666 3621 1820 3675 super

237 3721 412 3760 omnes
433 3704 682 3768 homines,
704 3703 788 3774 qui
813 3701 1150 3756 morabantur
1172 3701 1223 3751 in
1248 3709 1383 3752 terra
1415 3696 1599 3768 (Nam.
1624 3713 1714 3761 sit,
1742 3697 1819 3764 ὖ).

237 3797 374 3853 llinc
418 3795 654 3850 Joannes
681 3793 848 3847 dicit:
881 3791 1178 3860 Discipulus
1216 3789 1304 3842 ille
1327 3830 1341 3854 ,
1386 3805 1534 3858 quem
1577 3785 1823 3858 diligebat

237 3888 392 3943 Iesus
422 3885 603 3955 (Joan.
636 3899 748 3944 XIX,
780 3882 894 3950 ιϐ).
937 3881 1071 3934 lline
1101 3879 1271 3932 Lucas
1299 3879 1373 3930 ait
1400 3897 1411 3929 :
1448 3877 1596 3941 Quod
1642 3876 1832 3929 ambu-_

239 3982 406 4036 larunt
435 3976 536 4031 duo
557 3993 621 4030 ex
650 3973 914 4043 discipulis
942 3974 996 4025 in
1019 3973 1128 4036 via,
1155 3969 1405 4040 Cleophas
1434 3979 1481 4023 et
1505 3970 1638 4022 alius
1662 3967 1822 4031 (Luc.

244 4088 390 4134 xxiv,
424 4069 550 4140 15);
578 4082 738 4136 quem
770 4066 1015 4136 proiecto
1045 4064 1229 4128 alium,
1259 4063 1382 4118 dum
1431 4071 1542 4116 tam
1589 4061 1830 4116 studiose

245 4163 433 4229 tacuit,
466 4169 525 4215 ut
553 4158 772 4231 quidam
803 4157 1006 4222 dicunt,
1037 4157 1276 4225 seipsum
1297 4156 1462 4210 fuisse
1490 4156 1828 4210 monstravit.

246 4257 552 4320 Scriptores
582 4253 742 4320 igitur
770 4249 911 4304 sacri
955 4249 1175 4318 eloquii,
1207 4247 1332 4316 quia
1377 4247 1609 4316 impulsu
1658 4245 1833 4300 sancti

247 4347 481 4416 Spiritus
508 4347 800 4412 agitantur,
829 4341 908 4396 sic
933 4340 1002 4395 de
1029 4355 1086 4395 se
1113 4340 1168 4393 in
1197 4340 1288 4393 illo
1319 4337 1681 4393 testimonium
1716 4346 1833 4389 tau-

249 4452 411 4506 q-uam
440 4434 506 4489 de
532 4434 650 4487 aliis
701 4432 997 4500 proferunt.
1051 4434 1189 4499 Ergo
1219 4439 1433 4485 sanctus
1471 4428 1700 4497 Spiritus
1740 4442 1836 4496 per

252 4526 473 4597 Moysen
505 4526 712 4579 locutus
743 4531 825 4577 est
867 4522 934 4576 de
975 4507 1188 4591 Moyse;
1229 4529 1449 4576 sanctus
1479 4518 1710 4588 Spiritus
1741 4533 1836 4586 per

1919 3342 2107 3405 aperte
2129 3331 2452 3401 quihusdam
2480 3330 2582 3385 sub
2609 3330 2726 3401 lege
2751 3330 2946 3400 positis
2971 3329 3183 3386 locutus
3209 3338 3326 3395 est,
3357 3328 3516 3397 quasi

1923 3428 2129 3482 alienos
2159 3440 2258 3480 nos
2297 3423 2364 3480 ab
2397 3423 2602 3480 eisdem
2637 3424 2922 3494 praeceptis
2955 3409 3274 3494 aspicimus,
3315 3421 3514 3492 quibus

1922 3521 2042 3576 haec
2069 3517 2377 3588 specialiter
2403 3516 2616 3572 loeutus
2645 3531 2753 3572 non
2782 3525 2889 3572 est.
2933 3514 3087 3572 Unde
3127 3515 3192 3569 ad
3230 3514 3515 3570 confutan-

1925 3613 2046 3666 dam
2083 3606 2476 3680 impudentiam
2501 3615 2763 3674 nostram,
2795 3606 3009 3676 gentilis
3036 3607 3198 3662 homo
3227 3606 3299 3660 ad
3325 3620 3515 3660 exem-

1927 3707 2077 3771 pzum
2106 3699 2428 3764 deducitur;
2462 3706 2520 3752 ut
2549 3699 2673 3768 quia
2701 3697 2923 3754 obedire
2949 3697 3113 3752 homo
3141 3697 3245 3765 legi
3273 3698 3374 3752 sub
3401 3697 3520 3767 lege

1928 3794 2136 3864 positus
2166 3791 2393 3859 deSpicit
2411 3831 2429 3858 ,
2458 3789 2575 3858 ejus
2606 3790 2800 3845 saltem
2825 3789 3233 3859 comparatione
3265 3790 3520 3858 evigilet,

1929 3886 2020 3956 qui
2059 3884 2175 3939 sine
2215 3885 2334 3952 lege
2379 3884 2626 3951 legaliter
2658 3883 2810 3938 vixit.
2853 3881 3072 3939 Erranti
3115 3883 3280 3955 igitur
3309 3885 3518 3940 homini

1930 3976 2052 4028 data
2091 3981 2175 4028 est
2213 3973 2330 4038 lex;
2369 3974 2569 4027 erranti
2598 3988 2725 4028 vero
2757 3974 2922 4028 etiam
2958 3974 3059 4029 sub
3087 3974 3208 4044 lege
3241 3975 3522 4032 adducitur

1933 4066 2297 4121 testimonium
2341 4081 2530 4120 eorum
2567 4067 2656 4136 qui
2697 4074 2850 4120 extra
2879 4065 3054 4134 legem
3098 4077 3256 4135 sunt,
3304 4077 3364 4124 nt
3395 4071 3524 4138 quia

1933 4157 2257 4214 conditionis
2293 4163 2492 4212 nostra:
2520 4157 2766 4213 ordinem
2794 4171 3013 4214 servare
3038 4159 3337 4224 noluimus,
3380 4174 3522 4230 pra-

1934 4252 2106 4322 ceptis
2132 4250 2580 4318 admonerentur;
2609 4259 2666 4306 et
2684 4251 2810 4320 quia
2840 4251 3126 4323 praeceptis
3149 4252 3374 4308 obedire
3389 4266 3524 4310 eon-

1938 4345 2270 4416 tempsimus,
2301 4343 2564 4414 exemplis
2588 4342 3041 4399 confunderemur
3059 4359 3234 4412 ;.nec,
3246 4354 3308 4400 ut
3320 4343 3528 4400 dictum

1937 4448 2041 4506 est,
2073 4452 2258 4492 eorum
2283 4435 2544 4505 exemplis
2563 4477 2578 4503 ,
2609 4450 2746 4505 quos
2766 4433 2856 4491 lex
2873 4435 3207 4506 astringeret
3225 4477 3240 4503 ,
3268 4435 3364 4490 sed
3391 4450 3530 4504 quos

1940 4529 2028 4584 lex
2059 4543 2090 4581 a
2121 4535 2347 4598 peccato
2378 4526 2527 4581 nulla
2553 4526 2851 4582 cohiberet.

252 4615 513 4672 Joannem
544 4613 754 4674 locutus
781 4621 866 4667 est
900 4612 966 4667 de
994 4609 1220 4667 Joanne.
1251 4610 1448 4664 Paulus
1475 4625 1689 4681 quoque
1714 4610 1823 4678 qui:

2017 4617 2068 4672 5.
2115 4617 2383 4687 Praecpta
2409 4618 2754 4672 contemnenti
2775 4616 2958 4670 addita
2975 4614 3212 4685 exempla
3238 4612 3344 4668 Job
3367 4613 3528 4668 homi-

256 4721 364 4759 nen
387 4719 452 4758 ex
475 4718 533 4757 se
555 4703 670 4772 ipso
695 4702 1026 4771 loqueretur,
1047 4701 1279 4755 insinuat
1299 4700 1482 4755 dicens
1506 4718 1519 4753 :
1545 4703 1623 4753 An
1645 4702 1843 4768 experi-

255 4806 478 4850 mentum
528 4795 758 4867 quwritis
808 4795 919 4864 ejus
967 4793 1049 4862 qui
1108 4792 1160 4845 in
1210 4808 1287 4845 me
1338 4792 1562 4862 loquitur
1608 4792 1840 4846 Christus

258 4891 275 4959 (
303 4887 363 4940 11
396 4885 514 4940 Cor.
549 4901 664 4953 xm,
695 4885 728 4938 5
751 4885 806 4954 )?
834 4882 972 4938 Hine
998 4891 1078 4937 est
1107 4881 1251 4950 quod
1289 4884 1510 4948 angelus
1550 4883 1640 4950 qui
1671 4882 1844 4954 Moysi

258 4975 575 5047 apparuisse
603 4974 948 5039 describitur,
978 4971 1138 5026 modo
1178 4971 1418 5040 angelus,
1452 4971 1614 5025 modo
1664 4972 1846 5027 Domi-

257 5083 362 5122 nus
384 5075 746 5121 memoratur:
776 5063 998 5133 angelus
1018 5061 1288 5129 videlicet,
1316 5069 1534 5131 propter
1555 5063 1676 5128 hoc,
1701 5064 1846 5132 quod

261 5161 502 5216 exterius
524 5158 793 5229 loquendo
810 5156 1108 5220 serviebat;
1135 5154 1390 5209 Dominus
1418 5162 1596 5208 autem
1629 5155 1844 5223 dicitur,

261 5253 389 5324 quia
414 5252 636 5306 interius
665 5250 954 5321 praesidens
983 5246 1236 5317 loquendi
1267 5247 1557 5301 efﬁcaciam
1580 5248 1848 5303 ministra-

263 5349 379 5402 bat.
437 5344 568 5399 Cnm
620 5360 748 5412 ergo
789 5344 1015 5414 loquens
1047 5343 1113 5396 ab
1144 5342 1386 5397 interiori
1417 5342 1638 5410 regitur,
1672 5352 1725 5396 ct
1756 5360 1850 5412 per

265 5438 583 5506 obsequium
632 5437 886 5506 angelus,
927 5444 981 5490 et
1012 5450 1106 5505 per
1136 5434 1540 5504 inspirationetn
1597 5433 1854 5492 Dominus

268 5533 598 5588 nominatur.
628 5529 763 5584 Hinc
793 5528 959 5584 David
987 5529 1060 5582 ait
1086 5546 1097 5582 ι
1128 5527 1390 5581 Attendite
1414 5528 1596 5597 papule
1617 5545 1756 5584 meus
1781 5531 1853 5582 lc-

345 5676 367 5699 ει
409 5664 571 5734 (ΞΜ-Ι),
598 5705 609 5726 ,
641 5661 835 5716 Ithem.
859 5703 872 5728 ,
906 5661 1112 5730 Remig.
1144 5670 1198 5716 et
1239 5662 1498 5732 plerique,
1542 5675 1848 5734 percuncta-

270 5752 404 5788 ntur.
438 5734 492 5786 In
519 5733 777 5802 Vulgati~,
811 5741 1212 5802 perscrutamur.

346 5807 371 5843 ι’
414 5805 603 5865 Gilot.,
633 5801 848 5874 'Vatics,
877 5801 1164 5874 Gu_ssanv.,
1202 5804 1346 5857 nobis
1388 5806 1568 5873 positis
1599 5807 1688 5858 sub
1720 5808 1849 5874 lege.

275 5876 689 5932 Emendavintus
718 5889 785 5928 ex
807 5872 928 5926 Mss.
958 5872 1058 5927 hac
1080 5873 1286 5930 ratione
1314 5866 1460 5942 fulti;
1495 5876 1742 5931 nimirum
1768 5866 1851 5933 Ἰύ-

1944 4717 2021 4766 nis
2051 4711 2278 4782 gentilis.
2307 4739 2375 4749 —
2398 4707 2830 4778 Circumscripsit
2856 4705 3158 4762 nosidivina
3172 4703 3529 4774 providentia,

1945 4802 2298 4859 circumvenit
2319 4801 2726 4864 excusationem
2750 4805 3024 4862 nostram;
3055 4796 3291 4864 undique
3317 4797 3530 4851 conclu—

1946 4911 2036 4951 sus
2063 4901 2147 4948 est
2179 4892 2358 4947 aditus
2383 4887 2846 4959 tergiversationis
2882 4887 3148 4942 humanae.
3188 4885 3362 4942 Homo
3398 4901 3532 4955 gcn-

1947 4986 2077 5049 tilis,
2108 4984 2274 5038 homo
2293 4982 2410 5036 sine
2428 4981 2570 5050 lege,
2597 4979 2664 5038 ad
2684 4979 2918 5033 medium
2937 4977 3243 5047 adducitur,
3265 4987 3324 5034 ut
3344 4995 3536 5034 eumn

1951 5075 2044 5146 qui
2074 5075 2174 5130 sub
2203 5073 2320 5140 lege
2359 5080 2485 5128 sunt
2515 5071 2750 5142 pravitas
2789 5069 3168 5126 confundatur.
3209 5069 3364 5138 Quod
3400 5073 3538 5126 bene

1955 5182 2051 5237 per
2077 5165 2398 5236 prophetam
2425 5179 2490 5219 ac
2511 5163 2747 5218 breviter
2770 5162 2999 5219 dicendo
3023 5163 3324 5219 ostenditur
3355 5181 3368 5217 :
3402 5162 3536 5218 Eru-

1957 5257 2132 5326 besce,
2182 5256 2382 5318 Sidon,
2429 5257 2505 5308 ait
2539 5271 2682 5308 more
2713 5253 2882 5325 (Issi.
2917 5270 3079 5323 um,
3106 5255 3198 5325 4).
3243 5255 3300 5310 ln
3339 5254 3538 5309 Sidone

1957 5350 2160 5418 quippe
2184 5346 2444 5415 figuratur
2459 5346 2727 5402 stabilitas
2747 5347 2800 5402 in
2821 5350 2942 5416 lege
2959 5348 3260 5417 positorum
3279 5364 3293 5375 ·
3323 5348 3377 5401 in
3402 5346 3540 5400 mari

1959 5450 2168 5504 autem,
2216 5439 2324 5493 vita
2359 5439 2657 5506 gentilium.
2702 5437 2975 5496 Erubesce
3017 5453 3178 5507 ergo,
3222 5437 3421 5505 Sidon,
3463 5440 3538 5493 ait

1962 5547 2142 5599 mare,
2183 5531 2307 5600 quia
2337 5545 2402 5584 ex
2445 5531 2552 5586 vita
2587 5531 2866 5601 gentilium
2907 5529 3249 5598 redarguitur
3285 5529 3392 5582 vita
3439 5527 3540 5583 sub

1961 5667 2051 5735 qui
2082 5672 2328 5720 sanctum
2357 5664 2670 5734 Gregorium
2697 5664 2762 5718 de
2790 5661 3109 5718 Christianis
3132 5662 3222 5730 qui
3245 5662 3342 5716 sub
3364 5659 3542 5735 Evan-

1963 5733 2103 5804 gelio
2135 5738 2323 5806 positi,
2365 5737 2638 5790 declinant
2675 5735 2920 5806 exempla
2955 5742 3263 5806 sanctorum
3302 5733 3400 5806 sub
3428 5733 3548 5806 lege

1963 5802 2280 5932 iusim-rum.
2327 5807 2554 5888 Antiqua
2589 5817 2765 5886 tamen
2788 5802 2870 5885 est
2900 5803 3058 5858 lectio
3081 5802 3224 5884 lucc,
3265 5804 3468 5884 quippe
3490 5805 3544 5860 in

1991 5879 2061 5932 ιε.
2094 5878 2232 5932 υιιυ.
2263 5895 2357 5932 seu
2385 5879 2443 5932 S.
2476 5877 2729 5932 Lbl'uJDhl
2757 5877 2952 5932 legitur
2979 5884 3161 5932 positis
3185 5882 3238 5932 et
3259 5883 3476 5932 meum.

1991 5879 2061 5935 is.
2094 5878 2232 5934 Utic.
2263 5895 2357 5935 seu
2385 5879 2443 5936 S.
2472 5873 2729 5947 Ebrulpbi
2757 5875 2952 5945 legitur
2978 5875 3161 5943 positis
3185 5882 3238 5932 et
3259 5873 3476 5944 positos.
