4130 6504
610 408 714 467 519

1823 395 2066 452 8ΑΜ3ΤΙ
2099 392 2423 454 GREGORII
2460 386 2676 452 MAG-Nl

3770 399 3873 459 Ξ)Ξο

608 525 725 593 lege
746 528 1061 592 positorum,
1092 519 1255 588 atque
1280 531 1349 573 ex
1369 516 1581 573 actione
1603 513 1937 571 saecularium
1958 514 2187 569 coniun-
2212 513 2267 574 Α
2290 512 2386 564 suit
2417 509 2558 583 (Job.
2590 526 2741 577 xxxx,
2771 508 2883 580 5‘2).
2916 507 3221 580 Disciplina:
3242 509 3482 578 vigorem
3511 512 3704 580 tenuit,
3735 514 3874 571 sicut

607 615 750 671 ditur
776 613 918 668 actio
946 611 1318 682 religiosorum
1343 630 1354 663 :
1380 610 1508 665 dum
1536 610 1612 664 illi
1634 610 1795 664 etiam
1825 609 2187 678 promittendo

606 720 716 762 non
743 712 963 761 servant
986 718 1108 773 quae
1128 703 1182 757 in
1210 703 1492 773 prmceptis
1514 700 1765 767 audiunt;
1790 706 1844 754 et
1859 699 1947 753 isti
1962 697 2188 753 vivendo

607 810 673 852 ea
698 795 1029 864 custodiunt,
1060 795 1113 849 in
1136 793 1331 864 quibus
1354 807 1696 862 nequaquam
1715 790 1982 845 mandatis
2004 788 2189 858 legali-

604 891 706 945 bus
750 888 1115 958 astringuntur
1166 887 1309 961 (Yet.
1344 885 1474 957 IV].
1530 884 1646 953 Qua
1693 900 1821 940 vero
1868 882 2190 939 auctoritate

604 980 740 1037 liber
759 980 860 1035 iste
884 979 955 1034 sit
988 978 1244 1049 praeditus
1263 1021 1277 1047 ,
1310 978 1424 1049 ipsa
1453 992 1728 1033 sacrarum
1756 975 2072 1046 paginarum
2100 987 2189 1029 so-

603 1072 780 1129 liditas
821 1079 1125 1137 attestatur,
1165 1070 1310 1130 .dum
1356 1085 1453 1139 per
1495 1067 1829 1123 Ezechielem
1870 1066 2188 1138 prophetam

603 1161 799 1217 dicitur
825 1162 843 1229 (
871 1159 1064 1215 Ezech.
1094 1175 1204 1225 xrv,
1239 1158 1327 1229 14)
1349 1200 1363 1225 ,
1405 1156 1551 1228 quod
1580 1166 1690 1213 tres
1721 1155 2059 1213 solummodo
2088 1155 2187 1209 viri

604 1252 922 1319 liberentur,
948 1251 1062 1307 Noe
1081 1252 1304 1317 scilicet,
1337 1250 1523 1305 Daniel
1546 1258 1601 1304 et
1626 1248 1747 1306 Job.
1780 1248 1891 1304 Nec
1918 1247 2187 1302 immerito

603 1343 743 1399 inter
770 1342 1120 1398 Hebraeorum
1153 1343 1320 1408 vitas,
1366 1342 1420 1398 in
1462 1342 1799 1397 auctoritatis
1826 1339 2185 1395 reverentiam

603 1436 707 1489 vita
734 1434 864 1503 justi
891 1435 1107 1503 gentilis
1135 1434 1434 1499 adducitur,
1471 1433 1598 1503 quia
1624 1431 1955 1501 Redemptor
1980 1439 2183 1497 noster,

603 1524 740 1580 sicut
759 1525 826 1580 ad
849 1524 1279 1595 redemptionem
1303 1523 1611 1579 Judzeorum
1638 1530 1693 1577 et
1711 1522 1989 1591 gentilium
2014 1521 2184 1586 venit,

603 1615 677 1671 ita
724 1632 782 1672 se
825 1615 1131 1671 Judzeorum
1179 1624 1234 1670 et
1277 1614 1556 1684 gentilium
1602 1611 1915 1683 prophetari
1963 1610 2187 1666 vocibus

603 1707 803 1773 voluit;
835 1715 895 1761 ut
922 1722 1020 1777 per
1046 1715 1330 1774 utrumque
1354 1706 1610 1776 populum
1639 1703 1935 1769 diceretur,
1966 1702 2057 1771 qui
2087 1715 2185 1770 pro

603 1804 830 1864 utroque
855 1795 1053 1865 papula
1077 1794 1403 1864 quandoque
1431 1804 1727 1865 pateretur.
1794 1846 1797 1847 ν

2288 602 2405 673 ipse
2431 601 2635 658 indicat
2662 603 2845 658 dicens
2879 620 2890 654 :
2924 602 3195 673 Principes
3218 606 3486 657 cessabant
3516 606 3677 677 loqui,
3708 618 3759 661 et
3784 611 3870 663 di-

2289 695 2451 764 gitum
2478 692 2892 766 superponebant
2918 695 2998 747 ori
3021 710 3112 747 suo
3140 691 3291 764 (Job.
3322 710 3472 760 xxxx,
3502 692 3588 767 9).
3620 695 3873 756 Mansue-

2290 784 2529 840 tudinem
2585 785 2641 840 in
2694 785 2879 854 vigore
2919 783 3241 849 custodivit,
3290 784 3429 839 sicut
3476 786 3593 855 ipse
3640 789 3873 861 fatetur,

2288 874 2507 932 dicens:
2531 874 2754 948 Cumque
2772 876 3001 931 sederem
3028 876 3176 947 quasi
3202 893 3315 942 rex,
3340 878 3706 935 circumstante
3727 899 3876 939 exer-

2289 968 2392 1020 citu
2412 1006 2427 1033 ,
2471 983 2612 1021 eram
2640 976 2810 1025 tamen
2851 967 3172 1021 merentium
3207 968 3505 1024 consolator
3534 968 3725 1042 (Ibid.,
3756 973 3872 1045 25).

2288 1055 2769 1128 Eleemosynarum
2796 1058 3101 1126 largitatem
3129 1060 3407 1128 amplexus
3434 1070 3518 1116 est
3536 1105 3550 1127 ,
3593 1064 3733 1119 sicut
3760 1054 3876 1136 ipse

2288 1148 2523 1205 insinuat
2550 1150 2734 1205 dicens
2763 1168 2777 1205 :
2814 1150 2875 1205 Si
2903 1152 3101 1205 comedi
3129 1150 3410 1207 buccellam
3436 1171 3605 1209 meam
3634 1158 3797 1226 solus,
3827 1170 3875 1214 et

2288 1258 2393 1297 non
2417 1242 2636 1296 comedit
2662 1230 2886 1312 pupillus
2906 1259 2973 1297 ea:
2993 1260 3055 1296 ea
3073 1241 3215 1313 (Job.
3239 1258 3389 1311 λιιι,
3420 1244 3531 1317 l7).
3557 1247 3693 1303 Cum
3716 1249 3876 1319 igitur

2288 1336 2469 1392 omnia
2488 1336 2746 1390 virtutum
2775 1335 3028 1390 mandata
3054 1335 3361 1406 perliceret,
3392 1354 3558 1394 unum
3588 1341 3639 1394 ei
3665 1341 3873 1411 deerat,

2288 1435 2347 1482 ut
2374 1428 2537 1483 etiam
2564 1426 2861 1497 lagellatus
2889 1442 3051 1498 agere
3080 1429 3281 1497 gratias
3318 1431 3499 1485 sciret.
3532 1430 3731 1488 Notum
3761 1443 3877 1488 erat

2287 1519 2413 1591 quia
2450 1520 2653 1574 servire
2691 1520 2804 1575 Deo
2844 1520 2987 1574 inter
3017 1519 3161 1575 dona
3204 1529 3429 1576 noverat
3466 1540 3480 1575 :
3531 1523 3627 1579 sed
3652 1524 3875 1594 dignum

2287 1611 2461 1666 fuerat
2490 1618 2549 1665 ut
2576 1610 2837 1667 districtio
2886 1612 3188 1668 severitatis
3224 1613 3525 1683 inquireret
3573 1624 3755 1672 utrum
3784 1618 3876 1674 de-

2287 1711 2445 1757 votus
2469 1702 2580 1757 Deo
2609 1711 2663 1758 et
2692 1703 2833 1757 inter
2859 1701 3068 1774 ﬂagella
3093 1714 3455 1775 permaneret.
3487 1705 3655 1763 Pcena
3674 1710 3877 1781 quippe

2286 1794 2605 1865 interrogat,
2658 1795 2705 1850 si
2753 1795 2969 1865 quietus
3010 1795 3130 1865 quis
3179 1797 3445 1851 veraciter
3491 1808 3654 1852 amat.
3706 1799 3877 1865 Quem

670 1890 723 1943 6.
756 1889 885 1959 Ejus
910 1890 1089 1953 virtus,
1122 1904 1218 1959 quo
1238 1890 1407 1956 magis
1430 1889 1708 1959 fragraret,
1741 1886 1961 1957 ﬂagellis
1983 1874 2181 1938 attrita.
2216 1883 2264 1941 B
2289 1884 2461 1941 hostis
2504 1885 2720 1955 quidem
2749 1894 2808 1940 ut
2846 1886 3101 1941 deficeret
3128 1887 3315 1956 petiit,
3364 1888 3459 1943 sed
3501 1899 3557 1943 ut
3592 1891 3878 1958 proliceret

602 2011 670 2024 -—
694 1979 788 2035 Vir
818 1981 1000 2049 itaque
1029 1980 1132 2035 iste
1162 1977 1387 2033 summis
1416 1977 1621 2032 viribus
1660 1976 1855 2042 fultus,
1896 1975 1998 2029 sibi
2028 1985 2186 2031 notus

598 2084 717 2131 erat
742 2082 797 2129 et
821 2073 933 2129 Deo
966 2092 979 2126 :
1012 2074 1102 2143 qui
1131 2074 1176 2127 si
1207 2087 1315 2128 non
1346 2071 1734 2140 ﬂagellaretur,
1766 2085 1797 2123 a
1827 2070 1984 2124 nobis
2010 2069 2183 2124 nulla-

492 2162 499 2171 ’
598 2170 753 2219 tenus
780 2172 1181 2233 agnosceretur.
1217 2160 1396 2217 Virtus
1419 2161 1617 2231 quippe
1644 2160 1806 2215 etiam
1832 2175 1929 2231 per
1947 2160 2185 2228 quietem

598 2271 658 2311 se
685 2257 947 2318 exercuit,
976 2255 1080 2328 sed.
1102 2254 1318 2309 virtutis
1346 2253 1531 2322 opinio
1562 2260 1833 2307 commota
1860 2267 1956 2321 per
1978 2250 2185 2320 ﬂagella

599 2347 875 2416 fragravit.
912 2346 980 2400 Et
1007 2346 1099 2417 qui
1125 2346 1341 2415 quietus
1371 2345 1427 2398 in
1457 2360 1516 2400 se
1545 2345 1664 2413 ipso
1694 2344 1838 2413 quod
1867 2352 1986 2398 erat
2015 2344 2187 2399 conti-

599 2439 733 2505 nuit,
782 2447 1085 2495 commotus
1131 2437 1199 2493 ad
1242 2436 1491 2493 notitiam
1533 2436 1771 2491 omnium
1817 2436 2037 2491 odorem
2078 2452 2188 2491 sum

599 2531 930 2587 fortitudinis
958 2530 1206 2601 aspersit.
1247 2529 1399 2584 Sicut
1427 2528 1571 2584 enim
1601 2536 1870 2596 unguenta
1911 2527 2070 2581 latius
2096 2542 2185 2582 re-

596 2622 781 2678 dolere
808 2622 1055 2678 nesciunt
1084 2622 1186 2677 nisi
1215 2628 1487 2676 commota
1512 2657 1527 2684 ,
1560 2626 1615 2673 et
1642 2618 1781 2674 sicut
1810 2626 2052 2672 aromata
2080 2616 2186 2671 fra-

595 2713 861 2783 grantiam
906 2728 1059 2768 suam
1108 2728 1216 2768 non
1255 2712 1357 2767 nisi
1403 2726 1525 2766 cum
1581 2709 1941 2765 incenduntur
1984 2724 2187 2779 expan-

594 2803 772 2870 dunt;
812 2804 887 2858 ita
916 2804 1090 2860 sancti
1113 2804 1215 2858 viri
1246 2817 1407 2858 omne
1436 2801 1582 2872 quod
1622 2802 1908 2856 virtutibus
1942 2802 2188 2856 redolent

595 2896 649 2951 in
670 2896 1106 2953 tribulationibus
1129 2896 1493 2951 innotescunt.
1517 2892 1670 2949 Unde
1691 2902 1746 2948 et
1766 2902 1916 2948 recte
1937 2893 1990 2948 in
2015 2892 2189 2948 Evan-

594 2988 736 3059 gelio
775 2989 971 3044 dicitur
1003 3006 1015 3041 :
1052 2987 1114 3043 Si
1165 2986 1448 3041 habueritis
1490 2986 1643 3055 fidem
1685 3002 1929 3056 tanquam
1968 3001 2187 3056 granum

597 3082 814 3151 sinapis,
859 3080 1037 3134 dicetis
1069 3079 1188 3132 huic
1217 3080 1380 3133 monti
1408 3095 1427 3133 :
1460 3078 1648 3133 Transi
1690 3078 1827 3142 hinc,
1870 3086 1918 3131 et
1949 3078 2189 3132 transibit

596 3173 825 3245 (Matth.
852 3189 988 3240 xvn,
1023 3172 1090 3227 l9
1112 3171 1152 3243 ).
1186 3172 1427 3228 Granum
1467 3172 1667 3243 quippe
1710 3172 1811 3242 ιο
1846 3171 2048 3242 sinapis
2084 3170 2190 3225 nisi

2289 1977 2515 2047 accepit.
2556 1975 2698 2031 Fieri
2741 1975 2998 2031 Dominus
3040 1978 3270 2046 benigne
3314 1979 3555 2047 permisit
3594 1981 3740 2048 quod
3766 1982 3879 2035 dia-

2286 2068 2445 2123 bolus
2471 2067 2653 2136 inique
2675 2067 2985 2139 postulavit.
3014 2066 3148 2122 Nam
3169 2083 3289 2123 cum
3312 2068 3511 2126 idcirco
3534 2069 3687 2125 illum
3716 2087 3878 2143 expe-

2289 2162 2443 2216 tisset
2479 2160 2648 2216 hostis
2687 2169 2746 2216 ut
2790 2170 3166 2247 consumeret,
3206 2162 3466 2218 tentando
3512 2164 3623 2233 egit
3663 2174 3723 2218 ut
3763 2167 3879 2234 ejus

2288 2252 2481 2306 merita
2511 2260 2750 2321 augeret.
2794 2251 3066 2322 Scriptura
3106 2253 3306 2323 quippe
3336 2261 3418 2309 est
3464 2272 3477 2307 :
3528 2252 3597 2310 In
3639 2256 3878 2311 omnibus

2290 2344 2370 2397 his
2397 2360 2497 2398 non
2534 2345 2766 2413 peccavit
2798 2342 2897 2398 Job
2940 2342 3091 2398 labiis
3120 2345 3227 2399 suis
3259 2344 3407 2415 (Job.
3438 2361 3486 2413 ι,
3516 2344 3637 2417 22).
3667 2345 3736 2401 Et
3760 2348 3880 2417 qui-

2289 2435 2409 2491 dem
2456 2436 2699 2505 qutedam
2745 2435 2911 2491 verba
2963 2437 3375 2506 responsionum
3423 2436 3567 2493 illius
3616 2439 3879 2509 imperitis

2288 2528 2578 2583 lectoribus
2604 2542 2797 2598 aspera
2824 2536 3099 2594 resonant,
3131 2528 3258 2598 quia
3286 2536 3599 2584 sanctorum
3625 2530 3769 2585 dicta
3792 2531 3879 2600 pie

2288 2625 2609 2695 intelligere,
2639 2626 2779 2680 sicut
2804 2626 3071 2691 dicuntur,
3103 2626 3374 2695 ignorant;
3406 2635 3462 2682 et
3486 2629 3611 2697 quia
3637 2631 3875 2684 animum

2288 2716 2520 2772 dolenth
2541 2724 2597 2771 et
2616 2715 2747 2785 justi
2768 2716 2823 2771 in
2842 2716 3146 2786 semetipsis
3166 2731 3443 2771 assumere
3463 2720 3732 2784 nesciunt,
3755 2720 3876 2776 ideo

2287 2805 2491 2861 doloris
2512 2804 2678 2861 verba
2700 2805 2839 2860 bene
2859 2804 3203 2875 interpretari
3228 2820 3335 2860 non
3362 2815 3606 2875 possunt.
3640 2805 3874 2863 Mentem

2288 2897 2488 2967 quippe
2528 2896 2782 2968 patientis
2826 2895 2966 2951 bene
3018 2911 3248 2967 pensare
3290 2898 3442 2953 novit
3480 2898 3876 2959 condescensio

2287 2989 2571 3059 passionis.

2360 3079 2412 3134 8.
2454 3081 2529 3133 Ab
2559 3080 2916 3150 imperitorum
2956 3079 3400 3135 criminationibus
3431 3080 3529 3135 Dei
3551 3081 3751 3152 judicio
3780 3079 3873 3133 ab-

2289 3172 2522 3227 solvitur.
2555 3203 2625 3213 —
2654 3171 2895 3228 Credunt
2919 3186 3049 3241 ergo
3078 3171 3297 3226 beatum
3324 3171 3424 3226 Job
3449 3172 3502 3227 in
3530 3172 3640 3229 suis
3663 3186 3873 3227 sermo-

595 3274 934 3331 conteratur,
977 3242 1323 3336 nequaquam
1350 3265 1433 3321 vis
1460 3242 1675 3337 virtutis
1709 3264 1826 3335 ejus
1854 3266 2183 3335 agnoscitur.
2211 3242 2273 3325 Cb
2291 3262 2448 3318 nibus
2477 3262 2785 3332 deliquisse.
2818 3262 2994 3317 minus
3016 3272 3175 3320 caule
3201 3264 3491 3329 inluenles,
3521 3264 3647 3333 (lilia
3667 3264 3713 3318 Si
3734 3264 3878 3319 beati

595 3350 729 3412 Nam
771 3371 880 3411 non
927 3356 1223 3412 contritum
1266 3357 1390 3412 lene
1427 3365 1510 3412 est
1547 3374 1559 3409 :
1592 3357 1637 3411 si
1682 3371 1813 3412 vero
1850 3364 2185 3427 conteratur,

595 3445 914 3513 inardescit,
947 3454 1003 3501 et
1030 3446 1178 3516 quod
1205 3446 1261 3502 in
1289 3461 1350 3503 se
1376 3446 1698 3502 acerrimum
1730 3447 1964 3514 latebat,
1996 3457 2183 3503 osten-

595 3539 691 3597 dit.
720 3538 813 3595 Sic
838 3539 1205 3609 unusquisque
1232 3540 1319 3594 vir
1347 3548 1586 3606 sanctus,
1632 3556 1753 3595 cum
1779 3556 1888 3596 non
1916 3542 2181 3611 pulsatur,

595 3630 936 3701 despicabilis
955 3646 1020 3687 ac
1041 3630 1177 3687 lenis
1210 3632 1472 3702 aspicitur
1501 3650 1513 3685 :
1546 3634 1591 3688 si
1621 3648 1727 3702 qua
1756 3649 1887 3689 vero
1910 3633 2059 3687 illum
2083 3634 2182 3688 tri-

598 3730 716 3776 tura
745 3721 1137 3791 persecutionis
1164 3722 1458 3793 opprimat,
1490 3738 1619 3780 mox
1646 3729 1840 3792 omne,
1870 3724 2015 3793 quod
2044 3724 2185 3779 cali-

596 3813 724 3869 dum
763 3814 923 3884 sapit,
953 3823 1222 3881 ostentat;
1260 3822 1423 3884 atque
1452 3814 1504 3870 in
1529 3815 1796 3872 fervorem
1822 3816 2037 3872 virtutis
2061 3832 2184 3872 ver-

596 3905 761 3971 titur,
801 3905 1061 3977 quidquid
1090 3906 1144 3960 in
1173 3906 1269 3962 illo
1299 3914 1427 3962 ante
1454 3905 1780 3977 despic’abiie
1805 3908 2185 3977 infirmumque

596 3996 904 4062 videbatur;
935 3996 1189 4067 quodque
1218 3995 1271 4050 in
1299 4011 1359 4052 se
1382 4011 1480 4066 per
1510 3997 1910 4068 tranquillitatis
1938 4008 2183 4069 tempora

595 4086 769 4142 libens
796 4097 1121 4156 operuerat,
1162 4088 1463 4157 exagitatus
1490 4088 1925 4145 tribulationibus
1963 4099 2184 4146 coactus

598 4177 903 4231 inuotescit.
948 4174 1103 4232 Unde
1131 4179 1268 4231 bene
1294 4193 1391 4247 per
1411 4179 1735 4247 prophetam
1770 4180 1965 4235 dicitur
2004 4201 2015 4234 :
2060 4192 2086 4219 α
2115 4181 2183 4236 1η

598 4270 683 4323 die
701 4268 967 4323 mandavit
992 4267 1243 4323 Dominus
1264 4270 1671 4323 misericordiam
1696 4287 1865 4337 suam,
1893 4282 1943 4325 et
1960 4274 2015 4325 in
2037 4282 2185 4328 nocte

599 4361 879 4415 declaravit
912 4358 1043 4432 (Ps.
1073 4377 1179 4425 xu,
1216 4358 1293 4430 9).
1326 4360 1689 4416 Misericordia
1718 4363 1861 4417 enim
1889 4362 2100 4421 Domini
2129 4369 2183 4422 in

599 4451 688 4506 die
724 4451 1037 4515 mandatur,
1083 4450 1208 4519 quia
1255 4450 1310 4513 in
1351 4453 1638 4522 tranquillo
1680 4462 1927 4525 tempore
1955 4473 2183 4528 cognos-

598 4542 773 4599 cendo
822 4542 1143 4613 percipitur;
1193 4542 1249 4596 in
1291 4549 1449 4597 nocte
1492 4558 1619 4598 vero
1665 4544 2006 4617 declaratur,
2056 4551 2183 4619 quia

2287 3353 2387 3410 Job
2409 3369 2668 3425 reaponsa
2698 3354 3048 3424 redarguunt,
3079 3355 3268 3409 falsam
3287 3355 3450 3410 etiam
3473 3354 3541 3409 de
3569 3369 3635 3409 eo
3665 3353 3875 3409 Domini

2287 3447 2611 3503 sententiam
2639 3446 2805 3502 fuisse
2833 3454 3123 3502 testantur.
3152 3446 3375 3502 Diabolo
3410 3460 3646 3515 namque
3691 3461 3724 3502 a
3772 3445 3877 3502 Do-

2286 3538 2433 3593 mino
2463 3538 2659 3593 dicitur
2688 3556 2700 3591 :
2733 3538 3087 3593 Considerasti
3117 3555 3315 3594 servum
3351 3554 3521 3592 meum
3556 3535 3656 3591 Job
3681 3578 3713 3610 ι
3740 3538 3876 3608 quod

2287 3646 2391 3683 non
2422 3629 2488 3682 sit
2517 3631 2563 3682 ei
2593 3630 2779 3683 similis
2808 3646 2964 3700 super
2992 3639 3181 3684 terram
3212 3645 3230 3683 :
3269 3632 3347 3683 vir
3371 3629 3591 3697 simplex
3630 3638 3681 3681 et
3709 3644 3874 3682 reatus

2287 3742 2349 3777 ac
2379 3726 2560 3777 timens
2588 3722 2776 3790 Deum,
2804 3733 2852 3778 et
2882 3724 3123 3779 recedens
3151 3739 3184 3777 a
3210 3728 3346 3777 malo
3374 3721 3553 3792 (Vers.
3586 3720 3641 3790 8)
3666 3722 3689 3774 ?
3718 3721 3817 3775 Cui
3844 3736 3876 3775 a

2287 3816 2503 3871 diabolo
2534 3831 2658 3871 mox
2686 3815 3047 3885 respondetur
3080 3832 3091 3867 :
3128 3812 3378 3885 Nunquid
3406 3814 3571 3884 gratis
3608 3800 3709 3867 Job
3752 3812 3875 3866 colit

2288 3908 2490 3963 Deum?
2527 3906 2720 3962 Nonne
2764 3918 2815 3961 tu
2843 3906 3048 3961 vallasti
3076 3922 3191 3960 eum
3220 3912 3593 3977 cunctamquec
3614 3902 3873 3974 familiam

2286 4002 2397 4071 ejus
2422 4004 2445 4054 ἶ)
2470 3999 2577 4054 Sed
2607 4001 2748 4053 mitte
2773 4015 2986 4053 manum
3014 4008 3173 4064 tuam,
3202 4007 3251 4051 et
3279 4005 3432 4067 tange
3455 4012 3590 4061 eum,
3620 3996 3791 4049 sinon
3822 3995 3875 4048 in

2288 4091 2477 4161 faciem
2516 4089 2831 4143 benedixerit
2874 4090 2963 4142 tibi
3001 4087 3182 4158 (Vers.
3225 4086 3336 4157 10).
3366 4085 3549 4141 Hostis
3594 4084 3779 4154 itaque
3822 4082 3875 4139 in

2286 4182 2447 4237 beato
2474 4180 2574 4235 Job
2614 4181 2756 4235 vires
2783 4194 2909 4233 suas
2950 4179 3209 4243 exercuit,
3255 4176 3350 4231 sed
3378 4185 3560 4231 tamen
3596 4184 3875 4231 certamen

2288 4285 2477 4330 contra
2514 4279 2612 4346 ιι
2643 4273 2811 4328 Deum
2858 4272 3163 4341 assumpsit.
3212 4270 3357 4325 Inter
3395 4269 3563 4325 Deum
3611 4270 3794 4339 itaque
3822 4278 3874 4325 et

2286 4368 2557 4423 diabolum
2597 4367 2789 4422 beatus
2833 4364 2935 4421 Job
2975 4366 3030 4419 in
3070 4363 3249 4418 medio
3296 4362 3522 4417 materia
3566 4361 3875 4416 certaminis
3910 4348 3967 4409 ‘i‘

2286 4461 2405 4515 fuit.
2436 4460 2453 4531 [
2479 4459 2594 4541 Yet.
2638 4458 2718 4514 VI
2733 4459 2771 4531 ].
2804 4458 3056 4527 Quisquis
3082 4470 3211 4526 ergo
3249 4463 3492 4510 sanctum
3520 4455 3696 4508 virum
3736 4455 3873 4509 inter

2286 4552 2496 4622 ﬂagella
2544 4552 2799 4622 positum,
2845 4551 3000 4606 dictis
3038 4550 3147 4605 suis
3188 4562 3439 4618 peccasse
3481 4547 3699 4616 asserit,
3745 4547 3874 4616 quid

598 4633 820 4698 donum,
851 4633 997 4703 quod
1022 4633 1078 4688 in
1100 4632 1490 4701 tranquillitate
1509 4634 1756 4705 sumitur,
1790 4637 1843 4692 in
1870 4638 2177 4697 tribulatio-
2210 4645 2255 4702 D
2284 4645 2458 4711 aliud,
2488 4658 2650 4712 quam
2674 4642 2842 4697 Deum
2861 4683 2875 4709 ,
2908 4641 2997 4710 qui
3024 4656 3122 4711 pro
3151 4639 3244 4695 illo
3272 4647 3663 4709 proposuerat,
3696 4636 3870 4707 perdi-

600 4726 761 4783 nibus
792 4725 1193 4782 manifestatur.

1060 4816 1287 4873 CAPUT
1323 4817 1391 4873 1n
1429 4818 1591 4892 [Vet.
1621 4820 1722 4893 v1.

670 4905 723 4958 7.
773 4904 999 4961 Virtutes
1028 4907 1127 4962 Job
1155 4918 1502 4964 recensentur.
1538 4942 1612 4953 —
1643 4910 1748 4967 Sed
1779 4913 2026 4969 subtilius
2056 4931 2182 4986 per-

598 4995 944 5050 scrutandum
973 5006 1057 5052 est
1101 5014 1198 5054 cur
1226 5006 1306 5055 tot
1334 4996 1543 5069 ﬂagella
1580 5002 1829 5073 pertulit,
1857 5006 1946 5073 qui
1977 5013 2183 5061 tantam

597 5086 855 5139 virtutum
883 5088 1181 5143 custodiam
1202 5089 1316 5144 sine
1339 5091 1755 5159 reprehensione
1776 5096 2031 5148 servavit.
2062 5094 2177 5150 Hu-

602 5176 885 5231 militatem
913 5178 1112 5248 quippe
1152 5178 1370 5247 habuit,
1415 5182 1539 5251 quia
1577 5190 1631 5237 et
1659 5183 1773 5253 ipse
1802 5192 2030 5241 testatur
2061 5204 2074 5240 :
2117 5186 2179 5242 Si

598 5270 880 5338 contempsi
910 5267 1164 5339 judicium
1186 5270 1354 5324 subire
1378 5288 1493 5325 cum
1532 5290 1675 5328 servo
1711 5292 1855 5341 meo,
1900 5285 1951 5329 et
1985 5278 2179 5331 ancilla

597 5376 729 5425 mea,
758 5358 787 5397 δ
810 5375 926 5413 cum
945 5359 1290 5429 disceptarent
1317 5361 1586 5417 adversum
1610 5381 1690 5417 me
1715 5365 1855 5436 (Job.
1879 5384 2029 5435 xxxx,
2064 5368 2175 5440 15).
2200 5394 2201 5397 η

595 5449 1028 5518 Hospitalitatem
1057 5448 1319 5517 exhibuit,
1349 5452 1488 5507 sicut
1516 5453 1629 5523 ipse
1656 5456 1920 5525 perhibet,
1954 5459 2135 5516 dicens
2159 5480 2173 5515 :

594 5540 751 5597 Foris
780 5559 884 5597 non
906 5543 1097 5597 mansit
1122 5545 1445 5613 peregrinus,
1477 5547 1660 5599 ostium
1687 5564 1853 5601 meum
1879 5552 2064 5605 viatori
2091 5571 2176 5622 pa-

662 5706 690 5735 κ
712 5697 797 5769 lta_
811 5698 935 5753 Mss.
962 5696 1172 5769 Ehem,
1200 5697 1434 5769 Remig,
1452 5698 1645 5769 (Corb.,
1670 5700 1880 5769 Bajoc.,
1904 5713 2007 5757 etc.
2030 5704 2170 5760 Edit.

592 5781 728 5888 :ezr:
757 5766 945 5834 Gilot.,
978 5767 1178 5837 Vatic.,
1208 5766 1389 5834 Gussf,
1433 5768 1497 5822 In
1526 5771 1607 5823 dfe
1634 5766 1965 5826 mandabit...
1998 5775 2173 5828 decla-

623 5852 655 5887 ιι
690 5854 706 5888 ι
735 5877 747 5888 .

623 5852 747 5888 αοιι.

664 5902 693 5943 δ
718 5904 935 5964 Ebroic.
968 5908 1118 5976 Mss.,
1144 5912 1269 5964 Cum
1295 5911 1632 5967 decertarent.
1666 5912 1783 5969 Vox
1809 5914 1972 5971 Hebr.
2006 5919 2171 5988 signi-

2287 4737 2431 4793 disse
2469 4733 2847 4806 reprehendit?
2882 4732 3001 4804 Ipse
3029 4732 3227 4802 quippe
3255 4730 3311 4785 in
3344 4745 3405 4785 se
3435 4729 3626 4784 tentati
3655 4743 3873 4783 causam

2287 4828 2561 4897 suscipere
2580 4826 2771 4892 voluit,
2801 4825 2894 4894 qui
2920 4839 3044 4880 eum
3065 4830 3121 4877 et
3145 4829 3271 4877 ante
3296 4819 3503 4890 ﬂagella
3530 4819 3787 4890 praetulit,
3817 4827 3875 4875 et

2284 4920 2579 4990 praeferens
2632 4918 2832 4973 tentari
2889 4932 2986 4987 per
3039 4914 3248 4984 ﬂagella
3302 4914 3565 4985 permisit.
3624 4912 3683 4967 Si
3744 4925 3878 4981 ergo

2284 5011 2580 5067 excessisse
2631 5008 2731 5065 Job
2780 5008 2992 5074 dicitur,
3047 5007 3295 5062 laudator
3344 5007 3485 5062 illius
3527 5006 3878 5063 succubuisse

2286 5103 2619 5172 perhibetur,
2646 5102 2888 5173 quamvis
2908 5116 3030 5156 eum
3060 5098 3366 5154 nullatenus
3392 5099 3681 5167 deliquisse
3709 5099 3879 5153 etiam

2280 5193 2423 5249 dona
2453 5202 2736 5249 testantur.
2780 5192 2907 5260 Quis
2938 5192 3081 5248 enim
3118 5190 3325 5246 nesciat
3361 5190 3507 5259 quod
3544 5190 3715 5260 culpis
3759 5205 3876 5244 non

2280 5285 2521 5354 praemia,
2548 5285 2643 5340 sed
2670 5299 2843 5354 pugnae
2872 5284 3202 5339 debeantur?
3228 5280 3329 5348 Qui
3358 5295 3489 5351 ergo
3516 5280 3753 5352 duplicia
3786 5296 3878 5335 re—

2281 5379 2461 5448 cipere
2488 5393 2607 5447 quae
2635 5377 2891 5431 amiserat
2918 5376 3134 5441 meruit,
3166 5391 3234 5430 ex
3260 5375 3697 5431 remuneratione
3729 5373 3872 5429 edo-

2283 5471 2395 5524 cuit
2426 5471 2551 5539 quia
2598 5484 2934 5539 nequaquam
2986 5468 3175 5523 vitium
3222 5468 3315 5525 sed
3352 5469 3522 5525 virtus
3564 5468 3664 5522 fuit
3705 5481 3875 5523 omne

2280 5562 2423 5631 quod
2446 5561 2599 5616 dixit.
2627 5560 2923 5616 Assertioni
2953 5575 3169 5631 quoque
3187 5560 3311 5616 huic
3333 5560 3505 5616 adhuc
3533 5558 3871 5627 adjungitur,

2280 5713 2403 5768 licat
2423 5716 2643 5781 litigare.

2355 5796 2376 5823 ε
2424 5774 2563 5839 Editi
2612 5784 3049 5857 cuanulgata,
3102 5786 3447 5857 Cunctamque
3493 5786 3872 5847 substantiam.

2281 5855 2402 5911 Mss.
2440 5872 2586 5918 vero,
2621 5856 2897 5927 familiam.
