4130 6522
371 477 470 534 521

1448 472 1628 529 LIBRI
1665 470 2051 530 MORALIUM.
2080 501 2149 516 --
2188 475 2576 536 PREFATIO.

3543 491 3651 569 522

371 584 521 657 quod
559 584 675 655 ipse
713 597 814 655 pro
860 581 1050 639 amicis
1086 580 1522 652 delinquentibus
1556 583 1858 640 intercedit.
1901 582 1963 638 In
1988 586 2044 644 Α
2067 585 2133 641 de
2154 586 2497 649 interioribus
2516 592 2832 651 sentiamus.
2860 594 3115 653 Inimicus
3144 612 3378 670 namque
3398 603 3649 675 saeviens,

378 676 632 748 gravibus
655 690 884 746 namque
902 675 1140 747 peccatis
1162 674 1282 745 quis
1305 675 1510 745 positus
1534 676 1728 747 (Causa
1748 676 1801 742 5,
1829 693 1879 747 q.
1910 676 1962 741 7,

379 788 427 825 c.
462 769 529 825 In
554 767 841 841 gravibus),
869 766 996 824 dum
1016 767 1127 824 suis
1151 768 1431 838 premitur,
1463 767 1638 822 aliena
1660 782 1765 822 non
1788 767 1962 822 diluit.

377 863 607 920 Mundus
650 876 778 932 ergo
818 860 1124 917 ostenditur
1165 876 1285 917 esse
1326 860 1395 917 de
1435 877 1517 928 se,
1565 862 1659 929 qui
1703 860 1964 916 emunda-

379 959 584 1014 tionem
609 956 788 1027 potuit
811 955 1056 1012 obtinere
1078 971 1177 1027 pro
1205 956 1344 1011 aliis.
1373 955 1431 1010 Si
1450 970 1584 1012 vero
1610 957 1713 1012 hoc
1740 956 1964 1026 quibus-

376 1053 501 1111 dam
524 1053 795 1125 displicet,
818 1053 962 1122 quod
988 1052 1132 1108 bona
1152 1066 1247 1107 sua
1268 1052 1387 1122 ipse
1410 1050 1667 1116 narravit,
1688 1050 1965 1106 sciendum

379 1152 461 1202 est
514 1145 641 1215 quia
689 1144 831 1200 inter
873 1152 954 1199 tot
1008 1158 1189 1198 rerum
1244 1143 1463 1211 damna,
1519 1145 1663 1201 inter
1716 1153 1798 1201 tot
1843 1160 1968 1201 cor-

380 1240 529 1313 poris
553 1238 795 1304 vulnera,
827 1237 970 1293 inter
998 1244 1077 1293 tot
1106 1237 1391 1308 pignorum
1426 1237 1633 1305 funera,
1672 1238 1860 1293 amicis
1896 1238 1966 1294 ad

382 1331 811 1389 consolationem
874 1329 1248 1397 venientibus,
1305 1338 1359 1386 et
1412 1330 1480 1386 ad
1534 1331 1963 1402 increpationem

378 1423 876 1496 prorumpentibus,
915 1421 982 1477 de
1017 1422 1127 1476 vita
1168 1437 1265 1478 sua
1304 1422 1596 1493 desperare
1635 1418 1961 1493 cogebatur;

379 1525 434 1573 et
461 1530 621 1588 quem
653 1523 734 1571 tot
764 1514 1088 1570 detrimenta
1114 1513 1438 1583 afﬂixerant,
1470 1516 1858 1573 contumeliosa
1882 1516 1965 1571 in-

377 1623 541 1679 super
579 1606 991 1678 increpantium,
1016 1606 1179 1663 verba
1219 1606 1505 1663 feriebant.
1557 1616 1584 1644 ι
1614 1606 1681 1662 Ili
1708 1621 1962 1677 namque,

379 1699 474 1769 qui
500 1699 568 1755 ad
593 1697 982 1756 consolandum
1002 1704 1294 1765 venerant,
1345 1697 1472 1753 dum
1498 1697 1653 1768 quasi
1680 1698 1797 1768 ejus
1824 1698 1964 1769 inju-

382 1793 545 1849 stitia:
592 1791 1016 1863 exprobrabant,
1064 1791 1352 1861 desperare
1399 1807 1525 1847 eum
1566 1792 1636 1848 de
1671 1793 1964 1862 semetipso

375 1882 613 1940 funditus
638 1883 1061 1954 compellebant.
1089 1882 1247 1949 Quod
1272 1896 1402 1951 ergo
1426 1883 1568 1938 bona
1595 1898 1690 1939 sua
1720 1882 1787 1937 ad
1813 1898 1964 1939 men-

376 1983 485 2032 tem
514 1984 759 2042 revocat,
791 1992 897 2031 non
924 1991 982 2032 se
997 1991 1094 2046 per
1112 1974 1431 2045 jactantiam
1458 1975 1663 2041 elevat;
1688 1974 1781 2030 sed
1807 1974 1962 2043 quasi

375 2070 675 2142 collapsum
711 2071 852 2126 inter
883 2070 1050 2125 verba
1088 2078 1144 2126 et
1181 2070 1405 2125 vulnera
1442 2069 1509 2125 ad
1537 2085 1686 2142 spem
1725 2069 1963 2125 animum

375 2162 653 2219 reformat.
683 2160 847 2217 Gravi
872 2162 1017 2218 enim
1045 2162 1073 2200 δ
1104 2162 1496 2233 desperationis
1525 2162 1634 2218 telo
1656 2178 1810 2217 mens
1835 2177 1963 2231 per-

376 2254 594 2329 cutitur,
631 2267 655 2295 ο
682 2269 807 2310 cum
834 2268 1080 2324 supernae
1103 2253 1197 2307 irae
1216 2253 1652 2308 tribulationibus
1676 2252 1960 2323 premitur,

375 2356 432 2404 et
455 2347 586 2403 foris
614 2347 913 2417 linguarum
946 2345 1251 2416 opprobriis
1279 2352 1517 2413 urgetur.
1559 2344 1758 2401 Beatus
1800 2344 1964 2414 igitur

378 2437 480 2494 Job
506 2445 589 2494 tot
613 2437 862 2493 dolorum
883 2436 1216 2507 jaculatione
1241 2436 1521 2494 confossus
1539 2478 1557 2503 ,
1602 2437 1729 2492 dum
1756 2437 1962 2494 labefa-

379 2533 514 2592 ctari
537 2548 636 2604 per
656 2532 946 2604 opprobria
978 2532 1187 2599 timuit,
1236 2532 1305 2588 ad
1333 2540 1531 2588 statum
1567 2546 1626 2588 se
1664 2532 1869 2589 fiducia:
1895 2550 1961 2589 ex

379 2634 633 2683 anteacta
681 2623 792 2681 vita
847 2621 1216 2680 continuando
1264 2624 1561 2679 revocavit.
1614 2623 1962 2696 Nequaquam

379 2734 507 2791 ergo
538 2716 567 2758 ἀ
595 2719 648 2774 in
676 2719 999 2789 arrogantiae
1024 2720 1208 2775 vitium
1237 2719 1462 2787 cecidit,
1503 2721 1628 2790 quia
1664 2729 1855 2777 contra
1884 2722 1966 2777 in-

381 2818 592 2868 ternum
611 2808 1003 2880 desperationis
1021 2808 1331 2879 impulsum,
1353 2825 1453 2881 per
1472 2810 1741 2867 exteriora
1760 2825 1967 2882 praeco-

382 2902 595 2958 niorum
622 2918 842 2958 suorum
875 2901 1039 2957 verba
1071 2901 1364 2972 pugnavit;
1407 2909 1466 2955 ut
1502 2901 1630 2957 dum
1666 2901 1809 2957 bona
1846 2916 1967 2972 quae

381 2994 586 3051 fecerat
629 2994 853 3061 diceret,
896 3006 1238 3065 nequaquam
1279 2992 1349 3048 de
1391 2993 1538 3050 bono
1573 3004 1596 3032 ο
1634 2991 1783 3065 quod
1821 3009 1969 3065 quae-

384 3086 551 3144 sierat
576 3086 906 3157 desperaret.

806 3175 1035 3234 CAPUT
1070 3174 1141 3233 1v
1182 3176 1327 3249 [γει.
1377 3175 1535 3249 VII].

453 3289 506 3346 9.
536 3289 727 3346 Omnia
754 3290 972 3348 Satanae
997 3292 1414 3347 machinamenta
1442 3301 1621 3348 contra
1640 3292 1739 3348 Job
1769 3302 1960 3350 erecta.

384 3416 456 3430 -—
489 3384 597 3440 Sed
635 3384 747 3455 jam
789 3400 931 3441 nunc
976 3385 1151 3456 ipsum
1198 3385 1443 3442 ordinem
1487 3386 1803 3442 tentationis
1847 3386 1967 3456 ejus

386 3491 762 3548 exsequamur.
792 3477 1045 3534 Inimicus
1068 3478 1313 3543 saeviens,
1348 3487 1404 3533 et
1430 3479 1600 3534 sancti
1624 3480 1722 3535 viri
1748 3479 1968 3535 validis-

384 3571 579 3627 simum
604 3577 792 3643 pectus
818 3569 1091 3627 debellare
1119 3569 1479 3639 contendens,
1519 3578 1744 3626 cunctas
1780 3577 1968 3627 contra

385 3674 509 3718 eum
536 3663 893 3719 tentationum
922 3661 1199 3717 machinas
1227 3661 1429 3727 erexit;
1470 3661 1690 3717 abstulit
1716 3662 1967 3717 substan-

386 3752 539 3819 tiam,
586 3751 858 3809 interfecit
901 3750 1057 3815 filios,
1106 3750 1373 3821 percussit
1426 3764 1641 3820 corpus,
1696 3750 1971 3819 instigavit

385 3856 633 3909 uxorem,
676 3840 882 3895 amicos
908 3839 978 3893 ad
1007 3838 1436 3894 consolationem
1476 3837 1728 3903 adduxit;
1779 3838 1876 3893 sed
1914 3838 1969 3893 in

387 3926 733 4002 asperitatem
770 3928 1156 3999 increpationis
1196 3926 1451 3982 excitavit
1492 3944 1506 3978 :
1548 3927 1714 3982 alium
1756 3941 1972 3998 quoque

387 4022 623 4078 amicum
660 4019 847 4076 durius
878 4019 1277 4089 increpantem,
1326 4017 1380 4071 in
1422 4024 1662 4072 extrema
1694 4024 1749 4071 et
1776 4018 1974 4073 acriori

389 4112 698 4169 invectione
725 4110 980 4178 servavit,
1023 4117 1083 4165 ut
1119 4108 1313 4165 saltem
1341 4107 1583 4164 crebrius
1612 4107 1852 4163 feriendo
1878 4123 1976 4164 cor

390 4205 705 4274 attingeret,
735 4202 881 4275 quod
910 4217 1053 4259 novo
1076 4200 1301 4257 vulnere
1328 4215 1542 4271 semper
1569 4200 1813 4257 iteraret.
1839 4199 1975 4268 Quia

389 4296 535 4353 enim
574 4297 629 4352 in
666 4294 865 4351 saculo
892 4300 1173 4365 potentem
1209 4292 1370 4358 vidit,
1417 4291 1627 4348 damnis
1665 4292 1978 4348 substantiae

392 4405 517 4446 eum
543 4388 750 4445 moveri
777 4386 1034 4456 credidit,
1061 4400 1225 4457 quem
1252 4399 1363 4441 non
1389 4398 1710 4440 concussum
1735 4400 1806 4440 ex
1831 4384 1976 4440 filio-

391 4495 513 4537 rum
546 4489 723 4536 morte
755 4479 1008 4552 pulsavit.
1038 4478 1239 4535 Videns
1266 4486 1450 4534 autem
1475 4477 1602 4547 quia
1627 4477 1697 4533 ad
1720 4491 1978 4547 augmen-

393 4580 509 4628 tum
541 4572 735 4627 divina:
772 4571 945 4627 laudis
969 4570 1132 4627 etiam
1159 4586 1229 4627 ex
1254 4570 1482 4627 vulnere
1507 4568 1681 4626 crevit
1710 4568 1976 4634 orbitatis,

395 4665 553 4736 petiit
577 4664 873 4721 feriendam
896 4664 1127 4722 salutem
1147 4664 1409 4735 corporis.
1440 4663 1663 4720 Intuens
1674 4661 1837 4719 etiam
1853 4661 1980 4732 quia

395 4774 493 4831 per
517 4758 759 4815 dolorem
779 4758 1024 4828 corporis
1047 4756 1332 4828 pervenire
1350 4757 1657 4826 nequiverit
1684 4756 1751 4810 ad
1775 4754 1985 4826 passio-

396 4866 521 4909 nem
549 4850 776 4917 mentis,
815 4848 1092 4919 instigavit
1126 4862 1375 4904 uxorem.
1426 4846 1711 4901 Civitatem
1744 4846 1980 4916 quippe,

397 4960 560 5015 quam
592 4956 901 5015 expugnare
935 4940 1203 5012 appetiit;
1230 4939 1390 4995 nimis
1423 4939 1688 4994 munitam
1722 4938 1887 5005 vidit;
1932 4925 1987 4993 et

398 5036 604 5093 idcirco
632 5035 868 5092 exterius
890 5042 969 5091 tot
993 5033 1178 5104 plagas
1198 5030 1457 5098 inferens,
1483 5032 1638 5101 quasi
1666 5030 1812 5086 foras
1837 5045 1989 5086 exer-

1990 3345 2041 3410 C

2068 685 2122 733 et
2161 681 2349 736 urbem
2399 683 2735 742 circumfusis
2782 688 3109 745 exercitibus
3154 691 3390 760 vallans,
3439 694 3486 749 si
3532 695 3652 765 ejus

2066 773 2361 829 munimina
2402 776 2601 833 invicta
2641 782 3013 851 conspexerit,
3050 783 3118 839 ad
3147 784 3252 840 alia
3290 801 3348 842 se
3375 790 3651 857 pugnandi

2066 876 2383 933 argumenta
2432 871 2729 937 convertit,
2787 881 2847 927 ut
2893 875 3034 930 intus
3085 878 3248 933 etiam
3292 882 3649 948 quorumdam

2067 958 2262 1013 civium
2293 960 2457 1016 corda
2487 971 2832 1035 corrumpat;
2871 952 3136 1035 quatenus
3164 986 3288 1026 cum
3314 976 3654 1032 extrinsecus

2067 1050 2466 1122 impugnatores
2490 1056 2811 1125 admoverit,
2834 1060 3072 1118 internus
3093 1079 3306 1136 quoque
3328 1068 3527 1124 habeat
3554 1070 3652 1125 ad-

2061 1142 2301 1212 jutores,
2333 1154 2496 1216 atque
2524 1147 2857 1206 increscente
2884 1151 3010 1207 belli
3047 1153 3191 1209 foras
3218 1160 3543 1228 certamine,
3585 1163 3654 1219 de

2065 1249 2297 1304 quorum
2342 1239 2486 1295 intus
2522 1239 2628 1297 fide
2648 1230 2986 1311 'contiditur,
3037 1260 3223 1301 eorum
3261 1250 3483 1318 perfidia
3526 1254 3653 1309 urbs

2066 1326 2322 1383 destituta
2348 1330 2610 1402 capiatur.

2139 1417 2224 1471 10.
2266 1418 2426 1475 Foris
2457 1420 2671 1489 bellum,
2699 1425 2954 1481 virulenta
2981 1428 3120 1482 intus
3150 1432 3368 1486 consilia
3394 1433 3649 1492 adhibuit.

2064 1539 2136 1551 --
2185 1507 2371 1581 Itaque
2400 1515 2640 1573 exterius
2667 1518 2820 1572 euasi
2863 1518 3033 1574 ariete
3069 1522 3396 1589 constituto,
3438 1541 3657 1583 murum

2066 1602 2301 1659 civitatis
2330 1605 2483 1662 istius
2512 1614 2592 1662 tot
2622 1609 2817 1665 ictibus
2844 1613 3105 1681 perculit,
3143 1623 3277 1683 quot
3318 1616 3526 1674 vicibus
3552 1620 3655 1675 ad-

2064 1710 2219 1749 versa
2244 1697 2527 1752 nuntiavit.
2551 1699 2700 1755 Intus
2725 1708 2905 1757 autem
2932 1705 3087 1775 quasi
3114 1706 3313 1761 civium
3335 1708 3500 1764 corda
3526 1726 3655 1765 cor-

2065 1789 2244 1856 rupit,
2275 1789 2402 1843 dum
2433 1791 2589 1846 fortia
2619 1793 2766 1848 urbis
2791 1795 2949 1864 hujus
2977 1798 3273 1854 munimina
3301 1801 3655 1870 persuasione

2068 1878 2349 1937 destruere
2400 1883 2644 1954 conjugis
2694 1888 2919 1943 studuit.
2969 1889 3139 1946 Foras
3184 1892 3366 1962 itaque
3417 1895 3657 1951 admovit

1992 1958 2039 2018 Β
2067 1967 2328 2039 impetum
2359 1972 2510 2041 belli,
2542 1975 2686 2031 intus
2710 1992 2920 2033 venena
2945 1986 3191 2039 consilii;
3229 1958 3295 2036 ut
3316 1991 3468 2039 tanto
3497 1985 3671 2042 citius

2066 2062 2254 2116 urbem
2286 2073 2525 2132 caperet,
2550 2074 2756 2135 quanto
2785 2082 2904 2121 eam
2926 2080 3166 2126 exterius
3187 2072 3519 2143 interiusque
3544 2082 3659 2130 tur-

2064 2154 2237 2209 baret.
2280 2155 2435 2225 [l’et.
2478 2156 2678 2229 VIII.]
2729 2159 2865 2225 Quia
2895 2172 3075 2215 autem
3111 2177 3496 2233 nonnunquam
3535 2166 3659 2235 plus

2064 2247 2389 2301 conturbant
2415 2248 2579 2303 verba
2619 2264 2780 2319 quam
2810 2252 3064 2319 vulnera,
3107 2253 3435 2321 amicorum,
3482 2265 3543 2311 ut
3566 2257 3655 2312 di-

2064 2346 2210 2392 ctum
2234 2345 2333 2404 est,
2356 2353 2414 2393 se
2428 2338 2620 2407 linguis
2641 2342 2886 2407 armavit.
2904 2342 3005 2409 Qui
3023 2344 3239 2412 quidem
3254 2346 3381 2415 quia
3406 2348 3656 2405 seniores

2065 2439 2246 2492 erant.
2274 2430 2341 2486 de
2372 2446 2558 2486 eorum
2589 2434 2766 2488 verbis
2796 2434 2973 2489 minus
3000 2434 3229 2491 fortasse
3255 2435 3275 2474 ί
3304 2438 3475 2494 doleri
3501 2451 3659 2510 pote-

2065 2532 2169 2596 rat.
2201 2514 2357 2576 Héliu
2378 2522 2559 2592 junior
2585 2524 2928 2592 subrogatur,
2959 2532 3017 2579 ut
3035 2535 3281 2582 sanctum
3301 2538 3489 2597 pectus
3510 2537 3659 2587 tanto

2068 2616 2264 2671 acriori
2296 2615 2520 2672 vulnere
2548 2625 2888 2686 percuteret,
2915 2628 3119 2697 quanto
3148 2629 3334 2676 contra
3364 2622 3493 2677 illud
3521 2623 3660 2680 ictus

2066 2706 2271 2761 brachii
2301 2716 2325 2752 ε
2354 2707 2561 2763 vilioris
2582 2708 2865 2763 excitaret.
2892 2707 3034 2765 Ecce
3063 2709 3131 2765 ad
3158 2710 3459 2767 feriendum
3488 2713 3662 2770 invic-

2070 2798 2332 2853 tissimum
2362 2799 2529 2854 robur
2559 2799 2807 2856 inimicus
2835 2801 3063 2857 saeviens
3081 2843 3096 2867 ,
3140 2812 3274 2871 quot
3301 2804 3661 2862 tentationum

2066 2893 2244 2965 jacula
2274 2896 2508 2965 invenit;
2549 2913 2677 2955 ecce
2704 2909 2838 2969 quot
2864 2901 3205 2958 obsidionum
3230 2903 3662 2958 machinamenta

2069 2988 2482 3061 circumposuit;
2536 3007 2664 3049 ecce
2712 3001 2846 3062 quot
2870 2994 3294 3065 percussionum
3333 2994 3439 3049 tela
3485 3002 3665 3049 trans-

2069 3080 2219 3136 misit
2249 3097 2264 3134 :
2296 3082 2390 3136 sed
2412 3081 2467 3137 in
2490 3081 2575 3138 his
2596 3083 2848 3139 omnibus
2876 3085 3075 3141 mansit
3100 3099 3254 3141 mens
3274 3083 3661 3155 imperterrita,

2067 3173 2221 3229 stetit
2247 3173 2438 3231 civitas
2459 3174 2799 3232 inconcussa.

2696 3287 2927 3344 CAPUT
2963 3290 3029 3346 ν.

2144 3397 2233 3453 Il.
2284 3396 2550 3453 Patientia
2576 3398 2674 3455 Job
2704 3401 2759 3454 in
2788 3402 3038 3457 adversis.
3086 3431 3158 3443 —
3189 3399 3420 3459 Student
3452 3402 3667 3470 hostes,

2074 3504 2203 3545 cum
2243 3498 2434 3546 contra
2482 3489 2673 3546 faciem
2703 3491 2953 3558 veniunt,
2987 3492 3124 3548 alios
3152 3506 3221 3548 ex
3249 3493 3463 3550 occulto
3492 3503 3671 3548 trans.

2069 3581 2306 3646 mittere,
2335 3580 2429 3648 qui
2457 3594 2525 3635 eo
2554 3580 2803 3636 licentius
2832 3583 3119 3652 pugnantis
3148 3582 3289 3639 latus
3315 3584 3530 3649 feriant,
3561 3598 3672 3652 quo

2070 3674 2117 3729 is
2136 3674 2229 3743 qui
2252 3681 2455 3743 pugnat
2484 3673 2740 3728 intentius
2764 3675 3044 3730 venientes
3058 3675 3245 3730 hostes
3265 3685 3455 3730 contra
3474 3674 3668 3729 faciem

2072 3771 2334 3833 aspectat.
2368 3762 2533 3836 [Rec.
2575 3760 2676 3832 V.]
2728 3761 2895 3830 Igitur
2921 3764 3053 3829 Job,
3095 3764 3150 3817 in
3177 3764 3335 3832 hujus
3360 3762 3675 3819 certaminis

2074 3855 2220 3910 bello
2266 3855 2668 3925 deprehensus,
2721 3857 2963 3926 suscepit
3008 3856 3236 3924 damna,
3286 3856 3440 3925 quasi
3481 3856 3671 3912 hostes

2076 3954 2265 4002 contra
2300 3945 2523 4011 faciem;
2554 3945 2812 4001 sustinuit
2861 3947 3027 4002 verba
3057 3946 3449 4002 consolantium
3469 3986 3485 4013 ,
3516 3946 3675 4014 quasi

2076 4039 2261 4093 hostes
2299 4051 2367 4091 ex
2410 4035 2581 4090 latere
2632 4034 2770 4090 :sed
2819 4034 2874 4090 in
2922 4036 3007 4091 bis
3057 4036 3307 4092 omnibus
3341 4036 3674 4091 circumacto

2077 4126 2360 4197 gravitatis
2388 4141 2497 4181 sum
2532 4126 2755 4197 clypeo,
2789 4127 2986 4196 ubique
3014 4126 3255 4182 munitus
3284 4127 3480 4193 astitit,
3516 4125 3676 4181 undi-

2084 4232 2191 4287 que
2220 4216 2563 4272 venientibus
2590 4216 2778 4286 gladiis
2803 4217 3086 4286 vigilanter
3105 4218 3341 4273 obviavit
3373 4234 3386 4271 :
3421 4218 3675 4273 amissam

2081 4310 2439 4367 substantiam
2465 4309 2632 4365 tacite
2659 4309 2907 4381 despicit,
2937 4324 3155 4366 carnem
3176 4309 3230 4363 in
3254 4308 3375 4363 filiis
3404 4315 3675 4363 mortuam

2080 4401 2456 4473 mquanimiter
2473 4399 2642 4466 dolet,
2671 4417 2891 4456 carnem
2914 4400 2967 4455 in
2988 4416 3047 4455 se
3070 4414 3382 4470 percussam
3404 4398 3678 4469 patienter

2083 4492 2300 4557 tolerat,
2322 4506 2539 4547 carnem
2562 4493 2615 4546 in
2639 4492 2872 4562 conjuge
2894 4493 3034 4547 male
3057 4490 3375 4546 suadentem
3399 4488 3675 4558 sapienter

2082 4581 2263 4638 docet.
2307 4581 2483 4652 Super
2526 4580 2643 4636 haec
2681 4582 2842 4637 amici
2885 4582 2938 4636 in
2980 4595 3227 4650 asperam
3272 4578 3672 4647 correptionem

2082 4672 2401 4745 prosiliunt;
2454 4680 2508 4727 et
2552 4688 2653 4743 pro
2698 4672 2943 4728 sedando
2981 4671 3169 4726 dolore
3205 4668 3516 4731 venientes,
3565 4667 3674 4721 vim

2090 4762 2294 4819 doloris
2322 4761 2634 4832 adjungunt.
2665 4759 2855 4815 Omnia
2880 4773 3010 4828 ergo
3037 4758 3469 4814 machinamenta
3501 4766 3677 4813 tenta-

2092 4856 2303 4911 tionum
2330 4861 2521 4910 sancto
2542 4857 2660 4909 viro
2690 4861 2976 4908 vertuntur
2996 4852 3053 4904 in
3082 4857 3367 4919 augmenta
3391 4849 3674 4907 virtutum.

2092 4946 2198 5002 Per
2245 4946 2471 5001 vulnera
2518 4946 2718 5014 quippe
2766 4943 3027 5013 probatur
3073 4940 3189 5010 ejus
3236 4942 3525 5012 patientia;
3582 4959 3679 5013 per

2091 5041 2257 5096 verba
2280 5054 2413 5094 vero
2437 5043 2724 5093 exercetur
2751 5035 2868 5105 ejus
2895 5035 3181 5106 sapientia.
3227 5034 3435 5105 Ubique
3460 5036 3681 5094 fortiter

398 5131 565 5188 citum
594 5130 864 5195 admovit;
902 5126 1140 5183 animum
1166 5140 1299 5182 vero
1327 5124 1512 5180 uxoris
1540 5125 1596 5179 in
1622 5123 1803 5179 verbis
1829 5123 1986 5178 malae
2061 5128 2346 5194 loccurrit,
2381 5128 2508 5197 quia
2551 5134 2608 5182 et
2646 5125 2859 5194 ﬂagella
2900 5125 3119 5192 robore,
3165 5133 3220 5180 et
3256 5126 3420 5181 verba
3466 5127 3680 5183 ratione

398 5222 761 5295 persuasionis
786 5223 889 5292 12
908 5217 1231 5288 accendens,
1257 5215 1411 5287 quasi
1434 5215 1579 5272 intus
1604 5214 1801 5271 civium
1823 5215 1989 5270 corda

400 5314 665 5387 corrupit.
695 5312 778 5369 Ex
804 5312 960 5369 bellis
1005 5310 1152 5367 enim
1180 5306 1541 5366 exterioribus
1567 5305 1824 5362 discimus
1859 5303 1990 5376 quid

473 5483 517 5548 ‘_
540 5474 769 5548 Additur
794 5472 979 5548 iubis.
1020 5470 1268 5548 C_arnut.,
1317 5468 1605 5548 amicorum
1644 5465 1733 5537 qui
1779 5464 1849 5519 ad
1875 5481 1991 5521 eum

402 5545 695 5614 veniebant,
725 5544 871 5614 quod
892 5543 1045 5614 forte
1061 5540 1274 5611 irrepsit
1293 5554 1362 5614 ex
1388 5540 1650 5614 margine.

477 5612 505 5654 δ
534 5615 595 5672 In
617 5605 877 5685 vulgatis,
904 5613 1107 5684 desper.
1130 5605 1356 5677 stimulo,
1378 5623 1477 5681 pro
1502 5605 1601 5662 telo
1621 5605 1769 5677 quod
1789 5607 1995 5664 habent

402 5682 534 5745 Mss.
566 5703 707 5745 nene
729 5682 949 5741 omnes.

485 5770 508 5797 ε
540 5748 805 5820 Colbert.,
834 5771 950 5808 cum
979 5771 1199 5824 superne
1227 5751 1647 5824 tribulataprem.
1680 5748 1993 5824 2_Vindoc.,

408 5846 526 5886 cum
552 5847 646 5899 pro
677 5821 1104 5899 bonis_matorum
1132 5821 1550 5899 retributionibus
1575 5822 1845 5893 premitur.

482 5898 505 5937 ἀ
539 5895 630 5957 Sic
655 5899 781 5955 Mss.
814 5895 956 5952 Editi
976 5910 1130 5966 vero,
1156 5895 1211 5948 in
1233 5895 1526 5966 iactantia}.

489 5986 509 6009 ε
542 5971 619 6027 Ita
648 5969 888 6027 Barthol.
922 5981 1044 6023 cum
1084 5963 1210 6021 Mss.
1233 5959 1303 6019 'ln
1344 5965 1512 6022 Vatic.
1557 5972 1612 6020 et
1649 5959 1830 6033 Guss.,
1856 5966 1993 6035 quod

702 6068 976 6127 Pauor"
1010 6060 1267 6122 LXXV.

2092 5219 2385 5292 superavit.
2427 5217 2599 5273 Amici
2641 5231 2772 5272 vero
2812 5216 2957 5287 ejus,
3002 5216 3095 5285 qui
3139 5216 3207 5271 ad
3249 5218 3681 5273 consolationem

2093 5314 2314 5386 quidem
2346 5312 2599 5381 veniunt,
2646 5311 2740 5367 sed
2783 5327 2955 5384 usque
2989 5312 3057 5368 ad
3088 5311 3256 5367 verba
3294 5308 3683 5380 increpationis

2132 5471 2414 5525 rwscierat.
2461 5468 2577 5525 Vet.
2609 5465 2706 5524 Ed.
2746 5466 2918 5525 Paris.
2958 5476 3013 5523 et
3041 5466 3201 5522 Basil.
3235 5479 3357 5519 cum
3387 5462 3551 5517 Gilot.
3584 5460 3684 5516 ba-

2132 5549 2223 5615 ent
2251 5552 2534 5615 utramque
2560 5539 2685 5596 lect.
2717 5610 2730 5615 Δ
2787 5610 2801 5615 _
2960 5607 3033 5615 Μ
3171 5604 3215 5615 ﬂ
3261 5604 3290 5615 Α

2176 5612 2196 5652 ί
2242 5602 2588 5685 5t].,__Dolere,
2622 5617 2682 5685 ut
2717 5610 2919 5685 habent
2952 5607 3142 5670 Gilot.,
3171 5604 3370 5669 Vatic.,
3415 5602 3680 5685 Guisanv.

2173 5693 2199 5731 8
2241 5673 2484 5738 lta'Mss.
2516 5673 2748 5749 Anglic.,
2787 5680 2973 5736 Norm.
3011 5687 3066 5733 et
3092 5690 3231 5749 pene
3256 5689 3462 5729 omnes.
3491 5673 3684 5749 ‘Editio

2098 5753 2260 5809 Basil.
2293 5751 2451 5817 15M,
2486 5762 2542 5807 et
2577 5744 2694 5805 alia:
2729 5744 2871 5821 Seq.,
2900 5744 3123 5821 excepta
3149 5746 3461 5821 Gussanv.,_
3484 5744 3684 5821 brachii

2096 5824 2383 5880 validioris.
2419 5813 2626 5891 Remig.
2661 5813 3011 5882 alter-liabet,
3038 5813 3241 5891 brachii
3265 5816 3509 5891 iunioris.
3544 5813 3681 5869 Foro

2096 5904 2242 5952 tasse
2265 5902 2491 5966 propter
2515 5887 2674 5950 Héliu
2703 5892 2990 5959 iuniorem,
3018 5890 3087 5947 de
3110 5903 3221 5961 quo
3250 5887 3411 5959 paulo
3430 5895 3607 5943 antea.

3209 6050 3280 6109 l7
