4130 6486
536 454 638 510 525

1744 453 1983 510 SANCTI
2023 447 2347 506 GREGORII
2392 448 2601 506 MAGNI

3692 444 3802 501 524

533 579 815 635 excedunt,
850 572 1150 640 ignorantia
1174 577 1340 644 magis
1363 576 1619 631 credendi
1648 583 1792 642 sunt,
1819 585 1979 643 quam
2002 583 2119 622 ma—
2145 565 2199 627 Α
2221 566 2428 621 suutde
2448 563 2706 643 injustitia
2724 561 3045 633 reprobare;
3071 559 3374 615 nescientes
3392 556 3644 615 videlicet
3664 560 3813 628 quod

533 666 644 720 lilia
668 664 989 737 deliquisse.
1029 666 1213 737 Neque
1266 670 1411 726 cnim
1464 678 1671 725 tantum
1708 669 1884 723 virum
1913 664 2115 719 amicos

532 736 743 825 iniquos
767 756 1020 813 habuisse
1043 762 1373 818 credendum
1394 771 1477 819 est
1503 781 1513 816 :
1539 762 1634 819 sed
1656 762 1781 817 dum
1812 758 2118 813 discernere

531 862 749 903 causam
826 846 1160 919 ﬂagellorum
1220 864 1529 925 nequeunt,
1604 856 1658 910 in
1716 852 1925 921 culpam
1986 846 2119 904 dila-

528 938 745 997 buntur.

600 1028 744 1101 [Vct.
776 1031 909 1105 11L]
938 1034 1024 1089 12.
1066 1036 1228 1091 Vana
1253 1055 1639 1101 percusstonum
1665 1053 1871 1109 genera.
1906 1065 1975 1075 ——
2000 1031 2121 1086 Per-

530 1123 838 1178 cussionum
868 1126 1067 1198 quippe
1095 1129 1305 1185 diversa
1334 1140 1458 1185 sunt
1487 1144 1703 1198 genera.
1741 1129 1856 1181 Alia
1889 1116 2119 1195 namque

531 1223 615 1271 est
643 1217 921 1285 percussio
944 1258 957 1282 ,
991 1234 1096 1287 qua
1128 1231 1383 1290 peccator
1422 1200 1725 1293 percutitur
1746 1264 1759 1287 ,
1801 1227 1859 1274 ut
1889 1220 2004 1273 sine
2034 1232 2119 1271 re-

529 1306 855 1361 tractatione
886 1309 1167 1376 puniatur;
1200 1312 1331 1379 alia,
1371 1330 1476 1383 qua
1509 1320 1767 1383 peccator
1796 1310 2117 1381 percutitur,

527 1402 589 1450 ut
616 1397 944 1466 corrigatur;
976 1401 1100 1466 alia,
1131 1418 1237 1472 qua
1262 1421 1649 1474 nonnunquam
1678 1408 1904 1474 quisque
1928 1419 2121 1473 percu-

528 1487 679 1553 titur,
712 1505 818 1545 non
842 1501 899 1545 ut
928 1496 1201 1561 prmterita
1231 1498 1483 1566 corrigat,
1512 1498 1606 1552 sed
1633 1513 1701 1552 ne
1725 1507 1947 1551 ventura
1972 1511 2119 1550 com-

527 1580 740 1647 mittat;
773 1583 876 1637 alia
901 1601 1006 1654 qua
1039 1590 1137 1658 1‘3
1162 1589 1474 1659 plerumque
1500 1591 1814 1660 percutitur,
1841 1605 1937 1658 per
1958 1603 2119 1658 quam

528 1688 631 1728 nec
650 1678 921 1744 praiterita
940 1680 1099 1749 culpa
1125 1683 1428 1750 corrigitur,
1455 1700 1553 1738 nec
1576 1684 1753 1738 futura
1771 1684 2117 1754 prohibetur;

527 1764 625 1820 sed
654 1776 748 1834 ut,
782 1768 909 1823 dum
941 1771 1216 1842 inopinata
1248 1774 1392 1829 salus
1422 1777 1824 1844 percussionem
1856 1776 2117 1844 sequitur,

527 1859 788 1917 salvautis
829 1865 999 1921 virtus
1032 1870 1248 1936 cognita
1288 1870 1564 1925 ardentius
1607 1880 1846 1937 ametur;
1891 1884 2121 1939 cumque

2221 658 2425 714 idcirco
2452 656 2749 728 flagellatus
2778 654 2973 727 fuerat,
3003 662 3063 710 ut
3088 669 3190 725 pro
3216 651 3431 723 flagello
3450 651 3590 728 ejus
3617 652 3812 708 divinas

2220 750 2403 822 gloria:
2455 752 2571 806 laus
2619 758 2921 817 cresceret,
2974 764 3082 805 non
3126 754 3307 802 autem
3354 753 3415 801 ut
3458 761 3556 816 per
3601 744 3811 815 ﬂagella

2220 854 2444 917 peccata
2500 861 2619 916 qua:
2674 860 3017 915 nequaquam
3069 841 3413 899 commiserat
3478 839 3824 935 emendaret.‘

2222 937 2376 994 Unde
2396 948 2451 995 et
2474 938 2539 994 ad
2557 940 2769 994 veniam
2792 939 2948 994 citius
2967 936 3218 1003 redeunt,
3241 936 3368 1007 quia
3394 934 3694 1005 ignorantia
3716 949 3814 1003 po-

2220 1031 2326 1085 tius
2366 1046 2528 1101 quam
2554 1030 2759 1085 malitia
2798 1036 3183 1100 peccaverunt.
3224 1027 3466 1094 Quorum
3504 1025 3813 1097 superbiam

2220 1126 2399 1199 divina
2426 1126 2633 1197 justitia
2669 1142 2737 1183 eo
2764 1126 3119 1182 vehementer
3158 1123 3432 1189 bumiliat,
3473 1137 3582 1191 quo
3610 1136 3814 1190 nequa-

2222 1210 2385 1287 quam
2415 1217 2535 1274 illos
2562 1219 2629 1274 ad
2651 1235 2804 1275 suam
2833 1218 3083 1289 gratiam,
3116 1216 3216 1272 nisi
3238 1230 3337 1287 per
3364 1212 3486 1269 eum
3508 1228 3666 1285 quem
3692 1212 3814 1268 des-

2220 1318 2504 1378 pexerant,
2535 1310 2813 1365 reformat.
2844 1308 3015 1364 Valde
3041 1308 3241 1379 quippe
3281 1306 3421 1362 elata
3445 1313 3598 1362 mens
3626 1314 3816 1362 retun-

2222 1401 2385 1472 ditur,
2415 1402 2460 1459 si
2484 1403 2583 1473 ipsi
2606 1418 2769 1473 super
2796 1416 2957 1471 quem
2987 1417 3046 1457 se
3070 1399 3264 1456 extulit
3292 1406 3645 1469 supponatur.

2699 1492 2925 1549 CAPUT
2958 1491 3021 1547 v1
3048 1491 3193 1565 [Vet.
3225 1491 3318 1565 ,η

2300 1587 2382 1641 l5.
2408 1586 2592 1641 Sancti
2615 1602 2791 1641 omnes
2809 1586 2955 1658 quasi
2975 1586 3157 1651 stellw,
3187 1594 3387 1640 noctem
3408 1588 3526 1641 vitae
3545 1586 3817 1656 pressantis

2225 1680 2544 1733 illuminant.
2583 1710 2653 1720 —-
2682 1678 2789 1734 Sed
2829 1679 2963 1734 libet
2992 1678 3133 1733 inter
3171 1678 3285 1734 haec
3313 1678 3447 1733 mira
3482 1677 3675 1732 divinae
3704 1676 3816 1731 dis-

2224 1772 2555 1842 pensationis
2579 1786 2746 1842 opera
2767 1784 2993 1827 cernere
3015 1770 3288 1849 quomodo
3314 1770 3381 1824 ad
3408 1767 3815 1825 illuminandam

2225 1877 2441 1922 noctem
2473 1866 2595 1920 vitae
2622 1865 2904 1936 przesentis
2934 1871 3080 1919 astra
3110 1877 3338 1934 quaeque
3365 1862 3476 1918 suis
3504 1861 3714 1917 vicibus
3761 1860 3816 1915 in

526 1953 779 2009 innoxius
808 1954 1019 2025 ﬂagello
1049 1961 1317 2025 atteritur,
1350 1962 1399 2016 ei
1426 1978 1523 2031 per
1548 1963 1860 2031 patientiam
1892 1962 2114 2016 merito-
2154 1959 2195 2017 Β
2226 1959 2347 2015 coeli
2376 1958 2567 2015 faciem
2607 1958 2857 2025 veniant,
2901 1971 3182 2027 quousque
3218 1954 3271 2009 in
3304 1952 3461 2010 ﬁnem
3502 1952 3680 2007 noctis
3706 1949 3814 2006 Re-

523 2066 645 2105 rum
692 2066 901 2105 summa
954 2054 1277 2109 cumulelur.
1328 2054 1630 2125 Aliquando
1677 2057 1818 2109 enim
1858 2065 2119 2125 peccator

522 2145 841 2214 percutitur,
891 2153 951 2200 ut
996 2148 1199 2216 absque
1238 2149 1625 2204 retractatione
1664 2148 1937 2218 puniatur,
1980 2148 2119 2202 sicut

522 2236 776 2305 peritura:
815 2234 1010 2290 ludicre
1040 2238 1235 2292 dicitur
1282 2257 1293 2291 :
1340 2238 1511 2309 Plaga
1550 2240 1745 2293 inimici
1781 2240 2006 2306 percussi
2037 2248 2113 2303 te,

523 2325 863 2393 castigatione
894 2326 1089 2379 crudeli
1119 2326 1250 2395 (Jcr.
1285 2344 1410 2392 xxx,
1446 2328 1557 2395 Ui).
1592 2328 1659 2381 Et
1686 2344 1898 2382 rursum
1931 2345 1943 2379 :
1981 2326 2118 2391 Quid

523 2416 716 2471 clamas
754 2418 822 2470 ad
868 2434 967 2481 me,
1002 2436 1153 2490 super
1184 2422 1493 2477 contritione
1525 2424 1653 2475 tua?
1693 2422 2012 2475 Insatiabilis
2042 2432 2118 2475 est

527 2508 676 2563 dolor
698 2518 814 2561 tuus
834 2508 1154 2579 (lbid.,15).
1186 2513 1487 2583 Aliquando
1519 2521 1774 2583 peccator
1795 2516 2111 2584 percutitur,

523 2611 581 2656 ut
626 2604 947 2673 corrigatur,
997 2605 1135 2660 sicut
1184 2607 1396 2661 cuidam
1438 2609 1492 2661 in
1532 2596 1829 2675 Evangelio
1872 2606 2065 2661 dicitur
2100 2623 2111 2658 :

521 2693 655 2749 Ecce
682 2712 839 2750 sanus
863 2699 1028 2767 factus
1052 2714 1124 2763 es,
1150 2699 1265 2769 jam
1290 2700 1395 2753 noli
1422 2715 1650 2769 peccare,
1684 2716 1748 2752 ne
1778 2698 1868 2751 tibi
1891 2698 2115 2751 deterius

522 2786 717 2855 aliquid
748 2790 1013 2859 contingat
1046 2788 1223 2859 (Joan.
1255 2807 1309 2855 v,
1350 2790 1455 2860 14).
1488 2790 1663 2845 Verba
1692 2791 1835 2845 enim
1860 2790 2116 2845 salvantis

517 2876 777 2943 indicant,
809 2881 934 2950 quia
961 2890 1182 2950 peccata
1208 2880 1567 2951 praecedentia
1591 2882 1751 2935 habiti
1774 2881 1882 2935 vim
1911 2880 2116 2935 doloris

517 2970 821 3040 exigebant.
847 2972 1150 3041 Aliquando
1171 2975 1397 3044 quisque
1421 2990 1525 3029 non
1546 2990 1643 3044 pro
1660 2974 1931 3044 praeterita
1954 2974 2111 3043 culpa

515 3062 792 3128 diluenda,
836 3064 930 3120 sed
970 3082 1070 3136 pro
1102 3066 1280 3122 futura
1328 3067 1543 3121 vitanda
1586 3068 1915 3135 percutitur;
1966 3067 2115 3135 quod

515 3163 703 3225 aperte
733 3156 928 3213 Paulus
968 3160 1243 3228 apostolus
1282 3159 1350 3213 de
1395 3159 1691 3229 semetipso
1730 3166 1980 3221 testatur,
2027 3158 2110 3211 di—

514 3262 641 3302 cens
669 3268 680 3301 :
718 3247 802 3303 Ne
832 3252 1134 3321 magnitudo
1178 3252 1546 3305 revelatinnum
1578 3252 1793 3303 extollat
1824 3268 1922 3314 me,
1959 3249 2109 3303 datus

2224 2052 2475 2120 demptor
2502 2047 2719 2105 humani
2745 2048 2979 2119 generis,
3005 2047 3160 2117 quasi
3189 2061 3345 2101 verus
3377 2044 3584 2103 lucifer.
3610 2048 3813 2111 surgat“.

2224 2142 2557 2198 Nocturnum
2586 2156 2820 2210 namque
2849 2142 3103 2210 spatium,
3133 2140 3259 2194 dum
3284 2135 3659 2193 decedentium
3689 2149 3815 2189 suc-

2222 2233 2639 2303 cedentiumque
2666 2232 2945 2288 stellarum
2976 2232 3223 2286 cursibus
3252 2230 3553 2285 illustratur
3571 2268 3586 2294 ,
3618 2238 3815 2295 magno

2222 2325 2342 2380 coeli
2366 2324 2565 2381 decore
2586 2314 2891 2395 peragitur.
2904 2322 2971 2377 Ut
2994 2336 3124 2393 ergo
3148 2323 3323 2378 noctis
3343 2328 3546 2395 nostrae
3564 2318 3816 2375 tenebras

2222 2432 2319 2471 suo
2351 2424 2597 2485 tempore
2638 2416 2848 2483 editus,
2883 2414 3224 2483 vicissimque
3264 2420 3599 2484 permutatus
3625 2410 3815 2466 stella-

2220 2526 2340 2564 rum
2369 2510 2550 2565 radius
2581 2518 2855 2581 tangeret,
2887 2508 2956 2564 ad
3001 2507 3387 2565 ostendendam
3417 2504 3813 2573 innocentiam,

2221 2600 2369 2655 venit
2397 2601 2560 2665 Abel;
2603 2602 2669 2655 ad
2715 2600 3017 2657 docendam
3057 2600 3158 2672 14
3197 2599 3431 2656 actionis
3464 2597 3812 2664 ntunditiam,

2220 2692 2369 2747 venit
2397 2691 2583 2747 Enoch
2606 2709 2620 2759 ;
2652 2692 2719 2747 ad
2740 2691 3116 2748 insinuandam
3138 2692 3598 2763 longanimitatem
3624 2688 3738 2760 spei
3758 2696 3815 2745 et

2222 2782 2420 2851 operis,
2454 2782 2601 2836 venit
2645 2780 2792 2849 Noe;
2824 2780 2893 2837 ad
2920 2781 3376 2838 manifestandam
3412 2780 3773 2838 obedientiam
3796 2820 3813 2847 ,

2220 2874 2369 2929 venit
2398 2873 2704 2938 Abraham;
2755 2874 2822 2929 ad
2853 2874 3327 2931 demonstrandam
3368 2873 3664 2943 coniugalis
3692 2872 3814 2927 vita:

2221 2967 2613 3032 castimoniam,
2644 2967 2795 3021 venit
2813 2966 2993 3035 Isaac;
3016 2966 3083 3021 ad
3112 2965 3486 3022 insinuandam
3507 2964 3708 3019 laboris
3730 2974 3812 3019 ιο-

2218 3060 2525 3127 lerantiam,
2554 3062 2704 3116 venit
2729 3059 2930 3129 Jacob;
2968 3074 2988 3100 ο
3022 3060 3089 3117 ad
3119 3060 3515 3132 rependendam
3544 3076 3644 3131 pro
3670 3059 3815 3115 malo

2220 3152 2374 3207 bona:
2400 3154 2771 3209 retributionis
2806 3154 3054 3224 gratiam,
3086 3152 3237 3209 venit
3262 3151 3495 3223 Ioseph;
3526 3150 3595 3207 ad
3622 3160 3807 3208 osten-

2219 3245 2450 3303 dendam
2476 3248 2966 3315 mansuetudinem,
2992 3249 3141 3305 venit
3164 3248 3401 3320 Moyses;
3426 3248 3494 3305 ad
3514 3247 3809 3313 informan-

515 3347 589 3392 est
613 3340 738 3391 mihi
764 3342 1000 3397 stimulus
1027 3344 1200 3396 carnis
1226 3360 1373 3409 meas,
1404 3344 1617 3414 angelus
1648 3342 1885 3409 Satauce,
1913 3344 1999 3410 qui
2030 3360 2108 3397 me
2140 3351 2185 3412 ρ
2218 3340 2343 3395 dam
2373 3350 2561 3397 contra
2588 3343 2813 3398 adversa
2844 3344 3112 3408 ﬁduciam,
3142 3344 3292 3400 venit
3311 3342 3501 3410 Josue;
3529 3342 3597 3399 ad
3625 3350 3811 3401 οειειιε

514 3432 798 3502 colapltizet
842 3432 939 3502 (II
972 3431 1092 3488 Cor.
1128 3450 1219 3500 xu,
1256 3434 1338 3505 7).
1372 3434 1474 3501 Qui
1504 3435 1647 3489 enim
1678 3452 1787 3489 non
1833 3436 1934 3500 ait,
1980 3436 2107 3503 quia

513 3523 725 3589 extulit,
757 3523 852 3579 sed
879 3540 949 3580 ne
971 3525 1219 3595 extollat,
1258 3535 1448 3596 aperte
1475 3526 1677 3582 indicat
1716 3526 1860 3597 quod
1889 3542 2108 3598 percus-

513 3615 667 3671 sione
697 3616 787 3672 illa
808 3656 823 3683 ,
854 3633 924 3673 ne
953 3618 1195 3686 eveniat,
1222 3620 1613 3688 compescitur,
1646 3635 1753 3674 non
1784 3628 1961 3674 autem
1988 3634 2107 3688 qua:

513 3708 694 3762 evenit
738 3709 893 3781 culpa
942 3718 1218 3782 purgatur.
1272 3712 1665 3782 Nonnunquam
1708 3727 1837 3768 vero
1880 3712 2108 3781 quisque

511 3815 612 3855 nec
639 3817 738 3871 pro
768 3805 1073 3873 praeterita,
1115 3820 1217 3875 nec
1258 3819 1358 3874 pro
1387 3804 1567 3859 futura
1597 3806 1878 3875 iniquitate
1908 3822 2105 3876 percu-

510 3891 671 3959 titur;
701 3894 795 3950 sed
824 3903 884 3951 ut
910 3907 1026 3952 sola
1057 3896 1253 3953 divmte
1283 3899 1498 3953 virtutis
1525 3900 1788 3969 potentia,
1820 3916 1889 3955 ex
1917 3915 2107 3969 ampu—

512 3991 621 4039 tata
648 3988 998 4056 percussione
1026 3998 1379 4046 monstretur.
1431 3988 1583 4045 Unde
1627 4007 1749 4047 cum
1792 3991 2019 4046 Domino
2050 3992 2106 4045 in

494 4074 802 4148 Evangelia
848 4080 916 4136 de
958 4096 1103 4137 caeco
1138 4090 1268 4137 nato
1308 4082 1622 4136 diceretur:
1657 4090 1683 4117 α
1708 4081 1809 4133 llic
1854 4081 2103 4151 peccavit,

509 4177 600 4220 aut
627 4180 865 4237 parentes
893 4174 1035 4243 ejus,
1070 4184 1124 4228 ut
1154 4191 1319 4230 caecus
1347 4184 1647 4228 nasceretur
1674 4172 1860 4244 (Joan.
1894 4190 1970 4239 1x,
2001 4173 2105 4242 ‘2)?

509 4263 793 4330 respondit
818 4265 1077 4323 Dominus
1105 4270 1289 4325 dicens
1316 4286 1328 4321 :
1361 4267 1542 4339 Neque
1571 4267 1653 4321 hic
1673 4268 1919 4336 peccavit,
1944 4282 2105 4337 neque

508 4364 749 4421 parentes
802 4359 945 4429 ejus;
1002 4362 1094 4414 sed
1147 4372 1201 4414 ut
1256 4363 1653 4432 manifestentur
1711 4376 1869 4431 opera
1921 4359 1948 4398 ιι
2003 4359 2104 4415 Dei

509 4443 676 4523 (Ibid.
708 4451 807 4522 5)?
846 4451 907 4507 In
935 4466 1042 4522 qua
1065 4454 1496 4511 manifestatione
1524 4455 1653 4526 quid
1682 4458 1880 4525 agitur,
1912 4454 2013 4511 nisi
2045 4464 2105 4510 ut

504 4564 572 4603 ex
599 4545 813 4617 ﬂagello
840 4548 1159 4605 meritorum
1188 4550 1361 4606 virtus
1392 4557 1685 4620 augeatur;
1719 4559 1775 4605 et
1802 4566 1923 4605 cum
1955 4550 2102 4605 nulla

500 4641 776 4708 praeterita
804 4641 1063 4711 iniquitas
1101 4643 1350 4712 tergitur,
1382 4658 1575 4712 magna
1603 4643 1672 4699 de
1699 4643 1959 4714 patientia
1990 4642 2103 4699 for-

2218 3431 2449 3487 dendam
2463 3433 2602 3490 inter
2616 3435 2826 3505 flagella
2842 3436 3176 3506 patientiam,
3191 3436 3339 3493 venit
3351 3435 3472 3499 Job.
3492 3434 3632 3493 Ecce
3643 3451 3810 3507 quam

2215 3523 2480 3593 fulgentes
2506 3526 2687 3583 stellas
2717 3528 2769 3582 iu
2798 3528 2938 3584 caelo
2964 3530 3262 3596 cernimus,
3295 3537 3355 3585 ut
3382 3528 3644 3585 inoffenso
3671 3529 3819 3599 pede

2216 3618 2396 3686 operis
2425 3618 2527 3674 iter
2548 3628 2747 3676 nostra:
2769 3622 2945 3677 noctis
2971 3621 3324 3678 ambulemus.
3357 3621 3493 3677 Nam
3512 3620 3811 3690 cognitioni

2214 3713 2493 3768 hominum
2539 3714 2719 3771 divina
2775 3715 3106 3787 dispensatio
3153 3724 3287 3786 quot
3333 3717 3511 3785 iustos
3546 3714 3807 3779 exhibuit.

2214 3804 2368 3871 quasi
2408 3811 2491 3859 tot
2537 3814 2681 3861 astra
2728 3820 2891 3877 super
2918 3807 3258 3878 peccantium
3306 3807 3559 3864 tenebras
3610 3806 3807 3863 cretum

2214 3898 2379 3965 misit,
2404 3895 2431 3935 ά
2454 3914 2735 3970 quousque
2760 3916 2921 3956 verus
2948 3900 3138 3963 lucifer
3149 3909 3414 3971 surgeret,
3429 3901 3518 3970 qui
3541 3908 3807 3955 aeternum

2213 3989 2368 4045 nobis
2396 4006 2558 4047 mane
2579 3993 2849 4060 nuntians,
2881 3981 3050 4049 stellis
3068 3991 3280 4049 caeteris
3305 3990 3503 4048 clarius
3523 4007 3592 4047 ex
3614 3988 3807 4046 divini-

2214 4090 2326 4138 tate
2353 4085 2607 4141 radiaret.

2286 4172 2370 4227 M.
2405 4174 2587 4230 Cuncti
2616 4175 2873 4233 Christum
2897 4181 3333 4247 prwaantiarunt,
3361 4179 3588 4235 maxime
3611 4175 3806 4234 Job.—

2213 4264 2385 4330 Quem
2423 4266 2582 4321 electi
2612 4284 2800 4325 omnes
2840 4270 2966 4324 dum
2995 4270 3135 4326 bene
3174 4271 3407 4327 vivendo
3446 4277 3722 4339 praeeunt,
3754 4274 3806 4323 et

2212 4357 2374 4413 rebus
2414 4368 2470 4413 et
2514 4360 2736 4417 vocibus
2766 4361 3138 4431 prophetando
3178 4363 3568 4435 promiserunt.
3616 4359 3806 4417 Nullus

2211 4452 2411 4508 etenim
2432 4452 2611 4522 justus
2637 4454 2757 4525 fuit,
2789 4457 2881 4527 qui
2907 4473 3016 4515 non
3044 4458 3159 4527 ejus
3189 4473 3285 4529 per
3314 4457 3538 4527 ﬁguram
3586 4457 3805 4512 nuntius
3882 4468 3921 4523 «ξ»

2210 4545 2497 4601 exstiterit.
2519 4547 2741 4617 Dignum
2764 4550 2965 4623 quippe
2985 4559 3105 4607 erat
3127 4560 3187 4606 ut
3206 4552 3259 4606 in
3276 4550 3583 4621 semetipsis
3602 4548 3802 4604 bonum

2209 4653 2399 4695 omnes
2431 4641 2801 4712 ostenderent,
2832 4644 2900 4700 de
2928 4660 3037 4715 quo
3065 4652 3122 4700 et
3146 4659 3336 4701 omnes
3362 4644 3493 4701 boni
3521 4651 3726 4709 essent,
3748 4645 3803 4699 et

502 4731 675 4785 titudo
716 4742 1024 4800 generetur.
1073 4733 1228 4792 Unde
1270 4736 1414 4793 idem
1454 4738 1645 4793 beatus
1673 4736 1776 4793 Job
1814 4738 2101 4808 praefertur
2126 4750 2182 4813 Β
2208 4730 2353 4802 quod
2382 4734 2646 4802 Prodesse
2674 4736 2922 4792 omnibus
2949 4738 3169 4793 scirent.
3209 4734 3361 4793 Unde
3385 4745 3440 4792 et
3468 4737 3587 4792 sine
3614 4748 3799 4792 cessa-

498 4822 650 4892 prius
680 4839 812 4880 voce
848 4826 1046 4895 judicis
1069 4871 1084 4897 ,
1136 4838 1193 4885 et
1219 4841 1344 4902 post
1382 4833 1565 4887 manui
1594 4833 1947 4888 committitur
1976 4841 2097 4888 ten-

496 4917 693 4973 tatoris
724 4934 929 4988 :‘quem
958 4931 1081 4991 post
1111 4921 1383 4993 flagellum
1413 4924 1556 4982 Deus
1584 4925 1714 4981 dum
1742 4940 2097 4981 remunerans

493 5008 813 5066 familiarius
851 5010 1174 5083 alloquitur,
1225 5025 1413 5087 aperte
1454 5024 1716 5087 quantum
1754 5016 1823 5072 de
1866 5017 2097 5072 verbere

494 5104 731 5159 creverit
758 5103 1045 5161 indicatur.
1078 5108 1253 5165 Amici
1282 5126 1413 5181 ergo
1448 5112 1594 5167 beati
1622 5111 1757 5175 .lob,
1798 5110 1928 5165 dum
1968 5126 2094 5181 per-

492 5194 803 5252 cussionum
842 5210 1040 5267 genera
1079 5200 1411 5273 distinguere
1450 5203 1731 5268 nesciunt,
1775 5217 2092 5273 percussum

490 5304 591 5359 pro
616 5290 775 5362 culpa
802 5292 1152 5350 crediderunt
1181 5314 1194 5349 :
1224 5305 1282 5351 et
1300 5297 1426 5351 dum
1458 5295 1626 5350 Deum
1651 5294 1854 5363 justum
1886 5298 1938 5350 in
1969 5312 2095 5367 per—

2212 4825 2359 4881 tione
2386 4828 2628 4897 promitti
2653 4828 2838 4886 debuit
2864 4831 3009 4900 quod
3035 4839 3088 4886 et
3110 4831 3226 4886 sine
3252 4829 3612 4886 aestimatione
3641 4827 3799 4884 daba-

2208 4925 2295 4973 tur
2321 4919 2545 4989 percipi,
2574 4928 2630 4975 et
2653 4921 2770 4976 sine
2796 4922 2904 4977 ﬁne
2931 4923 3180 4989 retineri;
3213 4931 3271 4979 ut
3299 4921 3460 4980 simul
3488 4921 3670 4977 omnia
3696 4933 3798 4975 s2-

2206 5012 2328 5065 cula
2360 5021 2383 5049 ο
2414 5012 2656 5069 dicerent
2679 5015 2807 5086 quid
2833 5016 2887 5071 in
2916 5015 3291 5087 redemptione
3318 5015 3595 5072 communi
3626 5028 3794 5070 siccu—

2206 5104 2384 5159 lorum
2415 5105 2537 5159 linis
2576 5105 2875 5162 exhiberet.
2911 5105 3061 5162 Unde
3089 5116 3147 5163 et
3171 5120 3396 5164 necesse
3420 5104 3517 5160 fuit
3550 5114 3609 5160 ut
3635 5105 3795 5160 etiam

2202 5195 2395 5253 beatus
2415 5194 2541 5266 Job,
2565 5198 2657 5268 qui
2678 5206 2826 5253 tanta
2852 5198 3237 5255 incarnationis
3255 5197 3372 5268 ejus
3392 5198 3653 5270 mysteria
3671 5210 3795 5266 pro.

2198 5291 2340 5358 tulit,
2369 5305 2494 5347 eum
2519 5306 2682 5362 quem
2703 5306 2838 5349 voce
2860 5291 3065 5348 diceret
3088 5307 3155 5347 ex
3182 5290 3599 5348 conversatione
3618 5290 3795 5359 mna-

491 5385 745 5442 cussione
763 5402 862 5443 sua
882 5397 1150 5445 conantur
1170 5403 1440 5459 asserere,
1464 5388 1681 5443 beatum
1706 5386 1809 5445 Job
1825 5390 2090 5461 compulsi
2198 5392 2316 5450 ret;
2376 5392 2430 5439 et
2477 5400 2575 5456 per
2612 5400 2674 5440 ea
2720 5400 2838 5454 quae
2880 5384 3135 5457 pertulit,
3181 5398 3302 5454 quae
3348 5397 3609 5454 passurus
3651 5387 3793 5438 esset
3825 5369 3874 5409 λ’

2200 5545 2466 5616 plcvimus
2491 5561 2559 5601 ex
2588 5544 2714 5616 Mss.
2746 5553 2800 5599 et
2825 5546 2895 5599 al.
2930 5545 3189 5615 Vulgatis.

2216 5614 2220 5631 ί
2269 5625 2294 5654 ο
2342 5615 2441 5671 Ed.
2491 5633 2612 5671 cum
2650 5614 2748 5671 Ms.
2785 5616 3021 5671 Colbert.
3044 5614 3292 5685 aliisque
3320 5614 3631 5684 nonnullis,
3664 5627 3783 5685 size.

2194 5689 2467 5742 discerent.
2497 5686 2837 5743 Prteferimus
2866 5682 3230 5742 dicerentcum
3253 5687 3415 5742 duob.
3444 5682 3662 5754 liberm,
3688 5682 3789 5754 Re

2190 5762 2346 5828 mig.,
2379 5776 2487 5815 uno
2528 5758 2781 5824 Vintloc.,
2818 5756 2978 5812 Corh.
3012 5756 3220 5824 Germ.,
3263 5759 3497 5811 maxime
3538 5752 3660 5811 cum
3718 5752 3783 5807 de

2192 5830 2293 5886 Job
2322 5846 2449 5884 mox
2482 5829 2688 5899 legatur
2713 5847 2724 5881 :
2752 5844 2899 5899 quem
2928 5845 3045 5884 voce
3074 5829 3283 5894 diceret,
3309 5844 3373 5883 ea:
3397 5828 3787 5883 conversatione

2193 5904 2441 5985 signaret.
2461 5902 2577 5968 Quo
2600 5909 2874 5973 postremo
2894 5900 3013 5958 loco
3033 5902 3172 5973 apud
3199 5902 3380 5967 Guss.,
3412 5901 3693 5965 mendose,
3719 5911 3783 5951 ex

2193 5988 2545 6029 converswne.

561 5574 588 5603 ιι
629 5565 719 5642 Sic
744 5578 853 5623 vet.
885 5568 1022 5625 Edit.
1050 5586 1173 5627 cum
1192 5570 1381 5642 Corb.,
1425 5569 1641 5636 Rhem.,
1683 5570 1915 5642 Remig.,
1960 5574 2087 5628 Col-

487 5635 654 5705 bert.,
679 5635 931 5713 German.
960 5658 1023 5697 ac
1045 5642 1182 5713 pler.
1206 5642 1275 5713 In
1290 5635 1505 5713 Eb'roic.
1531 5660 1543 5694 :
1569 5642 1671 5696 Hic
1697 5635 2083 5713 quodpeccavit

488 5714 579 5789 aut
601 5720 842 5779 parentes
867 5711 1202 5789 ejus?_Cocc.
1238 5711 1379 5768 Edit.
1414 5720 1469 5769 et
1497 5728 1610 5782 seq.
1640 5732 1652 5766 :
1684 5711 1811 5777 Quis
1833 5711 2081 5785 peccavit,

493 5776 572 5854 hic
602 5776 694 5854 aut
719 5776 959 5854 parentes
986 5784 1136 5854 ejus?

558 5848 585 5888 δ
616 5848 677 5925 l_n
712 5848 749 5905 2
776 5848 1192 5925 Βὴθω.,’‹1υοι).
1225 5856 1379 5912 Rem.
1407 5866 1462 5912 et
1484 5856 1640 5911 Vind.
1670 5858 1733 5925 2,
1762 5858 1858 5913 Dei
1888 5860 1939 5912 in
1964 5860 2076 5913 illo.

563 5931 585 6005 ξ
609 5920 796 6005 (iussa,
810 5924 877 5975 ad
888 5935 1093 6005 repetet:
1103 5927 1240 5980 dam.
1261 5927 1667 6005 Emendaturhx
1679 5920 1748 5983 al.
1765 5928 1839 5983 Ed
1848 5973 1859 5982 ..
1868 5938 1929 5997 ,et
1950 5929 2076 5987 MSS.

560 5986 587 6026 ά
612 5986 905 6048 Exciderat
943 5986 996 6051 in
1025 5994 1288 6055 Gussanv.
1322 6017 1486 6059 verus.
1520 5986 1693 6066 Quam
1720 5986 1909 6057 vocem
1933 5986 2069 6070 sup-
