4130 6452
363 430 467 484 525

1445 431 1622 486 LIBRI
1660 430 2043 489 MOBALIUM.
2082 463 2152 476 -
2187 432 2572 490 PBIEFATIO.

3541 439 3648 498 520

358 541 694 610 ostenderet;
716 548 977 610 tantoque
990 542 1168 598 verius
1179 543 1600 614 passionisillius
1614 558 1948 604 sacramenta
1976 557 2027 611 Α
2053 551 2389 621 exprimitur,
2419 567 2539 620 quae
2563 551 2844 623 multiplici
2876 553 3150 622 praesentis
3181 553 3304 608 vitae
3334 553 3647 624 fatigatione

357 639 696 710 praeﬁceret,
733 646 936 709 quanto
966 639 1081 694 hare
1107 654 1215 695 non
1253 639 1523 710 loquendo
1553 642 1945 710 tantummodo,

354 730 452 786 sed
475 729 642 786 etiam
685 729 940 800 patiendo
971 731 1339 801 prophetaret.
1367 732 1507 805 Wet.
1537 732 1670 806 XL]
1689 733 1794 790 Sed
1822 735 1946 804 quia

358 820 690 892 Redemptor
739 829 925 878 noster
953 838 1114 878 unam
1160 840 1220 881 se
1265 839 1555 896 personam
1598 842 1722 881 cum
1761 833 1946 882 sancta

354 915 613 985 Ecclesia,
647 926 673 955 ι
703 932 868 988 quam
896 919 1204 990 assumpsit,
1235 920 1506 988 exhibuit;
1538 920 1606 976 de
1643 920 1762 992 ipso
1804 920 1948 976 enim

351 1011 568 1079 dicitur,
588 1009 690 1077 Qui
707 1021 787 1068 est
801 1023 959 1085 caput
975 1014 1208 1069 omnium
1227 1023 1460 1071 nostrum
1484 1013 1702 1086 (Ephes.
1733 1031 1806 1080 Iv,
1833 1013 1945 1084 15);

353 1113 408 1160 et
423 1105 494 1160 de
513 1104 752 1162 Ecclesia
770 1107 890 1176 ejus
912 1108 1174 1178 scriptum
1197 1117 1280 1164 est
1305 1126 1319 1163 :
1350 1107 1549 1180 Corpus
1575 1107 1786 1175 Christi,
1812 1109 1947 1180 quod

351 1202 427 1251 est
455 1194 693 1252 Ecclesia
735 1196 930 1261 (Catos.
959 1216 1009 1269 ι,
1059 1197 1184 1270 24);
1215 1200 1460 1270 quisquis
1497 1215 1622 1256 eum
1669 1201 1724 1256 in
1765 1215 1945 1256 seme-
1978 1256 1989 1268 ,

352 1287 493 1358 tipso
513 1287 800 1360 signiﬁcat,
815 1290 976 1347 modo
997 1292 1139 1348 hunc
1156 1307 1227 1348 ex
1241 1293 1438 1363 capite,
1455 1292 1616 1349 modo
1629 1307 1698 1349 ex
1717 1308 1948 1363 corpore

349 1380 623 1453 designat,
645 1390 706 1438 ut
723 1399 833 1438 non
861 1383 1038 1439 solum
1064 1399 1253 1439 vocem
1281 1384 1503 1454 capitis,
1531 1384 1626 1441 sed
1647 1385 1806 1440 etiam
1827 1398 1942 1440 cor-

351 1473 496 1544 poris
519 1483 721 1531 teneat.
746 1474 904 1532 Unde
921 1485 979 1532 et
998 1477 1161 1533 Isaias
1181 1479 1449 1550 propheta
1471 1478 1712 1548 ejusdem
1732 1476 1945 1534 Domini

347 1567 513 1623 verba
543 1569 872 1640 exprimens,
905 1570 981 1625 ait
1014 1588 1027 1624 :
1061 1568 1225 1635 Quasi
1261 1588 1451 1644 sponso
1480 1573 1654 1643 posuit
1684 1572 1810 1625 mihi
1842 1571 1944 1623 mi-

349 1667 503 1728 tram,
539 1670 590 1715 et
617 1664 765 1732 quasi
792 1678 1039 1734 sponsam
1065 1667 1268 1719 ornauit
1308 1681 1389 1719 me
1425 1672 1729 1719 ornamento
1757 1663 1944 1737 (Isaia:

347 1767 456 1819 LXI,
487 1753 596 1825 10).
631 1754 767 1821 Quia
799 1757 964 1825 igitur
991 1756 1106 1827 ipse
1146 1757 1201 1811 in
1229 1757 1406 1828 capite
1435 1773 1685 1827 sponsus,
1716 1757 1832 1827 ipse
1859 1765 1944 1812 est

346 1845 400 1900 in
427 1861 657 1916 corpore
699 1863 918 1918 sponsa,
952 1861 1176 1904 necesse
1203 1858 1288 1904 est
1314 1857 1374 1904 ut
1401 1864 1524 1904 cum
1554 1864 1939 1918 nonnunquam

2054 645 2342 701 cruciatur.
2389 644 2561 701 Amici
2591 660 2806 715 quoque
2846 647 2962 716 ejus
2990 662 3058 702 ex
3103 647 3366 704 vocabulo
3411 647 3646 705 nominis

2050 736 2302 791 meritum
2330 751 2440 792 suae
2469 736 2710 792 indicant
2738 738 2986 794 actionis.
3018 737 3151 794 Nam
3193 736 3414 810 Eliphaz
3449 737 3644 794 Latina

2052 827 2232 899 lingua
2261 828 2456 884 dicitur
2484 828 2699 886 Domini
2725 839 3084 903 contemptus.
3115 831 3184 885 Et
3210 831 3335 902 quid
3365 831 3510 886 aliud
3537 831 3644 887 hae-

2051 919 2204 976 retici
2232 918 2454 988 faciunt,
2485 920 2588 977 nisi
2630 919 2798 991 quod,
2831 921 2958 976 dum
2984 921 3116 978 falsa
3146 913 3213 977 de
3243 919 3354 977 Deo
3383 920 3640 986 sentiunt,

2050 1028 2172 1069 eum
2201 1014 2565 1084 superbiendo
2594 1016 2992 1087 contemnunt?
3032 1025 3054 1053 ο
3089 999 3292 1070 Baldad
3320 1014 3648 1085 interpreta-

2052 1114 2139 1162 tur
2165 1115 2404 1164 vetustas
2450 1106 2587 1165 sola.
2619 1106 2764 1163 Bene
2790 1115 2971 1163 autem
2998 1121 3185 1162 omnes
3215 1105 3451 1162 haeretici
3481 1104 3535 1158 in
3560 1101 3644 1160 bis

2050 1215 2168 1270 qua:
2188 1199 2256 1256 de
2281 1199 2394 1256 Deo
2415 1199 2730 1270 loquuntur,
2753 1199 2879 1254 dum
2897 1213 3006 1254 non
3029 1197 3325 1254 intentione
3351 1203 3520 1261 recta,
3547 1193 3648 1251 sed

2048 1289 2382 1359 appetitione
2412 1290 2727 1362 temporalis
2747 1288 2931 1362 gloriae
2958 1287 3124 1344 videri
3148 1283 3528 1359 praedicatores
3550 1299 3646 1356 ap-

2047 1388 2261 1451 petunt,
2311 1389 2552 1436 vetustas
2605 1381 2725 1437 sola
2767 1379 3130 1435 nominantur.
3184 1377 3266 1432 Ad
3311 1375 3644 1445 loquendum

2047 1480 2246 1550 quippe
2271 1495 2381 1536 non
2411 1480 2528 1536 zelo
2557 1479 2684 1535 novi
2714 1478 2970 1544 hominis,
3015 1477 3112 1532 sed
3138 1476 3260 1532 vitae
3288 1474 3486 1530 veteris
3514 1487 3643 1543 pra-

2050 1579 2217 1634 vitate
2264 1577 2628 1634 concitantur.
2660 1574 2872 1646 Sophar
2900 1587 3118 1644 quoque
3166 1569 3358 1626 Latino
3389 1580 3644 1650 sermone

2046 1670 2244 1726 dicitur
2273 1668 2554 1740 dissipatio
2583 1667 2840 1739 speculm,
2867 1664 2895 1704 ἀ
2924 1666 3011 1722 vel
3039 1663 3470 1735 speculationem
3493 1659 3642 1716 dissi-

2046 1777 2199 1832 pans.
2240 1759 2449 1816 Montes
2477 1773 2711 1829 namque
2739 1757 2978 1814 ﬁdelium
3007 1755 3075 1812 ad
3099 1753 3514 1826 contemplanda
3543 1767 3640 1810 suo

2045 1870 2212 1926 perna
2232 1870 2292 1911 se
2312 1855 2554 1925 erigunt;
2580 1852 2676 1910 sed
2696 1854 2822 1908 dum
2843 1852 3221 1908 haereticorum
3242 1850 3404 1906 verba
3427 1863 3642 1928 perver-

347 1941 546 2011 aliquid
577 1941 645 1997 de
670 1943 848 2013 capite
882 1942 1108 2010 dicitur,
1139 1943 1342 2000 sensim
1381 1958 1448 1998 ac
1476 1943 1655 1999 subito
1683 1943 1844 1998 etiam
1875 1943 1939 1999 ad
1972 1961 2019 2019 Β
2045 1955 2162 2003 tere
2201 1956 2349 2003 recta
2381 1945 2808 2016 contemplantes
2836 1952 3124 2015 appetunt,
3177 1945 3449 2014 Speculum
3478 1940 3636 1998 dissi-

347 2050 534 2089 vocem
559 2036 804 2105 corporis
831 2035 1131 2104 derivetur;
1161 2044 1217 2092 et
1245 2052 1453 2094 rursum
1475 2051 1596 2092 cum
1619 2036 1686 2092 de
1709 2051 1938 2107 corpore

343 2127 545 2199 aliquid
576 2127 788 2196 dicitur,
817 2139 1042 2200 repente
1067 2131 1135 2186 ad
1162 2146 1351 2187 vocem
1373 2133 1564 2199 capitis
1593 2131 1930 2187 ascendatur.

344 2217 489 2293 [Vet.
518 2217 636 2274 XII
648 2219 686 2291 .]
719 2222 916 2290 Beatus
939 2237 1068 2293 ergo
1089 2221 1190 2280 Job
1211 2225 1420 2279 venturi
1443 2240 1562 2279 cum
1583 2239 1682 2280 suo
1705 2240 1935 2295 corpore

261 2336 310 2394 θ
340 2320 525 2382 typum
570 2309 949 2382 Redemptoris
986 2313 1257 2382 insinuat;
1289 2329 1428 2370 uxor
1454 2330 1584 2370 vero
1611 2315 1763 2385 ejus,
1812 2331 1932 2384 quae

342 2418 462 2458 eum
486 2403 552 2458 ad
583 2404 1008 2460 maledicendum
1031 2415 1308 2476 provocat,
1333 2406 1496 2461 vitam
1518 2407 1812 2462 carnalium
1837 2407 1932 2462 de-

341 2493 547 2563 signat;
577 2495 668 2565 qui
700 2495 840 2550 intra
871 2505 1113 2551 sanctam
1141 2495 1439 2552 Ecclesiam
1462 2498 1779 2554 incorrectis
1808 2513 1928 2554 mo-

340 2585 484 2641 ribus
524 2586 706 2656 positi,
749 2601 857 2657 quo
881 2603 979 2657 per
1006 2587 1164 2642 ﬁdem
1191 2588 1348 2644 bonis
1369 2585 1522 2658 juxta
1551 2598 1698 2659 sunt,
1740 2603 1805 2644 eo
1835 2603 1932 2659 per

341 2680 502 2733 vitam
531 2680 715 2735 durius
737 2690 1023 2751 premunt;
1055 2681 1181 2751 quia
1221 2681 1346 2736 dum
1374 2683 1527 2752 quasi
1557 2682 1743 2738 ﬁdeles
1772 2683 1931 2738 vitari

340 2789 448 2829 non
477 2782 720 2845 possunt,
752 2791 782 2830 a
813 2775 1058 2831 ﬁdelibus
1078 2783 1230 2832 tanto
1251 2775 1509 2844 deterius,
1532 2784 1735 2846 quanto
1764 2784 1818 2832 et
1843 2776 1929 2831 in-

337 2867 505 2924 terius
535 2869 851 2925 tolerantur.

411 2978 495 3035 15.
521 2981 684 3037 Amici
711 2980 809 3037 Job
838 2981 1106 3038 hwrcticos
1133 2981 1462 3036 adumbrant.
1492 3009 1563 3022 —
1592 2979 1763 3037 Amici
1796 2995 1928 3036 vero

339 3073 482 3146 ejus,
513 3076 602 3148 qui
641 3077 766 3132 dum
796 3077 1082 3133 consulunt
1133 3075 1492 3142 invehuntur,
1540 3075 1925 3131 haereticorum

337 3169 558 3239 iiguram
588 3171 920 3241 exprimunt,
952 3171 1043 3240 qui
1073 3169 1172 3225 sub
1201 3169 1380 3240 specie
1423 3169 1736 3224 consulendi
1763 3173 1929 3237 agunt

339 3261 612 3330 negotium
640 3260 952 3315 seducendi.
999 3257 1149 3314 Unde
1180 3267 1234 3314 et
1280 3259 1346 3313 ad
1383 3259 1602 3314 beatum
1640 3257 1742 3313 Job
1772 3257 1925 3327 quasi

2041 2055 2170 2110 pare
2189 2048 2475 2094 conantur.
2496 2038 2643 2111 [Vet.
2667 2035 2717 2090 Χ
2723 2036 2754 2091 Ι
2757 2035 2788 2092 I
2793 2036 2823 2091 1
2831 2034 2869 2106 ,Ἰ
2882 2035 2941 2091 In
2958 2037 3130 2091 tribus
3143 2035 3326 2104 itaque
3337 2035 3636 2090 amicorum

2035 2129 2138 2188 Job
2161 2130 2486 2197 nominibus,
2504 2138 2613 2186 tres
2635 2130 3009 2185 luereticarum
3029 2129 3289 2184 mentium
3315 2126 3635 2198 perditionis

2037 2239 2193 2280 casus
2239 2224 2630 2295 exprimuntur.
2660 2221 2771 2278 Nisi
2814 2223 2957 2278 enim
2987 2221 3155 2276 Deum
3195 2227 3628 2285 contemnerent,

2035 2333 2375 2388 nequaquam
2399 2317 2466 2372 de
2491 2315 2585 2372 illo
2605 2331 2860 2386 perversa
2883 2315 3145 2370 sentirent
3170 2331 3184 2382 ;
3211 2323 3266 2369 et
3295 2313 3395 2368 nisi
3420 2321 3443 2350 ο
3476 2321 3633 2368 vetu-

2034 2402 2190 2468 statis
2217 2426 2313 2467 cor
2352 2410 2652 2476 traherent,
2699 2409 2754 2464 in
2794 2423 2948 2463 novae
2974 2407 3099 2463 vitae
3135 2406 3490 2475 intelligentia
3519 2421 3633 2462 non

2034 2513 2314 2571 errarent;
2350 2501 2368 2541 ῖ
2405 2512 2462 2559 et
2487 2503 2591 2560 nisi
2618 2501 3047 2572 speculationem
3077 2501 3345 2555 bonorum
3380 2499 3628 2554 destrue-

2033 2607 2183 2664 rent,
2230 2612 2569 2668 nequaquam
2601 2611 2697 2651 eos
2742 2609 2975 2665 superna
2998 2591 3202 2662 judicia
3233 2600 3342 2646 tam
3383 2590 3630 2647 districto

2033 2691 2280 2746 examine
2305 2705 2405 2760 pro
2451 2689 2738 2744 verborum
2790 2701 3010 2742 suorum
3044 2684 3202 2754 culpa
3249 2683 3623 2754 reprobareut.

2032 2783 2440 2840 Contemnendo
2467 2784 2628 2855 igitur
2654 2783 2844 2846 Deum,
2875 2781 2928 2835 in
2959 2787 3231 2835 vetustate
3259 2793 3321 2834 se
3343 2777 3577 2833 retinent
3610 2793 3624 2829 :

2031 2877 2126 2934 sed
2171 2877 2226 2932 in
2254 2885 2526 2932 vetustate
2568 2876 2882 2956 retinendo,
2932 2874 3114 2946 pravis
3142 2873 3254 2930 suis
3282 2871 3628 2930 sermonibus

2030 2967 2389 3039 speculationi
2417 2975 2700 3025 rectorum
2730 2975 2948 3024 nocent.

2625 3045 2862 3134 CAPUT:
2883 3076 3018 3132 Vill.

2102 3171 2189 3225 17.
2232 3169 2300 3226 In
2353 3175 2639 3227 amicorum
2676 3170 2774 3225 Job
2803 3168 3229 3225 reconciliatione
3264 3169 3624 3226 hwreticorunt

2029 3266 2290 3320 conversio
2317 3265 2591 3336 ﬁguratur.
2623 3296 2696 3306 —
2717 3263 2851 3330 Quia
2880 3278 3010 3317 vero
3039 3277 3424 3332 nonnunquam
3454 3263 3624 3320 hatre-

337 3368 432 3422 pro
462 3353 692 3408 Domino
722 3352 1032 3422 loquuntur,
1056 3352 1148 3407 sed
1179 3360 1356 3407 tamen
1384 3367 1415 3405 a
1437 3352 1666 3406 Domino
1687 3365 1794 3406 non
1827 3365 1921 3419 ap-
1953 3363 1998 3426 ρ
2033 3359 2122 3413 tici
2144 3358 2335 3412 divinae
2358 3359 2541 3428 gratia:
2564 3358 2811 3426 largitate
2832 3355 3030 3428 perfusi
3054 3357 3120 3411 ad
3142 3357 3404 3412 unitatem
3423 3366 3624 3414 sanctae

337 3445 664 3515 probantur;
687 3447 812 3516 quia
834 3446 1088 3502 videlicet
1109 3461 1295 3502 omnes
1318 3445 1553 3500 hmretici
1578 3444 1764 3511 Deum,
1794 3445 1919 3499 dum

336 3537 620 3595 defendere
658 3541 758 3612 15
790 3541 1054 3605 nituntur,
1089 3538 1386 3595 oﬁendunt.
1433 3539 1588 3595 Unde
1628 3539 1706 3595 eis
1735 3547 1924 3608 aperte

335 3640 385 3687 et
415 3633 482 3688 ab
511 3640 701 3688 eodem
729 3640 918 3690 sancto
945 3633 1059 3688 viro
1089 3633 1284 3689 dicitur
1315 3652 1326 3685 :
1359 3632 1640 3703 Disputare
1669 3649 1782 3686 cum
1811 3631 1923 3686 Deo
1959 3639 1965 3642 '

336 3724 482 3792 cupio
513 3739 530 3778 :
561 3724 704 3793 prius
733 3740 817 3776 vos
867 3723 1139 3777 ostendens
1172 3723 1508 3793 fabricatores
1550 3723 1828 3791 mendacii,
1874 3731 1925 3777 et

335 3816 553 3870 cultores
575 3833 670 3884 per
681 3831 941 3870 versarunt
966 3816 1260 3886 dogmatum
1281 3813 1398 3885 (Job
1422 3832 1534 3881 xm,
1561 3817 1593 3869 5
1614 3826 1662 3869 ει
1682 3815 1761 3884 4).
1783 3815 1927 3870 Gon-

335 3915 441 3963 stat
489 3923 618 3978 ergo
650 3925 741 3964 eos
787 3909 1165 3964 haereticorum
1216 3916 1399 3980 typum
1443 3909 1673 3965 errando
1714 3923 1920 3979 gerere,

335 4017 468 4072 quos
510 4009 728 4057 sanctus
755 4002 837 4055 vir
866 4001 1137 4070 redarguit
1165 4001 1329 4056 cultui
1373 4016 1754 4071 perversorum
1787 4001 1923 4071 dog-

336 4100 536 4148 matum
568 4093 857 4149 deservire.
891 4092 1042 4166 [Rea
1081 4091 1238 4165 γη]
1268 4093 1452 4149 Omnis
1484 4111 1611 4150 vero
1643 4095 1924 4152 haereticus

336 4184 385 4238 in
416 4200 481 4239 eo
539 4185 682 4254 quod
713 4185 879 4240 Deum
922 4186 1208 4242 defendere
1237 4187 1494 4256 cernitur,
1542 4184 1752 4243 veritati
1782 4189 1924 4244 illius

335 4277 665 4343 adversatur,
692 4275 972 4334 Psalmista
995 4287 1304 4348 attestante,
1329 4281 1420 4350 qui
1442 4282 1516 4335 ait
1545 4299 1558 4334 :
1593 4280 1661 4336 Ut
1686 4283 1922 4338 destruas

336 4367 612 4423 inimicum
640 4376 688 4423 et
738 4369 1059 4442 defensorem
1104 4371 1330 4444 (Psalm.
1378 4389 1498 4438 vm,
1543 4373 1620 4445 5).
1672 4373 1924 4432 Inimicus

336 4464 530 4535 quippe
559 4473 614 4520 et
634 4463 885 4523 defensor
913 4477 1013 4535 est,
1043 4467 1070 4506 ι)
1098 4469 1189 4541 qui
1211 4469 1378 4526 Deum
1408 4487 1516 4542 quo
1537 4473 1793 4544 praedicat
1824 4474 1922 4529 im-

337 4566 554 4629 pugnat.

936 4631 1166 4689 CAPUT
1195 4634 1306 4690 VII.

2032 3451 2285 3508 Ecclesiae
2314 3453 2561 3515 redeunt,
2592 3452 2729 3508 bene
2761 3453 2865 3506 hoc
2908 3451 3025 3521 ipsa
3051 3452 3346 3507 amicorum
3375 3450 3622 3507 reconci-

2027 3546 2248 3602 liatione
2277 3548 2538 3616 signatur.
2571 3544 2676 3601 Pro
2706 3545 2901 3616 quibus
2930 3555 3110 3601 tamen
3140 3546 3330 3602 beatus
3358 3545 3458 3601 Job
3488 3560 3621 3601 exo-

2026 3656 2148 3694 rare
2178 3639 2506 3710 praccipitur,
2550 3639 2676 3709 quia
2707 3640 3082 3696 htereticorum
3108 3641 3371 3697 sacriﬁcia
3395 3647 3624 3709 accepta

2029 3733 2138 3788 Deo
2166 3749 2284 3788 esse
2309 3740 2603 3804 nequeunt,
2634 3733 2735 3789 nisi
2775 3749 2873 3804 pro
2916 3734 2995 3789 eis
3017 3734 3336 3789 universalis
3364 3732 3621 3788 Ecclesiae

2029 3825 2275 3882 manibus
2304 3824 2627 3891 oﬁerantur;
2660 3832 2719 3880 ut
2741 3824 2858 3894 ejus
2884 3825 3090 3881 meritis
3111 3825 3408 3880 remedium
3431 3824 3621 3881 salutis

2029 3913 2322 3982 inveniant,
2355 3932 2516 3986 quam
2547 3916 2832 3972 verborum
2857 3917 3052 3987 jaculis
3074 3915 3436 3987 impugnando
3463 3914 3622 3972 ferie‘

2027 4011 2178 4065 bant.
2213 4008 2363 4066 Unde
2393 4019 2448 4066 et
2478 4017 2685 4082 septem
2726 4027 2823 4082 pro
2851 4012 2928 4067 eis
2958 4010 3221 4066 sacriﬁcia
3247 4016 3622 4070 memorantur

2028 4101 2207 4156 oblata
2231 4119 2245 4169 ;
2277 4104 2400 4172 quia
2429 4103 2556 4160 dum
2587 4103 2914 4176 septiformis
2940 4103 3127 4173 gratia:
3156 4102 3414 4174 Spiritum
3444 4100 3619 4157 conﬁ-

2028 4205 2201 4252 tentes
2223 4199 2509 4268 accipiunt,
2533 4199 2682 4268 quasi
2707 4207 2915 4270 septem
2929 4197 3291 4253 oblationibus
3311 4196 3618 4268 expiantur.

2029 4291 2166 4347 Hinc
2192 4300 2275 4347 est
2301 4293 2444 4362 quod
2469 4294 2522 4348 in
2550 4291 2774 4348 Joannis
2803 4293 3128 4364 Apocalypsi
3159 4307 3256 4362 per
3277 4299 3483 4363 septem
3511 4287 3620 4343 Ec-

2029 4385 2314 4441 clesiarum
2357 4402 2639 4442 numerum
2678 4386 3001 4442 universalis
3031 4384 3267 4442 Ecclesia
3312 4384 3622 4452 designatur

2028 4481 2211 4552 (Apoc.
2235 4498 2272 4546 1,
2300 4481 2412 4552 ll).
2436 4480 2572 4536 Hinc
2602 4497 2700 4551 per
2725 4480 3074 4535 Salomonem
3103 4479 3169 4534 de
3191 4477 3466 4547 Sapientia
3487 4473 3622 4530 dici-

2027 4581 2141 4627 tur:
2168 4571 2445 4644 Sapientia
2467 4572 2742 4643 wdiﬁcavit
2765 4570 2862 4626 sibi
2888 4572 3114 4636 domum,
3138 4567 3330 4624 excidit
3350 4566 3618 4621 columnas

2029 4675 2221 4735 septem
2247 4665 2428 4734 (Prov.
2457 4682 2532 4732 ut,
2558 4664 2634 4733 l).
2663 4664 2786 4736 Ipso
2813 4678 2942 4735 ergo
2971 4660 3361 4720 sacriﬁciorum
3392 4672 3620 4714 numero

405 4742 489 4797 iii.
524 4741 837 4798 Nominibus
867 4746 972 4798 suis
996 4744 1093 4799 Job
1117 4743 1394 4814 Christum,
1429 4750 1583 4803 amici
1612 4750 1724 4815 eius
1754 4751 1917 4805 ha’re-
1954 4766 2002 4825 D
2030 4757 2367 4812 reconciliati
2410 4757 2671 4823 hmretici,
2703 4756 2831 4826 quid
2873 4757 2975 4828 ιθ
3007 4755 3155 4826 prius
3201 4753 3400 4810 fuerim
3440 4751 3621 4823 εχρι-ί.

336 4839 460 4892 ticos
491 4838 810 4910 signiﬁcant.
836 4868 907 4880 —
933 4837 1064 4892 Nam
1087 4839 1212 4908 quia
1242 4842 1430 4897 beatus
1458 4842 1560 4898 Job
1589 4845 1798 4899 venturi
1827 4845 1925 4900 Re-

336 4930 635 5001 demptoris
656 4932 892 5002 speciem
913 4941 1112 4998 teneat,
1138 4934 1298 4989 etiam
1324 4938 1542 4992 nomine
1566 4937 1920 4994 demonstrat.

335 5020 435 5076 Joh
479 5023 678 5094 quippe
717 5025 1106 5095 interpretatur
1143 5025 1346 5082 dolens.
1381 5029 1498 5094 Quo
1548 5030 1799 5086 nimirum
1827 5032 1924 5088 do-

336 5115 471 5185 lore,
495 5116 582 5172 vel
602 5116 910 5174 Mediatoris
937 5118 1138 5188 passio,
1166 5119 1253 5174 vel
1279 5128 1478 5176 sanctae
1498 5122 1753 5178 Ecclesia:
1772 5124 1926 5183 labor

409 5304 430 5368 ξι
461 5293 646 5368 garb,
679 5313 831 5366 quant
863 5299 1100 5368 sumpsit.
1475 5359 1478 5361 _

407 5351 433 5439 ίξ
478 5351 705 5439 Cocci'us'
756 5351 933 5439 quem
968 5351 1137 5424 secuti
1188 5377 1312 5423 sunt
1359 5359 1686 5439 posteriores
1735 5387 1922 5430 omnes

337 5433 474 5513 Edit.
507 5438 667 5513 nullis
690 5433 814 5494 Mss.
841 5441 1253 5513 praelucentibus
1273 5459 1288 5513 ς
1309 5433 1406 5504 Qui
1431 5440 1596 5494 Deum
1622 5459 1772 5512 quem
1789 5461 1920 5513 pra:-

337 5507 477 5583 tiicat
503 5509 726 5583 moribus
750 5507 1036 5583 impugnat.
1069 5511 1211 5566 Sane
1242 5512 1328 5567 hic
1358 5513 1423 5568 de
1453 5507 1722 5583 corruptis
1751 5507 1920 5569 mori-

335 5578 437 5636 bus
467 5596 573 5635 non
604 5581 796 5654 agitur,
824 5578 916 5654 Sed
946 5583 1014 5638 de
1043 5584 1182 5637 mala
1212 5584 1424 5638 illorum
1450 5584 1551 5639 ﬁde
1579 5578 1666 5652 qui
1700 5586 1921 5654 speciem

332 5661 528 5725 gerunt
556 5652 878 5720 consulendi,
911 5663 958 5706 et
982 5665 1142 5724 agunt
1166 5673 1227 5708 ne
1265 5655 1423 5708 otium
1454 5652 1753 5710 seducendi.

412 5735 434 5763 ο
470 5722 685 5779 Rhem..
720 5722 951 5779 notuit!”
997 5725 1173 5779 Colb..
1211 5674 1425 5779 ﬂuidae.
1450 5727 1638 5779 (2min-
1671 5726 1753 5779 But

412 5735 434 5763 ο
473 5730 683 5768 “Imm”
723 5730 948 5768 “mnia-
997 5730 1146 5768 (Inlh,
1217 5730 1406 5768 Hnldnr
1450 5730 1556 5768 (inv-

412 5735 434 5763 ο
470 5726 685 5788 Rhem.,
721 5726 951 5792 llemig.,
997 5726 1173 5791 Colb.,
1211 5726 1425 5780 Buldac.
1450 5727 1639 5797 Corb.,
1671 5726 1920 5797 Buldach,

405 5793 616 5873 {unus
645 5793 860 5860 Rhem,
896 5811 1029 5873 unus
1061 5795 1264 5873 nemig.
1285 5799 1523 5873 etiieg,’
1545 5803 1623 5864 υει
1640 5799 1919 5870 speculam.

334 5867 370 5920 2
399 5867 621 5942 Vindo_c_.
654 5852 937 5942 utramque
959 5852 1246 5942 lectionem
1262 5852 1523 5942 exhibeat:

410 5949 432 5976 ε’
460 5936 540 6022 ita
566 5934 697 6022 MSS:
741 5934 974 6022 Bello},
1002 5937 1331 6022 Compendi,
1364 5934 1523 6022 coegi,"
1546 6010 1560 6022 _
1607 5945 1818 6022 Eb_ro_i_c.
1857 5943 1878 5995 l
1907 5986 1921 6010 ,

339 6009 546 6078 llclnig.
564 6008 585 6062 1
601 6048 615 6076 ,
635 6008 851 6077 Rhem.,
876 6007 1126 6065 German.
1143 6007 1399 6075 Proxime
1418 6007 1634 6114 ςλξᾷδᾈίι
1664 6007 1920 6082 Colliert.,

2027 4857 2201 4916 munt,
2230 4849 2322 4919 qui
2352 4848 2669 4919 perfectioni
2696 4847 3025 4920 septiformis
3053 4846 3238 4918 gratia:
3266 4861 3374 4903 non
3398 4845 3502 4902 nisi
3526 4859 3618 4901 re-

2029 4943 2243 4999 deundo
2267 4943 2584 5013 junguntur.

2099 5036 2185 5091 l8.
2220 5035 2438 5090 Illorum
2460 5037 2738 5091 mactanda
2763 5037 3025 5107 superbia,
3052 5046 3110 5090 ut
3139 5036 3390 5092 Ecclesia:
3411 5035 3504 5091 hoc
3533 5050 3620 5088 sa.

2027 5131 2226 5202 cii/icio
2255 5129 2612 5186 restituantur.
2642 5163 2713 5175 -—
2740 5129 2888 5187 Bene
2917 5138 3098 5188 autem
3133 5138 3320 5187 tauros
3351 5145 3451 5201 pro
3480 5143 3539 5186 se
3566 5134 3620 5184 et
3677 5182 3685 5193 ,

2026 5309 2079 5380 in
2101 5323 2210 5380 quo
2232 5306 2792 5380 mendose,vetustati_s
2810 5307 3196 5380 contraherent.
3221 5306 3292 5380 In_
3303 5321 3411 5360 uno
3432 5304 3617 5380 _Be_g_._:
3694 5307 3700 5312 ’

2033 5373 2313 5434 νεῖιιειαιὶδ
2344 5373 2521 5434 vitium
2571 5376 2966 5442 contraherent;
2997 5377 3050 5431 in
3095 5378 3214 5444 alt.,
3249 5377 3389 5432 sicut
3430 5375 3490 5430 iu‘
3516 5374 3616 5430 Ed.
3711 5373 3716 5416 ἶ

2025 5450 2266 5505 Barthol.
2311 5469 2323 5504 :
2379 5451 2670 5503 Vetustates
2719 5447 3098 5502 contraherent.
3143 5445 3284 5503 Utic.
3336 5455 3620 5516 utramque

2026 5521 2150 5576 lect.
2166 5522 2398 5590 przel‘ert,
2417 5520 2681 5575 vetustatis
2704 5536 2792 5574 cor
2815 5519 3096 5590 traherent,
3119 5527 3174 5572 et
3195 5526 3616 5590 vetustatesicon-

2029 5588 2312 5645 traherent.
2357 5592 2412 5646 ln
2443 5592 2541 5646 Ed.
2575 5590 2740 5646 Basil.
2787 5588 2944 5654 1514,
2972 5599 3026 5644 et
3053 5589 3171 5643 aliis
3213 5603 3353 5657 seq.,
3385 5589 3489 5642 nisi
3517 5598 3615 5643 vet.

2029 5679 2200 5734 prava
2217 5663 2369 5718 verba
2399 5665 2532 5716 elate
2560 5661 2810 5734 loquendo
2829 5660 3219 5734 contraherent.

2107 5731 2124 5770 τ
2153 5732 2279 5786 Mss.
2313 5747 2452 5803 pene
2492 5729 2680 5789 omnes
2708 5734 2785 5788 sic
2827 5731 3114 5802 legendum
3145 5732 3378 5803 docent.
3402 5729 3619 5803 vulgati

2028 5802 2360 5872 antiquiores
2381 5805 2749 5861 consentiunt.
2779 5803 2944 5860 Gilot.
2972 5818 3102 5858 vero
3133 5811 3187 5858 et
3221 5817 3336 5871 seq.
3370 5802 3572 5858 habent
3598 5820 3616 5870 ;

2029 5874 2096 5928 Et
2126 5875 2226 5950 nisi
2252 5877 2304 5930 in
2328 5894 2417 5932 se.
2451 5918 2463 5932 .
2497 5917 2509 5931 .
2549 5877 2688 5932 destr
2718 5918 2731 5933 .
2769 5919 2780 5932 .
2815 5919 2827 5932 .
2860 5918 2872 5932 .
2903 5891 3124 5950 superna
3147 5873 3352 5946 justitia
3387 5915 3399 5929 .
3434 5915 3446 5928 .
3487 5916 3498 5929 .
3534 5892 3604 5929 re.

2028 5946 2286 6015 probaret.
