4130 6494
576 417 681 472 527

1787 418 2031 473 SANCTI
2070 416 2392 473 GREGOIlll
2435 416 2649 472 MAGNI

3756 398 3847 453 528

573 528 771 582 arietes
798 526 1056 582 ootulisse
1072 525 1467 582 describuntur.
1489 524 1550 580 In
1575 534 1730 583 tauro
1757 528 1956 599 quippe
1980 528 2159 584 cervix
2189 532 2237 591 Α
2264 530 2571 595 verborum,
2615 524 2815 597 duplici
2858 522 3296 580 remuneratione
3335 522 3685 589 sublevatur;
3731 524 3845 594 quia

568 617 856 687 superbiae,
872 617 926 672 in
951 616 1119 673 ariete
1137 625 1318 673 autem
1335 618 1557 673 ducatus
1578 632 1797 689 gregum
1816 621 2155 690 sequentium

568 709 897 779 designatur.
929 708 1069 775 Quid
1114 717 1198 765 est
1225 722 1354 780 ergo
1378 725 1478 781 pro
1507 710 1585 766 eis
1620 719 1805 767 tauros
1852 712 2158 781 arietesque

566 808 833 869 mactare,
860 800 963 855 nisi
992 816 1182 857 eorum
1207 800 1501 871 superbum
1529 802 1783 857 ducatum
1811 803 2154 870 interlicere;

541 891 720 976 .ut.de
748 905 809 947 se
836 890 1060 946 humilia
1084 893 1343 959 sentiant,
1375 900 1431 946 et
1457 900 1579 962 post
1606 908 1666 948 se
1694 894 1859 949 corda
1892 894 2156 949 innocen-

563 986 698 1040 tium
722 985 1145 1043 non‘seducant?
1165 985 1391 1043 Cervice
1410 989 1554 1043 enim
1577 989 1804 1043 tumenti
1824 990 1890 1043 ab
1904 987 2156 1044 Ecclesiae

561 1074 773 1131 unitate
800 1075 1126 1144 resilierant,
1150 1085 1206 1133 et
1230 1078 1474 1134 inﬁrmos
1501 1088 1626 1149 post
1652 1093 1711 1134 se
1738 1080 1966 1149 populos
2002 1079 2157 1149 quasi

560 1175 851 1234 sequentes
872 1181 1062 1237 greges
1082 1170 1387 1225 trahebant.
1414 1169 1646 1225 Veniant
1669 1170 1830 1240 igitur
1849 1171 1915 1224 ad
1938 1171 2153 1226 beatum

557 1254 681 1324 Joh,
716 1258 769 1313 id
797 1268 901 1327 est,
932 1268 1277 1317 revertantur
1305 1261 1374 1317 ad
1404 1261 1728 1329 Ecclesiam,
1759 1271 1815 1319 et
1846 1263 2153 1333 septenario

557 1349 826 1407 sacriﬁcio
856 1358 1044 1407 tauros
1072 1361 1129 1407 et
1156 1353 1355 1410 arietes
1382 1355 1701 1411 mactandos
1724 1353 1979 1421 oﬁerant;
2010 1364 2035 1392 α
2062 1356 2152 1425 qui

557 1450 617 1495 ut
638 1442 931 1499 universali
952 1442 1207 1500 Ecclesiae
1226 1446 1643 1517 conjungantur,
1669 1447 1973 1502 humilitate
1994 1448 2157 1503 inter-

557 1530 811 1586 veniente
847 1530 1174 1588 interﬁciant
1210 1536 1467 1605 quidquid
1494 1536 1644 1607 prius
1684 1536 1946 1591 tumidum
1970 1537 2037 1593 de
2064 1552 2155 1593 su-

556 1623 725 1693 perbo
752 1623 950 1680 ducatu
974 1626 1277 1696 sapiebant.

1177 1716 1406 1773 CAPUT
1442 1718 1533 1774 IX.

625 1804 710 1860 19.
745 1807 1028 1879 Superbus,
1057 1811 1173 1865 licet
1201 1820 1335 1865 recte
1359 1813 1605 1880 sentiens,
1631 1813 1999 1884 increpandus.
2034 1814 2148 1879 Qua

2258 621 2509 674 nimirum
2537 627 2724 674 sancta
2751 616 3013 682 Ecclesia,
3039 615 3213 671 adhuc
3234 615 3398 671 etiam
3426 614 3481 670 in
3506 615 3607 669 hac
3630 616 3740 669 vita
3759 631 3848 686 po-

2255 713 2380 776 sita,
2414 728 2512 781 pro
2541 710 2817 767 laboribus
2856 724 2993 779 quos
3018 709 3268 776 sustinet,
3299 707 3532 778 duplicia
3564 718 3589 746 °
3631 723 3841 763 munera

2256 804 2476 873 recipit;
2508 819 2629 859 cum
2661 803 2927 873 susceptis
2952 800 3112 871 plene
3140 800 3411 871 gentibus,
3449 800 3511 873 in
3532 799 3642 855 ﬁne
3671 801 3841 856 mundi

2254 872 2558 947 Judmorum
2606 893 2770 947 etiam
2801 872 2870 946 ad
2898 906 2958 948 se
2998 891 3163 947 corda
3206 872 3667 947 convertit.'Hinc
3705 892 3843 946 enim

2256 985 2518 1055 scriptum
2539 992 2622 1039 est
2648 1003 2659 1037 :
2692 983 2872 1038 Donec
2895 983 3159 1051 plenitudo
3187 983 3414 1053 gentium
3440 983 3685 1049 intraret,
3710 990 3757 1035 et
3778 984 3843 1036 sic

2255 1079 2422 1132 omnis
2454 1077 2626 1132 Israel
2660 1077 2830 1131 salvus
2858 1077 3008 1147 ﬁeret
3054 1074 3235 1148 (Rom.
3262 1091 3338 1142 ιι,
3366 1074 3481 1146 25).
3532 1074 3772 1145 Duplicia
3795 1084 3843 1130 et

2255 1171 2597 1242 postmodum
2652 1168 2878 1238 recipiet
2925 1185 2937 1222 :
2981 1168 3108 1237 quia
3145 1167 3297 1222 ﬁnito
3342 1167 3530 1222 labore
3570 1165 3843 1236 praesentis

2254 1261 2530 1331 temporis,
2548 1275 2653 1315 non
2677 1259 2850 1315 solum
2874 1259 2941 1314 ad
2959 1259 3261 1313 animarum
3280 1256 3553 1327 gaudium,
3572 1257 3668 1312 sed
3687 1257 3843 1311 etiam

2256 1352 2322 1407 ad
2353 1352 2744 1407 beatitudinem
2772 1366 3063 1422 corporum
3101 1350 3367 1406 ascendit.
3400 1349 3555 1411 Unde
3583 1350 3725 1405 bene
3752 1366 3843 1420 per

2253 1444 2577 1515 prophetam
2600 1444 2793 1499 dicitur
2826 1462 2839 1496 :
2874 1443 2942 1497 In
2970 1451 3110 1497 terra
3134 1459 3230 1497 sua
3260 1442 3491 1513 duplicia
3517 1439 3841 1513 possidebunt

2254 1533 2414 1605 (Isai.
2446 1551 2556 1599 LXI,
2596 1534 2676 1606 7).
2703 1533 2887 1589 Sancti
2914 1534 3113 1604 quippe
3139 1534 3194 1588 in
3236 1542 3381 1589 terra
3420 1533 3718 1589 viventium
3746 1532 3842 1587 du-

2253 1625 2411 1696 plicia
2435 1624 2734 1696 possident,
2764 1624 2891 1693 quia
2921 1624 3174 1679 nimirum
3201 1623 3535 1678 beatitudine
3556 1623 3754 1678 mentis
3775 1623 3842 1677 si-

2254 1715 2365 1770 mul
2388 1726 2442 1770 et
2462 1714 2707 1785 corporis
2726 1714 2980 1784 gaudent.
3007 1713 3160 1770 Unde
3171 1713 3407 1770 Joannes
3428 1714 3480 1769 in
3503 1713 3841 1785 Apocalypsi,

2219 1879 2227 1888 ,
2252 1810 2377 1880 quia
2421 1817 2547 1864 ante
2576 1808 3031 1864 resurrectionem
3083 1822 3372 1877 corporum
3399 1807 3695 1861 clamantes
3722 1820 3840 1862 san-

554 1898 757 1952 ratione
784 1915 890 1953 non
916 1900 1115 1971 indiget
1141 1902 1605 1972 sacriﬁcia—Per
1642 1902 1797 1959 Heliu
1826 1915 2023 1973 autem,
2053 1906 2145 1977 qui
2177 1916 2224 1977 Β
2250 1913 2461 1960 ctorum
2499 1902 2704 1957 animas
2747 1902 2899 1965 vidit,
2944 1901 3221 1970 accepisse
3266 1915 3358 1955 eas
3404 1900 3571 1955 stolas
3609 1899 3840 1967 singulas

553 1990 714 2048 rectis
741 1991 959 2061 quidem
992 1995 1235 2049 sensibus
1260 1994 1519 2064 loquitur,
1552 1996 1649 2051 sed
1677 1996 1743 2051 ad
1767 1998 1929 2053 stulta
1959 1999 2148 2054 elatio-

551 2083 632 2138 nis
660 2083 825 2138 verba
854 2083 1149 2152 derivatur,
1177 2100 1409 2156 persona
1447 2086 1865 2157 uniuscujusque
1893 2103 2151 2158 arrogan-

550 2175 617 2231 tis
634 2176 973 2246 exprimitur.
997 2176 1147 2232 Multi
1171 2178 1561 2248 namqueintra
1583 2190 1826 2233 sanctam
1848 2178 2147 2236 Ecclesiam

550 2269 729 2336 positi,
754 2277 904 2325 recta
927 2284 1047 2338 quae
1070 2270 1287 2341 sapiunt
1316 2278 1464 2325 recte
1489 2272 1734 2339 proferre
1771 2280 2144 2327 contemnunt.

550 2361 707 2418 Unde
730 2370 787 2420 et
811 2364 1006 2418 divinae
1029 2364 1415 2436 increpationis
1443 2364 1622 2419 verbis
1645 2364 1906 2433 arguitur,
1940 2380 2042 2422 nec
2062 2374 2144 2420 ta-

548 2470 673 2511 men
701 2472 800 2526 pro
826 2456 920 2512 illo
942 2456 1272 2513 sacriﬁcium
1292 2456 1547 2523 offertur;
1575 2457 1702 2527 quia
1732 2456 1906 2513 ﬁdelis
1926 2459 2143 2528 quidem

547 2560 647 2617 est,
678 2552 775 2607 sed
804 2565 983 2610 tamen
1017 2565 1279 2622 arrogans
1312 2569 1325 2603 :
1358 2566 1457 2622 per
1481 2551 1769 2608 veritatem
1810 2551 2145 2610 credulitatis

547 2644 688 2701 intus
713 2647 932 2720 esttsed
957 2661 1057 2718 per
1076 2645 1306 2702 tumoris
1323 2644 1406 2702 sui
1427 2644 1768 2701 obstaculum
1796 2646 2144 2720 acceptabilis

546 2754 655 2795 non
683 2745 786 2796 est.
814 2718 954 2796 Iliae
982 2753 1112 2808 ergo
1140 2738 1442 2809 increpatio
1471 2737 1776 2809 redarguit,
1807 2738 1901 2794 sed
1929 2718 2140 2794 sacriﬁ-

544 2831 685 2887 cium
714 2846 821 2887 non
849 2830 1095 2897 reducit;
1122 2830 1249 2900 quia
1277 2829 1333 2884 in
1362 2844 1427 2884 ea
1451 2812 1669 2899 quidem
1700 2829 1805 2885 ﬁde
1842 2838 1927 2884 est
1953 2829 2007 2884 in
2033 2844 2139 2900 qua

544 2936 665 2978 esse
693 2922 894 2989 debuit,
926 2921 1021 2979 sed
1047 2915 1283 2993 superna
1310 2921 1458 2977 hunc
1477 2919 1685 2991 justitia
1723 2921 2009 2992 increpans
2039 2937 2138 2992 pro

542 3014 820 3087 superﬂuis
838 3015 1073 3088 repellit.
1094 3014 1246 3071 Unde
1267 3022 1322 3071 et
1339 3014 1480 3070 bene
1498 3011 1654 3069 Heliu
1669 3013 1862 3069 Latino
1887 3029 2138 3070 sermone

541 3107 759 3177 dicitur,
788 3108 931 3165 Deus
971 3122 1128 3164 meus
1149 3108 1273 3174 iste,
1302 3108 1391 3163 vel
1413 3106 1440 3145 ι)
1468 3107 1612 3161 Deus
1650 3105 1932 3161 Dominus.
1966 3106 2135 3160 Arro-

538 3209 727 3269 gantes
764 3202 906 3257 enim
948 3199 1050 3256 viri
1080 3200 1224 3256 intra
1262 3207 1507 3256 sanctam
1535 3197 1857 3267 Ecclesiam,
1888 3198 2134 3268 quamvis

2250 1994 2478 2064 aspexit,
2506 1993 2723 2049 dicens:
2757 1990 2825 2045 Et
2848 1991 2987 2045 data:
3009 1998 3129 2045 sunt
3155 1991 3259 2044 illis
3281 1989 3499 2061 singula:
3521 1989 3670 2044 stola:
3689 1989 3834 2053 alba’,

2250 2094 2300 2138 et
2329 2085 2523 2138 dictum
2553 2093 2629 2138 est
2665 2083 2793 2150 illis,
2824 2090 2882 2135 ut
2910 2082 3282 2151 requiescerent
3315 2090 3510 2148 tempus
3545 2081 3643 2149 l7
3675 2079 3835 2131 adhuc

2249 2176 2523 2241 modicum,
2566 2175 2729 2229 donec
2764 2172 3066 2241 impleretur
3108 2188 3351 2226 numerus
3394 2187 3751 2225 conservorum
3792 2179 3838 2223 et

2249 2273 2473 2342 fratrum
2500 2285 2675 2324 eorum
2706 2268 2891 2338 (Apoc.
2922 2282 2995 2331 γι,
3016 2264 3129 2336 11).
3162 2262 3189 2301 ά
3215 2264 3357 2320 Ante
3388 2266 3835 2320 resurrectionem

2246 2363 2448 2433 quippe
2472 2362 2642 2418 stolas
2671 2360 2907 2429 singulas
2933 2358 3213 2428 accepisse
3237 2357 3365 2413 dicti
3393 2365 3538 2425 sunt,
3568 2357 3693 2427 quia
3724 2356 3834 2413 sola

2246 2453 2420 2509 adhuc
2439 2452 2636 2507 mentis
2656 2449 2987 2506 beatitudine
3015 2447 3384 2518 perfruuntur.
3416 2448 3577 2503 Binas
3597 2461 3727 2517 ergo
3748 2462 3834 2503 ac-

2245 2547 2453 2618 cepturi
2472 2561 2534 2601 su
2545 2554 2614 2610 nt,
2641 2544 2858 2614 quando
2880 2558 3005 2597 cum
3031 2541 3333 2597 animarum
3356 2541 3598 2612 perfecto
3619 2541 3830 2612 gaudio,

2244 2640 2407 2695 etiam
2436 2651 2724 2707 corporum
2758 2634 3164 2704 incorruptione
3193 2632 3511 2687 vestientur.

2313 2750 2403 2805 21.
2432 2750 2654 2821 Aﬂlictio
2685 2748 2765 2802 hic
2791 2756 2964 2814 certa;
2989 2756 3235 2818 quantum
3263 2746 3517 2800 duratura
3548 2747 3634 2811 sit,
3667 2750 3831 2801 incer-

2245 2853 2371 2896 tum.
2395 2874 2466 2885 --
2494 2839 2665 2895 Recte
2693 2848 2875 2893 autem
2906 2837 3127 2893 amictio
3156 2838 3375 2908 quidem
3402 2837 3545 2892 beati
3566 2835 3669 2892 Job
3700 2837 3827 2893 dici-

2244 2944 2330 2990 tur
2366 2933 2461 2990 sed
2510 2931 2781 3004 quantitas
2803 2930 3064 3001 temporis
3094 2930 3147 2984 in
3176 2929 3292 2999 ejus
3317 2930 3609 2988 aﬂliclione
3633 2930 3828 2986 retice-

2241 3033 2362 3092 tur;
2392 3025 2517 3094 quia
2544 3031 2745 3078 sanctae
2774 3020 3025 3077 Ecclesia:
3054 3022 3107 3077 in
3139 3022 3241 3077 hac
3266 3022 3379 3076 vita
3406 3021 3682 3077 tribulatio
3709 3037 3827 3076 cer-

2240 3120 2403 3184 nitur,
2424 3117 2515 3173 sed
2538 3124 2738 3187 quanto
2765 3115 2851 3171 hic
2872 3122 3117 3186 tempore
3139 3117 3468 3173 conterenda
3491 3128 3653 3187 atque
3680 3116 3829 3173 diﬁ‘e—

2237 3209 2404 3265 renda
2441 3208 2529 3274 sit,
2572 3210 2867 3276 ignoratur.
2902 3206 3055 3261 Unde
3085 3215 3140 3262 et
3168 3223 3263 3263 ore
3308 3208 3562 3264 Veritatis
3590 3209 3779 3263 dicitur
3810 3226 3824 3260 :

539 3290 707 3347 Deum
736 3291 878 3349 elate
906 3292 1135 3348 vivendo
1164 3291 1457 3360 refugiunt,
1488 3306 1613 3346 eum
1643 3298 1827 3347 tamen
1854 3291 2127 3347 veraciter
2163 3307 2205 3369 ρ
2238 3299 2363 3357 Non
2383 3308 2458 3354 est
2484 3305 2882 3356 uestrumnosse
2904 3306 3157 3366 tempora,
3180 3301 3257 3351 vel
3286 3307 3566 3363 momenta,
3596 3300 3697 3369 18
3718 3313 3827 3369 qua:

539 3381 812 3436 credendo
834 3381 1180 3436 conﬁtentur.
1208 3380 1346 3448 Quid
1375 3392 1459 3437 est
1473 3382 1638 3451 enim,
1667 3381 1809 3438 Deus
1836 3396 1989 3437 meus
2010 3382 2129 3449 iste,

538 3473 759 3529 nomine
788 3473 987 3541 dicere,
1018 3473 1123 3529 nisi
1143 3488 1287 3541 eum,
1320 3474 1406 3529 cui
1431 3474 1682 3541 credidit,
1716 3483 1903 3545 aperta
1925 3476 2131 3547 profes-

539 3564 694 3619 sione
732 3564 1078 3619 monstrare?
1116 3563 1204 3619 vel
1240 3564 1369 3634 quid
1396 3572 1498 3631 est,
1528 3564 1701 3620 Deum
1738 3565 2025 3622 Dominum
2052 3566 2135 3622 di-

539 3666 683 3719 cere,
712 3652 815 3710 nisi
850 3653 995 3710 hunc
1015 3662 1070 3709 et
1101 3653 1270 3710 Deum
1297 3669 1396 3725 per
1421 3655 1758 3711 divinitatem
1783 3657 2044 3722 credere,
2077 3664 2133 3713 et

539 3743 822 3804 Dominum
852 3760 921 3803 ex
949 3746 1323 3803 incarnatione
1348 3746 1635 3817 perhibere
1656 3749 1682 3803 ?

980 3838 1211 3896 CAPUT
1236 3838 1305 3895 Χ.
1333 3838 1481 3914 [γει.
1504 3838 1594 3895 XI
1608 3840 1693 3913 v.1

604 3930 696 3989 20.
724 3932 827 3989 Job
861 3933 1090 4006 duplicia
1114 3933 1367 4005 recipiens
1408 3934 1533 4002 quid
1558 3936 1855 4006 prwsignet.
1905 3935 2129 3991 Sancto-

534 4040 650 4078 rum
674 4032 794 4079 ante
811 4026 1240 4080 resurrectionem
1260 4042 1367 4080 una
1391 4024 1675 4092 beatitudo;
1704 4036 1819 4096 post
1844 4027 2129 4098 duplex.—

533 4110 680 4169 Bene
699 4122 879 4170 autem
899 4125 1024 4184 post
1038 4115 1234 4171 damna
1244 4131 1451 4182 rerum,
1470 4125 1595 4187 post
1616 4117 1804 4172 funera
1818 4118 2125 4188 pignorum,

535 4215 658 4274 post
699 4204 974 4262 cruciatus
999 4207 1303 4273 vulnerum,
1334 4216 1459 4277 post
1488 4208 1783 4263 certamina
1816 4224 2129 4281 pugnasque

608 4356 638 4420 'l_
665 4346 693 4399 1
725 4345 938 4420 Βγθιηὶε.
964 4363 978 4401 :
1004 4344 1140 4411 Quia
1159 4357 1217 4401 ut
1249 4387 1263 4401 .
1300 4388 1313 4402 .
1348 4386 1361 4401 .
1396 4348 1799 4420 conjungantur,
1830 4366 2033 4406 necesse
2051 4360 2128 4407 est

535 4428 591 4470 ut
618 4418 928 4473 humilitate.
1594 4418 1605 4420 ἡ
1886 4430 1891 4437 ‘

606 4488 631 4526 δ
656 4488 818 4559 Apud
859 4488 1140 4557 Barthol.,
1171 4487 1399 4557 Remh.,
1438 4488 1599 4557 Coc.,
1630 4498 1687 4546 et
1726 4492 1782 4547 in
1828 4491 1929 4548 Ed.
1958 4492 2120 4549 Basil.

536 4556 694 4620 1514,
712 4556 814 4616 ἰιίο
840 4559 1055 4615 additur
1081 4556 1241 4614 meus.

608 4640 629 4667 ο
661 4628 927 4686 Omissam
962 4631 1017 4685 in
1045 4629 1144 4686 Ed.
1179 4629 1350 4685 Vatic.
1382 4639 1440 4687 et
1480 4632 1743 4689 Gussanv.
1776 4648 1967 4690 vocem
2003 4652 2121 4689 mu-

2238 3392 2401 3447 Pater
2424 3390 2595 3461 posuit
2615 3390 2671 3442 in
2697 3405 2791 3442 sua
2814 3397 3065 3459 potestate
3084 3389 3219 3461 (Act.
3249 3404 3286 3455 ι,
3320 3389 3399 3459 7).
3428 3388 3531 3444 Per
3550 3390 3655 3445 hoc
3676 3406 3824 3458 ergo,

2236 3487 2381 3558 quod
2420 3484 2563 3540 beati
2592 3482 2695 3539 Job
2723 3484 2905 3554 passio
2936 3483 3152 3551 dicitur,
3196 3484 3454 3540 docemur
3480 3485 3624 3554 quod
3666 3500 3828 3555 expe-

2235 3579 2423 3636 riendo
2464 3576 2733 3632 novimus.
2776 3575 2881 3631 Per
2908 3577 3012 3631 hoc
3037 3590 3168 3631 vero
3206 3576 3349 3647 quod
3381 3578 3654 3647 quantitas
3693 3586 3827 3632 tem-

2234 3672 2380 3746 poris
2400 3672 2455 3727 in
2482 3670 2734 3743 passione
2753 3668 3038 3734 reticetur,
3061 3667 3321 3725 docemur
3346 3668 3474 3740 quid
3501 3668 3711 3725 nescire
3731 3667 3827 3724 de-

2232 3768 2478 3824 beamus.

2301 3858 2362 3914 ln
2389 3857 2608 3926 longum
2630 3852 2961 3929 prmfationis
2981 3852 3145 3907 verba
3173 3853 3561 3923 protraximus,
3590 3862 3650 3908 ut
3670 3857 3824 3923 quasi

2232 3956 2407 4006 totum
2456 3947 2695 4002 breviter
2722 3942 3134 4016 perstringendo
3164 3943 3531 4013 loqueremur.
3562 3944 3669 3999 Sed
3699 3946 3822 4015 quia

2231 4041 2299 4098 ad
2328 4038 2585 4110 loquendi
2614 4037 2849 4105 initium,
2879 4035 2970 4090 diu
2998 4035 3289 4104 loquendo,
3320 4040 3684 4108 pervenimus,
3724 4037 3823 4093 de-

2230 4134 2421 4191 bemus
2464 4131 2615 4202 prius
2658 4128 2895 4183 historia:
2936 4125 3170 4181 radicem
3210 4127 3409 4197 ﬁgere.
3455 4138 3514 4183 ut
3549 4129 3824 4186 valeamus

2228 4232 2469 4282 mentem
2493 4219 2837 4294 postmodum
2881 4216 2947 4273 de
2974 4216 3353 4287 allegoriarum
3380 4218 3557 4277 fructu
3600 4220 3821 4275 satiare.

2232 4369 2375 4418 nera,
2406 4345 2740 4405 restituimus
2785 4358 2866 4418 ex__
2881 4340 3006 4395 Mss.
3040 4342 3515 4418 «antiquioribus
3556 4341 3820 4410 Vulgatis.

2300 4425 2326 4461 ά
2362 4411 2559 4476 ἰοουε
2597 4422 2789 4472 notatu
2817 4413 3007 4482 dignus
3047 4411 3115 4466 ad
3144 4413 3474 4482 probandam
3511 4424 3819 4468 sanctorum

2233 4491 2657 4554 beatitudinem,
2690 4498 2815 4541 ante
2856 4483 3048 4553 judicii
3074 4485 3297 4539 extremi
3329 4485 3493 4540 diem.
3525 4482 3617 4539 Sic
3645 4483 3823 4553 expli-

2228 4574 2355 4623 cant
2382 4565 2526 4619 hunc
2555 4559 2724 4631 Apoc.
2756 4559 2937 4614 locum
2963 4555 3268 4615 Bernardus
3299 4563 3355 4612 et
3379 4555 3470 4611 alii
3498 4570 3605 4611 non
3635 4554 3817 4625 pauci.

532 4710 3800 4757 Μ

1693 4817 1723 4856 ³
1762 4820 2127 4982 ﬁeri:
2196 4809 2687 4991 prima.

1504 5054 1789 5119 LIBROS
1830 5054 2183 5132 QUINQUE
2224 5047 2818 5118 COMPLECTENS.

1806 5172 2540 5198 *-

1761 5250 2056 5332 LIBER
2148 5250 2566 5329 PRIMUS.

607 5393 852 5477 Capitis
904 5391 1097 5474 primi
1150 5390 1303 5457 libri
1351 5394 1476 5459 Job
1528 5396 1778 5476 priores
1835 5412 2051 5477 versus
2100 5394 2392 5477 primum
2429 5393 2760 5470 historico,
2816 5390 3039 5457 deinde
3074 5389 3450 5471 allegorica,
3490 5398 3825 5472 postremo

1769 5474 1999 5537 morali
2032 5472 2216 5535 sensu
2241 5472 2569 5552 explanat.

1041 5668 1270 5725 CAPUT
1298 5663 1591 5721 PRIMUM.

594 5764 760 5820 Vsus.
787 5762 841 5818 1.
862 5790 937 5803 -
966 5762 1057 5816 Vir
1077 5771 1191 5815 erat
1210 5764 1265 5815 in
1289 5768 1427 5812 terra
1448 5756 1501 5810 Η
1506 5774 1588 5824 us,
1619 5760 1823 5813 nomine
1849 5757 1971 5815 Job.

525 5856 847 5911 llts'rontcus
883 5851 1197 5908 mensus—1
1214 5892 1226 5903 .
1259 5849 1357 5902 Job
1380 5847 1513 5901 inter
1534 5849 1697 5904 malos
1718 5851 1878 5906 bonus
1895 5852 2105 5918 dicitur,

2140 5671 2195 5732 1)
2219 5668 2355 5741 quod
2377 5684 2580 5722 summa
2602 5668 2718 5723 laus
2737 5656 3124 5724 esti—Idcirco
3144 5677 3365 5724 sanctus
3382 5668 3467 5725 vir
3490 5670 3583 5726 ubi
3602 5669 3823 5729 habita~

2218 5759 2359 5815 verit
2386 5758 2601 5824 dicitur,
2627 5766 2687 5814 ut
2701 5757 3078 5830 ejusmeritum
3096 5759 3313 5817 virtutis
3330 5761 3683 5832 exprimatur.
3698 5760 3819 5830 [ius

2212 5865 2446 5920 namque
2460 5849 2581 5915 quis
2591 5850 2799 5907 nesciat
2810 5849 2952 5921 quod
2964 5850 3034 5906 sit
3047 5858 3189 5907 terra
3205 5852 3514 5922 gentilium?
3527 5851 3659 5909 Gem
3669 5853 3821 5910 ititas

600 5980 625 6008 λ
664 5967 723 6024 In
753 5965 882 6023 Mss.
911 5966 998 6019 hic
1019 5964 1202 6019 titulus
1230 5959 1462 6019 occurrit
1490 5961 1748 6018 :Moralia
1774 5964 1905 6019 beati
1926 5964 2163 6037 Gregorii
2194 5983 2282 6037 per
2308 5964 2794 6036 contemplationem
2828 5973 3055 6035 surnpta.
3087 5966 3145 6022 In
3173 5966 3333 6026 Corb.
3370 5967 3635 6025 omittitur
3648 5966 3812 6024 beati.
