4130 6452
379 452 485 510 529

1331 454 1685 517 MORALIUM
1721 458 1853 518 ΗΒ.
1892 461 1937 521 Ι.
1974 461 2147 519 -ιιΝ
2185 462 2339 520 CAP.
2381 463 2403 520 Ι
2441 465 2503 521 Β.
2544 465 2686 522 JOB.

3560 470 3668 529 550

379 585 563 632 autem
590 587 658 631 eo
679 573 911 645 obligata
931 573 1076 631 vitiis
1101 575 1329 644 exstitit,
1355 591 1465 647 quo
1492 576 1854 647 cognitionem
1883 578 1968 634 sui
1993 583 2045 642 Α
2072 580 2218 636 ditur
2243 582 2383 651 (Act.
2415 599 2472 648 ιι,
2500 583 2556 650 ’5)
2591 600 2606 637 :
2638 583 2764 654 quia
2788 582 3095 655 quicunque
3120 583 3213 641 illo
3240 584 3386 655 pleni
3414 593 3559 653 sunt,
3587 587 3669 645 sic

380 668 677 725 conditoris
718 669 1003 738 ignoravit.
1037 669 1257 725 Dicatur
1281 670 1464 741 itaque
1500 672 1593 727 ubi
1622 672 1965 741 habitaverit,

382 770 445 818 ut
466 760 572 817 hoc
599 760 717 830 ejus
743 759 991 817 laudibus
1020 758 1286 831 proﬁciat,
1317 762 1461 832 quod
1486 763 1662 819 bonus
1688 763 1830 819 inter
1856 780 1969 818 ma-

380 854 464 911 los
495 854 615 910 fuit.
646 854 832 924 Neque
863 854 1006 911 enim
1032 854 1189 911 valde
1217 854 1481 911 laudabile
1507 865 1591 912 est
1618 856 1821 913 bonum
1849 872 1971 915 esse

379 963 501 1006 cum
543 947 733 1016 bonis,
782 947 878 1003 sed
907 949 1108 1004 bonum
1136 963 1258 1005 esse
1283 962 1407 1004 cum
1441 949 1619 1006 malis.
1650 948 1803 1007 Sicut
1825 951 1967 1007 enim

379 1040 645 1111 gravioris
667 1040 840 1111 culpae
862 1048 966 1107 est,
988 1040 1130 1096 inter
1150 1042 1325 1097 bonos
1347 1042 1548 1097 bonum
1570 1056 1678 1098 non
1703 1057 1824 1098 esse
1849 1059 1863 1109 ;
1894 1042 1968 1096 ita

380 1132 626 1189 immensi
654 1141 739 1188 est
762 1134 1035 1203 praeconii,
1066 1135 1268 1189 bonum
1298 1134 1462 1189 etiam
1506 1134 1647 1189 inter
1675 1134 1846 1190 malos
1874 1149 1968 1190 ex-

375 1225 596 1281 stitisse.
624 1225 758 1281 llinc
781 1233 862 1281 est
890 1224 1033 1294 quod
1054 1225 1222 1281 isdem
1250 1227 1439 1282 beatus
1458 1224 1561 1282 Job
1584 1225 1801 1282 sibimet
1828 1234 1968 1281 atte-

374 1325 569 1386 statur,
602 1318 789 1374 dicens
822 1336 836 1372 :
867 1316 1060 1373 Frater
1107 1320 1183 1389 {ui
1212 1319 1516 1385 draconum,
1545 1328 1595 1373 et
1619 1320 1789 1373 socius
1830 1329 1968 1372 stru-

372 1409 609 1464 thionum
653 1407 798 1479 (Job.
829 1426 931 1465 xxx
959 1453 975 1478 ,
1016 1407 1131 1480 29).
1183 1409 1317 1465 Hinc
1356 1407 1548 1466 Petrus
1575 1411 1782 1480 magnis
1827 1409 1967 1465 Loth

373 1500 622 1558 laudibus
642 1501 854 1569 extulit,
878 1501 1023 1573 quod
1052 1501 1254 1557 bonum
1282 1502 1426 1558 inter
1453 1504 1715 1573 reprobos
1736 1501 1965 1569 invenit,

373 1593 560 1647 dicens
608 1609 622 1644 :
666 1590 734 1645 Et
779 1592 981 1663 justum
1021 1590 1156 1647 Loth
1204 1609 1507 1663 oppressum
1546 1610 1579 1646 a
1622 1592 1967 1663 nefandorum

376 1693 400 1721 ~'-
424 1684 622 1754 injusta
645 1683 1034 1739 conversatione
1054 1685 1263 1755 eripuit.
1296 1684 1520 1754 Aspectu
1548 1684 1687 1738 enim
1714 1691 1763 1737 et
1784 1682 1963 1736 auditu

371 1778 536 1849 justus
564 1785 696 1842 erat,
730 1775 970 1830 habitans
997 1777 1137 1847 apud
1163 1793 1272 1845 eos,
1301 1777 1389 1847 qui
1411 1776 1474 1831 de
1502 1777 1586 1830 die
1608 1778 1663 1830 in
1686 1777 1823 1830 diem
1845 1775 1962 1828 ani-

370 1887 507 1923 mam
524 1870 656 1941 justi
677 1869 867 1941 iniquis
890 1867 1126 1940 operibus
1143 1869 1444 1924 cruciabant
1467 1868 1555 1941 (II
1577 1869 1693 1924 Pet.
1721 1886 1777 1937 ιι,
1804 1869 1857 1937 7,
1881 1867 1983 1952 8)..

2075 673 2471 728 mansuetudini
2488 673 2845 743 simplicitatis
2860 675 3178 742 inserviunt,
3192 682 3253 731 ut
3271 684 3461 731 contra
3480 676 3668 747 culpas

2070 761 2498 831 delinquentium
2527 763 2691 818 etiam
2735 764 2854 821 zelo
2900 765 3237 822 rectitudinis
3278 764 3667 824 accendantur.

2071 852 2325 923 Sequitur
2352 872 2365 906 :

2692 945 2923 1003 CAPUT
2944 948 3033 1005 Ill.

2141 1039 2267 1095 luto.
2300 1069 2369 1078 —
2393 1038 2609 1094 Timens
2637 1038 2823 1107 Deum,
2856 1050 2906 1095 et
2932 1042 3176 1097 recedens
3204 1060 3237 1097 a
3264 1042 3425 1099 malo.

2143 1132 2197 1186 5.
2231 1131 2394 1186 Deum
2426 1133 2607 1187 timere
2644 1133 2766 1202 quid
2816 1134 2905 1187 sit.
2954 1133 3103 1189 Bona
3132 1135 3287 1189 malis
3315 1134 3544 1190 admista
3572 1150 3665 1189 re-

2070 1224 2373 1296 probantur.
2404 1256 2476 1267 —
2518 1224 2685 1279 Deum
2719 1224 2908 1289 timere
2935 1232 3018 1281 est
3058 1225 3225 1292 nulla,
3253 1240 3373 1295 quae
3416 1225 3663 1282 facienda

2068 1324 2195 1372 sunt
2220 1316 2361 1371 bona
2384 1316 2681 1385 praeterire.
2719 1313 2871 1370 Unde
2898 1331 2997 1387 per
3044 1315 3394 1372 Salomonem
3426 1318 3623 1374 dicitur
3647 1334 3663 1371 :

2072 1405 2175 1472 Qui
2221 1408 2388 1462 Deum
2437 1410 2600 1474 timet,
2634 1409 2767 1462 nihil
2806 1409 3019 1481 negligit
3052 1407 3254 1480 (Eccle.
3276 1424 3372 1478 v11,
3413 1408 3525 1479 19).
3556 1409 3665 1465 Sed

2068 1501 2194 1571 quia
2233 1500 2476 1556 nonnulli
2506 1500 2586 1555 sic
2614 1500 2757 1555 bona
2785 1500 3032 1571 quaedam
3075 1501 3301 1565 faciunt,
3335 1510 3395 1555 ut
3422 1508 3607 1558 tamen
3633 1518 3664 1559 a

2068 1593 2387 1666 quibusdam
2428 1594 2583 1649 malis
2614 1592 2836 1648 minime
2859 1594 3281 1663 suspendantur,
3329 1595 3472 1651 bene
3517 1603 3666 1664 post-

2068 1701 2230 1757 quam
2261 1699 2459 1741 ttmens
2488 1684 2660 1741 Deum
2690 1685 2908 1752 dicitur,
2940 1686 3201 1743 recedens
3219 1700 3440 1757 quoque
3466 1701 3497 1741 a
3518 1686 3665 1743 malo

2065 1777 2403 1849 perhibetur.
2437 1775 2714 1847 Scriptum
2736 1776 2937 1846 quippe
2964 1784 3050 1830 est
3080 1794 3094 1829 :
3119 1776 3340 1831 Declina
3365 1792 3396 1830 a
3422 1776 3587 1840 malo,
3616 1784 3665 1829 et

2060 1872 2151 1943 {ac
2181 1870 2371 1924 bonum
2401 1867 2576 1940 (Psal.
2617 1883 2797 1933 xxxvi,
2830 1866 2947 1937 27).
2978 1867 3164 1937 Neque
3208 1867 3353 1923 enim
3382 1868 3527 1922 bona
3553 1866 3665 1922 Deo

369 1959 469 2027 Qui
501 1962 754 2016 nimirum
780 1961 1008 2017 cruciari
1035 1977 1145 2017 non
1174 1970 1377 2033 posset,
1409 1962 1510 2017 nisi
1539 1977 1705 2033 prava
1736 1962 1960 2035 propin-
1989 1963 2040 2025 B
2065 1969 2288 2031 accepta
2312 1970 2457 2025 sunt,
2494 1964 2595 2033 19
2623 1976 2743 2031 quae
2766 1969 2895 2016 ante
2915 1958 3032 2029 ejus
3061 1960 3251 2016 oculos
3271 1960 3540 2015 malorum
3565 1959 3664 2014 ad-

368 2065 598 2120 quorum
643 2064 809 2121 opera
857 2058 914 2104 et
959 2051 1191 2118 audiret,
1250 2062 1307 2107 et
1350 2060 1621 2107 cerneret.
1668 2052 1734 2107 Et
1780 2063 1960 2114 tamen

368 2150 592 2212 aspectu
614 2151 670 2197 et
695 2141 878 2197 auditu
895 2142 1075 2212 justus
1099 2142 1314 2210 dicitur,
1342 2143 1467 2213 quia
1493 2144 1801 2215 iniquorum
1827 2149 1958 2217 vita,

369 2250 476 2290 non
523 2233 840 2291 delectando
883 2234 1014 2303 justi
1062 2249 1222 2290 aures
1273 2242 1438 2305 atque
1485 2226 1689 2303 oculos,
1745 2238 1840 2294 sed
1881 2240 1963 2296 fe-

367 2325 555 2382 riendo
584 2324 611 2364 b
650 2327 926 2394 tangebat.
972 2325 1109 2382 Hinc
1137 2325 1335 2381 Paulus
1372 2327 1648 2396 discipulis
1685 2329 1818 2385 dicit
1847 2349 1859 2384 :
1891 2331 1960 2387 In

368 2416 536 2472 medio
578 2417 804 2471 nationis
848 2433 1021 2488 pravae
1048 2427 1097 2471 et
1138 2433 1412 2488 perversis,
1444 2419 1582 2472 inter
1608 2436 1734 2491 quos
1780 2420 1960 2478 lucetis

367 2511 496 2563 sicut
522 2509 803 2563 luminaria
831 2509 888 2563 in
914 2509 1105 2564 mundo
1142 2508 1362 2581 (Philip.
1401 2526 1460 2577 ιι,
1494 2508 1607 2582 15).
1639 2512 1775 2570 Hinc
1809 2526 1830 2553 ο
1862 2531 1961 2570 an-

366 2605 489 2676 gelo
530 2603 778 2674 Pergami
805 2604 1047 2661 ecclesiae
1075 2604 1273 2660 dicitur
1302 2622 1316 2658 :
1348 2604 1473 2659 Scio
1501 2604 1588 2659 ubi
1617 2606 1841 2676 habitas,
1872 2608 1960 2665 ubi

366 2696 511 2753 sedes
531 2706 606 2753 est
636 2697 883 2761 Satanaz;
902 2706 952 2751 et
968 2705 1108 2751 tenes
1126 2713 1312 2751 nomen
1340 2714 1527 2765 meum,
1561 2707 1610 2753 et
1630 2717 1734 2755 non
1758 2704 1960 2773 negasti

368 2790 525 2861 ﬁdem
549 2806 713 2844 meam
726 2789 907 2861 (Apoc.
932 2806 992 2857 ιι,
1014 2788 1128 2861 1⁸5).
1154 2789 1289 2845 llinc
1309 2800 1494 2846 sancta
1514 2790 1753 2848 Ecclesia
1775 2795 1959 2864 sponsi

367 2897 501 2940 voce
520 2883 787 2949 laudatur,
805 2897 929 2938 cum
948 2882 1000 2937 ei
1022 2882 1075 2937 in
1099 2884 1298 2938 amoris
1317 2881 1543 2939 Cantico
1559 2883 1753 2939 dicitur
1778 2903 1790 2938 :
1812 2886 1961 2941 Sicut

367 2975 531 3030 litium
558 2975 694 3028 inter
714 2975 914 3045 spinas,
938 2974 1012 3027 sic
1034 2975 1203 3028 amica
1236 2990 1349 3028 mea
1371 2976 1509 3029 inter
1526 2974 1668 3045 ﬁlias
1700 2975 1873 3047 (Cant.
1899 2993 1956 3047 tt,

367 3065 445 3135 2).
478 3065 621 3122 Bene
639 3066 991 3137 ergo.beatus
1010 3064 1131 3131 Job,
1162 3077 1458 3122 memorata
1482 3075 1628 3123 terra
1649 3069 1852 3137 gentili,
1879 3070 1960 3124 in-

368 3169 452 3216 ter
477 3160 686 3229 iniquos
712 3159 912 3218 vixisse
938 3159 1295 3226 describitur;
1326 3169 1405 3227 ut,
1433 3160 1585 3230 juxta
1615 3164 1797 3232 sponsi
1825 3179 1954 3233 prte-

369 3253 599 3319 couium,
624 3253 765 3309 inter
784 3252 967 3323 spinas
984 3253 1151 3309 lilium
1170 3256 1405 3311 crevisse
1428 3263 1779 3313 monstretur.
1804 3254 1957 3314 Unde

365 3358 514 3407 recte
542 3365 670 3405 mox
695 3348 942 3405 subditur
972 3367 987 3403 :
1368 3422 1375 3429 ς

992 3437 1220 3495 CAPUT
1248 3439 1314 3495 ll.

432 3532 559 3589 Iern.
590 3562 664 3575 -—-
690 3533 945 3605 Simplex,
974 3541 1024 3587 et
1050 3542 1238 3588 rectus.

430 3624 484 3679 2.
513 3625 611 3681 Job
642 3625 948 3696 simplicitas
974 3634 1024 3679 et
1051 3624 1324 3680 rectitudo.
1371 3624 1602 3698 Utraque
1636 3630 1952 3683 necessaria.

362 3750 433 3763 —
476 3716 727 3773 Nonnulli
758 3731 989 3787 namque
1030 3717 1105 3771 ita
1150 3724 1277 3771 sunt
1315 3717 1615 3786 simplices,
1648 3727 1708 3772 ut
1748 3728 1957 3775 rectum

362 3808 494 3881 quid
544 3808 613 3862 sit
653 3806 922 3876 ignorent.
968 3805 1076 3861 Sed
1118 3822 1185 3861 eo
1213 3822 1355 3861 verae
1398 3808 1759 3877 simplicitatis
1800 3810 1957 3864 inno-

362 3900 595 3957 centiam
623 3898 899 3964 deserunt,
932 3913 1041 3968 quo
1070 3896 1140 3951 ad
1182 3898 1439 3953 virtutem
1480 3899 1819 3955 rectitudinis
1847 3916 1958 3957 non

362 3998 680 4060 assurgunt;
708 3988 835 4059 quia
859 3987 988 4042 dum
1013 3988 1159 4042 cauti
1180 4002 1300 4043 esse
1323 4003 1421 4059 per
1450 3989 1827 4045 rectitudinem
1857 4006 1957 4047 ne-

361 4084 555 4146 sciunt,
584 4094 924 4152 nequaquam
963 4079 1280 4135 innocentes
1309 4079 1601 4149 persistere
1628 4096 1727 4151 per
1750 4082 1957 4153 simpli-

363 4178 576 4233 citatem
604 4180 848 4246 possunt.
876 4171 1011 4228 Hinc
1036 4179 1119 4227 est
1145 4170 1292 4240 quod
1322 4170 1520 4227 Paulus
1542 4172 1836 4243 discipulos
1864 4174 1958 4229 ad-

364 4277 546 4324 monet
578 4267 764 4322 dicens
798 4282 811 4319 :
852 4263 979 4319 Volo
1000 4279 1089 4320 vos
1118 4263 1373 4332 sapientes
1415 4280 1525 4318 esse
1550 4265 1606 4318 in
1647 4264 1800 4329 bona,
1832 4266 1959 4319 sim-

363 4361 516 4430 plices
557 4368 727 4412 autent
770 4357 823 4411 in
852 4356 990 4410 malo
1033 4354 1211 4427 (Rom.
1265 4371 1378 4422 xvr,
1412 4354 1524 4425 i9).
1570 4355 1704 4410 Hinc
1743 4371 1957 4410 rursum

363 4452 487 4508 dicit
518 4469 532 4505 :
567 4448 747 4505 Nolite
776 4449 923 4520 pueri
952 4448 1083 4518 efﬁci
1112 4448 1372 4517 sensibus,
1397 4448 1488 4502 sed
1518 4448 1723 4502 malitia
1755 4449 1959 4516 parvuli

363 4555 519 4601 estote
566 4542 620 4618 (Ι
644 4543 763 4597 Cor.
797 4558 907 4605 xiv,
940 4540 1053 4611 20).
1090 4541 1223 4596 Hinc
1246 4556 1346 4611 per
1366 4541 1714 4611 semetipsam
1742 4541 1958 4597 Veritas

364 4636 633 4706 discipulis
680 4633 951 4705 praecipit,
1000 4631 1184 4687 dicens
1221 4650 1231 4685 :
1278 4632 1458 4688 Estote
1502 4634 1783 4704 prudentes
1825 4634 1959 4688 sicut

2066 2052 2320 2109 mistione
2347 2052 2711 2107 maculantur.
2746 2050 2886 2107 Hinc
2913 2065 3145 2121 namque
3185 2067 3284 2121 per
3312 2052 3664 2106 Salomonem

2062 2144 2305 2201 dicitur:
2360 2142 2461 2208 Qui
2502 2144 2555 2197 in
2598 2159 2701 2196 uno
2752 2142 3054 2212 oﬂenderit,
3098 2143 3262 2196 multa
3302 2143 3436 2197 bona
3484 2144 3664 2213 perdet

2064 2234 2265 2307 (Eccle.
2285 2252 2360 2302 ix,
2381 2234 2495 2303 18).
2523 2235 2658 2289 llinc
2674 2232 2699 2271 ἀ
2719 2233 2950 2289 Jacobus
2971 2242 3259 2289 attestatur
3279 2233 3466 2291 dicens
3490 2251 3504 2288 :
3534 2233 3664 2298 Qui-

2061 2345 2261 2398 cunque
2289 2337 2449 2383 totam
2477 2330 2639 2399 legem
2670 2328 2967 2393 servaverit,
2992 2326 3223 2397 o/fendnt
3252 2337 3423 2382 autem
3450 2329 3506 2381 in
3533 2344 3661 2398 uno,

2063 2423 2232 2493 factus
2258 2428 2334 2475 est
2355 2421 2587 2475 omnium
2612 2436 2728 2473 reus
2758 2418 2979 2489 (lamin,
3014 2418 3124 2488 10).
3160 2419 3298 2474 llinc
3321 2418 3522 2476 Paulus
3544 2422 3619 2477 ait
3644 2439 3658 2476 :

2061 2513 2329 2569 Modicum
2346 2516 2653 2585 fermentum
2699 2522 2858 2567 totam
2886 2528 3113 2566 massam
3144 2514 3427 2583 corrumpit
3457 2511 3511 2583 (1
3535 2513 3659 2571 Cor.

2062 2623 2124 2672 v,
2178 2605 2255 2677 6).
2296 2606 2440 2677 [νει.
2474 2604 2621 2677 ΙΙΙ.)
2653 2604 2849 2660 Beatus
2874 2604 3036 2673 igitur
3064 2604 3165 2659 Job
3188 2645 3201 2671 ,
3233 2614 3294 2659 ut
3344 2606 3664 2662 ostendatur

2059 2714 2223 2770 quam
2278 2699 2509 2754 mundus
2551 2699 2606 2753 in
2644 2698 2804 2753 bonis
2833 2699 3075 2766 exstitit,
3121 2698 3354 2754 solerter
3392 2699 3663 2758 indicatur

2059 2804 2224 2859 quam
2262 2788 2469 2843 alienus
2498 2804 2529 2842 a
2562 2787 2719 2842 malis
2744 2787 2861 2843 fuit.

2133 2880 2185 2935 4.
2216 2878 2319 2934 Cur
2346 2881 2557 2934 virtutes
2579 2878 2678 2933 Job
2704 2878 2767 2932 ab
2795 2879 3012 2935 exordio
3042 2878 3423 2935 describantur.
3446 2913 3518 2923 —
3543 2881 3661 2938 Mos

2060 2988 2191 3030 vero
2219 2987 2340 3028 esse
2377 2972 2715 3026 narrantium
2745 2971 2903 3037 solet,
2938 2980 2998 3027 ut
3026 2988 3148 3027 cum
3180 2973 3439 3043 palaestrae
3477 2983 3658 3030 certa-

2061 3082 2187 3123 men
2217 3064 2513 3133 insinuant,
2542 3064 2691 3134 prius
2721 3064 3040 3119 luctantium
3079 3064 3323 3120 membra
3350 3066 3660 3125 describant

2059 3174 2224 3230 quam
2269 3158 2437 3212 latum
2476 3156 2821 3225 validumque
2864 3157 2933 3211 sit
2975 3165 3191 3227 pectus,
3239 3174 3400 3227 quam
3442 3174 3659 3227 sanum,

2061 3266 2224 3321 quam
2245 3249 2391 3320 pleni
2415 3255 2659 3303 tumeant
2682 3248 2889 3313 lacerti,
2908 3263 3069 3317 quam
3102 3250 3497 3322 subterpositus
3527 3268 3663 3307 ven-

1980 3352 2027 3414 c
2061 3353 2143 3399 ter
2171 3358 2273 3398 nec
2310 3343 2453 3397 mole
2481 3348 2693 3410 gravet,
2734 3357 2835 3397 nec
2863 3343 3253 3399 extenuatione
3291 3344 3570 3411 debilitet;
3604 3353 3664 3400 ut

2058 3451 2180 3492 cum
2209 3434 2361 3506 prius
2403 3442 2558 3504 aptos
2598 3434 2882 3488 certamini
2922 3443 3071 3489 artus
3115 3436 3484 3503 ostenderint,
3534 3446 3665 3494 tunc

2058 3528 2274 3584 demum
2299 3540 2508 3595 magna:
2547 3525 2877 3580 lortitudinis
2918 3525 3055 3581 ictus
3084 3535 3328 3582 narrent.
3362 3525 3500 3594 Quia
3530 3541 3660 3596 ergo

2058 3620 2260 3676 athleta
2310 3628 2496 3674 noster
2538 3628 2728 3674 contra
2773 3618 3048 3673 diabolum
3101 3620 3279 3675 fuerat
3333 3629 3658 3685 certaturus,

2059 3712 2213 3781 quasi
2240 3719 2366 3765 ante
2393 3725 2570 3764 arenae
2597 3709 2967 3779 spectaculum
2985 3751 2998 3773 ,
3028 3724 3195 3765 sacrae
3224 3711 3456 3780 scriptor
3480 3712 3658 3767 histo-

2059 3806 2153 3860 riae
2176 3806 2230 3859 in
2256 3805 2455 3858 athleta
2469 3804 2575 3857 hoc
2595 3802 2867 3872 spiritales
2887 3802 3117 3857 virtutes
3139 3818 3483 3871 enumerans,
3511 3821 3661 3858 men-

2062 3896 2131 3950 tis
2161 3894 2400 3949 membra
2424 3893 2702 3956 describit,
2726 3891 2910 3945 dicens
2942 3909 2953 3943 :
2980 3890 3112 3944 Erat
3129 3894 3203 3945 vir
3226 3894 3318 3947 ille
3340 3895 3584 3964 simplex,
3612 3903 3662 3948 et

2059 4000 2247 4053 rectus,
2282 4006 2341 4041 ac
2373 3988 2556 4041 timens
2598 3984 2787 4052 Deum,
2820 3994 2869 4037 et
2898 3984 3139 4038 recedens
3168 4002 3198 4038 a
3227 3986 3389 4055 malo,
3422 3995 3501 4055 ut,
3532 3986 3657 4041 dum

2061 4082 2431 4137 membrorum
2461 4078 2659 4147 positio
2689 4089 2883 4144 magna
2914 4077 3279 4144 cognoscitur,
3312 4092 3380 4131 ex
3410 4077 3514 4132 hac
3546 4078 3661 4147 ipsa

2055 4175 2167 4245 jam
2196 4173 2321 4229 forti
2346 4171 2615 4241 positione
2640 4169 2976 4236 subsequens
3002 4168 3168 4223 etiam
3196 4170 3426 4225 victoria
3450 4185 3661 4240 pramo-

2060 4274 2265 4325 scatur.
2289 4263 2548 4335 Sequitur
2579 4281 2591 4316 :

2684 4351 2915 4410 CAPUT
2944 4352 3036 4408 IV.

2135 4457 2299 4512 Vens.
2348 4452 2401 4507 ‘2.
2438 4484 2510 4495 —
2540 4449 2769 4523 Natique
2820 4458 2941 4504 sunt
2988 4450 3037 4503 ei
3083 4458 3276 4519 septem
3319 4449 3418 4518 ﬁlii
3462 4458 3512 4502 et
3557 4458 3660 4505 tres

2061 4552 2209 4624 ﬁlice.

2132 4645 2184 4700 5.
2228 4642 2486 4698 Filiorum
2524 4638 2798 4693 multitudo
2836 4652 2953 4690 eum
3001 4636 3069 4687 ad
3098 4634 3372 4689 avaritiam
3411 4650 3513 4688 non
3546 4635 3658 4705 pel-

364 4738 641 4798 serpentes,
690 4736 738 4780 et
766 4724 1021 4793 simplices
1050 4726 1185 4778 sicut
1215 4724 1467 4779 columbce
1498 4724 1714 4796 (Matth,
1749 4743 1801 4779 x.
1836 4724 1945 4796 16).

2060 4742 2201 4801 texit.
2225 4769 2296 4780 —-—
2316 4736 2471 4804 Saepe
2492 4732 2558 4786 ad
2589 4729 2874 4784 avaritiam
2900 4742 2996 4780 cor
3025 4725 3268 4794 parentis
3292 4724 3446 4780 illicit
3473 4724 3659 4780 fecun-

366 4822 604 4892 Utraque
630 4822 775 4877 enim
802 4818 1111 4874 necessario
1145 4818 1198 4873 iu
1227 4818 1597 4874 admonitione
1626 4819 1908 4888 conjunxit
1932 4837 1945 4883 ;

364 4931 421 4976 ut
465 4929 521 4975 et
563 4918 965 4989 simplicitatem
1004 4916 1268 4972 columba:
1307 4918 1503 4971 astutia
1556 4918 1822 4988 serpentis
1866 4919 1949 4973 in-

363 5025 615 5082 strueret,
646 5024 701 5071 et
728 5030 940 5070 rursum
968 5012 1235 5082 serpentis
1263 5014 1512 5067 astutiam
1540 5014 1803 5069 columbae
1830 5014 1953 5070 sim-

364 5111 575 5183 plicitas
623 5117 967 5181 temperaret.
1013 5107 1148 5162 Hinc
1178 5114 1262 5163 est
1289 5107 1435 5176 quod
1476 5117 1696 5163 sanctus
1722 5108 1953 5180 Spiritus

363 5203 701 5275 prmsentiam
729 5217 882 5258 suam
911 5198 1238 5261 hominibus,
1266 5213 1374 5254 non
1395 5200 1446 5253 in
1469 5198 1716 5254 columba
1746 5201 1951 5254 solum-

364 5295 546 5362 modo,
565 5294 661 5350 sed
682 5294 845 5348 etiam
870 5293 924 5348 in
955 5291 1079 5362 igne
1100 5290 1356 5362 patefecit
1377 5288 1594 5362 (Matth.
1619 5307 1698 5353 tu,
1722 5290 1809 5355 11,
1840 5291 1949 5362 16).

363 5388 467 5446 Per
503 5388 808 5445 columbam
851 5387 1049 5459 quippe
1087 5385 1425 5457 simplicitas,
1471 5400 1567 5456 per
1614 5386 1791 5453 ignem
1821 5400 1954 5440 vero

362 5479 507 5534 zelus
536 5478 821 5535 indicatur.
852 5478 910 5534 la
951 5478 1202 5534 columba
1233 5476 1415 5546 igitur,
1444 5483 1499 5531 et
1528 5476 1582 5531 in
1611 5476 1737 5545 igne
1767 5485 1954 5533 osten-

436 5662 462 5689 ι
496 5652 763 5722 Plerique,
804 5653 1000 5723 injuria
1027 5650 1436 5723 conversatione.
1476 5648 1686 5723 Primus
1717 5650 1952 5723 Remjg.,

362 5740 397 5779 α
419 5720 768 5796 nefandorum
795 5720 991 5795 injuria
1016 5732 1067 5777 et
1094 5722 1482 5777 conversatione
1511 5722 1715 5792 eripuit.
1742 5721 1797 5776 In
1826 5720 1956 5777 Col-

365 5794 533 5859 bert'.,
556 5794 817 5865 impudica
843 5811 1076 5849 convers.

439 5879 465 5905 ο
506 5862 701 5931 Corb.,
732 5882 836 5919 non
877 5865 1184 5936 tangebam;
1213 5872 1268 5921 et
1313 5863 1473 5935 paulo
1500 5871 1626 5918 ante
1647 5902 1662 5928 ,
1702 5862 1958 5920 secundis

367 5937 532 6003 curis,
559 5938 684 5991 vitia
714 5950 814 6006 pro
840 5936 963 5991 vita.

443 6018 466 6049 α
497 6008 670 6065 Vatic.
687 6004 743 6064 et
762 6007 1051 6071 Gussanv.,
1082 6016 1137 6063 et
1164 6023 1305 6073 pene
1329 6022 1519 6063 omnes
1532 6004 1830 6071 Mss.,hinc
1859 6022 1957 6061 an-

2060 4834 2201 4890 ditas
2232 4826 2416 4899 prolis.
2446 4822 2521 4877 Eo
2551 4822 2695 4875 enim
2725 4818 2793 4871 ad
2824 4816 3086 4870 ambitum
3130 4815 3521 4883 congreganda:
3550 4818 3660 4871 lim-

2061 4925 2303 4983 reditatis
2339 4916 2673 4979 accenditur,
2706 4927 2815 4982 quo
2848 4908 3033 4964 multis
3062 4908 3367 4964 hmredibus
3397 4910 3660 4965 fecumla-

2063 5028 2167 5071 tur.
2220 5012 2292 5067 Ut
2331 5023 2461 5077 ergo
2502 5004 2649 5060 beati
2679 5001 2781 5056 Job
2829 5016 2992 5070 quam
3043 5009 3229 5055 sancta
3280 5016 3436 5055 mens
3475 4999 3655 5067 fuerit,

2061 5107 2408 5167 ostendatur,
2442 5107 2497 5154 et
2531 5098 2708 5168 justus
2737 5095 2961 5159 dicitur,
2992 5102 3046 5148 et
3080 5094 3264 5149 multa:
3301 5095 3473 5164 prolis
3504 5104 3663 5163 pater

2060 5200 2223 5256 fuisse
2248 5191 2589 5266 perhibetur.
2624 5198 2648 5226 ο
2681 5186 2783 5254 Qui
2819 5187 2871 5243 in
2904 5187 3025 5241 libri
3054 5187 3137 5241 sui
3167 5187 3395 5243 exordio
3424 5187 3661 5242 devotus

2061 5286 2340 5347 sacriﬁciis
2359 5279 2649 5339 ollereudis
2677 5278 2957 5344 asseritur,
2979 5286 3263 5348 promptus
3281 5286 3462 5332 autem
3493 5276 3661 5344 largi-

2064 5382 2266 5439 tatibus
2287 5377 2450 5434 etiam
2472 5380 2649 5445 posta
2665 5371 2959 5441 semetipso
2982 5376 3339 5425 memoratur.
3363 5367 3661 5423 Pensemus

2065 5492 2196 5550 ergo
2239 5482 2443 5546 quanta
2485 5466 2797 5524 fortitudine
2838 5466 3090 5537 praeditus
3118 5461 3349 5525 exstitit,
3387 5474 3548 5529 quem
3592 5458 3660 5517 ad

2078 5612 2791 5729 gelo_PergaminEcclesiazt..

2136 5708 2177 5764 tl-
2195 5708 2354 5780 Unus
2373 5737 2441 5776 ex
2470 5717 2705 5783 Remig.,
2740 5714 2859 5766 hinc
2888 5708 3407 5783 Jacobusapostolus

2138 5808 2161 5834 ε
2190 5776 2404 5863 {illigati
2427 5776 2659 5845 omnes?
2688 5776 2789 5847 Qui
2808 5784 2865 5863 in
2893 5781 3026 5863 libri
3040 5776 3216 5850 hujus.
3236 5778 3489 5863 Fprtasse
3511 5776 3657 5863 qugd

3698 5705 3729 5758 Ι.

2063 5848 2326 5923 Ειιὶιόι-ὸξ
2359 5878 2467 5918 ηοιι
2493 5864 2779 5916 censerent
2811 5852 2900 5923 hic
2925 5851 3027 5906 dici
3076 5848 3236 5923 posse
3266 5849 3490 5917 Latine,
3528 5848 3656 5907 libri
3709 5860 3715 5875 τ

2062 5920 2255 6007 ἷιιίξίιι
2281 5935 2510 5992 habetur
2536 5931 2591 5984 iu
2620 5926 2774 5987 Mss.,
2798 5922 2894 5979 sed
2922 5920 3310 5992 scrupulosius.
