4130 6450
519 439 623 498 551
717 447 724 450 ’

1736 431 1978 490 SANCTI
2019 427 2346 486 GREGORII
2391 426 2603 494 ΜΑιζὲΝἱ

3429 347 3509 373 ""5

3699 428 3804 484 55%

522 553 852 611 haereditatis
877 551 1142 607 tenaci-am
1173 563 1274 604 nec
1306 554 1386 603 tot
1412 547 1681 602 hccredum
1711 546 1934 602 allectus
1955 542 2112 599 incli-
2144 544 2192 605 Α
2220 558 2440 617 gensque
2490 540 2711 594 diluculo
2765 540 3013 610 offerebat
3069 541 3370 596 holocausta
3411 558 3503 613 per
3547 543 3800 615 singulos.

520 648 689 704 navit.
712 645 966 717 Sequitur
999 663 1011 698 :

985 735 1212 792 CAPUT
1252 735 1295 790 v
1339 735 1484 808 [Vet.
1517 732 1646 805 IV].

593 833 758 888 Vnus.
809 833 860 885 5.
893 829 1053 883 —-Et
1102 831 1200 901 fuit
1240 828 1493 899 possessio
1541 829 1652 898 ejus
1698 836 1892 897 septem
1944 825 2111 880 millia

521 929 708 991 ouium,
738 933 786 978 et
811 925 912 977 tria
935 924 1101 976 millia
1123 922 1456 983 camelorum;
1475 920 1750 989 quingenta
1772 934 1965 989 quoque
1981 918 2110 987 juga

521 1022 694 1082 boum,
725 1027 775 1072 et
797 1019 1090 1089 quingenta
1121 1016 1303 1080 asi-naz,
1347 1031 1408 1066 ac
1438 1013 1641 1084 familia
1672 1011 1833 1066 multa
1859 1011 2033 1064 nimis.

593 1112 646 1166 6.
684 1108 820 1182 Opes
856 1111 968 1165 sine
1005 1125 1180 1163 amore
1228 1107 1474 1179 possedit.
1505 1137 1578 1148 —
1604 1104 1846 1168 Scimus,
1887 1103 2012 1171 quia
2045 1100 2111 1154 ad

519 1205 784 1274 majorem
825 1202 1070 1258 dolorem
1098 1209 1335 1256 mentem
1381 1205 1727 1255 commovent
1770 1195 1964 1250 damna
1995 1210 2112 1248 ma-

519 1296 661 1368 jora.
716 1293 789 1350 Ut
816 1295 982 1362 igitur
1009 1292 1350 1357 ostendatur,
1383 1300 1598 1361 quantm
1645 1289 1858 1343 virtutis
1882 1287 2110 1354 exstitit,

519 1389 752 1445 multum
792 1387 958 1442 fuisse
985 1386 1210 1450 dicitur,
1239 1384 1382 1454 quod
1424 1383 1695 1454 patienter
1723 1381 1920 1436 amisit.
1967 1381 2113 1434 Nun—

519 1497 686 1553 quam
729 1481 931 1552 quippe
961 1481 1078 1535 sine
1107 1479 1294 1533 dolore
1339 1478 1634 1541 amittitur,
1682 1476 1783 1532 nisi
1812 1475 1955 1543 quod
1997 1475 2113 1530 sine

522 1591 712 1632 amore
739 1574 1062 1646 possidetur.
1095 1573 1279 1641 Itaque
1308 1572 1435 1626 dum
1463 1570 1762 1626 substantia
1794 1582 1985 1638 magna
2015 1567 2111 1621 de-

519 1668 797 1731 scribitur,
831 1674 886 1721 et
914 1673 1092 1720 tamen
1123 1665 1284 1735 paulo
1315 1671 1437 1734 post
1467 1662 1736 1733 patienter
1764 1660 1958 1715 amissa
1991 1675 2113 1729 per-

521 1760 766 1825 hibetur;
785 1774 948 1828 quam
978 1759 1093 1812 sine
1116 1756 1304 1811 dolore
1333 1754 1586 1826 perdidit,
1609 1760 1823 1809 constat
1843 1751 1968 1820 quia
1997 1751 2115 1806 sine

522 1865 710 1909 amore
737 1852 997 1923 possedit.
1040 1850 1345 1905 Notandum
1388 1863 1606 1919 quoque
1635 1855 1747 1912 est,
1778 1846 1922 1916 quod
1964 1847 2113 1916 prius

522 1946 707 2003 cordis
749 1946 972 2012 divitiae,
1008 1954 1063 2000 et
1092 1954 1231 2014 post,
1276 1958 1407 2014 opes
1437 1941 1686 2012 corporis
1715 1940 2112 1996 describuntur.

520 2041 675 2097 Solet
704 2041 848 2096 enim
893 2053 1076 2094 rerum
1115 2036 1445 2092 abundantia
1477 2043 1628 2089 tanto
1666 2034 1836 2103 magis
1867 2049 1897 2088 a
1937 2034 2120 2088 divino

521 2135 718 2189 timore
738 2141 973 2188 mentem
1001 2132 1235 2200 solvere,
1258 2139 1460 2200 quanto
1487 2130 1658 2198 magis
1677 2130 1816 2184 hanc
1845 2135 2009 2196 exigit
2040 2127 2116 2181 dt-

519 2242 677 2281 versa
704 2228 962 2296 cogitare.
998 2225 1133 2279 Nam
1163 2225 1288 2277 dum
1320 2239 1418 2293 per
1447 2223 1615 2276 multa
1655 2222 1943 2291 spargitur,
1976 2229 2121 2276 stare

521 2317 577 2372 in
609 2317 812 2370 intimis
834 2317 938 2369 ﬁxa
964 2315 1301 2384 prohibetur.
1335 2313 1490 2379 Quod
1520 2329 1617 2382 per
1643 2313 1990 2381 semetipsam
2015 2312 2120 2366 Vc-

521 2410 678 2476 ritas,
703 2425 825 2464 cum
850 2409 1166 2478 parabolam
1190 2406 1506 2460 seminantis
1522 2414 1838 2475 exponeret,
1865 2405 2119 2460 indicavit

521 2503 712 2556 dicens
742 2519 754 2554 :
789 2497 889 2564 Qui
921 2502 1205 2555 seminatus
1234 2509 1310 2553 est
1351 2501 1402 2553 in
1432 2501 1614 2571 spinis,
1649 2499 1731 2552 hic
1759 2509 1856 2566 est,
1888 2500 1974 2571 qui
2003 2516 2116 2552 ver-

522 2592 644 2645 bum
670 2592 834 2654 audit,
862 2601 910 2644 et
945 2590 1238 2645 sollicitudo
1262 2593 1436 2644 διεσαιὶ
1480 2592 1647 2657 istius,
1674 2599 1723 2644 et
1746 2591 1959 2662 fallacia
1987 2591 2116 2644 divi-

523 2687 736 2749 tiarum,
763 2684 982 2752 su/focat
1011 2683 1235 2747 verbum,
1263 2692 1310 2735 et
1331 2684 1443 2736 sine
1467 2684 1636 2753 fructu
1659 2682 1878 2752 efﬁcitur
1901 2680 2114 2753 (Matth.

525 2795 636 2844 xm,
678 2758 776 2843 2'2;
810 2775 936 2829 Luc.
981 2792 1091 2840 Vlll,
1133 2776 1184 2843 7,
1216 2775 1277 2841 8;
1308 2774 1479 2830 Marc.
1524 2791 1596 2842 IV,
1641 2774 1716 2845 Ἰ).
1749 2774 1890 2829 Ecce
1927 2774 2118 2829 beatus

523 2868 624 2924 Job
654 2877 709 2923 et
738 2868 904 2922 multa
936 2867 1214 2938 possidere
1246 2868 1471 2934 dicitur,
1503 2877 1557 2922 et
1583 2868 1746 2938 paulo
1777 2877 1898 2939 post
1923 2867 2118 2924 divinis

524 2962 802 3017 sacriﬁciis
831 2961 1096 3015 instanter
1122 2960 1398 3016 deservire
1420 2962 1752 3032 perhibetur.

598 3055 648 3108 7.
693 3053 891 3107 Cuncta
916 3055 1033 3124 jam
1062 3055 1219 3108 corde
1258 3058 1552 3128 reliquerat.
1595 3088 1666 3098 —
1699 3057 2116 3113 Consideremus

523 3161 653 3216 ergo
674 3147 825 3217 cujus
847 3148 1148 3202 sanctitatis
1171 3148 1272 3202 iste
1293 3150 1373 3202 vir
1396 3150 1573 3214 tuerit,
1600 3151 1688 3219 qui
1715 3150 1779 3204 ad
1799 3158 1906 3204 tam
1931 3151 2117 3206 sedula

524 3239 618 3294 Dei
646 3241 926 3312 obsequia,
954 3248 1009 3296 et
1037 3241 1115 3296 sic
1144 3251 1438 3311 occupatus
1459 3243 1690 3297 vacavit.
1720 3243 1957 3298 Necdum
1988 3259 2120 3314 prte-

2293 632 2375 686 10.
2403 631 2568 686 Nulla
2599 649 2728 702 pene
2755 633 2985 686 convivia
3014 633 3123 687 sine
3146 636 3318 706 culpa,
3341 645 3552 706 propter
3573 639 3806 709 volupta-

2217 732 2319 778 tem
2339 734 2387 778 et
2418 723 3009 797 (cquacitalem.—-Cum
3031 727 3244 795 dicitur,
3273 728 3506 784 mittebat
3535 737 3583 784 et
3605 733 3806 788 sancti-

2214 819 2406 892 ﬁcabat
2435 821 2570 886 illos,
2602 831 2790 892 aperte
2829 822 3230 879 demonstratur
3280 824 3408 895 quid
3451 825 3809 883 districtionis

2216 925 2342 982 erga
2369 913 2488 968 illos
2518 929 2753 984 przesens
2773 923 2977 984 ageret,
3005 917 3198 988 quibus
3223 917 3419 973 absens
3443 918 3808 978 sollicitudine

2217 1020 2324 1059 non
2353 1005 2589 1061 deesset.
2623 1005 2727 1061 Sed
2759 1006 2864 1061 hoc
2905 1007 3062 1064 nobis
3113 1017 3199 1064 est
3225 1009 3453 1064 solerter
3486 1009 3807 1066 intuendum

2216 1096 2380 1166 quod,
2402 1098 2636 1168 peractis
2657 1097 2849 1154 diebus
2868 1099 3120 1166 convivii,
3145 1097 3432 1171 purgatiob
3452 1117 3548 1171 per
3567 1102 3811 1171 singulos

2216 1193 2500 1248 adhibetur
2521 1193 2843 1249 bolocausti.
2872 1193 2965 1248 Vir
2986 1196 3185 1266 quippe
3205 1204 3420 1253 sanctus
3434 1207 3664 1253 noverat
3684 1199 3810 1270 quia

2217 1285 2480 1340 celebrari
2517 1287 2765 1342 convivia
2807 1287 2925 1342 sine
2964 1289 3120 1358 culpa
3163 1289 3250 1345 vix
3288 1299 3531 1362 possent.
3575 1291 3814 1348 Noverat

2217 1375 2342 1444 quia
2385 1389 2577 1446 magna
2610 1379 2929 1448 purgatione
2961 1380 3348 1435 sacriliciorum
3385 1381 3656 1437 diluenda:
3685 1394 3814 1438 sunt

2219 1467 2389 1536 epulae
2433 1468 2835 1537 conviviorum;
2878 1477 2932 1525 et
2972 1470 3231 1542 quidquid
3273 1472 3328 1526 in
3368 1473 3675 1544 semetipsis
3721 1474 3814 1530 ﬁlii

2216 1559 2566 1615 convivantes
2600 1561 3034 1631 inquinaverant,
3079 1573 3232 1634 pater
3258 1565 3581 1620 sacriﬁcium
3615 1566 3813 1622 immo-

2215 1653 2378 1709 lando
2395 1653 2657 1724 tergebat.
2686 1653 2953 1711 Nonnulla
2975 1656 3172 1727 quippe
3196 1666 3320 1712 sunt
3344 1657 3472 1712 vitia
3493 1671 3612 1728 quae
3633 1673 3664 1712 a
3683 1674 3814 1714 cort-

2217 1746 2370 1802 viviis
2396 1754 2488 1802 aut
2508 1745 2748 1816 separari
2779 1746 2870 1801 vix
2897 1757 3146 1818 possunt,
3177 1756 3270 1803 aut
3295 1756 3444 1804 certe
3471 1764 3813 1819 nequaquam

2220 1847 2460 1908 possunt.
2501 1851 2521 1876 ε
2567 1837 2713 1894 Pene
2741 1854 2958 1909 semper
2997 1841 3141 1896 enim
3186 1842 3374 1912 epulas
3403 1842 3692 1896 comitatur
3718 1859 3814 1898 vo-

2147 1942 2195 2004 Β
2223 1933 2418 2004 luptas.
2453 1933 2583 1987 Nam
2623 1933 2751 1988 dum
2781 1950 2980 2005 corpus
3020 1935 3071 1990 in
3110 1935 3422 1992 refectionis
3453 1936 3814 1992 delectatione

2223 2025 2526 2089 resolvitur,
2565 2040 2660 2081 cor
2699 2026 2766 2080 ad
2807 2025 2968 2080 inane
3007 2027 3259 2096 gaudium
3306 2027 3602 2084 relaxatur.
3663 2027 3812 2084 Unde

2223 2118 2482 2186 scriptum
2513 2127 2596 2172 est
2629 2136 2642 2172 :
2688 2118 2840 2172 Sedit
2865 2119 3088 2190 populus
3117 2120 3433 2175 manducare
3466 2133 3514 2174 et
3544 2119 3732 2185 bibere,
3767 2131 3813 2177 et

2223 2218 2558 2264 surrexerunt
2593 2209 2770 2264 ludere
2803 2209 3000 2280 (Exod.
3032 2227 3200 2277 χχχιι,
3232 2209 3307 2282 6).

2293 2321 2380 2374 Η.
2415 2320 2561 2376 Pene
2590 2336 2807 2392 semper
2828 2324 3018 2394 epulas
3033 2323 3334 2393 loquacitas
3360 2326 3636 2395 sequitur;
3665 2341 3811 2382 cum-

2219 2428 2326 2483 que
2355 2423 2543 2469 venter
2570 2413 2844 2482 reﬁcitur,
2876 2417 3058 2486 lingua
3097 2417 3434 2476 diﬁrenatur.
3471 2416 3624 2477 Unde
3665 2430 3810 2481 recte

2221 2506 2371 2562 dives
2399 2507 2540 2578 apud
2569 2507 2770 2564 inferos
2811 2526 3004 2581 aquam
3045 2521 3305 2584 appetere
3343 2517 3698 2587 describitur,
3727 2520 3809 2575 di-

2219 2612 2348 2654 cens
2381 2614 2396 2651 :
2429 2597 2592 2661 Pater
2635 2599 2912 2667 Abraham,
2945 2606 3187 2660 miserere
3225 2608 3344 2673 mei,
3379 2616 3428 2662 et
3457 2610 3602 2663 mitte
3643 2609 3808 2664 Lam-

2220 2703 2354 2753 rum,
2389 2689 2413 2726 ‘1
2444 2702 2500 2744 ut
2540 2693 2767 2765 intingat
2805 2705 3086 2752 extremum
3127 2700 3278 2770 digiti
3316 2703 3398 2756 sui
3424 2703 3480 2756 in
3509 2717 3720 2775 aquam,
3762 2715 3808 2760 et

2220 2784 2488 2855 refrigeret
2509 2785 2744 2856 linguam
2773 2805 2959 2856 meam,
2986 2793 3109 2861 quia
3137 2796 3339 2850 crucior
3385 2796 3441 2851 in
3472 2797 3568 2851 hac
3593 2800 3804 2868 flamma

2222 2873 2374 2945 (Luc.
2406 2891 2512 2942 xvr,
2544 2877 2655 2947 24).
2692 2877 2844 2937 Prius
2873 2883 3121 2952 epulatus
3147 2886 3388 2955 quotidie
3415 2888 3699 2960 splendide
3727 2894 3806 2947 di-

2220 2967 2393 3035 citur;
2433 2979 2488 3024 et
2534 2981 2656 3041 post
2692 2986 2884 3043 aquam
2915 2985 3103 3046 petere
3146 2980 3201 3034 in
3242 2981 3420 3053 lingua
3454 2995 3802 3043 memoratur.

2221 3059 2357 3126 Quia
2396 3064 2562 3132 enim,
2595 3074 2654 3120 ut
2695 3067 2945 3136 diximus,
2981 3071 3121 3128 inter
3158 3076 3342 3145 epulas
3364 3078 3522 3134 valde
3565 3079 3806 3138 difﬂuere

2222 3153 2519 3224 loquacitas
2539 3160 2700 3228 solet,
2731 3176 2797 3215 ex
2830 3176 2986 3232 paena
3016 3165 3217 3222 indicat
3243 3171 3474 3240 culpam,
3506 3187 3633 3239 cum
3661 3189 3802 3243 eum,

2222 3262 2380 3317 quem
2410 3253 2682 3321 epulatum
2699 3256 2940 3324 quotidie
2961 3258 3240 3328 splendide
3264 3261 3472 3319 Veritas
3496 3265 3726 3332 dixerat,
3754 3269 3803 3324 in

526 3335 666 3402 cepti
698 3334 868 3388 virtus
890 3335 1206 3400 emicuerat,
1239 3350 1358 3403 qure
1387 3336 1568 3389 omnia
1597 3337 1831 3405 relinqui
1861 3339 2117 3407 praecipe-
2146 3336 2191 3400 C
2224 3341 2400 3410 lingua
2423 3345 2542 3415 plus
2567 3347 2758 3403 ardere
2781 3350 3112 3419 perhibebat.
3141 3354 3204 3408 lli
3225 3357 3315 3424 qui
3339 3358 3664 3415 chordarum
3684 3362 3806 3417 har-

527 3433 637 3492 ret;
662 3426 755 3480 sed
785 3434 967 3481 tamen
995 3428 1182 3481 beatus
1211 3426 1313 3482 Job
1342 3427 1580 3497 ejusdem
1608 3428 1717 3497 jam
1739 3431 2116 3500 prmceptionis

529 3516 632 3570 vim
671 3515 836 3569 corde
857 3516 1134 3582 servabat;
1159 3517 1282 3587 quia
1315 3518 1563 3572 nimirum
1586 3519 1938 3574 substantiam
1964 3537 2115 3578 suam

529 3613 708 3661 mente
738 3609 846 3679 20
869 3608 1182 3679 reliquerat,
1213 3625 1376 3679 quam
1405 3610 1522 3667 sine
1551 3611 1913 3670 delectatione
1942 3617 2117 3686 possi-

530 3699 706 3754 debat.

1151 3773 1381 3831 CAPUT
1423 3775 1508 3830 Vl.

596 3863 724 3922 lBtD.
754 3898 825 3910 —
844 3863 1078 3938 Eratque
1102 3868 1175 3922 vir
1206 3869 1294 3924 ille
1317 3887 1539 3942 magnus
1559 3874 1696 3928 inter
1724 3891 1899 3931 onmes
1925 3874 2115 3930 Orien-

525 3957 671 4014 tales.

596 4050 650 4104 8.
682 4049 903 4115 Quantis
925 4054 1114 4108 divitiis
1137 4055 1384 4124 afﬂueret.
1408 4089 1469 4099 —
1499 4055 1803 4114 Orientales
1831 4060 1976 4114 viros
1997 4075 2116 4117 esse

525 4143 829 4212 praedivites
843 4145 964 4211 quis
988 4145 1232 4212 ignorat?
1259 4145 1482 4214 Magnus
1501 4163 1631 4218 ergo
1654 4150 1795 4205 inter
1814 4150 2116 4208 Orientales

525 4234 748 4299 exstitit,
774 4250 836 4289 ac
857 4235 900 4288 si
923 4244 1110 4304 aperte
1130 4237 1400 4293 diceretur
1424 4257 1437 4293 :
1463 4241 1588 4310 quia
1611 4249 1667 4296 et
1685 4241 1934 4300 divitibus
1954 4243 2117 4302 ditior

526 4323 644 4378 fuit.

1136 4398 1367 4456 CAPUT
1393 4401 1506 4457 VII.

600 4485 760 4542 Vens.
792 4485 846 4540 4.
882 4521 951 4530 -
977 4487 1048 4542 Et
1073 4491 1218 4544 ibant
1245 4493 1344 4561 ﬁlii
1385 4495 1519 4564 ejus,
1549 4504 1598 4549 et
1643 4498 1903 4568 faciebant
1934 4512 1959 4541 ιι
1990 4521 2118 4563 con-

524 4581 655 4634 triuia
676 4596 768 4650 per
795 4580 993 4645 domos,
1019 4583 1364 4656 unusquisque
1391 4587 1445 4639 in
1485 4586 1569 4640 die
1598 4605 1690 4644 suo
1720 4607 1736 4642 :
1779 4601 1829 4644 et
1857 4597 2113 4650 mittentes

419 4693 428 4704 -
523 4671 777 4726 vocabant
821 4681 920 4727 tres
949 4690 1150 4728 sorores
1178 4692 1320 4740 suas,
1363 4686 1417 4730 ut
1443 4680 1766 4737 comederent
1801 4694 1849 4738 et
1885 4686 2113 4742 biberent

523 4781 638 4819 cum
668 4768 763 4820 eis.
799 4797 814 4815 .

595 4857 648 4911 9.
684 4859 987 4914 Subslantia
1030 4862 1307 4918 diuidenda
1352 4866 1488 4922 inter
1532 4870 1692 4940 ﬁlios,
1735 4890 1911 4928 eorum
1953 4875 2114 4928 corda

524 4966 628 5004 non
668 4951 857 5005 divisit.
887 4983 960 4992 —
986 4952 1138 5009 Solet
1174 4956 1314 5012 inter
1355 4957 1548 5017 fratres
1577 4964 1751 5031 major
1785 4966 2109 5033 substantia,

525 5041 804 5097 discordim
832 5043 947 5098 ﬁeri
975 5045 1234 5113 gravioris
1275 5064 1456 5106 causa.
1489 5051 1532 5106 Ο
1561 5054 1986 5110 inmstimabilem
2020 5074 2113 5128 pa-

525 5144 692 5190 terna:
720 5135 1067 5193 institutionis
1097 5137 1337 5195 Iaudem!
1373 5141 1437 5197 Et
1463 5153 1619 5213 pater
1642 5147 1789 5201 dives
1814 5148 2028 5210 dicitur.
2058 5159 2112 5205 et

525 5223 620 5280 ﬁlii
641 5225 939 5281 concordes
959 5238 1290 5286 asseruntur.
1319 5230 1382 5286 Et
1403 5231 1529 5287 dum
1551 5234 1832 5291 dividenda
1857 5239 1998 5294 inter
2018 5257 2112 5295 cos

523 5319 818 5372 substantia
842 5318 1048 5386 aderat,
1083 5323 1244 5378 corda
1267 5333 1447 5380 tamen
1471 5327 1712 5381 omnium
1739 5329 1960 5387 indivisa
1984 5334 2110 5389 cha-

522 5410 652 5465 ritas
682 5411 946 5482 replebat.

835 5503 1064 5558 CAPUT
1100 5504 1206 5559 Vlll
1241 5507 1384 5577 [Vet.
1425 5508 1488 5575 V,
1525 5509 1649 5566 Rea.
1675 5511 1802 5587 IV].

591 5595 756 5651 Vens.
786 5593 837 5649 5.
864 5629 936 5637 —
965 5596 1193 5668 Cumque
1218 5600 1271 5651 in
1300 5599 1474 5654 orbem
1505 5608 1812 5664 transissent
1841 5613 1949 5668 dies
1980 5631 2107 5669 con-

521 5689 657 5751 vivii,
681 5685 915 5740 mittebat
955 5688 1025 5740 ad
1055 5705 1141 5742 eos
1171 5687 1294 5752 Job,
1344 5699 1394 5744 et
1435 5698 1795 5767 sanctificabat
1820 5704 1956 5770 illos,
2003 5724 2114 5762 sur-

595 5852 618 5926 ξι
651 5845 777 5930 blss.
809 5855 864 5900 et
893 5844 1157 5928 Berthol”
1187 5847 1450 5915 faciebant
1475 5855 1756 5911 convivium
1785 5878 1877 5930 per
1904 5864 2105 5922 domos.

524 5914 654 5968 Aliae
677 5914 773 5968 Ed.
785 5958 798 5980 ,
831 5916 1082 5970 convivia.

595 5985 620 6023 δ
651 5984 870 6040 Plurimi
894 5984 1049 6052 Mss.,
1078 6004 1171 6056 pro
1191 5990 1428 6061 singulis.

2221 3437 2454 3491 moniam
2486 3446 2822 3511 temperant,
2872 3449 3018 3499 tanta
3057 3445 3196 3502 hanc
3223 3457 3338 3504 arte
3378 3449 3717 3521 dispensant,
3750 3466 3806 3510 ut

2220 3527 2553 3599 plerumque,
2599 3548 2719 3588 cum
2759 3550 2868 3589 una
2903 3537 3156 3606 tangittIr,
3200 3540 3364 3610 longe
3399 3541 3503 3598 alia
3534 3559 3598 3600 ac
3625 3547 3806 3602 multis

2221 3619 2663 3690 interiacentibus
2686 3627 2861 3697 posita
2881 3628 3080 3684 chorda
3105 3633 3378 3700 quatiatur
3408 3653 3422 3690 :
3455 3645 3687 3707 cumque
3709 3639 3806 3696 ista

2219 3717 2453 3772 sonitum
2482 3721 2674 3788 reddit,
2707 3723 2819 3792 illa,
2849 3735 2971 3794 quae
2999 3726 3053 3780 in
3085 3728 3275 3784 eodem
3314 3738 3478 3788 cantu
3511 3739 3804 3806 temperata

2221 3821 2322 3878 εει,
2366 3812 2483 3867 aliis
2513 3813 2879 3885 impercussis,
2926 3821 3126 3875 tremit.
3155 3812 3244 3878 Sic
3274 3837 3403 3895 ergo
3434 3825 3488 3881 in
3533 3826 3806 3900 Scriptura

2220 3916 2370 3960 sacra
2396 3907 2711 3978 plerumque
2738 3909 2806 3965 de
2833 3909 3138 3981 virtutibus,
3161 3916 3239 3971 sic
3260 3916 3328 3973 de
3351 3919 3492 3975 vitiis
3515 3921 3722 3989 agitur;
3754 3930 3807 3976 ut

2219 3995 2342 4050 dum
2375 3998 2642 4068 loquendo
2672 4003 2816 4057 aliud
2860 4003 3111 4072 insinuat,
3145 4009 3376 4066 tacendo
3406 4012 3551 4066 aliud
3594 4013 3807 4069 innote-

2220 4100 2353 4147 scat.
2388 4092 2536 4165 [Vet.
2568 4094 2691 4168 VL]
2721 4095 2862 4152 Nihil
2893 4100 3036 4153 enim
3069 4107 3256 4157 contra
3275 4103 3497 4161 divitem
3529 4107 3595 4162 de
3618 4107 3805 4178 loqua-

2219 4185 2382 4240 citate
2411 4197 2778 4257 memoratur;
2811 4192 2902 4247 sed
2942 4193 3067 4250 dum
3096 4211 3252 4266 pruna
3286 4199 3337 4254 in
3381 4199 3560 4268 lingua
3590 4201 3804 4268 dicithr,

2219 4291 2337 4345 qua:
2358 4278 2410 4331 in
2437 4280 2682 4337 convivio
2722 4281 2860 4338 inter
2889 4285 3021 4344 alias
3043 4288 3256 4358 gravior
3285 4291 3444 4348 fuerit
3473 4287 3628 4366 culpa
3655 4312 3807 4352 mon-

2216 4374 2438 4426 stratur.

2295 4481 2377 4536 1‘2.
2406 4482 2503 4536 Job
2537 4493 2712 4542 octavo
2744 4488 2826 4542 die
2862 4493 3180 4564 sacriﬁcium
3208 4497 3433 4567 oﬂcrens
3455 4544 3470 4570 ,
3510 4507 3806 4574 mysterium

2220 4578 2614 4631 resurrectionis
2646 4580 2788 4636 colit.
2822 4614 2890 4624 —
2920 4583 3054 4640 Cum
3100 4604 3226 4644 vero
3255 4601 3462 4662 septem
3494 4594 3687 4652 fratres
3718 4616 3804 4668 per

2217 4665 2330 4721 dies
2353 4667 2589 4736 singulos
2610 4671 2853 4727 convivia
2878 4673 3057 4730 facere
3083 4676 3478 4750 describuntur,
3504 4696 3557 4740 et
3580 4665 3806 4757 peractis

2221 4759 2409 4814 diebus
2439 4763 2692 4830 convivii,
2726 4764 2826 4819 Job
2861 4775 3069 4838 septem
3099 4774 3359 4829 sacriﬁcia
3404 4777 3598 4834 oﬁ'erre
3630 4781 3804 4851 perhi-

2220 4854 2404 4919 betur;
2430 4865 2615 4925 aperte
2638 4857 2859 4914 historia
2885 4861 3087 4919 indicat
3113 4867 3256 4935 quod
3283 4869 3468 4924 beatus
3488 4869 3590 4927 Job
3615 4883 3806 4931 octavo

2218 4947 2305 5003 die
2361 4949 2682 5004 sacrilicium
2739 4953 2970 5011 offerens
3026 4962 3339 5031 mysterium
3393 4969 3807 5025 resurrectionis

2219 5044 2378 5098 colat.
2430 5045 2551 5101 Dies
2584 5063 2815 5120 namque
2858 5053 2948 5120 qui
2980 5069 3122 5110 nunc
3152 5053 3466 5114 Dominicus
3510 5060 3734 5129 dicitur,
3776 5080 3808 5121 a

2217 5144 2392 5192 morte
2439 5137 2818 5210 Redemptoris
2847 5151 2930 5200 est
2960 5146 3169 5213 tertius,
3202 5151 3293 5204 sed
3327 5151 3376 5204 in
3406 5143 3594 5209 ordine
3621 5155 3807 5210 condi~

2217 5227 2378 5284 tionis
2408 5236 2654 5298 octavus,
2697 5234 2789 5304 qui
2819 5242 2872 5290 et
2903 5237 3107 5308 primus
3140 5241 3191 5297 in
3222 5243 3536 5301 conditione
3566 5255 3666 5302 est.
3700 5248 3804 5304 Sed

2215 5321 2338 5391 quia
2369 5325 2646 5381 revolutus
2672 5329 2958 5400 septimum
2989 5337 3252 5405 sequitur,
3278 5346 3500 5396 octavus
3522 5342 3625 5416 21
3658 5354 3806 5400 recte

2219 5426 2548 5474 numeratur.
2583 5421 2718 5488 Quia
2747 5440 2875 5493 ergo
2908 5435 3100 5483 octavo
3131 5429 3218 5486 die
3257 5433 3452 5489 oﬁerre
3480 5445 3684 5507 septem
3716 5455 3806 5492 sa-

2217 5511 2410 5568 criﬁcia
2438 5514 2656 5584 dicitur,
2687 5518 2877 5587 plenus
2906 5522 3234 5592 septiformis
3259 5529 3442 5596 gratiae
3473 5529 3674 5601 Spiritu
3705 5550 3804 5603 pro

2217 5619 2314 5674 spe
2364 5609 2776 5666 resurrectionis
2827 5612 3056 5670 Domino
3113 5619 3414 5677 deservisse
3469 5625 3803 5694 perhibetur.

2217 5693 2369 5753 Unde
2389 5704 2444 5752 et
2469 5698 2706 5768 psalmus
2729 5719 2827 5775 pro
2849 5713 3036 5762 octava
3054 5712 3438 5782 praescribitur,
3465 5693 3520 5772 in
3546 5732 3654 5788 quo
3674 5732 3802 5787 gau—

2290 5869 2310 5933 ς
2345 5859 2507 5933 Deest
2535 5875 2664 5930 pene
2689 5861 2742 5916 in
2768 5860 3087 5933 Compeml.,
3129 5865 3341 5926 Ebroic.
3374 5879 3430 5926 et
3457 5873 3596 5927 aliis.

2287 5928 2310 5966 ά
2342 5930 2492 5997 Mss.,
2524 5928 2579 5984 ut
2606 5933 2864 6004 intingttat
2889 5928 3171 5994 extremum
3198 5941 3348 6012 digiti
3373 5947 3454 5999 sui
3481 5944 3537 5999 in
3567 5959 3723 6017 aqua;
