4130 6450
374 413 472 442 122’.

371 431 476 466 ea;

1298 403 1652 464 MGRALIUM
1694 401 1824 457 LIB.
1868 399 1906 453 l.
1947 428 2016 440 --
2049 397 2114 454 IN
2152 396 2378 454 CAPUT
2419 397 2438 452 l
2479 398 2538 454 Β.
2581 398 2712 455 JOB.

3553 398 3656 452 $5.54

369 529 518 585 dium
576 527 644 582 de
691 525 1088 583 resurrectione
1132 524 1408 577 nuntiatur
1452 521 1596 594 [νει.
1651 516 1805 588 VII].
1849 512 1960 571 Sed
1987 515 2330 578 Avirtutum,
2380 523 2430 566 et
2479 512 2579 566 Dei
2607 513 2938 583 sapientiam.
2989 511 3041 581 (1
3071 510 3194 566 Cor.
3229 529 3284 576 ι,
3314 510 3428 583 9.5-).
3480 513 3656 581 Atque

369 621 496 693 quia
523 621 670 676 beati
705 619 807 675 Job
835 620 930 674 ﬁlii
959 625 1107 674 tanta
1138 618 1349 672 fuerant
1386 614 1668 687 disciplina
1698 613 1853 667 bona:
1879 611 1960 665 in-

369 713 667 772 stitutionis
696 714 943 781 accincti,
986 721 1044 768 ut
1086 725 1262 781 neque
1291 725 1388 780 per
1415 708 1556 765 faeta
1596 708 1652 762 in
1680 703 1958 768 conviviis,

374 823 549 879 neque
582 822 681 878 per
717 807 882 863 verba
919 807 1324 877 delinquerent,
1369 811 1556 874 aperte
1601 808 1960 866 monstratur,

373 916 497 958 cum
521 898 767 956 subditur
798 919 811 953 :

842 989 1072 1048 CAPUT
1102 989 1175 1045 IX
1206 987 1355 1061 (Rea.
1396 985 1484 1056 γι.

370 1088 502 1148 lam.
543 1117 613 1130 --
641 1088 860 1144 Dicebat
878 1085 1019 1141 enim
1049 1101 1067 1138 :
1096 1080 1181 1136 Ne
1216 1083 1351 1154 forte
1378 1080 1704 1150 peccaverint
1733 1076 1835 1149 filii
1858 1079 1960 1132 mei

371 1189 423 1236 et
445 1180 798 1236 benedixerint
823 1176 931 1232 Deo
952 1180 1008 1231 in
1031 1172 1273 1230 cordibus
1295 1172 1424 1226 suis.

444 1275 530 1328 15.
559 1273 635 1328 De
661 1272 873 1326 alterius
914 1268 1068 1324 corde
1118 1283 1227 1320 non
1275 1273 1351 1318 est
1379 1272 1564 1317 temere
1587 1261 1956 1332 judicandum.

371 1365 440 1422 In
470 1374 690 1420 rectores
716 1363 946 1435 ﬁdelium
973 1360 1058 1433 qui
1079 1375 1257 1413 eorum
1283 1372 1442 1428 opera
1459 1354 1715 1408 nesciunt.
1741 1383 1813 1392 —
1839 1351 1964 1405 Per-

371 1458 544 1515 lectos
573 1457 772 1528 quippe
799 1470 918 1509 esse
959 1452 1011 1507 in
1051 1457 1215 1523 opere
1266 1457 1322 1505 et
1366 1461 1618 1503 sermone
1673 1445 1958 1508 docuerat,

371 1567 470 1625 pro
501 1550 692 1621 quibus
717 1547 785 1603 de
811 1547 927 1602 sola
956 1551 1110 1618 pater
1135 1541 1468 1613 cogitatione
1499 1539 1797 1595 metuebat.
1825 1538 1960 1606 Quia

373 1661 503 1702 vero
524 1644 592 1700 de
622 1642 814 1698 alien‘s
840 1639 1092 1696 cordibus
1114 1636 1361 1708 judicare
1390 1643 1595 1690 temere
1620 1648 1730 1688 non
1761 1632 1961 1688 debea-

371 1754 518 1806 mus,
550 1739 603 1794 in
641 1736 813 1792 sancti
859 1734 1020 1805 hujus
1071 1733 1172 1786 viri
1220 1731 1397 1786 verbis
1449 1729 1809 1800 agnoscimus,
1869 1727 1962 1796 qui

373 1845 481 1886 non
509 1830 583 1884 ait
609 1849 622 1882 :
655 1827 790 1893 Quia
815 1825 1181 1882 benedixerunt
1205 1825 1257 1876 in
1287 1823 1524 1878 cordibus
1549 1823 1654 1875 suis
1678 1839 1694 1874 :
1725 1821 1840 1885 sed,
1875 1817 1960 1874 Ne

2066 606 2181 661 haec
2208 606 2321 676 ipsa
2370 605 2646 675 Sapientia
2699 621 2794 676 per
2847 603 3193 661 Salomonem
3226 603 3532 678 dicit:Ego
3582 623 3661 660 sa-

2063 700 2259 772 pientia
2289 698 2464 752 habito
2492 698 2545 751 in
2571 698 2888 764 consilio,_et
2919 698 3137 752 eruditis
3177 699 3426 754 intersum
3459 699 3658 770 cogita-

2065 791 2288 845 tionibus
2319 790 2588 862 (Proverb.
2623 805 2745 857 VIII,
2783 790 2894 862 1%).
2928 789 3040 846 Hus
3087 806 3217 862 ergo
3267 800 3466 846 terram
3498 790 3658 844 inha-

2065 880 2473 952 bitathob,quia
2495 882 2795 952 Sapientia,
2815 896 2932 951 quae
2957 898 3054 952 pro
3086 884 3240 939 nobis
3269 882 3535 954 passionis
3561 881 3658 935 do-

2071 973 2236 1031 lorem
2267 974 2539 1040 sustinuit,
2571 972 2734 1029 corda
2763 973 2885 1028 vita:
2922 975 3160 1030 consiliis
3209 973 3391 1029 dedita
3440 970 3659 1028 sibimet

2065 1068 2456 1124 habitationem
2484 1067 2634 1122 lecit.

2532 1156 2762 1214 CAPUT
2789 1157 2884 1212 xu
2917 1158 3040 1230 [Vet
3063 1156 3160 1229 X1.

2137 1251 2354 1306 Imm—
2381 1249 2452 1304 Et
2479 1259 2588 1304 erat
2608 1251 2684 1303 vir
2713 1249 2802 1304 ille
2834 1248 3056 1318 simplex
3085 1256 3133 1302 et
3171 1257 3366 1302 rectus.

2137 1343 2224 1398 16.
2281 1341 2682 1412 Simplicitatem
2743 1347 2791 1394 et
2845 1340 3202 1394 rectitudinem
3255 1341 3438 1395 tenuit.
3482 1369 3553 1382 —
3598 1338 3658 1396 ln

2063 1433 2386 1490 rectitudine
2399 1434 2623 1502 jnstitia,
2655 1432 2708 1486 in
2738 1431 3086 1502 simplicitate
3124 1439 3307 1486 autem
3347 1440 3659 1486 mansuetu-

2063 1527 2135 1583 do
2189 1527 2448 1595 signatur.
2482 1524 2806 1592 Plerumque
2853 1538 2952 1578 nos
3002 1538 3126 1578 eum
3157 1521 3536 1577 rectitudinem
3583 1521 3660 1591 ju-

2065 1620 2224 1676 stitize
2257 1620 2622 1688 exsequimur,
2673 1615 3140 1672 mansuetudinem
3198 1617 3662 1689 relinquimus;et

2065 1735 2184 1773 cum
2210 1716 2674 1773 mansuetudinem
2701 1729 2920 1772 servare
2950 1715 3219 1785 cupimus,
3245 1712 3466 1784 iustitia:
3496 1711 3664 1766 recti-

2067 1811 2307 1867 tudinem
2340 1809 2695 1865 declinamus.
2722 1805 3038 1863 lncarnatus
3094 1809 3198 1877 22
3225 1819 3355 1860 vero
3403 1803 3664 1858 Dominus

373 1925 507 1996 forte
532 1919 888 1977 benedixerint
908 1917 1020 1972 Deo
1046 1916 1100 1970 in
1144 1914 1381 1970 cordibus
1431 1915 1556 1968 suis.
1608 1910 1762 1967 Unde
1818 1912 1960 1966 bene
1992 1905 2037 1965 Β
2067 1906 2467 1976 simplicitatem
2521 1921 2641 1959 cum
2685 1901 3008 1958 rectitudine
3061 1902 3279 1956 tenuit:
3312 1901 3438 1971 quia
3481 1915 3581 1955 nec
3609 1899 3663 1954 in

371 2028 468 2084 per
509 2011 734 2067 Paulum
789 2009 987 2064 dicitur
1022 2027 1032 2060 :
1068 2005 1246 2061 Nolite
1267 2005 1509 2078 judicare
1570 2015 1691 2058 ante
1744 2015 1960 2075 tempus,

372 2105 702 2178 quoadusque
727 2105 896 2158 veniat
919 2101 1194 2165 Dominus,
1217 2100 1301 2171 qui
1323 2098 1639 2152 illuminabit
1660 2098 1964 2151 abscondita

373 2198 701 2253 tenebrarum
721 2235 736 2262 ,
760 2205 809 2249 et
839 2192 1192 2264 manifestabit
1220 2189 1444 2244 consilia
1473 2190 1704 2244 cordium
1752 2188 1806 2260 (Ι
1836 2189 1959 2243 Cor.

374 2305 450 2355 tv,
474 2286 549 2356 5).
569 2286 710 2360 [νει.
729 2283 874 2338 VIII
886 2285 915 2354 1.
939 2281 1189 2351 Quisquis
1202 2279 1343 2336 enim
1362 2279 1758 2349 incogitatione
1785 2297 1815 2335 a
1846 2295 1965 2336 rec-

377 2379 604 2435 titudine
633 2377 921 2442 exorbitat,
949 2377 1003 2430 in
1035 2375 1271 2431 tenebris
1299 2382 1510 2444 peccat.
1538 2373 1642 2428 Nos
1657 2388 1787 2442 ergo
1811 2381 1962 2427 tanto

375 2473 550 2527 minus
573 2471 831 2525 debemus
859 2469 1031 2522 aliena
1065 2465 1227 2523 corda
1257 2467 1512 2521 audacter
1541 2465 1960 2537 reprehendere,

376 2575 578 2637 quanto
601 2565 816 2629 scimus,
840 2564 966 2633 quia
988 2563 1105 2618 visu
1122 2571 1306 2617 nostro
1328 2577 1436 2616 non
1459 2576 1746 2632 possumus
1776 2561 1963 2615 alienae

375 2657 717 2728 cogitationis
753 2656 1008 2712 tenebras
1051 2655 1343 2710 illustrare.
1380 2663 1405 2690 ἰ
1427 2651 1554 2728 _Sed
1597 2653 1702 2708 hac
1739 2652 1966 2707 solerter

377 2748 695 2808 intuendum
719 2757 821 2816 est,
853 2743 1056 2818 quanta
1102 2755 1258 2818 pater
1286 2719 1576 2801 severitate
1605 2744 1778 2814 potuit
1827 2744 1967 2799 tilio-

378 2862 498 2902 rum
527 2859 693 2916 opera
733 2842 1027 2912 corrigere,
1067 2840 1158 2910 qui
1186 2847 1337 2894 tanta
1368 2835 1730 2893 sollicitudine
1757 2837 1966 2893 studuit

378 2939 539 2996 corda
564 2936 846 2992 mundare.
899 2933 1038 3001 Quid
1067 2933 1135 2988 ad
1186 2932 1302 2988 btec
1335 2939 1576 2987 rectores
1619 2929 1855 2985 ﬁdelium
1886 2930 1965 2985 di-

385 3035 552 3094 cunt,
607 3028 696 3097 qui
743 3025 1132 3099 discipulorum
1189 3039 1410 3079 suorum
1461 3030 1516 3076 et
1564 3027 1749 3092 aperta
1797 3037 1964 3093 opera

381 3123 658 3180 nesciunt?
687 3115 825 3189 Quid
875 3120 928 3174 in
957 3121 1052 3174 sua
1082 3118 1431 3174 excusatione
1482 3117 1743 3187 cogitant,
1795 3116 1886 3187 qui
1911 3115 1963 3169 in

381 3217 678 3275 commissis
713 3215 812 3271 sibi
864 3229 964 3271 nec
1004 3213 1227 3268 vulnera
1281 3211 1554 3266 actionum
1613 3210 1842 3264 curant?
1893 3206 1965 3262 Ut

2071 1999 2481 2056 mansuetudine
2507 1997 2902 2053 districtionem
2930 1994 3173 2065 justitite,
3214 2010 3315 2050 nec
3364 2009 3580 2048 rursum
3608 1993 3662 2049 in

2070 2092 2402 2147 districtione
2437 2089 2658 2159 justitire
2713 2089 2966 2143 virtutem
2998 2085 3428 2162 mansuetudinis
3459 2085 3662 2140 amisit.

2076 2184 2227 2239 Unde
2255 2198 2373 2237 cum
2404 2181 2640 2253 quidam,
2671 2181 2900 2236 deducta
2958 2180 3219 2246 adultera,
3260 2180 3405 2234 hunc
3451 2174 3664 2235 tentare

2069 2279 2384 2343 voluissent,
2409 2286 2466 2331 ut
2499 2278 2550 2330 in
2576 2277 2790 2347 culpam
2835 2284 2927 2329 aut
2947 2273 3450 2329 immansuetudinis
3473 2281 3566 2326 aut
3585 2273 3666 2327 in.

2064 2371 2285 2440 justitia:
2315 2369 2610 2434 laberetur,
2643 2368 2710 2422 ad
2734 2374 2965 2438 utraque
2996 2364 3277 2436 respondit
3304 2364 3490 2420 dicens
3516 2383 3529 2417 :
3565 2362 3666 2430 Qui

2068 2466 2179 2518 sine
2199 2470 2403 2533 peccato
2431 2470 2506 2514 est
2526 2470 2766 2525 vestrum,
2829 2460 3023 2529 primus
3051 2459 3105 2511 in
3135 2457 3280 2511 illam
3306 2456 3533 2526 lapidem
3555 2457 3665 2510 mit-

2069 2566 2142 2609 tat
2169 2555 2370 2626 (Jorm.,
2396 2571 2507 2618 Vlll,
2549 2552 2626 2623 7).
2654 2551 2754 2605 Dat
2800 2549 3205 2621 simplicitatem
3239 2548 3667 2605 mansuetudinis

2067 2647 2151 2716 qui
2181 2647 2292 2699 sine
2334 2654 2542 2714 peccato
2566 2653 2641 2696 est
2671 2652 2919 2707 vestrum;
2963 2641 3056 2694 dat
3086 2640 3259 2694 zelum
3287 2639 3530 2708 justitia),
3560 2641 3668 2710 pri-

2068 2754 2179 2791 mus
2210 2737 2261 2790 in
2291 2736 2436 2790 illuni
2459 2735 2683 2806 lapidem
2710 2736 2900 2788 mittat.
2922 2732 3073 2788 Unde
3086 2733 3201 2787 etei
3216 2731 3483 2802 propheta
3498 2732 3664 2786 dicit:

2070 2832 2308 2896 Intende,
2340 2849 2581 2902 prospere
2603 2831 2842 2901 procede,
2874 2839 2922 2885 et
2960 2846 3118 2902 regna
3159 2836 3368 2900 propter
3394 2831 3662 2884 veritatem

2067 2939 2114 2983 et
2141 2928 2584 2984 mansuetudinem
2616 2936 2662 2980 et
2713 2926 2974 2996 justitiam
3009 2921 3181 2994 (Psal.
3216 2937 3362 2985 XLIV,
3512 2917 3668 2974 Veri-

2069 3026 2233 3075 tatem
2265 3018 2463 3090 quippe
2484 3031 2821 3086 exsequens,
2858 3011 3330 3069 mansuetudinem
3354 3027 3475 3065 cum
3503 3010 3665 3078 justi-

2072 3113 2141 3166 lia
2172 3110 2544 3175 conservavit;
2571 3118 2630 3163 ut
2655 3124 2753 3164 nec
2783 3108 2956 3163 zelum
2973 3103 3310 3162 rectitudinis
3332 3106 3384 3159 in
3416 3119 3668 3160 mansue-

2071 3202 2265 3258 tudinis
2305 3202 2546 3274 pondere
2573 3203 2865 3268 amitteret,
2899 3216 2999 3258 nec
3027 3214 3239 3254 rursum
3265 3198 3478 3270 pondus
3519 3213 3670 3251 man~

382 3326 507 3367 vero
537 3307 693 3378 hujus
731 3307 904 3363 sancti
932 3305 959 3344 δ
993 3305 1174 3377 operis
1203 3304 1367 3360 etiam
1411 3303 1815 3375 perseverantia
1863 3301 1962 3356 de-
1993 3308 2040 3371 α
2071 3296 2366 3353 suetudinis
2409 3296 2525 3350 zelo
2552 3294 2890 3350 rectitudinis
2937 3293 3298 3363 perturbaret.
3359 3289 3620 3362 Sequitur
3647 3306 3666 3344 :

384 3411 730 3469 monstretur,
764 3408 910 3456 recte
939 3399 1311 3470 subjungitur:

1013 3489 1243 3547 CAPUT
1274 3489 1336 3545 X.

455 3589 578 3647 lett).
604 3621 677 3634 ——
703 3587 794 3645 Sic
821 3583 1160 3660 faciebatlob
1190 3585 1388 3638 cunctis
1410 3583 1605 3637 diebus.

456 3684 543 3741 M.
577 3684 676 3738 Job
707 3679 1108 3752 perseverantia.
1142 3709 1214 3720 -—
1261 3677 1532 3748 Scriptum
1579 3676 1778 3746 quippe
1837 3682 1922 3730 est
1952 3691 1966 3728 :

387 3779 488 3845 Qui
517 3774 917 3847 perseveraverit
967 3787 1124 3840 usque
1168 3771 1225 3824 in
1279 3770 1455 3840 ﬁnem,
1507 3768 1586 3822 hic
1640 3769 1810 3822 salvus
1851 3768 1966 3822 erit.

387 3867 603 3938 (Matth.
635 3882 690 3931 χ,
722 3863 826 3928 22;
857 3876 1002 3928 xxxv,
1037 3860 1152 3930 15.)
1199 3859 1258 3912 In
1291 3858 1558 3913 sacriﬁcio
1589 3859 1750 3926 igitur
1787 3870 1972 3914 sancta

386 3959 551 4024 actio,
584 3957 636 4012 in
657 3955 866 4011 cunctis
910 3960 1089 4007 autem
1139 3950 1328 4005 diebus
1371 3949 1638 4018 sacriﬁcii,
1670 3951 1973 4004 constantia

385 4059 588 4111 sanctae
618 4047 846 4105 actionis
893 4043 1215 4101 ostenditur.
1273 4042 1398 4098 Haec
1432 4043 1667 4098 breviter
1696 4043 1974 4099 historiam

387 4142 664 4216 sequendo
735 4137 1184 4202 transcurrimus;
1238 4151 1381 4192 nunc
1434 4135 1567 4192 ordo
1619 4136 1977 4208 expositionis

389 4239 634 4309 exigitut
663 4232 950 4292 exordium
977 4238 1308 4300 repetentes,
1339 4230 1723 4301 allegoriarum
1745 4229 1856 4299 jam
1888 4246 1974 4288 se-

389 4338 536 4388 creta
564 4328 882 4401 pandamus.

835 4415 1062 4474 CAPUT
1091 4415 1181 4472 x1.
1207 4415 1353 4489 Wet.
1385 4414 1514 4488 IX].

462 4520 625 4575 Vens.
663 4516 712 4570 1.
735 4545 807 4559 -—
842 4513 935 4567 Vir
961 4512 1148 4566 eratin
1170 4518 1308 4564 terra
1334 4507 1474 4578 ﬂus,
1498 4509 1703 4563 nomine
1721 4507 1845 4564 Job.

466 4608 548 4664 15.
576 4607 778 4664 Sensus
820 4617 1079 4659 ALLEGOR.
1109 4632 1180 4644 ——-
1203 4601 1440 4654 Christus
1467 4597 1566 4654 Job
1598 4601 1806 4654 nomine
1835 4599 1973 4654 desi-

2673 3395 2900 3452 CAPUT
2923 3394 3058 3449 XIII.

2141 3489 2270 3547 lem.
2295 3524 2366 3534 -—
2404 3489 2606 3544 Timens
2625 3488 2809 3555 Deum,
2843 3497 2890 3542 et
2923 3487 3166 3541 recedens
3200 3503 3231 3540 a
3261 3485 3422 3540 malo.

2148 3584 2235 3640 17.
2295 3584 2461 3639 Deum
2515 3584 2765 3655 quomodo
2822 3584 3105 3637 timuit.—
3146 3581 3416 3651 Scriptum
3477 3589 3558 3636 est
3604 3581 3670 3637 de

2076 3683 2169 3737 illo
2204 3701 2217 3736 :
2249 3682 2319 3735 Et
2349 3681 2555 3751 replevit
2586 3696 2700 3732 eum
2729 3679 2940 3747 spiritus
3002 3678 3199 3731 timoris
3245 3673 3462 3728 Domini
3510 3673 3669 3744 (Isai.

2077 3792 2152 3839 ιι,
2179 3773 2256 3844 5).
2291 3774 2604 3829 lncarnatus
2630 3771 2772 3824 enim
2804 3769 3064 3822 Dominus
3091 3769 3142 3820 in
3170 3766 3461 3835 semetipso
3506 3781 3669 3820 omne

2076 3867 2223 3938 quod
2253 3867 2410 3922 nobis
2440 3863 2464 3900 ἀ
2491 3862 2786 3932 inspiravit,
2817 3860 3080 3927 ostendit;
3113 3867 3171 3912 ut
3223 3857 3365 3926 quod
3395 3864 3669 3926 praecepto

2078 3961 2301 4027 diceret,
2336 3955 2584 4027 exemplo
2614 3954 2884 4010 suaderet.
2917 3950 3078 4007 Juxta
3138 3949 3488 4005 humanitatis
3540 3963 3670 4018 ergo

2079 4061 2323 4107 naturam
2352 4049 2682 4118 Redemptor
2712 4053 2896 4101 noster
2953 4044 3122 4098 Deum
3177 4043 3390 4107 timuit;
3425 4040 3550 4112 quia
3611 4046 3671 4095 ut

2077 4144 2367 4213 superbum
2421 4139 2695 4195 hominem
2744 4135 3035 4191 redimeret
3068 4144 3089 4170 ο
3121 4138 3362 4188 mentem
3416 4146 3516 4202 pro
3575 4128 3667 4185 illo

2081 4235 2336 4292 humilem
2376 4230 2626 4302 sumpsit.
2678 4226 2843 4296 Cujus
2869 4226 3009 4281 bene
3058 4239 3155 4294 per
3182 4224 3306 4290 hoc,
3341 4220 3486 4293 quod
3512 4235 3668 4277 rece-

2078 4331 2264 4385 derea
2291 4326 2433 4381 malo
2479 4323 2580 4380 Job
2629 4321 2843 4386 dicitur,
2895 4326 2952 4374 et
3000 4318 3143 4374 actio
3185 4315 3516 4385 designatur.
3553 4312 3671 4383 Ipse

2078 4423 2277 4493 quippe
2301 4418 2524 4477 recessit
2548 4432 2578 4471 a
2609 4414 2774 4481 malo,
2802 4428 2912 4469 non
2938 4409 3085 4482 quod
3133 4407 3382 4464 faciendo
3417 4403 3667 4472 contigit,

2079 4516 2174 4573 sed
2198 4514 2343 4584 quod
2391 4509 2714 4568 inveniendo
2767 4503 3080 4576 reprobavit
3125 4520 3138 4554 :
3188 4499 3315 4570 quia
3372 4504 3666 4561 vetustam,

2079 4624 2239 4679 quam
2266 4614 2424 4662 natus
2474 4601 2698 4666 invenit,
2749 4600 3001 4654 humanae
3045 4587 3476 4649 conversationis
3502 4584 3668 4638 vitam

392 4711 693 4780 gnatus‘.—
720 4697 847 4753 Haec
895 4709 991 4766 per
1021 4693 1304 4748 historiam
1347 4692 1486 4748 l'acta
1532 4693 1822 4758 credimus,
1877 4692 1966 4748 sed

2081 4677 2430 4765 deseruit;et
2451 4711 2674 4758 novam,
2719 4706 2883 4762 quam
2911 4702 3094 4745 secum
3122 4681 3314 4740 detulit
3356 4677 3668 4750 sequacium

393 4815 488 4873 per
516 4792 828 4866 allegoriam
863 4789 976 4858 ja
1003 4787 1233 4858 qualiter
1261 4787 1370 4843 sint
1390 4787 1642 4856 impleta,
1672 4787 1970 4843 videamus.

391 4892 491 4949 Job
523 4901 774 4958 namque,
804 4892 865 4940 ut
888 4882 1138 4947 diximus,
1165 4882 1552 4950 interpretatur
1593 4882 1785 4938 dolens
1812 4899 1826 4936 :
1862 4881 1975 4937 Hus

392 4999 522 5042 vero
545 4979 878 5039 consiliator.
907 4976 1078 5042 Quem
1102 4985 1232 5042 ergo
1273 4973 1437 5028 alium
1484 4973 1677 5031 beatus
1721 4974 1826 5041 Job
1877 4992 1976 5034 suo

392 5076 609 5136 nomine
631 5071 903 5145 exprimit,
929 5068 1029 5124 nisi
1055 5081 1178 5123 eum
1209 5065 1275 5120 de
1309 5080 1416 5134 quo
1450 5069 1713 5136 prepheta
1741 5069 1978 5137 loquitur

391 5173 575 5229 dicens
603 5187 617 5224 ι
645 5166 847 5223 dolores
876 5170 1079 5218 nostros
1111 5171 1132 5200 ε
1159 5160 1268 5230 ipse
1296 5161 1518 5230 portavit
1550 5159 1707 5231 (Isai.
1741 5177 1852 5228 LIII,
1878 5161 1970 5234 4)?

390 5263 493 5331 Qui
519 5260 630 5316 llus
655 5267 856 5315 terram
886 5253 1171 5319 inhabitat,
1203 5252 1328 5322 quia
1355 5251 1406 5304 in
1440 5251 1603 5306 corda
1635 5253 1820 5321 populi
1845 5270 1977 5310 con-

391 5355 646 5413 siliatoris
673 5360 883 5422 regnat.
936 5348 1132 5403 Paulus
1182 5345 1382 5416 quippe
1437 5345 1511 5399 ait
1561 5343 1821 5401 Christum
1881 5347 1979 5404 Dei

451 5521 487 5637 ι·
512 5507 638 5564 Mss.
666 5507 899 5580 Remig.,
927 5495 1108 5571 Rem,
1137 5499 1378 5569 Ebroic.,
1411 5508 1518 5569 etc,
1545 5501 1636 5556 sed
1685 5505 1779 5556 hac
1823 5505 1878 5558 in
1927 5522 1982 5561 re

469 5591 626 5636 erter.

391 5591 626 5637 solerter.

462 5653 488 5693 ι)
512 5651 592 5707 [ia
619 5643 780 5707 Corb.
801 5685 816 5710 ,
847 5647 1030 5721 Germ.
1072 5650 1128 5702 et
1158 5645 1295 5717 pler.
1354 5643 1476 5702 Mss.
1531 5644 1589 5700 In
1615 5645 1781 5715 Edit.,
1827 5648 1982 5721 hujus

392 5724 561 5780 sancti
591 5722 688 5789 viri
718 5719 906 5789 operis.

467 5809 489 5836 ο
523 5786 910 5860 ΑΜεδηϐοτι).
939 5795 996 5843 et
1046 5787 1320 5860 nonnullis
1370 5788 1519 5844 abest
1547 5789 1674 5860 ipse,
1729 5791 1871 5859 quod
1924 5793 1976 5847 in

391 5866 580 5926 Germ.
615 5859 852 5918 additum
879 5859 1130 5915 secundis
1151 5860 1313 5915 curis.

465 5937 493 5977 ει
541 5935 623 5992 Ita
652 5933 778 5988 Mss.
822 5945 1010 5986 omnes
1032 5929 1283 6001 ,_Rem.,
1325 5929 1555 5998 Retnig.,
1605 5929 1785 6001 Colh.,
1837 5933 1974 5989 Cor~

393 6009 625 6075 imicus”
655 6002 886 6070 Turon.,
912 6009 1019 6058 etc.
1051 5999 1224 6056 Editio
1247 6001 1408 6055 Basil.
1434 6002 1592 6068 15M,
1610 5999 1781 6060 Paris.
1819 6004 1970 6070 1518,

2081 4793 2322 4852 moribus
2348 4788 2640 4861 impressit.

2527 4875 2756 4934 CAPUT
2780 4871 2892 4928 xrv
2922 4872 3072 4945 [Rec.
3102 4865 3225 4939 γη.

2161 4979 2305 5032 Vers.
2337 4970 2708 5041 2.-Natique
2731 4977 2850 5022 sunt
2877 4967 2925 5019 ei
2952 4972 3143 5033 septem
3165 4960 3283 5032 ﬁlii,
3309 4966 3356 5013 et
3389 4965 3488 5013 tres
3511 4956 3661 5028 ﬁliae.

2157 5068 2242 5121 18.
2301 5063 2640 5135 Septenarius
2693 5072 2935 5112 numerus
2990 5056 3262 5127 perfectus.
3317 5049 3580 5119 ——Quidj
3609 5049 3667 5103 in

2082 5160 2389 5235 septenario
2418 5170 2642 5213 numero
2675 5154 2778 5210 nisi
2817 5166 3027 5207 summa
3065 5147 3416 5222 perfectionis
3457 5143 3665 5213 accipi-

2085 5257 2212 5311 tur?
2245 5253 2310 5308 Ut
2363 5252 2506 5308 enim
2561 5251 2807 5304 humanae
2863 5245 3087 5302 rationis
3133 5258 3324 5300 causas
3369 5240 3437 5295 de
3486 5246 3667 5308 septe-

2085 5348 2234 5402 nario
2291 5359 2514 5400 numero
2573 5353 2869 5406 taceamus,
2911 5354 3030 5409 qua:
3080 5341 3348 5400 asserunt,
3394 5329 3537 5401 quod
3588 5329 3669 5384 id-

2086 5515 2140 5562 et
2163 5505 2298 5571 aliat,
2333 5503 2556 5568 habent,
2585 5501 2719 5569 quod
2748 5499 2896 5571 nobis
2925 5497 3214 5571 imperavit.

2163 5589 2183 5615 ε
2217 5569 2295 5630 Ita
2324 5574 2450 5628 Mss.
2473 5571 2528 5626 S.
2562 5571 2769 5633 Germ.,
2797 5570 2969 5639 Regii,
2995 5569 3172 5631 Rem.,
3204 5573 3330 5639 etc?
3349 5569 3669 5629 veteresque

2087 5650 2228 5704 Edit.
2261 5648 2428 5701 Paris.
2463 5652 2516 5698 et
2546 5643 2702 5699 Basil.
2761 5633 2911 5696 Unus
2957 5633 3168 5704 Remig.
3219 5633 3401 5701 habet,
3445 5641 3668 5704 mortem

2038 5767 2040 5770 .
2086 5703 2179 5791 pro
2232 5715 2619 5791 illm/inmitem
2667 5714 2900 5782 sumpsit.
2933 5709 3065 5791 _lloc
3108 5703 3384 5791 dianusus
3435 5703 3664 5791 fortpsse

2084 5773 2282 5848 ibam.
2309 5788 2540 5845 Gilolius
2580 5773 2906 5855 Campanus,
2933 5782 2987 5855 in
3017 5796 3112 5855 sua
3143 5779 3284 5833 Edit.
3329 5773 3662 5855 amid-157',

2086 5843 2369 5930 utramque
2394 5859 2682 5930 lectionem
2713 5843 3021 5923 adoptavit;
3047 5851 3163 5906 alia:
3191 5857 3377 5930 postea
3406 5843 3662 5930 [iditum-

2083 5915 2361 5988 tinuertint
2406 5932 2546 5986 hanc
2591 5927 2803 5983 unicam
2821 5915 2850 5978 ἐ
2879 5915 3092 5980 mortem
3133 5915 3225 5995 pro
3278 5920 3370 5976 illo
3419 5915 3666 5973 humilem

2082 6004 2299 6076 sumpsit
