4130 6462
571 441 669 471 με(

568 462 672 495 θύον)

1738 429 1980 486 SANCTI
2020 426 2351 486 GREGORII
2392 426 2439 483 Μ
2447 424 2603 484 AGNI

3737 415 3841 471 536

564 558 708 614 circo
728 555 1002 626 perfectus
1030 552 1121 621 sit,
1153 550 1280 621 quia
1312 566 1380 605 ex
1427 549 1603 620 primo
1659 547 1772 619 pari
1818 555 2048 614 constat,
2101 554 2154 601 et
2182 556 2231 610 Α
2258 541 2465 609 mundi,
2496 555 2631 612 quas
2657 539 2953 612 possident,
2974 538 3101 595 dum
3123 536 3217 610 pla
3246 547 3414 606 opera
3437 532 3664 626 faciunt,
3690 534 3845 626 quasi

561 647 736 718 primo
759 645 981 715 impari;
1012 658 1079 699 ex
1108 642 1285 712 primo
1349 641 1440 711 qui
1470 640 1634 695 dividi
1663 646 1860 710 potest,
1890 645 1946 693 et
1972 636 2153 706 primo

556 736 651 808 qui
678 735 841 791 dividi
883 750 989 790 non
1045 741 1259 804 potest;
1304 732 1606 788 certissime
1648 730 1848 786 scimus
1891 728 2033 798 quod
2062 742 2149 783 se-

556 827 860 899 ptenarium
884 841 1164 881 numerum
1195 824 1475 895 Scriptura
1504 838 1659 879 sacra
1688 837 1787 892 pro
1811 820 2148 892 pertectione

555 934 763 993 ponere
809 918 1090 974 consuevit
1134 915 1343 988 (Genes.
1375 933 1435 985 ιι,
1468 916 1547 986 5).
1605 912 1759 969 Unde
1814 920 1871 968 et
1916 909 2149 981 septimo

554 1014 644 1070 die
665 1012 950 1068 Dominum
983 1011 1314 1080 requievisse
1370 1010 1438 1065 ab
1488 1009 1741 1080 operibus
1765 1006 1977 1063 asserit.
2010 1004 2150 1062 Hinc

554 1111 639 1158 est
664 1103 825 1158 etiam
855 1102 1000 1173 quod
1026 1102 1284 1173 septimus
1307 1101 1424 1156 dies
1455 1101 1510 1155 in
1530 1099 1772 1169 requiem
1803 1097 2142 1168 hominibus,

552 1196 607 1250 id
627 1203 737 1261 est,
771 1196 826 1250 in
851 1195 1133 1252 sabbatum
1155 1194 1315 1250 datus
1338 1202 1438 1250 est.
1470 1193 1606 1249 Hinc
1632 1202 1720 1247 est
1746 1191 1889 1262 quod
1910 1190 2148 1260 jubileus

552 1301 745 1354 annus,
785 1288 840 1342 in
870 1303 978 1359 quo
1008 1286 1254 1358 plenaria
1298 1286 1518 1357 requies
1562 1285 1901 1355 exprimitur,
1936 1292 2143 1354 septem

552 1379 975 1435 hebdomadibus
1020 1386 1455 1445 consummatur,
1488 1378 1582 1449 qui
1618 1377 1850 1432 monade
1887 1386 1914 1414 ιι
1960 1376 2140 1432 addita

552 1481 752 1526 nostrae
776 1471 1119 1527 adunationis
1148 1470 1427 1541 impletur.

623 1584 766 1659 [VeL
800 1584 965 1657 ΧΙΙ.]
994 1584 1081 1640 19.
1113 1584 1241 1639 Filii
1262 1584 1362 1640 Job
1392 1584 1653 1655 apostolos
1675 1586 1991 1655 signant.—
2012 1581 2145 1637 Nati

550 1684 670 1728 sunt
697 1691 819 1747 ergo
848 1676 894 1728 ei
916 1684 1111 1744 septem
1139 1674 1259 1743 ﬁlii.
1293 1674 1373 1727 Ad
1403 1673 1803 1744 praedicandum
1836 1672 2043 1728 scilicet
2064 1674 2146 1727 vi-

548 1765 724 1821 riliter
761 1765 1074 1821 incedentes
1125 1764 1375 1835 apostoli.
1435 1763 1537 1830 Qui
1601 1765 1729 1819 dum
1793 1763 2143 1834 perfectionis

550 1865 817 1927 praecepta
843 1865 1130 1927 peragunt,
1153 1857 1305 1927 quasi
1332 1857 1629 1926 superioris
1657 1872 1815 1911 sexus
1872 1857 2143 1912 fortitudi-

2251 649 2351 704 per
2378 642 2535 689 terra:
2557 634 2698 687 viam
2745 631 2814 688 ad
2841 632 3116 688 omlestem
3145 628 3377 701 patriam
3407 624 3673 681 tendunt?
3706 624 3843 689 Quia

2251 723 2415 793 igitur
2442 730 2563 793 post
2594 729 2815 779 sanctos
2842 721 3121 793 apostolos
3150 734 3267 775 tres
3312 717 3429 772 istae
3458 714 3695 770 ﬁdelium
3729 713 3838 767 dis-

2250 811 2543 869 tinctiones
2568 820 2769 869 secutae
2797 822 2941 879 sunt,
2972 824 3122 869 recte
3168 818 3297 882 post
3346 807 3509 876 ﬁlios,
3560 814 3673 862 tres
3723 801 3843 856 ﬁlim

2252 916 2393 964 natat
2418 915 2807 964 memorantur.
2841 907 3100 978 Sequitur
3131 924 3144 960 :

2843 1018 3075 1077 CAPUT
3114 1018 3227 1073 XV.

2327 1114 2565 1171 Vens.'5.
2589 1144 2663 1156 —
2690 1112 2763 1168 Et
2795 1115 2893 1185 fuit
2947 1111 3207 1183 possessio
3256 1108 3373 1179 ejus
3411 1110 3607 1175 septem
3672 1103 3843 1158 millia

2249 1208 2437 1273 ovium,
2469 1215 2520 1263 et
2544 1209 2645 1263 tria
2667 1208 2835 1263 millia
2865 1205 3201 1260 camelorum.

2321 1324 2409 1377 21.
2468 1322 2659 1381 Ovibus
2716 1324 3053 1389 innocentes,
3106 1319 3317 1374 camelis
3380 1317 3557 1374 vitiosi
3628 1314 3849 1388 gentiles

2246 1418 2543 1472 adumbrati
2578 1426 2627 1471 et
2684 1416 3036 1472 Samaritani.
3061 1447 3133 1458 —
3161 1414 3298 1482 Quia
3336 1413 3533 1472 ﬁdeles
3562 1410 3849 1465 auditores

2248 1524 2316 1564 ex
2347 1508 2494 1564 varia
2543 1508 2959 1565 conversatione
3013 1506 3231 1563 collecti
3289 1517 3435 1571 sunt,
3496 1501 3647 1575 quod
3704 1500 3849 1570 prius

2248 1601 2646 1670 universaliter,
2680 1600 2705 1637 ά
2738 1600 3053 1656 memoratis
3080 1599 3316 1667 ﬁliabus,
3346 1598 3571 1665 dicitur,
3606 1594 3717 1649 hoc
3740 1593 3848 1648 dis-

2245 1692 2413 1747 tincte
2437 1692 2781 1762 postmodum
2827 1691 3193 1762 appellatione
3222 1689 3539 1745 animalium
3571 1683 3849 1748 subinter-

2246 1790 2354 1839 tur.
2396 1783 2535 1850 Quid
2572 1783 2714 1839 enim
2745 1784 2799 1837 in
2831 1791 3039 1852 septem
3066 1782 3305 1838 millibus
3336 1782 3546 1848 ovium,
3576 1778 3685 1836 nisi
3717 1791 3847 1847 per-

2246 1873 2441 1929 lectam
2472 1875 2828 1945 quorumdam
2855 1874 3221 1930 innocentiam
3262 1873 3539 1943 exprimit,
3569 1886 3689 1943 quae
3732 1878 3755 1905 ε
3783 1868 3848 1925 ad

548 1962 673 2003 uem
718 1948 774 2003 in
814 1948 1227 2004 conversatione
1283 1955 1601 2003 tenuerunt:
1658 1947 1798 2006 Hinc
1850 1958 1929 2003 est
1981 1950 2144 2016 enim,
2178 1950 2226 2010 B
2254 1966 2641 2037 perfeclionem
2669 1967 2878 2035 gratim,
2922 1982 2991 2021 ex
3050 1965 3183 2034 legis
3211 1965 3428 2035 pascuis
3477 1959 3847 2029 veniuQujd

547 2038 693 2108 quod
722 2039 1055 2110 perfectione
1075 2038 1406 2109 septiformis
1426 2039 1612 2107 gratiae
1632 2037 1865 2110 Spiritus
1886 2040 2146 2109 implendi

547 2130 829 2188 duodecim
858 2141 986 2188 sunt
1011 2132 1190 2189 electi.
1235 2133 1279 2186 A
1301 2132 1617 2202 septenario
1667 2133 1868 2203 quippe
1918 2148 2145 2189 numero

551 2224 606 2277 in
639 2224 1030 2279 duodenarium
1060 2225 1317 2295 surgitur.
1366 2224 1501 2278 Nam
1535 2226 1877 2295 septenarius
1925 2226 2035 2281 suis
2090 2227 2145 2281 in

548 2328 604 2366 se
630 2314 872 2382 partibus
917 2314 1330 2384 multiplicatus,
1364 2314 1431 2368 ad
1461 2314 1851 2369 duodenarium
1884 2316 2142 2371 tenditur.

551 2404 679 2459 Sive
715 2406 859 2460 enim
887 2412 1122 2474 quatuor
1146 2419 1246 2474 per
1275 2406 1397 2472 tria,
1442 2405 1556 2461 sive
1610 2422 1710 2476 per
1761 2416 1994 2475 quatuor
2040 2409 2143 2464 tria

549 2496 841 2561 ducantur,
891 2506 1098 2567 septem
1147 2497 1203 2551 in
1243 2497 1527 2554 duodecim
1582 2506 1867 2554 vertuntur
1892 2501 1937 2554 ι).
1990 2500 2143 2558 Unde

549 2591 721 2645 sancti
743 2589 1001 2660 apostoli,
1031 2591 1157 2659 quia
1188 2599 1433 2646 sanctam
1456 2590 1781 2648 Trinitatem
1808 2593 1861 2648 in
1906 2604 2142 2663 quatuor

549 2681 789 2752 partibus
845 2682 1031 2739 mundi
1085 2683 1379 2754 prmdicare
1430 2686 1802 2753 mittebantur,
1855 2688 2141 2744 duodecim

548 2783 672 2829 sunt
700 2775 859 2830 electi
904 2793 919 2841 ;
960 2783 1019 2830 ut
1067 2776 1230 2831 etiam
1273 2792 1501 2833 numero
1532 2777 1925 2848 perfectionem
1955 2789 2142 2835 osten-

548 2864 756 2929 derent,
785 2880 947 2935 quam
968 2866 1079 2922 vita
1109 2876 1163 2922 et
1196 2882 1329 2923 voce
1355 2868 1737 2938 praedicarent.

614 2977 701 3033 ΞΟ.
741 2977 894 3035 Filia:
922 2981 1155 3050 ﬁdelium
1177 2982 1368 3052 plebes.
1392 2981 1656 3037 Fidelium
1687 2993 1790 3039 tres
1816 2986 2045 3040 ordines.
2071 3019 2143 3029 —-

548 3069 708 3127 Nate
736 3082 851 3127 sunt
880 3081 931 3127 et
958 3082 1062 3128 tres
1089 3075 1233 3144 ﬁlia.
1270 3074 1409 3141 Quid
1446 3076 1499 3130 in
1531 3074 1763 3142 ﬁliabus,
1800 3078 1900 3132 nisi
1931 3079 2035 3150 23
2057 3079 2144 3133 in-

548 3160 814 3217 ﬁrmiores
842 3162 1077 3218 ﬁdelium
1124 3164 1309 3233 plebes
1338 3165 1664 3234 accipimus,
1703 3177 1725 3204 ο
1760 3183 1879 3237 quae
1927 3169 2029 3223 etsi
2077 3168 2144 3223 ad

549 3253 937 3323 perfectionem
990 3255 1170 3324 Operis
1224 3270 1564 3325 nequaquam
1597 3256 1723 3310 forti
1772 3257 1969 3312 virtute
2018 3274 2144 3327 per-

549 3352 789 3409 manent,
819 3343 977 3398 ﬁdem
1006 3354 1186 3398 tamen
1218 3343 1499 3399 Trinitatis
1526 3347 1795 3414 cognitam
1823 3357 2144 3404 constanter

550 3436 772 3487 tenent?
812 3432 872 3488 In
906 3442 1115 3503 septem
1143 3448 1271 3503 ergo
1303 3436 1423 3491 ﬁliis
1452 3436 1584 3491 ordo
1614 3438 2041 3507 praedicantium,
2090 3442 2143 3496 in

550 3524 719 3581 tribus
744 3541 873 3583 vero
904 3524 1112 3584 ﬁliabus
1131 3527 1424 3584 multitudo
1448 3528 1786 3600 signiﬁcatur
1815 3532 2142 3589 auditorum.

550 3616 782 3672 Possunt
839 3618 1003 3673 etiam
1054 3633 1155 3688 per
1182 3627 1295 3675 tres
1326 3618 1463 3675 ﬁlias
1494 3628 1605 3676 tres
1633 3620 1851 3677 ordines
1906 3621 2143 3678 ﬁdelium

550 3708 835 3777 designari.
869 3708 999 3764 Post
1029 3708 1169 3765 ﬁlios
1192 3710 1395 3780 quippe
1453 3710 1574 3765 ﬁliae
1606 3711 1972 3781 nominantur,
2016 3715 2143 3783 quia

550 3809 676 3871 post
705 3801 1073 3870 apostolorum
1095 3811 1443 3872 conspectam
1474 3803 1864 3872 fortitudinem,
1903 3815 2013 3862 tres
2033 3808 2143 3865 dis-

550 3892 841 3950 tinctiones
872 3893 1111 3948 ﬁdelium
1141 3894 1195 3948 in
1214 3892 1470 3950 Ecclesiae
1500 3896 1913 3954 conversatione
1943 3907 2143 3954 secutae

550 3996 673 4042 sunt
696 3995 1004 4058 :pastorum
1018 3986 1291 4053 videlicet,
1309 3995 1363 4042 et
1387 3988 1803 4057 continentium,
1822 3997 1986 4060 atque
2011 4006 2144 4046 con-

550 4082 873 4150 iugatorum.
907 4079 1049 4152 [Vet.
1082 4079 1134 4133 X
1140 4078 1240 4133 III
1247 4079 1284 4149 .1
1314 4078 1466 4135 Unde
1492 4089 1547 4135 et
1575 4080 1828 4136 Ezechiel
1876 4084 2143 4153 pmpheta

551 4181 661 4226 tres
712 4172 968 4226 liberatos
996 4172 1143 4226 viros
1173 4170 1384 4225 audisse
1413 4186 1473 4225 se
1522 4173 1737 4240 asserit,
1770 4171 1885 4227 Noe
1912 4174 2141 4243 scilicet,

552 4270 607 4317 et
635 4261 934 4326 Danielem,
987 4269 1043 4316 et
1089 4260 1192 4316 Job
1226 4260 1491 4330 (Ezechiel
1518 4263 1650 4331 xxv).
1688 4260 1825 4328 Quid
1856 4263 2001 4318 enim
2045 4279 2145 4335 per

552 4352 686 4418 Noe,
740 4351 833 4420 qui
882 4364 1061 4405 arcam
1116 4352 1169 4405 in
1213 4351 1371 4405 undis
1400 4351 1558 4414 rexit,
1594 4351 1697 4407 nisi
1730 4354 2142 4423 praepositorum

553 4438 690 4497 ordo
726 4441 997 4510 signatur;
1050 4440 1143 4510 qui
1172 4440 1300 4495 dum
1348 4440 1415 4495 ad
1468 4440 1695 4497 formam
1751 4440 1871 4495 vitae
1922 4444 2142 4513 populis

553 4544 810 4610 praesunt,
839 4521 1083 4589 sanctam
1112 4533 1410 4589 Ecclesiam
1436 4534 1489 4588 in
1511 4534 1869 4589 tentationum
1895 4533 2144 4592 ﬂuctibus

553 4633 781 4702 regunt?
808 4629 945 4697 Quid
975 4644 1074 4698 per
1118 4627 1423 4693 Danielem,
1454 4626 1610 4697 cujus
1638 4627 1773 4682 mira
1817 4628 2143 4685 abstinentia

2248 2074 2377 2114 vero
2405 2058 2458 2113 in
2486 2058 2658 2114 tribus
2706 2058 2943 2113 millibus
2971 2057 3325 2121 camelorum,
3378 2056 3484 2111 nisi
3513 2057 3581 2111 ad
3602 2055 3846 2125 plenitu-

2246 2149 2426 2205 dinem
2457 2150 2579 2205 ﬁdei
2630 2151 2876 2215 veniens,
2913 2148 2933 2187 ί
2967 2157 3108 2204 torta
3149 2149 3431 2219 gentilium
3457 2148 3726 2203 vitiositas
3753 2148 3840 2202 de

2244 2242 2528 2310 signatur?
2558 2240 2703 2314 [νει.
2736 2239 2923 2313 XIV.]
2951 2241 3011 2296 ln
3038 2240 3320 2312 Scriptura
3350 2249 3533 2295 autem
3573 2254 3727 2294 sacra
3756 2239 3844 2292 ali-

2245 2337 2459 2406 quando
2476 2335 2669 2392 cameli
2702 2334 2921 2390 nomine
2966 2335 3082 2404 ipse
3108 2333 3391 2400 Dominus,
3422 2330 3715 2403 aliquando
3745 2346 3844 2384 au-

2245 2434 2353 2482 tem
2381 2427 2613 2498 populus
2661 2426 2880 2497 gentilis
2934 2426 3278 2497 exprimitur.
3331 2425 3541 2481 Cameli
3571 2426 3717 2482 enim
3749 2438 3845 2479 no-

2240 2521 2388 2575 mine
2443 2521 2700 2576 Dominus
2756 2519 3086 2590 designatur,
3123 2520 3265 2576 sicut
3293 2521 3363 2576 ab
3392 2520 3585 2576 eodem
3615 2519 3845 2575 Domino

2240 2610 2438 2667 Judceis
2465 2612 2873 2687 adversantibus
2900 2612 3097 2668 dicitur
3122 2630 3135 2666 :
3173 2612 3459 2685 Liquantes
3489 2614 3726 2678 culicem,
3755 2629 3843 2666 ca-

2240 2703 2429 2757 melum
2453 2704 2721 2775 glutientes
2751 2702 2969 2774 (Matth.
3003 2720 3135 2760 mn
3159 2746 3175 2773 ,
3207 2703 3325 2776 24).
3358 2703 3531 2759 Culex
3565 2705 3713 2760 enim
3743 2720 3840 2759 su-

2243 2795 2508 2850 surrando
2536 2796 2801 2862 vulnerat,
2834 2796 3078 2852 camelus
3107 2804 3290 2852 autem
3315 2804 3516 2866 sponte
3544 2810 3605 2852 se
3634 2796 3702 2850 ad
3732 2811 3843 2852 sus-

2245 2885 2487 2957 cipienda
2518 2901 2683 2943 onera
2709 2887 2952 2942 inclinat.
2986 2886 3356 2957 Liquaverunt
3377 2901 3510 2956 ergo
3535 2885 3711 2943 Judaei
3751 2903 3843 2943 cu-

2246 2978 2423 3043 licem,
2450 2978 2578 3047 quia
2606 2978 2924 3033 seditiosum
2950 2978 3149 3033 dimitti
3204 2978 3475 3034 latronem
3530 2980 3843 3049 petierunt;

2247 3070 2514 3126 camelum
2572 3084 2704 3125 vero
2760 3070 3074 3139 glutierunt,
3126 3071 3253 3141 quia
3283 3086 3407 3126 eum
3435 3071 3529 3141 qui
3575 3071 3642 3127 ad
3672 3072 3843 3127 susci-

2249 3163 2442 3233 pienda
2470 3170 2670 3217 nostrae
2691 3161 3039 3219 mortalitatis
3062 3177 3231 3218 onera
3273 3170 3469 3233 sponte
3489 3163 3846 3221 descenderat

2250 3256 2594 3324 exstinguere
2636 3254 2921 3309 clamando
2974 3255 3157 3311 conati
3206 3264 3349 3311 sunt.
3386 3255 3591 3312 Rursus
3646 3257 3844 3314 cameli

2202 3330 2216 3390 ἶ
2248 3345 2469 3400 nomine
2518 3345 2792 3414 gentilitas
2840 3346 3174 3417 designatur.
3214 3346 3365 3402 Unde
3404 3356 3459 3403 et
3496 3347 3747 3405 Rebecca
3778 3346 3843 3407 ad

2245 3438 2396 3494 Isaac
2422 3437 2645 3493 veniens
2700 3436 2914 3508 (Genes.
2943 3454 3093 3507 xxnv,
3124 3437 3239 3509 6|),
3270 3438 3435 3495 dorso
3456 3441 3650 3495 cameli
3681 3441 3843 3497 dedu-

2246 3527 2418 3595 citur;
2447 3526 2573 3597 quia
2601 3526 2668 3582 ad
2696 3526 2971 3585 Christum
2998 3544 3065 3584 ex
3088 3530 3389 3599 gentilitate
3444 3529 3684 3587 Ecclesia
3712 3549 3843 3603 pro-

2246 3635 2459 3691 perans,
2496 3630 2520 3667 ε
2553 3619 2606 3675 in
2639 3620 2794 3677 tortis
2817 3621 3138 3693 vitiosisque
3164 3623 3287 3677 vitae
3319 3624 3525 3678 veteris
3551 3638 3842 3680 conversa-

2246 3713 2483 3770 tionibus
2508 3714 2799 3769 invenitur.
2833 3713 2985 3790 Quae,
3014 3714 3165 3769 Isaac
3191 3714 3331 3778 viso,
3373 3714 3683 3783 descendit;
3715 3716 3841 3787 quia

2245 3806 2476 3861 Domino
2507 3805 2746 3875 cognito,
2793 3804 2923 3860 vitia
2948 3820 3046 3860 sua
3075 3805 3351 3873 gentilitas
3376 3805 3643 3872 deseruit,
3686 3815 3743 3862 et
3769 3810 3836 3864 ab

2246 3896 2483 3953 elatione
2525 3897 2858 3954 celsitudinis
2909 3897 3016 3952 ima
3064 3896 3382 3951 humilitatis
3412 3898 3589 3967 petiit.
3624 3897 3756 3966 Quae
3782 3908 3839 3956 et

2244 3987 2603 4043 verccundata
2632 3986 2795 4057 pallio
2843 3986 3075 4051 velatur,
3132 3987 3258 4055 quia
3287 4002 3473 4042 coram
3514 3988 3610 4045 illo
3643 4003 3708 4045 ex
3738 4005 3838 4045 an-

2247 4084 2425 4132 teacta
2448 4078 2558 4132 vita
2586 4074 2951 4132 confunditur.
2992 4073 3148 4130 Unde
3176 4083 3234 4130 et
3261 4090 3359 4145 per
3386 4076 3706 4146 Apostolum
3732 4080 3838 4135 eis-

2249 4169 2371 4226 dem
2392 4169 2641 4238 gentibus
2663 4169 2859 4223 dicitur
2891 4185 2903 4220 :
2940 4163 3103 4230 Quem
3137 4183 3259 4238 ergo
3304 4169 3531 4236 fructum
3584 4168 3839 4225 habuistis

2248 4269 2369 4315 tunc
2395 4262 2449 4314 in
2472 4260 2599 4325 illis,
2617 4260 2671 4313 in
2695 4256 2877 4329 quibus
2902 4274 3039 4311 nunc
3054 4256 3390 4313 erubescm's?
3412 4258 3594 4331 (Rom.
3615 4278 3690 4328 Vt,
3723 4260 3841 4333 21.)

2247 4352 2387 4419 Quia
2414 4353 2577 4420 igitur
2606 4365 2703 4420 per
2732 4365 2881 4415 oves,
2901 4348 3010 4421 24
3032 4348 3288 4405 Hebraeos
3316 4365 3347 4404 a
3377 4352 3599 4421 pascuis
3613 4353 3750 4422 legis
3773 4354 3841 4410 ad

2248 4441 2409 4498 ﬁdem
2436 4442 2717 4497 venientes
2738 4440 3053 4510 accipimus,
3105 4440 3235 4495 nihil
3288 4441 3470 4497 obstat
3522 4451 3582 4497 ut
3611 4460 3710 4514 per
3748 4460 3840 4501 ca-

2247 4536 2439 4604 melos,
2470 4543 2644 4590 tortos
2682 4532 2947 4601 moribus,
2988 4540 3149 4601 atque
3178 4541 3402 4590 onustos
3423 4533 3693 4591 idolorum
3723 4539 3839 4593 cul-

2249 4630 2414 4694 tibus,
2439 4627 2717 4698 gentilium
2747 4627 2977 4696 populos
2999 4624 3314 4680 sentiamus.
3338 4623 3477 4691 Quia
3502 4628 3648 4681 enim
3666 4644 3736 4683 ex
3753 4645 3839 4684 se-

554 4726 826 4788 scribitur,
863 4722 964 4777 nisi
994 4721 1384 4777 continentium
1416 4722 1525 4775 vita
1567 4720 1859 4792 ﬁguratur;
1891 4723 1981 4792 qui
2012 4722 2142 4778 dum
2173 4730 2226 4790 D
2250 4720 2941 4794 metipsissibiinvenerunt
2958 4718 3088 4774 deos
3108 4733 3245 4789 quos
3260 4719 3743 4792 colerent,quasia
3765 4738 3842 4779 se-

555 4824 769 4880 cuncta,
799 4831 919 4886 qua:
945 4814 1127 4870 mundi
1157 4822 1299 4879 sunt,
1347 4814 1628 4878 deserunt,
1665 4815 1939 4884 despectm
1968 4815 2145 4886 Baby-

556 4909 716 4964 lonia:
744 4908 852 4961 alta
881 4916 1064 4962 mente
1113 4906 1502 4962 dominantur?
1531 4905 1672 4973 Quid
1732 4921 1831 4977 per
1881 4906 2004 4973 Joh,
2042 4907 2146 4963 nisi

558 5000 821 5055 bonorum
874 4996 1162 5067 conjugum
1215 4997 1326 5052 vita
1379 4998 1654 5068 signatur;
1709 4999 1802 5067 qui
1857 5000 1926 5053 de
1978 4998 2145 5054 rebus

629 5207 655 5235 ι
682 5194 779 5249 Hic
805 5193 1016 5249 variant
1045 5193 1192 5260 Mss.,
1223 5194 1341 5251 aliis
1370 5192 1813 5263 monadiaddita,
1847 5191 1967 5263 aliis
2021 5192 2143 5263 plu-

556 5268 703 5323 ribus
752 5265 973 5320 monade
1028 5265 1230 5329 addito,
1285 5262 1715 5332 praeferentibus.
1762 5260 1839 5315 Ex
1879 5262 1963 5316 his
2014 5260 2142 5319 sunt

555 5337 744 5401 Corb.,
769 5336 976 5399 Germ.,
1009 5334 1153 5390 Utic.
1186 5330 1386 5389 ibidem
1430 5335 1485 5388 in
1515 5330 1658 5387 Utic.
1689 5340 1745 5386 et
1783 5331 1882 5404 Ed.
1924 5333 2138 5404 legitur,

556 5418 750 5464 nostra:
777 5408 937 5461 adun.
965 5423 1186 5461 summa.
1221 5404 1508 5460 Redundat
1543 5419 1746 5456 summa
1776 5402 2143 5472 depravatque

556 5496 794 5534 sensum.
840 5478 1131 5549 Gregorius
1161 5477 1564 5549 quippenvocat
1610 5472 1895 5527 monadem
1928 5474 2143 5549 aduna-

560 5551 759 5603 tionem
796 5544 1091 5616 illam'qua
1120 5544 1194 5601 in'
1223 5544 1407 5599 mundi
1451 5546 1555 5599 line
1603 5545 1966 5615 congregandi
2012 5554 2140 5600 sunt

558 5619 735 5679 electi,
769 5627 825 5671 ut
854 5633 922 5671 ex
946 5617 1296 5687 sequentibus
1318 5616 1559 5687 (patebit.

629 5689 654 5727 ι’
680 5689 857 5750 Rem.,
890 5686 1136 5750 Vindoc.,
1166 5686 1381 5742 Ebroic.
1407 5696 1629 5741 vertunt.

634 5773 653 5795 υ
693 5761 746 5812 In
778 5757 905 5811 solis
933 5758 1163 5825 vulgatis
1192 5766 1317 5826 post
1338 5758 1641 5825 accipimus,
1676 5755 1964 5826 adjicitur:
1986 5757 2146 5827 ﬁdem

561 5828 773 5909 Sancta:
804 5827 992 5882 Trinit.
1027 5837 1273 5892 tenentes,
1320 5827 1468 5897 quod
1493 5827 1762 5896 glossema
1791 5827 2143 5897 rejiciendum

559 5912 890 5954 censuimus.

634 5964 663 6003 ά
692 5963 868 6030 Editi,
912 5968 1208 6020 memoratis
1265 5967 1391 6036 ﬁliis
1437 5977 1485 6022 et
1529 5969 1731 6039 ﬁliab.,
1785 5968 2143 6024 renitentibus

2248 4817 2492 4886 metipsis
2512 4816 2590 4871 eis
2604 4829 2742 4870 onus
2759 4814 2813 4869 in
2834 4813 2996 4869 dorso
3014 4819 3352 4879 excreverat,
3366 4812 3513 4881 quod
3534 4822 3839 4883 portarent.

2320 4905 2445 4980 [νει
2467 4904 2519 4958 Χ
2531 4904 2618 4976 V.]
2639 4904 2728 4958 22.
2764 4903 2948 4960 Potest
2981 4902 3146 4957 etiam
3169 4916 3268 4971 per
3326 4903 3590 4971 camelos,
3646 4906 3774 4974 quia
3809 4904 3836 4943 ι·

2246 5000 2555 5057 communia
2596 5006 2723 5057 sunt
2776 4996 3053 5064 animalia,
3106 4994 3576 5052 Samaritanorum
3616 4992 3730 5055 vita
3757 4999 3837 5054 si-

2248 5193 2408 5261 Mss.;
2448 5203 2504 5250 et
2527 5200 2724 5264 prmter
2748 5190 3011 5264 Gregorii
3046 5198 3305 5264 mentem,
3351 5190 3519 5264 paulo
3547 5199 3707 5248 antea
3738 5195 3840 5249 do-

2245 5266 2416 5320 centis
2446 5261 2618 5320 tribus
2642 5264 2871 5328 ﬁliabus,
2907 5261 3066 5333 nulla;
3079 5261 3311 5333 ﬁliorum
3343 5261 3487 5317 facta
3532 5265 3836 5333 mentione,

2245 5344 2357 5390 tres
2380 5335 2617 5391 ﬁdelium
2648 5333 2867 5388 ordines
2897 5331 3207 5400 signiﬁcari.

2276 5405 2464 5495 “f'Ed.
2497 5405 2618 5460 Vet.
2642 5403 2881 5495 calice,
2913 5403 2987 5495 ag
3011 5403 3428 5495 perc‘eplignem,‘
3451 5403 3839 5495 quodlhabe'ut

2247 5477 2384 5532 Utic.
2414 5484 2469 5529 et
2496 5475 2737 5531 nonnulli
2783 5474 2909 5529 Mss.
2945 5471 3092 5528 Unus
3123 5471 3352 5527 Vindoc.
3379 5480 3435 5526 et
3462 5472 3535 5527 al.
3565 5474 3635 5527 ad
3664 5477 3839 5547 peric-

2245 5548 2427 5617 ctioniﬁs
2457 5548 2699 5617 gratiam.
2734 5545 3022 5615 Sequimur
3049 5543 3145 5597 Ms.
3170 5540 3331 5617 corb.
3562 5613 3576 5617 _

2326 5617 2343 5656 ῐ
2372 5612 2545 5671 Vatic.
2574 5624 2629 5670 et
2655 5612 2947 5682 Gussaiiv.,
2975 5621 3080 5668 tota
3106 5612 3395 5683 gentilium,
3418 5613 3697 5669 mendose.

2326 5698 2345 5736 κ
2376 5685 2565 5741 Gilot..
2614 5685 2812 5741 Vatic..
2853 5685 3035 5741 Guss..
3062 5699 3171 5738 uno
3199 5684 3388 5741 verbo.
3418 5684 3650 5741 intortis.
3681 5701 3833 5741 renu-

2321 5698 2345 5736 κ
2376 5685 2565 5751 Gilot..
2614 5685 2812 5751 Vatic,,
2853 5685 3035 5749 Guss.,
3062 5699 3171 5738 uno
3199 5685 3388 5747 verbo,
3418 5685 3650 5753 intortis,
3681 5701 3772 5757 rep

2247 5758 2489 5827 gnantib.
2514 5757 2640 5811 Mss.
2677 5773 2741 5811 ac
2772 5764 2881 5811 vet.
2916 5754 3059 5809 Edit.
3375 5826 3381 5827 ί
3486 5825 3493 5827 Α
3577 5824 3602 5827 _

2320 5827 2347 5865 ¹ι
2380 5827 2589 5882 Primus
2618 5827 2797 5891 Rem.,
2839 5841 3117 5907 commune
3165 5833 3239 5879 est
3295 5825 3513 5881 animal.
3564 5824 3730 5881 Corb.
3783 5836 3831 5882 et

2246 5899 2454 5967 Germ.,
2487 5914 2754 5954 commune
2780 5905 2901 5952 sunt
2918 5896 3137 5950 animal.
