  <div class='ocr_page' id='page_1' title='image "/cluster/home/n/w/nwhite01/storage/ocr_20150623/75/hvd.32044015469380/274.png"; bbox 0 0 4130 6444; ppageno 0'>
   <div class='ocr_carea' id='block_1_1' title="bbox 268 445 366 501">
    <p class='ocr_par' dir='ltr' id='par_1_1' title="bbox 268 445 366 501">
     <span class='ocr_line' id='line_1_1' title="bbox 268 445 366 501; baseline -0.02 -1"><span class='ocrx_word' id='word_1_1' title='bbox 268 445 366 501; x_wconf 74' lang='lat'><strong>557</strong></span> 
     </span>
    </p>
   </div>
   <div class='ocr_carea' id='block_1_2' title="bbox 1178 420 2581 483">
    <p class='ocr_par' dir='ltr' id='par_1_2' title="bbox 1178 420 2581 483">
     <span class='ocr_line' id='line_1_2' title="bbox 1178 420 2581 483; baseline 0 -1"><span class='ocrx_word' id='word_1_2' title='bbox 1178 425 1537 483; x_wconf 78' lang='lat' dir='ltr'><strong>MORALIUM</strong></span> <span class='ocrx_word' id='word_1_3' title='bbox 1576 424 1706 483; x_wconf 84' lang='lat' dir='ltr'><strong>LIB.</strong></span> <span class='ocrx_word' id='word_1_4' title='bbox 1748 425 1789 480; x_wconf 94' lang='grc'><strong>1.</strong></span> <span class='ocrx_word' id='word_1_5' title='bbox 1844 422 1973 480; x_wconf 83' lang='grc' dir='ltr'><strong>-ΙΝ</strong></span> <span class='ocrx_word' id='word_1_6' title='bbox 2011 420 2238 480; x_wconf 74' lang='lat' dir='ltr'><strong>CAPUT</strong></span> <span class='ocrx_word' id='word_1_7' title='bbox 2276 421 2297 478; x_wconf 93' lang='grc'><strong>1</strong></span> <span class='ocrx_word' id='word_1_8' title='bbox 2338 426 2403 481; x_wconf 87' lang='grc' dir='ltr'><strong>Β.</strong></span> <span class='ocrx_word' id='word_1_9' title='bbox 2441 425 2581 483; x_wconf 82' lang='lat' dir='ltr'><strong>JOB.</strong></span> 
     </span>
    </p>
   </div>
   <div class='ocr_carea' id='block_1_3' title="bbox 3445 430 3549 486">
    <p class='ocr_par' dir='ltr' id='par_1_3' title="bbox 3445 430 3549 486">
     <span class='ocr_line' id='line_1_3' title="bbox 3445 430 3549 486; baseline 0.029 -4"><span class='ocrx_word' id='word_1_10' title='bbox 3445 430 3549 486; x_wconf 66' lang='lat'><strong>558</strong></span> 
     </span>
    </p>
   </div>
   <div class='ocr_carea' id='block_1_4' title="bbox 262 543 3550 632">
    <p class='ocr_par' dir='ltr' id='par_1_4' title="bbox 262 543 3550 632">
     <span class='ocr_line' id='line_1_4' title="bbox 262 543 3550 632; baseline -0.004 -17"><span class='ocrx_word' id='word_1_11' title='bbox 262 559 434 632; x_wconf 88' lang='lat' dir='ltr'><strong>gnari.</strong></span> <span class='ocrx_word' id='word_1_12' title='bbox 466 554 669 613; x_wconf 88' lang='lat' dir='ltr'><strong>Cameli</strong></span> <span class='ocrx_word' id='word_1_13' title='bbox 690 564 920 623; x_wconf 83' lang='lat' dir='ltr'><strong>namque</strong></span> <span class='ocrx_word' id='word_1_14' title='bbox 947 550 1241 613; x_wconf 91' lang='lat' dir='ltr'><strong>ruminant,</strong></span> <span class='ocrx_word' id='word_1_15' title='bbox 1270 546 1366 603; x_wconf 91' lang='lat' dir='ltr'><strong>sed</strong></span> <span class='ocrx_word' id='word_1_16' title='bbox 1387 558 1730 618; x_wconf 87' lang='lat' dir='ltr'><strong>nequaquam</strong></span> <span class='ocrx_word' id='word_1_17' title='bbox 1750 556 1853 596; x_wconf 81' lang='lat' dir='ltr'><strong>un—</strong></span> <span class='ocrx_word' id='word_1_18' title='bbox 1880 544 1931 604; x_wconf 83' lang='grc' dir='ltr'><strong>Α</strong></span> <span class='ocrx_word' id='word_1_19' title='bbox 1956 543 2280 599; x_wconf 89' lang='lat' dir='ltr'><strong>ostenditur.</strong></span> <span class='ocrx_word' id='word_1_20' title='bbox 2315 543 2470 601; x_wconf 88' lang='lat' dir='ltr'><strong>Unde</strong></span> <span class='ocrx_word' id='word_1_21' title='bbox 2505 543 2806 602; x_wconf 80' lang='lat' dir='ltr'><strong>Jerusalem</strong></span> <span class='ocrx_word' id='word_1_22' title='bbox 2838 545 3065 603; x_wconf 77' lang='lat' dir='ltr'><strong>tendens</strong></span> <span class='ocrx_word' id='word_1_23' title='bbox 3091 544 3376 617; x_wconf 84' lang='lat' dir='ltr'><strong>Dominus,</strong></span> <span class='ocrx_word' id='word_1_24' title='bbox 3407 550 3550 604; x_wconf 83' lang='lat' dir='ltr'><strong>asel-</strong></span> 
     </span>
    </p>
   </div>
   <div class='ocr_carea' id='block_1_5' title="bbox 265 636 1848 723">
    <p class='ocr_par' dir='ltr' id='par_1_5' title="bbox 265 636 1848 723">
     <span class='ocr_line' id='line_1_5' title="bbox 265 636 1848 723; baseline -0.011 -18"><span class='ocrx_word' id='word_1_25' title='bbox 265 653 446 723; x_wconf 80' lang='lat' dir='ltr'><strong>gulam</strong></span> <span class='ocrx_word' id='word_1_26' title='bbox 472 648 704 702; x_wconf 84' lang='lat' dir='ltr'><strong>ﬁndunt.</strong></span> <span class='ocrx_word' id='word_1_27' title='bbox 726 654 752 682; x_wconf 64' lang='grc' dir='ltr'><strong><em>κ</em></strong></span> <span class='ocrx_word' id='word_1_28' title='bbox 781 641 1103 699; x_wconf 84' lang='lat' dir='ltr'><strong>Samaritani</strong></span> <span class='ocrx_word' id='word_1_29' title='bbox 1130 653 1348 708; x_wconf 87' lang='lat' dir='ltr'><strong>quoque</strong></span> <span class='ocrx_word' id='word_1_30' title='bbox 1367 637 1520 707; x_wconf 89' lang='lat' dir='ltr'><strong>quasi</strong></span> <span class='ocrx_word' id='word_1_31' title='bbox 1548 636 1848 702; x_wconf 88' lang='lat' dir='ltr'><strong>ruminant,</strong></span> 
     </span>
    </p>
   </div>
   <div class='ocr_carea' id='block_1_6' title="bbox 264 726 1857 815">
    <p class='ocr_par' dir='ltr' id='par_1_6' title="bbox 264 726 1857 815">
     <span class='ocr_line' id='line_1_6' title="bbox 264 726 1857 815; baseline -0.013 -16"><span class='ocrx_word' id='word_1_32' title='bbox 264 745 390 815; x_wconf 86' lang='lat' dir='ltr'><strong>quia</strong></span> <span class='ocrx_word' id='word_1_33' title='bbox 422 757 489 797; x_wconf 89' lang='lat' dir='ltr'><strong>ex</strong></span> <span class='ocrx_word' id='word_1_34' title='bbox 520 747 673 809; x_wconf 92' lang='lat' dir='ltr'><strong>parte</strong></span> <span class='ocrx_word' id='word_1_35' title='bbox 702 736 834 804; x_wconf 91' lang='lat' dir='ltr'><strong>legis</strong></span> <span class='ocrx_word' id='word_1_36' title='bbox 861 733 1026 789; x_wconf 88' lang='lat' dir='ltr'><strong>verba</strong></span> <span class='ocrx_word' id='word_1_37' title='bbox 1057 731 1359 802; x_wconf 88' lang='lat' dir='ltr'><strong>recipiunt;</strong></span> <span class='ocrx_word' id='word_1_38' title='bbox 1394 736 1449 784; x_wconf 90' lang='lat' dir='ltr'><strong>et</strong></span> <span class='ocrx_word' id='word_1_39' title='bbox 1477 726 1632 798; x_wconf 91' lang='lat' dir='ltr'><strong>quasi</strong></span> <span class='ocrx_word' id='word_1_40' title='bbox 1683 739 1857 794; x_wconf 89' lang='lat' dir='ltr'><strong>ungu-</strong></span> 
     </span>
    </p>
   </div>
   <div class='ocr_carea' id='block_1_7' title="bbox 265 823 1853 896">
    <p class='ocr_par' dir='ltr' id='par_1_7' title="bbox 265 823 1853 896">
     <span class='ocr_line' id='line_1_7' title="bbox 265 823 1853 896; baseline -0.014 -5"><span class='ocrx_word' id='word_1_41' title='bbox 265 837 373 891; x_wconf 87' lang='lat' dir='ltr'><strong>lam</strong></span> <span class='ocrx_word' id='word_1_42' title='bbox 403 848 511 888; x_wconf 90' lang='lat' dir='ltr'><strong>nou</strong></span> <span class='ocrx_word' id='word_1_43' title='bbox 542 828 769 893; x_wconf 84' lang='lat' dir='ltr'><strong>ﬁndunt,</strong></span> <span class='ocrx_word' id='word_1_44' title='bbox 798 824 925 896; x_wconf 88' lang='lat' dir='ltr'><strong>quia</strong></span> <span class='ocrx_word' id='word_1_45' title='bbox 954 838 1076 879; x_wconf 88' lang='lat' dir='ltr'><strong>eam</strong></span> <span class='ocrx_word' id='word_1_46' title='bbox 1123 837 1220 892; x_wconf 93' lang='lat' dir='ltr'><strong>pro</strong></span> <span class='ocrx_word' id='word_1_47' title='bbox 1269 827 1424 890; x_wconf 88' lang='lat' dir='ltr'><strong>parte</strong></span> <span class='ocrx_word' id='word_1_48' title='bbox 1475 823 1853 873; x_wconf 81' lang='lat' dir='ltr'><strong>contemnunt.</strong></span> 
     </span>
    </p>
   </div>
   <div class='ocr_carea' id='block_1_8' title="bbox 265 905 1857 995">
    <p class='ocr_par' dir='ltr' id='par_1_8' title="bbox 265 905 1857 995">
     <span class='ocr_line' id='line_1_8' title="bbox 265 905 1857 995; baseline -0.014 -12"><span class='ocrx_word' id='word_1_49' title='bbox 265 928 369 995; x_wconf 89' lang='lat' dir='ltr'><strong>Qui</strong></span> <span class='ocrx_word' id='word_1_50' title='bbox 391 934 447 981; x_wconf 91' lang='lat' dir='ltr'><strong>et</strong></span> <span class='ocrx_word' id='word_1_51' title='bbox 470 935 633 993; x_wconf 87' lang='lat' dir='ltr'><strong>grave</strong></span> <span class='ocrx_word' id='word_1_52' title='bbox 660 933 798 975; x_wconf 90' lang='lat' dir='ltr'><strong>onus</strong></span> <span class='ocrx_word' id='word_1_53' title='bbox 852 917 907 972; x_wconf 92' lang='lat' dir='ltr'><strong>in</strong></span> <span class='ocrx_word' id='word_1_54' title='bbox 938 914 1102 971; x_wconf 91' lang='lat' dir='ltr'><strong>dorso</strong></span> <span class='ocrx_word' id='word_1_55' title='bbox 1131 910 1328 968; x_wconf 90' lang='lat' dir='ltr'><strong>mentis</strong></span> <span class='ocrx_word' id='word_1_56' title='bbox 1382 909 1644 974; x_wconf 91' lang='lat' dir='ltr'><strong>tolerant,</strong></span> <span class='ocrx_word' id='word_1_57' title='bbox 1677 906 1701 944; x_wconf 75' lang='grc' dir='ltr'>δ</span> <span class='ocrx_word' id='word_1_58' title='bbox 1731 905 1857 976; x_wconf 86' lang='lat' dir='ltr'><strong>quia</strong></span> 
     </span>
    </p>
   </div>
   <div class='ocr_carea' id='block_1_9' title="bbox 265 999 1855 1083">
    <p class='ocr_par' dir='ltr' id='par_1_9' title="bbox 265 999 1855 1083">
     <span class='ocr_line' id='line_1_9' title="bbox 265 999 1855 1083; baseline -0.015 -8"><span class='ocrx_word' id='word_1_59' title='bbox 265 1020 323 1076; x_wconf 90' lang='lat' dir='ltr'><strong>in</strong></span> <span class='ocrx_word' id='word_1_60' title='bbox 348 1029 529 1079; x_wconf 89' lang='lat' dir='ltr'><strong>omne,</strong></span> <span class='ocrx_word' id='word_1_61' title='bbox 553 1010 701 1083; x_wconf 91' lang='lat' dir='ltr'><strong>quod</strong></span> <span class='ocrx_word' id='word_1_62' title='bbox 720 1008 941 1073; x_wconf 86' lang='lat' dir='ltr'><strong>faciunt,</strong></span> <span class='ocrx_word' id='word_1_63' title='bbox 957 1006 1072 1061; x_wconf 89' lang='lat' dir='ltr'><strong>sine</strong></span> <span class='ocrx_word' id='word_1_64' title='bbox 1093 1018 1192 1075; x_wconf 85' lang='lat' dir='ltr'><strong>spe</strong></span> <span class='ocrx_word' id='word_1_65' title='bbox 1217 1001 1536 1057; x_wconf 85' lang='lat' dir='ltr'><strong>aeternitatis</strong></span> <span class='ocrx_word' id='word_1_66' title='bbox 1554 999 1855 1055; x_wconf 78' lang='lat' dir='ltr'><strong>elaborant.</strong></span> 
     </span>
    </p>
   </div>
   <div class='ocr_carea' id='block_1_10' title="bbox 266 1091 1858 1178">
    <p class='ocr_par' dir='ltr' id='par_1_10' title="bbox 266 1091 1858 1178">
     <span class='ocr_line' id='line_1_10' title="bbox 266 1091 1858 1178; baseline -0.014 -12"><span class='ocrx_word' id='word_1_67' title='bbox 266 1110 457 1166; x_wconf 85' lang='lat' dir='ltr'><strong>Fidem</strong></span> <span class='ocrx_word' id='word_1_68' title='bbox 488 1106 693 1178; x_wconf 85' lang='lat' dir='ltr'><strong>quippe</strong></span> <span class='ocrx_word' id='word_1_69' title='bbox 740 1097 1154 1157; x_wconf 80' lang='lat' dir='ltr'><strong>resurrectionis</strong></span> <span class='ocrx_word' id='word_1_70' title='bbox 1182 1095 1451 1151; x_wconf 89' lang='lat' dir='ltr'><strong>nesciunt.</strong></span> <span class='ocrx_word' id='word_1_71' title='bbox 1485 1091 1549 1147; x_wconf 86' lang='lat' dir='ltr'><strong>Et</strong></span> <span class='ocrx_word' id='word_1_72' title='bbox 1577 1091 1705 1162; x_wconf 92' lang='lat' dir='ltr'><strong>quid</strong></span> <span class='ocrx_word' id='word_1_73' title='bbox 1735 1104 1858 1146; x_wconf 89' lang='lat' dir='ltr'><strong>esse</strong></span> 
     </span>
    </p>
   </div>
   <div class='ocr_carea' id='block_1_11' title="bbox 264 1180 1857 1273">
    <p class='ocr_par' dir='ltr' id='par_1_11' title="bbox 264 1180 1857 1273">
     <span class='ocr_line' id='line_1_11' title="bbox 264 1180 1857 1273; baseline -0.016 -15"><span class='ocrx_word' id='word_1_74' title='bbox 264 1200 487 1273; x_wconf 75' lang='lat' dir='ltr'><strong>gravius</strong></span> <span class='ocrx_word' id='word_1_75' title='bbox 539 1206 702 1267; x_wconf 89' lang='lat' dir='ltr'><strong>atque</strong></span> <span class='ocrx_word' id='word_1_76' title='bbox 752 1191 999 1247; x_wconf 92' lang='lat' dir='ltr'><strong>onustius</strong></span> <span class='ocrx_word' id='word_1_77' title='bbox 1040 1194 1242 1259; x_wconf 88' lang='lat' dir='ltr'><strong>potest,</strong></span> <span class='ocrx_word' id='word_1_78' title='bbox 1294 1199 1457 1255; x_wconf 90' lang='lat' dir='ltr'><strong>quam</strong></span> <span class='ocrx_word' id='word_1_79' title='bbox 1507 1180 1857 1273; x_wconf 79' lang='lat' dir='ltr'><strong>alllictionem</strong></span> 
     </span>
    </p>
   </div>
   <div class='ocr_carea' id='block_1_12' title="bbox 265 1270 1856 1362">
    <p class='ocr_par' dir='ltr' id='par_1_12' title="bbox 265 1270 1856 1362">
     <span class='ocr_line' id='line_1_12' title="bbox 265 1270 1856 1362; baseline -0.017 -11"><span class='ocrx_word' id='word_1_80' title='bbox 265 1270 446 1351; x_wconf 77' lang='lat' dir='ltr'><strong>szeculi</strong></span> <span class='ocrx_word' id='word_1_81' title='bbox 491 1285 867 1362; x_wconf 60' lang='lat' dir='ltr'><strong>praetereuntis</strong></span> <span class='ocrx_word' id='word_1_82' title='bbox 902 1280 1135 1353; x_wconf 82' lang='lat' dir='ltr'><strong>perpeti,</strong></span> <span class='ocrx_word' id='word_1_83' title='bbox 1186 1285 1244 1334; x_wconf 91' lang='lat' dir='ltr'><strong>et</strong></span> <span class='ocrx_word' id='word_1_84' title='bbox 1291 1289 1633 1346; x_wconf 89' lang='lat' dir='ltr'><strong>nequaquam</strong></span> <span class='ocrx_word' id='word_1_85' title='bbox 1670 1270 1737 1326; x_wconf 89' lang='lat' dir='ltr'><strong>ad</strong></span> <span class='ocrx_word' id='word_1_86' title='bbox 1765 1286 1856 1326; x_wconf 89' lang='lat' dir='ltr'><strong>re-</strong></span> 
     </span>
    </p>
   </div>
   <div class='ocr_carea' id='block_1_13' title="bbox 264 1365 1857 1447">
    <p class='ocr_par' dir='ltr' id='par_1_13' title="bbox 264 1365 1857 1447">
     <span class='ocr_line' id='line_1_13' title="bbox 264 1365 1857 1447; baseline -0.014 -4"><span class='ocrx_word' id='word_1_87' title='bbox 264 1386 589 1443; x_wconf 87' lang='lat' dir='ltr'><strong>levationem</strong></span> <span class='ocrx_word' id='word_1_88' title='bbox 619 1380 816 1435; x_wconf 90' lang='lat' dir='ltr'><strong>mentis</strong></span> <span class='ocrx_word' id='word_1_89' title='bbox 868 1375 1062 1447; x_wconf 86' lang='lat' dir='ltr'><strong>gaudia</strong></span> <span class='ocrx_word' id='word_1_90' title='bbox 1106 1369 1559 1428; x_wconf 85' lang='lat' dir='ltr'><strong>remunerationis</strong></span> <span class='ocrx_word' id='word_1_91' title='bbox 1599 1365 1857 1438; x_wconf 78' lang='lat' dir='ltr'><strong>Sperare?</strong></span> 
     </span>
    </p>
   </div>
   <div class='ocr_carea' id='block_1_14' title="bbox 264 1460 1855 1549">
    <p class='ocr_par' dir='ltr' id='par_1_14' title="bbox 264 1460 1855 1549">
     <span class='ocr_line' id='line_1_14' title="bbox 264 1460 1855 1549; baseline -0.014 -14"><span class='ocrx_word' id='word_1_92' title='bbox 264 1478 372 1535; x_wconf 86' lang='lat' dir='ltr'><strong>Sed</strong></span> <span class='ocrx_word' id='word_1_93' title='bbox 397 1476 524 1549; x_wconf 88' lang='lat' dir='ltr'><strong>quia</strong></span> <span class='ocrx_word' id='word_1_94' title='bbox 552 1476 607 1530; x_wconf 92' lang='lat' dir='ltr'><strong>in</strong></span> <span class='ocrx_word' id='word_1_95' title='bbox 638 1486 802 1530; x_wconf 89' lang='lat' dir='ltr'><strong>carne</strong></span> <span class='ocrx_word' id='word_1_96' title='bbox 827 1468 1087 1525; x_wconf 88' lang='lat' dir='ltr'><strong>Dominus</strong></span> <span class='ocrx_word' id='word_1_97' title='bbox 1104 1479 1390 1536; x_wconf 87' lang='lat' dir='ltr'><strong>apparens,</strong></span> <span class='ocrx_word' id='word_1_98' title='bbox 1416 1471 1472 1519; x_wconf 93' lang='lat' dir='ltr'><strong>et</strong></span> <span class='ocrx_word' id='word_1_99' title='bbox 1496 1460 1855 1516; x_wconf 70' lang='lat' dir='ltr'><strong>Hebraeorum</strong></span> 
     </span>
    </p>
   </div>
   <div class='ocr_carea' id='block_1_15' title="bbox 264 1553 1858 1644">
    <p class='ocr_par' dir='ltr' id='par_1_15' title="bbox 264 1553 1858 1644">
     <span class='ocr_line' id='line_1_15' title="bbox 264 1553 1858 1644; baseline -0.014 -16"><span class='ocrx_word' id='word_1_100' title='bbox 264 1570 497 1644; x_wconf 87' lang='lat' dir='ltr'><strong>populos</strong></span> <span class='ocrx_word' id='word_1_101' title='bbox 538 1563 891 1637; x_wconf 80' lang='lat' dir='ltr'><strong>perfectionis</strong></span> <span class='ocrx_word' id='word_1_102' title='bbox 918 1559 1091 1629; x_wconf 86' lang='lat' dir='ltr'><strong>gratia</strong></span> <span class='ocrx_word' id='word_1_103' title='bbox 1136 1557 1403 1627; x_wconf 87' lang='lat' dir='ltr'><strong>implevit,</strong></span> <span class='ocrx_word' id='word_1_104' title='bbox 1454 1563 1511 1610; x_wconf 91' lang='lat' dir='ltr'><strong>et</strong></span> <span class='ocrx_word' id='word_1_105' title='bbox 1559 1553 1858 1609; x_wconf 89' lang='lat' dir='ltr'><strong>Samarita-</strong></span> 
     </span>
    </p>
   </div>
   <div class='ocr_carea' id='block_1_16' title="bbox 266 1648 1857 1731">
    <p class='ocr_par' dir='ltr' id='par_1_16' title="bbox 266 1648 1857 1731">
     <span class='ocr_line' id='line_1_16' title="bbox 266 1648 1857 1731; baseline -0.012 -12"><span class='ocrx_word' id='word_1_106' title='bbox 266 1677 461 1719; x_wconf 87' lang='lat' dir='ltr'><strong>norum</strong></span> <span class='ocrx_word' id='word_1_107' title='bbox 489 1658 758 1731; x_wconf 86' lang='lat' dir='ltr'><strong>quosdam</strong></span> <span class='ocrx_word' id='word_1_108' title='bbox 787 1656 855 1711; x_wconf 91' lang='lat' dir='ltr'><strong>ad</strong></span> <span class='ocrx_word' id='word_1_109' title='bbox 885 1653 1254 1724; x_wconf 77' lang='lat' dir='ltr'><strong>cognitionem</strong></span> <span class='ocrx_word' id='word_1_110' title='bbox 1293 1650 1436 1714; x_wconf 84' lang='lat' dir='ltr'><strong>ﬁdei,</strong></span> <span class='ocrx_word' id='word_1_111' title='bbox 1493 1648 1632 1703; x_wconf 88' lang='lat' dir='ltr'><strong>mira</strong></span> <span class='ocrx_word' id='word_1_112' title='bbox 1686 1662 1857 1717; x_wconf 87' lang='lat' dir='ltr'><strong>opera</strong></span> 
     </span>
    </p>
   </div>
   <div class='ocr_carea' id='block_1_17' title="bbox 267 1743 1856 1822">
    <p class='ocr_par' dir='ltr' id='par_1_17' title="bbox 267 1743 1856 1822">
     <span class='ocr_line' id='line_1_17' title="bbox 267 1743 1856 1822; baseline -0.011 -9"><span class='ocrx_word' id='word_1_113' title='bbox 267 1753 625 1820; x_wconf 87' lang='lat' dir='ltr'><strong>ostendendo,</strong></span> <span class='ocrx_word' id='word_1_114' title='bbox 657 1750 943 1822; x_wconf 88' lang='lat' dir='ltr'><strong>perduxit;</strong></span> <span class='ocrx_word' id='word_1_115' title='bbox 976 1749 1189 1805; x_wconf 87' lang='lat' dir='ltr'><strong>dicatur</strong></span> <span class='ocrx_word' id='word_1_116' title='bbox 1217 1753 1366 1801; x_wconf 89' lang='lat' dir='ltr'><strong>recte</strong></span> <span class='ocrx_word' id='word_1_117' title='bbox 1396 1745 1465 1800; x_wconf 92' lang='lat' dir='ltr'><strong>de</strong></span> <span class='ocrx_word' id='word_1_118' title='bbox 1489 1743 1702 1810; x_wconf 86' lang='lat' dir='ltr'><strong>umbra,</strong></span> <span class='ocrx_word' id='word_1_119' title='bbox 1733 1758 1856 1812; x_wconf 70' lang='lat' dir='ltr'><strong>quae</strong></span> 
     </span>
    </p>
   </div>
   <div class='ocr_carea' id='block_1_18' title="bbox 267 1835 1853 1913">
    <p class='ocr_par' dir='ltr' id='par_1_18' title="bbox 267 1835 1853 1913">
     <span class='ocr_line' id='line_1_18' title="bbox 267 1835 1853 1913; baseline -0.009 -11"><span class='ocrx_word' id='word_1_120' title='bbox 267 1846 547 1902; x_wconf 79' lang='lat' dir='ltr'><strong>veritatem</strong></span> <span class='ocrx_word' id='word_1_121' title='bbox 577 1843 927 1913; x_wconf 78' lang='lat' dir='ltr'><strong>exprimeret,</strong></span> <span class='ocrx_word' id='word_1_122' title='bbox 951 1839 1097 1910; x_wconf 87' lang='lat' dir='ltr'><strong>quod</strong></span> <span class='ocrx_word' id='word_1_123' title='bbox 1121 1846 1176 1893; x_wconf 89' lang='lat' dir='ltr'><strong>et</strong></span> <span class='ocrx_word' id='word_1_124' title='bbox 1204 1846 1415 1907; x_wconf 89' lang='lat' dir='ltr'><strong>septem</strong></span> <span class='ocrx_word' id='word_1_125' title='bbox 1444 1836 1617 1891; x_wconf 90' lang='lat' dir='ltr'><strong>millia</strong></span> <span class='ocrx_word' id='word_1_126' title='bbox 1646 1835 1853 1901; x_wconf 78' lang='lat' dir='ltr'><strong>ovium,</strong></span> 
     </span>
    </p>
   </div>
   <div class='ocr_carea' id='block_1_19' title="bbox 267 1928 1681 2002">
    <p class='ocr_par' dir='ltr' id='par_1_19' title="bbox 267 1928 1681 2002">
     <span class='ocr_line' id='line_1_19' title="bbox 267 1928 1681 2002; baseline -0.01 -7"><span class='ocrx_word' id='word_1_127' title='bbox 267 1948 320 1995; x_wconf 87' lang='lat' dir='ltr'><strong>et</strong></span> <span class='ocrx_word' id='word_1_128' title='bbox 345 1938 677 1997; x_wconf 81' lang='lat' dir='ltr'><strong>camelorum</strong></span> <span class='ocrx_word' id='word_1_129' title='bbox 708 1934 809 1989; x_wconf 86' lang='lat' dir='ltr'><strong>tria</strong></span> <span class='ocrx_word' id='word_1_130' title='bbox 830 1933 997 1988; x_wconf 90' lang='lat' dir='ltr'><strong>millia</strong></span> <span class='ocrx_word' id='word_1_131' title='bbox 1023 1932 1348 2002; x_wconf 87' lang='lat' dir='ltr'><strong>possideret.</strong></span> <span class='ocrx_word' id='word_1_132' title='bbox 1379 1928 1633 1998; x_wconf 87' lang='lat' dir='ltr'><strong>Sequitur</strong></span> <span class='ocrx_word' id='word_1_133' title='bbox 1666 1945 1681 1981; x_wconf 89' lang='lat'><strong>:</strong></span> 
     </span>
    </p>
   </div>
   <div class='ocr_carea' id='block_1_20' title="bbox 861 2087 1257 2145">
    <p class='ocr_par' dir='ltr' id='par_1_20' title="bbox 861 2087 1257 2145">
     <span class='ocr_line' id='line_1_20' title="bbox 861 2087 1257 2145; baseline -0.005 0"><span class='ocrx_word' id='word_1_134' title='bbox 861 2087 1089 2145; x_wconf 85' lang='lat' dir='ltr'><strong>CAPUT</strong></span> <span class='ocrx_word' id='word_1_135' title='bbox 1116 2087 1257 2143; x_wconf 80' lang='lat' dir='ltr'><strong>XVI.</strong></span> 
     </span>
    </p>
   </div>
   <div class='ocr_carea' id='block_1_21' title="bbox 338 2200 1860 2272">
    <p class='ocr_par' dir='ltr' id='par_1_21' title="bbox 338 2200 1860 2272">
     <span class='ocr_line' id='line_1_21' title="bbox 338 2200 1860 2272; baseline -0.005 -10"><span class='ocrx_word' id='word_1_136' title='bbox 338 2206 468 2263; x_wconf 74' lang='lat' dir='ltr'><strong>Isto.</strong></span> <span class='ocrx_word' id='word_1_137' title='bbox 523 2235 595 2247; x_wconf 92' lang='lat'>—</span> <span class='ocrx_word' id='word_1_138' title='bbox 658 2202 953 2272; x_wconf 83' lang='lat' dir='ltr'><strong>Quingenta</strong></span> <span class='ocrx_word' id='word_1_139' title='bbox 1018 2200 1151 2271; x_wconf 83' lang='lat' dir='ltr'><strong>juga</strong></span> <span class='ocrx_word' id='word_1_140' title='bbox 1208 2200 1401 2265; x_wconf 89' lang='lat' dir='ltr'><strong>boum,</strong></span> <span class='ocrx_word' id='word_1_141' title='bbox 1456 2206 1506 2252; x_wconf 88' lang='lat' dir='ltr'><strong>et</strong></span> <span class='ocrx_word' id='word_1_142' title='bbox 1567 2200 1860 2272; x_wconf 75' lang='lat' dir='ltr'><strong>quingenta:</strong></span> 
     </span>
    </p>
   </div>
   <div class='ocr_carea' id='block_1_22' title="bbox 281 2314 467 2354">
    <p class='ocr_par' dir='ltr' id='par_1_22' title="bbox 281 2314 467 2354">
     <span class='ocr_line' id='line_1_22' title="bbox 281 2314 467 2354; baseline -0.016 0"><span class='ocrx_word' id='word_1_143' title='bbox 281 2314 467 2354; x_wconf 83' lang='lat' dir='ltr'><strong>astute.</strong></span> 
     </span>
    </p>
   </div>
   <div class='ocr_carea' id='block_1_23' title="bbox 342 2405 1865 2477">
    <p class='ocr_par' dir='ltr' id='par_1_23' title="bbox 342 2405 1865 2477">
     <span class='ocr_line' id='line_1_23' title="bbox 342 2405 1865 2477; baseline -0.006 -11"><span class='ocrx_word' id='word_1_144' title='bbox 342 2409 432 2466; x_wconf 61' lang='lat' dir='ltr'><strong>S5.</strong></span> <span class='ocrx_word' id='word_1_145' title='bbox 465 2409 633 2465; x_wconf 88' lang='lat' dir='ltr'><strong>Boum</strong></span> <span class='ocrx_word' id='word_1_146' title='bbox 683 2410 892 2462; x_wconf 84' lang='lat' dir='ltr'><strong>nomine</strong></span> <span class='ocrx_word' id='word_1_147' title='bbox 921 2406 1042 2477; x_wconf 89' lang='lat' dir='ltr'><strong>quid</strong></span> <span class='ocrx_word' id='word_1_148' title='bbox 1092 2406 1411 2477; x_wconf 80' lang='lat' dir='ltr'><strong>designetur.</strong></span> <span class='ocrx_word' id='word_1_149' title='bbox 1472 2405 1609 2469; x_wconf 78' lang='lat' dir='ltr'><strong>Quid</strong></span> <span class='ocrx_word' id='word_1_150' title='bbox 1656 2406 1865 2460; x_wconf 82' lang='lat' dir='ltr'><strong>nomine</strong></span> 
     </span>
    </p>
   </div>
   <div class='ocr_carea' id='block_1_24' title="bbox 271 2495 1865 2568">
    <p class='ocr_par' dir='ltr' id='par_1_24' title="bbox 271 2495 1865 2568">
     <span class='ocr_line' id='line_1_24' title="bbox 271 2495 1865 2568; baseline -0.006 -9"><span class='ocrx_word' id='word_1_151' title='bbox 271 2498 751 2559; x_wconf 72' lang='lat' dir='ltr'><strong>asinorum—lam</strong></span> <span class='ocrx_word' id='word_1_152' title='bbox 783 2499 1033 2568; x_wconf 89' lang='lat' dir='ltr'><strong>superius</strong></span> <span class='ocrx_word' id='word_1_153' title='bbox 1062 2497 1266 2552; x_wconf 89' lang='lat' dir='ltr'><strong>dictum</strong></span> <span class='ocrx_word' id='word_1_154' title='bbox 1300 2504 1405 2562; x_wconf 88' lang='lat' dir='ltr'><strong>est,</strong></span> <span class='ocrx_word' id='word_1_155' title='bbox 1433 2496 1578 2566; x_wconf 92' lang='lat' dir='ltr'><strong>quod</strong></span> <span class='ocrx_word' id='word_1_156' title='bbox 1624 2496 1679 2550; x_wconf 91' lang='lat' dir='ltr'><strong>in</strong></span> <span class='ocrx_word' id='word_1_157' title='bbox 1707 2495 1865 2566; x_wconf 88' lang='lat' dir='ltr'><strong>quin-</strong></span> 
     </span>
    </p>
   </div>
   <div class='ocr_carea' id='block_1_25' title="bbox 273 2590 1867 2670">
    <p class='ocr_par' dir='ltr' id='par_1_25' title="bbox 273 2590 1867 2670">
     <span class='ocr_line' id='line_1_25' title="bbox 273 2590 1867 2670; baseline -0.004 -18"><span class='ocrx_word' id='word_1_158' title='bbox 273 2595 602 2670; x_wconf 88' lang='lat' dir='ltr'><strong>quagenario</strong></span> <span class='ocrx_word' id='word_1_159' title='bbox 647 2607 913 2659; x_wconf 67' lang='lat' dir='ltr'><strong>numero,</strong></span> <span class='ocrx_word' id='word_1_160' title='bbox 953 2591 1048 2661; x_wconf 90' lang='lat' dir='ltr'><strong>qui</strong></span> <span class='ocrx_word' id='word_1_161' title='bbox 1102 2598 1312 2660; x_wconf 87' lang='lat' dir='ltr'><strong>septem</strong></span> <span class='ocrx_word' id='word_1_162' title='bbox 1342 2590 1773 2646; x_wconf 86' lang='lat' dir='ltr'><strong>hebdomadibus</strong></span> <span class='ocrx_word' id='word_1_163' title='bbox 1802 2604 1867 2645; x_wconf 90' lang='lat' dir='ltr'><strong>ac</strong></span> 
     </span>
    </p>
   </div>
   <div class='ocr_carea' id='block_1_26' title="bbox 272 2683 1870 2754">
    <p class='ocr_par' dir='ltr' id='par_1_26' title="bbox 272 2683 1870 2754">
     <span class='ocr_line' id='line_1_26' title="bbox 272 2683 1870 2754; baseline -0.004 -9"><span class='ocrx_word' id='word_1_164' title='bbox 272 2687 502 2746; x_wconf 87' lang='lat' dir='ltr'><strong>monade</strong></span> <span class='ocrx_word' id='word_1_165' title='bbox 523 2685 707 2741; x_wconf 88' lang='lat' dir='ltr'><strong>addita</strong></span> <span class='ocrx_word' id='word_1_166' title='bbox 759 2684 1036 2754; x_wconf 81' lang='lat' dir='ltr'><strong>impletur,</strong></span> <span class='ocrx_word' id='word_1_167' title='bbox 1098 2684 1316 2754; x_wconf 88' lang='lat' dir='ltr'><strong>requies</strong></span> <span class='ocrx_word' id='word_1_168' title='bbox 1370 2683 1721 2751; x_wconf 83' lang='lat' dir='ltr'><strong>designatur;</strong></span> <span class='ocrx_word' id='word_1_169' title='bbox 1779 2684 1870 2739; x_wconf 85' lang='lat' dir='ltr'><strong>de-</strong></span> 
     </span>
    </p>
   </div>
   <div class='ocr_carea' id='block_1_27' title="bbox 274 2774 1865 2845">
    <p class='ocr_par' dir='ltr' id='par_1_27' title="bbox 274 2774 1865 2845">
     <span class='ocr_line' id='line_1_27' title="bbox 274 2774 1865 2845; baseline -0.005 -8"><span class='ocrx_word' id='word_1_170' title='bbox 274 2778 425 2837; x_wconf 90' lang='lat' dir='ltr'><strong>nario</strong></span> <span class='ocrx_word' id='word_1_171' title='bbox 453 2786 635 2834; x_wconf 85' lang='lat' dir='ltr'><strong>autem</strong></span> <span class='ocrx_word' id='word_1_172' title='bbox 666 2791 892 2831; x_wconf 90' lang='lat' dir='ltr'><strong>numero</strong></span> <span class='ocrx_word' id='word_1_173' title='bbox 920 2790 1129 2829; x_wconf 85' lang='lat' dir='ltr'><strong>summa</strong></span> <span class='ocrx_word' id='word_1_174' title='bbox 1149 2774 1500 2845; x_wconf 82' lang='lat' dir='ltr'><strong>perfectionis</strong></span> <span class='ocrx_word' id='word_1_175' title='bbox 1525 2774 1865 2844; x_wconf 73' lang='lat' dir='ltr'><strong>eXprimitur.</strong></span> 
     </span>
    </p>
   </div>
   <div class='ocr_carea' id='block_1_28' title="bbox 274 2856 1866 2942">
    <p class='ocr_par' dir='ltr' id='par_1_28' title="bbox 274 2856 1866 2942">
     <span class='ocr_line' id='line_1_28' title="bbox 274 2856 1866 2942; baseline -0.005 -13"><span class='ocrx_word' id='word_1_176' title='bbox 274 2873 410 2942; x_wconf 85' lang='lat' dir='ltr'><strong>Quia</strong></span> <span class='ocrx_word' id='word_1_177' title='bbox 435 2887 570 2927; x_wconf 86' lang='lat' dir='ltr'><strong>vero</strong></span> <span class='ocrx_word' id='word_1_178' title='bbox 630 2868 880 2925; x_wconf 78' lang='lat' dir='ltr'><strong>fidelibus</strong></span> <span class='ocrx_word' id='word_1_179' title='bbox 935 2856 1198 2939; x_wconf 89' lang='lat' dir='ltr'><strong>perlectio</strong></span> <span class='ocrx_word' id='word_1_180' title='bbox 1254 2867 1453 2937; x_wconf 89' lang='lat' dir='ltr'><strong>quietis</strong></span> <span class='ocrx_word' id='word_1_181' title='bbox 1512 2867 1866 2937; x_wconf 89' lang='lat' dir='ltr'><strong>promittitur,</strong></span> 
     </span>
    </p>
   </div>
   <div class='ocr_carea' id='block_1_29' title="bbox 275 2960 1874 3037">
    <p class='ocr_par' dir='ltr' id='par_1_29' title="bbox 275 2960 1874 3037">
     <span class='ocr_line' id='line_1_29' title="bbox 275 2960 1874 3037; baseline -0.003 -16"><span class='ocrx_word' id='word_1_182' title='bbox 275 2968 430 3037; x_wconf 85' lang='lat' dir='ltr'><strong>quasi</strong></span> <span class='ocrx_word' id='word_1_183' title='bbox 482 2961 944 3034; x_wconf 88' lang='lat' dir='ltr'><strong>quinquagenario</strong></span> <span class='ocrx_word' id='word_1_184' title='bbox 992 2961 1176 3016; x_wconf 90' lang='lat' dir='ltr'><strong>decies</strong></span> <span class='ocrx_word' id='word_1_185' title='bbox 1216 2960 1382 3017; x_wconf 91' lang='lat' dir='ltr'><strong>ducto</strong></span> <span class='ocrx_word' id='word_1_186' title='bbox 1410 2961 1483 3015; x_wconf 92' lang='lat' dir='ltr'><strong>ad</strong></span> <span class='ocrx_word' id='word_1_187' title='bbox 1511 2961 1874 3032; x_wconf 90' lang='lat' dir='ltr'><strong>quingentesi-</strong></span> 
     </span>
    </p>
   </div>
   <div class='ocr_carea' id='block_1_30' title="bbox 280 3054 1873 3131">
    <p class='ocr_par' dir='ltr' id='par_1_30' title="bbox 280 3054 1873 3131">
     <span class='ocr_line' id='line_1_30' title="bbox 280 3054 1873 3131; baseline -0.005 -14"><span class='ocrx_word' id='word_1_188' title='bbox 280 3077 427 3119; x_wconf 87' lang='lat' dir='ltr'><strong>mum</strong></span> <span class='ocrx_word' id='word_1_189' title='bbox 460 3058 790 3131; x_wconf 88' lang='lat' dir='ltr'><strong>pervenitur.</strong></span> <span class='ocrx_word' id='word_1_190' title='bbox 848 3056 993 3128; x_wconf 73' lang='grc' dir='ltr'><strong>[γει.</strong></span> <span class='ocrx_word' id='word_1_191' title='bbox 1040 3054 1317 3128; x_wconf 78' lang='lat' dir='ltr'><strong>XVI.]1n</strong></span> <span class='ocrx_word' id='word_1_192' title='bbox 1362 3055 1639 3125; x_wconf 88' lang='lat' dir='ltr'><strong>Scriptura</strong></span> <span class='ocrx_word' id='word_1_193' title='bbox 1689 3063 1873 3110; x_wconf 89' lang='lat' dir='ltr'><strong>autem</strong></span> 
     </span>
    </p>
   </div>
   <div class='ocr_carea' id='block_1_31' title="bbox 278 3147 1870 3217">
    <p class='ocr_par' dir='ltr' id='par_1_31' title="bbox 278 3147 1870 3217">
     <span class='ocr_line' id='line_1_31' title="bbox 278 3147 1870 3217; baseline -0.006 -7"><span class='ocrx_word' id='word_1_194' title='bbox 278 3168 431 3211; x_wconf 84' lang='lat' dir='ltr'><strong>sacra</strong></span> <span class='ocrx_word' id='word_1_195' title='bbox 467 3152 636 3207; x_wconf 90' lang='lat' dir='ltr'><strong>boum</strong></span> <span class='ocrx_word' id='word_1_196' title='bbox 670 3148 889 3204; x_wconf 89' lang='lat' dir='ltr'><strong>nomine</strong></span> <span class='ocrx_word' id='word_1_197' title='bbox 926 3147 1215 3217; x_wconf 90' lang='lat' dir='ltr'><strong>aliquando</strong></span> <span class='ocrx_word' id='word_1_198' title='bbox 1269 3147 1539 3203; x_wconf 91' lang='lat' dir='ltr'><strong>hebetudo</strong></span> <span class='ocrx_word' id='word_1_199' title='bbox 1579 3147 1870 3213; x_wconf 87' lang='lat' dir='ltr'><strong>latuorum,</strong></span> 
     </span>
    </p>
   </div>
   <div class='ocr_carea' id='block_1_32' title="bbox 280 3237 1874 3314">
    <p class='ocr_par' dir='ltr' id='par_1_32' title="bbox 280 3237 1874 3314">
     <span class='ocr_line' id='line_1_32' title="bbox 280 3237 1874 3314; baseline -0.006 -13"><span class='ocrx_word' id='word_1_200' title='bbox 280 3242 572 3314; x_wconf 86' lang='lat' dir='ltr'><strong>aliquando</strong></span> <span class='ocrx_word' id='word_1_201' title='bbox 600 3240 741 3296; x_wconf 90' lang='lat' dir='ltr'><strong>bene</strong></span> <span class='ocrx_word' id='word_1_202' title='bbox 762 3239 1106 3310; x_wconf 88' lang='lat' dir='ltr'><strong>operantium</strong></span> <span class='ocrx_word' id='word_1_203' title='bbox 1134 3239 1244 3293; x_wconf 89' lang='lat' dir='ltr'><strong>vita</strong></span> <span class='ocrx_word' id='word_1_204' title='bbox 1274 3239 1533 3306; x_wconf 82' lang='lat' dir='ltr'><strong>signatur.</strong></span> <span class='ocrx_word' id='word_1_205' title='bbox 1567 3237 1700 3305; x_wconf 86' lang='lat' dir='ltr'><strong>Quia</strong></span> <span class='ocrx_word' id='word_1_206' title='bbox 1730 3238 1874 3294; x_wconf 89' lang='lat' dir='ltr'><strong>enim</strong></span> 
     </span>
    </p>
   </div>
   <div class='ocr_carea' id='block_1_33' title="bbox 1960 636 3556 709">
    <p class='ocr_par' dir='ltr' id='par_1_33' title="bbox 1960 636 3556 709">
     <span class='ocr_line' id='line_1_33' title="bbox 1960 636 3556 709; baseline 0.002 -18"><span class='ocrx_word' id='word_1_207' title='bbox 1960 637 2071 691; x_wconf 92' lang='lat' dir='ltr'><strong>lum</strong></span> <span class='ocrx_word' id='word_1_208' title='bbox 2120 637 2327 693; x_wconf 86' lang='lat' dir='ltr'><strong>sedisse</strong></span> <span class='ocrx_word' id='word_1_209' title='bbox 2372 637 2688 708; x_wconf 87' lang='lat' dir='ltr'><strong>perhibetur</strong></span> <span class='ocrx_word' id='word_1_210' title='bbox 2735 637 2951 709; x_wconf 80' lang='lat' dir='ltr'><strong>(Matth.</strong></span> <span class='ocrx_word' id='word_1_211' title='bbox 2984 655 3097 703; x_wconf 80' lang='lat' dir='ltr'><strong>xxi,</strong></span> <span class='ocrx_word' id='word_1_212' title='bbox 3156 637 3236 709; x_wconf 79' lang='lat'><strong>5).</strong></span> <span class='ocrx_word' id='word_1_213' title='bbox 3282 636 3424 706; x_wconf 71' lang='lat' dir='ltr'><strong>Quid</strong></span> <span class='ocrx_word' id='word_1_214' title='bbox 3471 648 3556 695; x_wconf 90' lang='lat' dir='ltr'><strong>est</strong></span> 
     </span>
    </p>
   </div>
   <div class='ocr_carea' id='block_1_34' title="bbox 1959 729 3554 801">
    <p class='ocr_par' dir='ltr' id='par_1_34' title="bbox 1959 729 3554 801">
     <span class='ocr_line' id='line_1_34' title="bbox 1959 729 3554 801; baseline 0.002 -17"><span class='ocrx_word' id='word_1_215' title='bbox 1959 729 2102 784; x_wconf 88' lang='lat' dir='ltr'><strong>enim</strong></span> <span class='ocrx_word' id='word_1_216' title='bbox 2130 729 2369 785; x_wconf 90' lang='lat' dir='ltr'><strong>sedendo</strong></span> <span class='ocrx_word' id='word_1_217' title='bbox 2399 740 2419 767; x_wconf 73' lang='grc' dir='ltr'><strong>ο</strong></span> <span class='ocrx_word' id='word_1_218' title='bbox 2444 730 2652 785; x_wconf 91' lang='lat' dir='ltr'><strong>asinum</strong></span> <span class='ocrx_word' id='word_1_219' title='bbox 2669 730 2968 787; x_wconf 83' lang='lat' dir='ltr'><strong>Jerusalem</strong></span> <span class='ocrx_word' id='word_1_220' title='bbox 2988 733 3193 792; x_wconf 90' lang='lat' dir='ltr'><strong>venire.</strong></span> <span class='ocrx_word' id='word_1_221' title='bbox 3215 732 3317 787; x_wconf 91' lang='lat' dir='ltr'><strong>nisi</strong></span> <span class='ocrx_word' id='word_1_222' title='bbox 3336 731 3554 801; x_wconf 87' lang='lat' dir='ltr'><strong>gentili-</strong></span> 
     </span>
    </p>
   </div>
   <div class='ocr_carea' id='block_1_35' title="bbox 1963 820 3554 892">
    <p class='ocr_par' dir='ltr' id='par_1_35' title="bbox 1963 820 3554 892">
     <span class='ocr_line' id='line_1_35' title="bbox 1963 820 3554 892; baseline 0.004 -18"><span class='ocrx_word' id='word_1_223' title='bbox 1963 820 2090 875; x_wconf 91' lang='lat' dir='ltr'><strong>tatis</strong></span> <span class='ocrx_word' id='word_1_224' title='bbox 2117 820 2386 890; x_wconf 90' lang='lat' dir='ltr'><strong>simplicia</strong></span> <span class='ocrx_word' id='word_1_225' title='bbox 2433 820 2597 877; x_wconf 86' lang='lat' dir='ltr'><strong>corda</strong></span> <span class='ocrx_word' id='word_1_226' title='bbox 2652 822 3000 892; x_wconf 86' lang='lat' dir='ltr'><strong>possidendo,</strong></span> <span class='ocrx_word' id='word_1_227' title='bbox 3051 838 3116 878; x_wconf 90' lang='lat' dir='ltr'><strong>ea</strong></span> <span class='ocrx_word' id='word_1_228' title='bbox 3168 824 3237 878; x_wconf 93' lang='lat' dir='ltr'><strong>ad</strong></span> <span class='ocrx_word' id='word_1_229' title='bbox 3292 824 3554 880; x_wconf 87' lang='lat' dir='ltr'><strong>visionem</strong></span> 
     </span>
    </p>
   </div>
   <div class='ocr_carea' id='block_1_36' title="bbox 1961 912 3556 983">
    <p class='ocr_par' dir='ltr' id='par_1_36' title="bbox 1961 912 3556 983">
     <span class='ocr_line' id='line_1_36' title="bbox 1961 912 3556 983; baseline 0.005 -18"><span class='ocrx_word' id='word_1_230' title='bbox 1961 912 2111 981; x_wconf 88' lang='lat' dir='ltr'><strong>pacis</strong></span> <span class='ocrx_word' id='word_1_231' title='bbox 2140 913 2378 981; x_wconf 89' lang='lat' dir='ltr'><strong>regendo</strong></span> <span class='ocrx_word' id='word_1_232' title='bbox 2419 923 2476 968; x_wconf 88' lang='lat' dir='ltr'><strong>et</strong></span> <span class='ocrx_word' id='word_1_233' title='bbox 2510 913 2850 983; x_wconf 72' lang='lat' dir='ltr'><strong>praesidendo</strong></span> <span class='ocrx_word' id='word_1_234' title='bbox 2881 915 3216 983; x_wconf 82' lang='lat' dir='ltr'><strong>perducere?</strong></span> <span class='ocrx_word' id='word_1_235' title='bbox 3246 916 3402 983; x_wconf 89' lang='lat' dir='ltr'><strong>Quod</strong></span> <span class='ocrx_word' id='word_1_236' title='bbox 3445 932 3556 973; x_wconf 92' lang='lat' dir='ltr'><strong>uno</strong></span> 
     </span>
    </p>
   </div>
   <div class='ocr_carea' id='block_1_37' title="bbox 1960 1001 3559 1077">
    <p class='ocr_par' dir='ltr' id='par_1_37' title="bbox 1960 1001 3559 1077">
     <span class='ocr_line' id='line_1_37' title="bbox 1960 1001 3559 1077; baseline 0.006 -21"><span class='ocrx_word' id='word_1_237' title='bbox 1960 1009 2016 1056; x_wconf 91' lang='lat' dir='ltr'><strong>et</strong></span> <span class='ocrx_word' id='word_1_238' title='bbox 2035 1001 2177 1057; x_wconf 82' lang='lat' dir='ltr'><strong>facili</strong></span> <span class='ocrx_word' id='word_1_239' title='bbox 2202 1003 2511 1058; x_wconf 90' lang='lat' dir='ltr'><strong>testimonio</strong></span> <span class='ocrx_word' id='word_1_240' title='bbox 2539 1004 2875 1069; x_wconf 83' lang='lat' dir='ltr'><strong>ostenditur:</strong></span> <span class='ocrx_word' id='word_1_241' title='bbox 2894 1007 3019 1076; x_wconf 90' lang='lat' dir='ltr'><strong>quia</strong></span> <span class='ocrx_word' id='word_1_242' title='bbox 3040 1016 3094 1062; x_wconf 93' lang='lat' dir='ltr'><strong>et</strong></span> <span class='ocrx_word' id='word_1_243' title='bbox 3116 1023 3213 1077; x_wconf 86' lang='lat' dir='ltr'><strong>per</strong></span> <span class='ocrx_word' id='word_1_244' title='bbox 3233 1010 3403 1066; x_wconf 86' lang='lat' dir='ltr'><strong>boves</strong></span> <span class='ocrx_word' id='word_1_245' title='bbox 3418 1008 3440 1046; x_wconf 78' lang='grc' dir='ltr'>ι¹</span> <span class='ocrx_word' id='word_1_246' title='bbox 3459 1008 3559 1065; x_wconf 84' lang='lat' dir='ltr'><strong>Ju-</strong></span> 
     </span>
    </p>
   </div>
   <div class='ocr_carea' id='block_1_38' title="bbox 1959 1092 3553 1170">
    <p class='ocr_par' dir='ltr' id='par_1_38' title="bbox 1959 1092 3553 1170">
     <span class='ocr_line' id='line_1_38' title="bbox 1959 1092 3553 1170; baseline 0.005 -22"><span class='ocrx_word' id='word_1_247' title='bbox 1959 1092 2208 1167; x_wconf 51' lang='lat' dir='ltr'><strong>demas</strong></span> <span class='ocrx_word' id='word_1_248' title='bbox 2221 1095 2474 1166; x_wconf 90' lang='lat' dir='ltr'><strong>operarii,</strong></span> <span class='ocrx_word' id='word_1_249' title='bbox 2503 1103 2560 1151; x_wconf 91' lang='lat' dir='ltr'><strong>et</strong></span> <span class='ocrx_word' id='word_1_250' title='bbox 2586 1110 2685 1167; x_wconf 90' lang='lat' dir='ltr'><strong>per</strong></span> <span class='ocrx_word' id='word_1_251' title='bbox 2708 1097 2917 1151; x_wconf 90' lang='lat' dir='ltr'><strong>asinum</strong></span> <span class='ocrx_word' id='word_1_252' title='bbox 2946 1099 3174 1165; x_wconf 77' lang='lat' dir='ltr'><strong>gentiles</strong></span> <span class='ocrx_word' id='word_1_253' title='bbox 3201 1101 3387 1170; x_wconf 89' lang='lat' dir='ltr'><strong>populi</strong></span> <span class='ocrx_word' id='word_1_254' title='bbox 3411 1099 3553 1157; x_wconf 88' lang='lat' dir='ltr'><strong>desi-</strong></span> 
     </span>
    </p>
   </div>
   <div class='ocr_carea' id='block_1_39' title="bbox 1958 1187 3557 1260">
    <p class='ocr_par' dir='ltr' id='par_1_39' title="bbox 1958 1187 3557 1260">
     <span class='ocr_line' id='line_1_39' title="bbox 1958 1187 3557 1260; baseline 0.003 -21"><span class='ocrx_word' id='word_1_255' title='bbox 1958 1194 2208 1254; x_wconf 88' lang='lat' dir='ltr'><strong>gnantur,</strong></span> <span class='ocrx_word' id='word_1_256' title='bbox 2259 1201 2380 1241; x_wconf 92' lang='lat' dir='ltr'><strong>cum</strong></span> <span class='ocrx_word' id='word_1_257' title='bbox 2428 1201 2525 1257; x_wconf 88' lang='lat' dir='ltr'><strong>per</strong></span> <span class='ocrx_word' id='word_1_258' title='bbox 2551 1187 2872 1259; x_wconf 88' lang='lat' dir='ltr'><strong>prophetam</strong></span> <span class='ocrx_word' id='word_1_259' title='bbox 2918 1187 3151 1242; x_wconf 91' lang='lat' dir='ltr'><strong>dicitur:</strong></span> <span class='ocrx_word' id='word_1_260' title='bbox 3185 1188 3434 1260; x_wconf 82' lang='lat' dir='ltr'><strong>Cognovit</strong></span> <span class='ocrx_word' id='word_1_261' title='bbox 3463 1191 3557 1245; x_wconf 84' lang='lat' dir='ltr'><strong>bos</strong></span> 
     </span>
    </p>
   </div>
   <div class='ocr_carea' id='block_1_40' title="bbox 1958 1281 3555 1351">
    <p class='ocr_par' dir='ltr' id='par_1_40' title="bbox 1958 1281 3555 1351">
     <span class='ocr_line' id='line_1_40' title="bbox 1958 1281 3555 1351; baseline 0.004 -19"><span class='ocrx_word' id='word_1_262' title='bbox 1958 1295 2305 1348; x_wconf 80' lang='lat' dir='ltr'><strong>possessorem</strong></span> <span class='ocrx_word' id='word_1_263' title='bbox 2355 1296 2531 1349; x_wconf 87' lang='lat' dir='ltr'><strong>suum,</strong></span> <span class='ocrx_word' id='word_1_264' title='bbox 2582 1289 2631 1333; x_wconf 88' lang='lat' dir='ltr'><strong>et</strong></span> <span class='ocrx_word' id='word_1_265' title='bbox 2685 1281 2864 1334; x_wconf 79' lang='lat' dir='ltr'><strong>asinus</strong></span> <span class='ocrx_word' id='word_1_266' title='bbox 2925 1296 3155 1351; x_wconf 64' lang='lat' dir='ltr'><strong>praesepe</strong></span> <span class='ocrx_word' id='word_1_267' title='bbox 3208 1281 3422 1337; x_wconf 85' lang='lat' dir='ltr'><strong>Domini</strong></span> <span class='ocrx_word' id='word_1_268' title='bbox 3472 1287 3555 1340; x_wconf 89' lang='lat' dir='ltr'><strong>sui</strong></span> 
     </span>
    </p>
   </div>
   <div class='ocr_carea' id='block_1_41' title="bbox 1961 1370 3560 1447">
    <p class='ocr_par' dir='ltr' id='par_1_41' title="bbox 1961 1370 3560 1447">
     <span class='ocr_line' id='line_1_41' title="bbox 1961 1370 3560 1447; baseline 0.005 -22"><span class='ocrx_word' id='word_1_269' title='bbox 1961 1370 2118 1443; x_wconf 88' lang='lat' dir='ltr'><strong>(Isai.</strong></span> <span class='ocrx_word' id='word_1_270' title='bbox 2157 1390 2209 1441; x_wconf 86' lang='grc' dir='ltr'>ι,</span> <span class='ocrx_word' id='word_1_271' title='bbox 2258 1372 2340 1440; x_wconf 81' lang='grc'><strong>5).</strong></span> <span class='ocrx_word' id='word_1_272' title='bbox 2386 1373 2518 1440; x_wconf 90' lang='lat' dir='ltr'><strong>Quis</strong></span> <span class='ocrx_word' id='word_1_273' title='bbox 2547 1374 2692 1430; x_wconf 88' lang='lat' dir='ltr'><strong>enim</strong></span> <span class='ocrx_word' id='word_1_274' title='bbox 2722 1375 2847 1439; x_wconf 91' lang='lat' dir='ltr'><strong>bos,</strong></span> <span class='ocrx_word' id='word_1_275' title='bbox 2887 1374 2989 1429; x_wconf 91' lang='lat' dir='ltr'><strong>nisi</strong></span> <span class='ocrx_word' id='word_1_276' title='bbox 3037 1374 3288 1431; x_wconf 81' lang='lat' dir='ltr'><strong>Judaicus</strong></span> <span class='ocrx_word' id='word_1_277' title='bbox 3328 1378 3560 1447; x_wconf 88' lang='lat' dir='ltr'><strong>populus</strong></span> 
     </span>
    </p>
   </div>
   <div class='ocr_carea' id='block_1_42' title="bbox 1960 1462 3561 1538">
    <p class='ocr_par' dir='ltr' id='par_1_42' title="bbox 1960 1462 3561 1538">
     <span class='ocr_line' id='line_1_42' title="bbox 1960 1462 3561 1538; baseline 0.004 -20"><span class='ocrx_word' id='word_1_278' title='bbox 1960 1462 2183 1530; x_wconf 82' lang='lat' dir='ltr'><strong>exstitit,</strong></span> <span class='ocrx_word' id='word_1_279' title='bbox 2210 1463 2364 1534; x_wconf 87' lang='lat' dir='ltr'><strong>cujus</strong></span> <span class='ocrx_word' id='word_1_280' title='bbox 2389 1466 2654 1521; x_wconf 87' lang='lat' dir='ltr'><strong>cervicem</strong></span> <span class='ocrx_word' id='word_1_281' title='bbox 2685 1466 2873 1535; x_wconf 85' lang='lat' dir='ltr'><strong>jugum</strong></span> <span class='ocrx_word' id='word_1_282' title='bbox 2918 1465 3053 1536; x_wconf 81' lang='lat' dir='ltr'><strong>legis</strong></span> <span class='ocrx_word' id='word_1_283' title='bbox 3084 1467 3324 1522; x_wconf 88' lang='lat' dir='ltr'><strong>attrivit?</strong></span> <span class='ocrx_word' id='word_1_284' title='bbox 3350 1467 3415 1522; x_wconf 89' lang='lat' dir='ltr'><strong>Et</strong></span> <span class='ocrx_word' id='word_1_285' title='bbox 3440 1471 3561 1538; x_wconf 90' lang='lat' dir='ltr'><strong>quis</strong></span> 
     </span>
    </p>
   </div>
   <div class='ocr_carea' id='block_1_43' title="bbox 1959 1557 3563 1630">
    <p class='ocr_par' dir='ltr' id='par_1_43' title="bbox 1959 1557 3563 1630">
     <span class='ocr_line' id='line_1_43' title="bbox 1959 1557 3563 1630; baseline 0.004 -20"><span class='ocrx_word' id='word_1_286' title='bbox 1959 1557 2168 1622; x_wconf 88' lang='lat' dir='ltr'><strong>asinus,</strong></span> <span class='ocrx_word' id='word_1_287' title='bbox 2211 1558 2312 1612; x_wconf 90' lang='lat' dir='ltr'><strong>nisi</strong></span> <span class='ocrx_word' id='word_1_288' title='bbox 2354 1559 2627 1627; x_wconf 84' lang='lat' dir='ltr'><strong>gentilitas</strong></span> <span class='ocrx_word' id='word_1_289' title='bbox 2656 1558 2783 1627; x_wconf 90' lang='lat' dir='ltr'><strong>fuit,</strong></span> <span class='ocrx_word' id='word_1_290' title='bbox 2830 1576 2992 1630; x_wconf 90' lang='lat' dir='ltr'><strong>quam</strong></span> <span class='ocrx_word' id='word_1_291' title='bbox 3038 1561 3265 1630; x_wconf 90' lang='lat' dir='ltr'><strong>quilibet</strong></span> <span class='ocrx_word' id='word_1_292' title='bbox 3309 1561 3563 1616; x_wconf 87' lang='lat' dir='ltr'><strong>seductor</strong></span> 
     </span>
    </p>
   </div>
   <div class='ocr_carea' id='block_1_44' title="bbox 1957 1654 3563 1725">
    <p class='ocr_par' dir='ltr' id='par_1_44' title="bbox 1957 1654 3563 1725">
     <span class='ocr_line' id='line_1_44' title="bbox 1957 1654 3563 1725; baseline 0 -17"><span class='ocrx_word' id='word_1_293' title='bbox 1957 1655 2163 1724; x_wconf 89' lang='lat' dir='ltr'><strong>reperit</strong></span> <span class='ocrx_word' id='word_1_294' title='bbox 2180 1655 2332 1725; x_wconf 90' lang='lat' dir='ltr'><strong>quasi</strong></span> <span class='ocrx_word' id='word_1_295' title='bbox 2362 1655 2576 1709; x_wconf 91' lang='lat' dir='ltr'><strong>brutum</strong></span> <span class='ocrx_word' id='word_1_296' title='bbox 2614 1655 2846 1721; x_wconf 85' lang='lat' dir='ltr'><strong>animal,</strong></span> <span class='ocrx_word' id='word_1_297' title='bbox 2877 1664 2932 1709; x_wconf 89' lang='lat' dir='ltr'><strong>et</strong></span> <span class='ocrx_word' id='word_1_298' title='bbox 2958 1655 3106 1709; x_wconf 88' lang='lat' dir='ltr'><strong>nulla</strong></span> <span class='ocrx_word' id='word_1_299' title='bbox 3156 1655 3367 1709; x_wconf 89' lang='lat' dir='ltr'><strong>ratione</strong></span> <span class='ocrx_word' id='word_1_300' title='bbox 3415 1654 3563 1709; x_wconf 83' lang='lat' dir='ltr'><strong>reni-</strong></span> 
     </span>
    </p>
   </div>
   <div class='ocr_carea' id='block_1_45' title="bbox 1958 1746 3565 1815">
    <p class='ocr_par' dir='ltr' id='par_1_45' title="bbox 1958 1746 3565 1815">
     <span class='ocr_line' id='line_1_45' title="bbox 1958 1746 3565 1815; baseline 0 -14"><span class='ocrx_word' id='word_1_301' title='bbox 1958 1755 2098 1811; x_wconf 91' lang='lat' dir='ltr'><strong>tens,</strong></span> <span class='ocrx_word' id='word_1_302' title='bbox 2127 1762 2236 1815; x_wconf 91' lang='lat' dir='ltr'><strong>quo</strong></span> <span class='ocrx_word' id='word_1_303' title='bbox 2258 1747 2425 1803; x_wconf 87' lang='lat' dir='ltr'><strong>voluit</strong></span> <span class='ocrx_word' id='word_1_304' title='bbox 2460 1762 2646 1802; x_wconf 90' lang='lat' dir='ltr'><strong>errore</strong></span> <span class='ocrx_word' id='word_1_305' title='bbox 2684 1747 3010 1801; x_wconf 85' lang='lat' dir='ltr'><strong>substravit?</strong></span> <span class='ocrx_word' id='word_1_306' title='bbox 3051 1746 3157 1801; x_wconf 90' lang='lat' dir='ltr'><strong>Bos</strong></span> <span class='ocrx_word' id='word_1_307' title='bbox 3190 1759 3320 1813; x_wconf 88' lang='lat' dir='ltr'><strong>ergo</strong></span> <span class='ocrx_word' id='word_1_308' title='bbox 3349 1760 3565 1815; x_wconf 87' lang='lat' dir='ltr'><strong>posses-</strong></span> 
     </span>
    </p>
   </div>
   <div class='ocr_carea' id='block_1_46' title="bbox 1958 1839 3567 1911">
    <p class='ocr_par' dir='ltr' id='par_1_46' title="bbox 1958 1839 3567 1911">
     <span class='ocr_line' id='line_1_46' title="bbox 1958 1839 3567 1911; baseline -0.002 -14"><span class='ocrx_word' id='word_1_309' title='bbox 1958 1857 2169 1910; x_wconf 89' lang='lat' dir='ltr'><strong>sorem,</strong></span> <span class='ocrx_word' id='word_1_310' title='bbox 2193 1850 2248 1897; x_wconf 93' lang='lat' dir='ltr'><strong>et</strong></span> <span class='ocrx_word' id='word_1_311' title='bbox 2274 1842 2458 1897; x_wconf 90' lang='lat' dir='ltr'><strong>asinus</strong></span> <span class='ocrx_word' id='word_1_312' title='bbox 2488 1841 2699 1897; x_wconf 88' lang='lat' dir='ltr'><strong>Domini</strong></span> <span class='ocrx_word' id='word_1_313' title='bbox 2725 1856 2966 1911; x_wconf 66' lang='lat' dir='ltr'><strong>praesepe</strong></span> <span class='ocrx_word' id='word_1_314' title='bbox 3002 1840 3284 1908; x_wconf 84' lang='lat' dir='ltr'><strong>cognovit,</strong></span> <span class='ocrx_word' id='word_1_315' title='bbox 3336 1839 3462 1908; x_wconf 93' lang='lat' dir='ltr'><strong>quia</strong></span> <span class='ocrx_word' id='word_1_316' title='bbox 3510 1846 3567 1894; x_wconf 94' lang='lat' dir='ltr'><strong>et</strong></span> 
     </span>
    </p>
   </div>
   <div class='ocr_carea' id='block_1_47' title="bbox 1883 1929 3567 2003">
    <p class='ocr_par' dir='ltr' id='par_1_47' title="bbox 1883 1929 3567 2003">
     <span class='ocr_line' id='line_1_47' title="bbox 1883 1929 3567 2003; baseline -0.004 -14"><span class='ocrx_word' id='word_1_317' title='bbox 1883 1929 1932 1989; x_wconf 90' lang='lat' dir='ltr'><strong>B</strong></span> <span class='ocrx_word' id='word_1_318' title='bbox 1959 1933 2252 1989; x_wconf 86' lang='lat' dir='ltr'><strong>Hebraicus</strong></span> <span class='ocrx_word' id='word_1_319' title='bbox 2280 1934 2513 2003; x_wconf 90' lang='lat' dir='ltr'><strong>populus</strong></span> <span class='ocrx_word' id='word_1_320' title='bbox 2543 1932 2735 1998; x_wconf 92' lang='lat' dir='ltr'><strong>Deum,</strong></span> <span class='ocrx_word' id='word_1_321' title='bbox 2763 1946 2924 2002; x_wconf 88' lang='lat' dir='ltr'><strong>quem</strong></span> <span class='ocrx_word' id='word_1_322' title='bbox 2955 1930 3191 1994; x_wconf 91' lang='lat' dir='ltr'><strong>colebat,</strong></span> <span class='ocrx_word' id='word_1_323' title='bbox 3224 1929 3321 1985; x_wconf 87' lang='lat' dir='ltr'><strong>sed</strong></span> <span class='ocrx_word' id='word_1_324' title='bbox 3351 1930 3567 1998; x_wconf 87' lang='lat' dir='ltr'><strong>ignora-</strong></span> 
     </span>
    </p>
   </div>
   <div class='ocr_carea' id='block_1_48' title="bbox 1960 2020 3566 2096">
    <p class='ocr_par' dir='ltr' id='par_1_48' title="bbox 1960 2020 3566 2096">
     <span class='ocr_line' id='line_1_48' title="bbox 1960 2020 3566 2096; baseline -0.004 -16"><span class='ocrx_word' id='word_1_325' title='bbox 1960 2026 2081 2091; x_wconf 86' lang='lat' dir='ltr'><strong>bat,</strong></span> <span class='ocrx_word' id='word_1_326' title='bbox 2106 2026 2335 2096; x_wconf 89' lang='lat' dir='ltr'><strong>reperit;</strong></span> <span class='ocrx_word' id='word_1_327' title='bbox 2366 2034 2421 2079; x_wconf 90' lang='lat' dir='ltr'><strong>et</strong></span> <span class='ocrx_word' id='word_1_328' title='bbox 2449 2024 2721 2094; x_wconf 83' lang='lat' dir='ltr'><strong>gentilitas</strong></span> <span class='ocrx_word' id='word_1_329' title='bbox 2766 2023 2901 2091; x_wconf 91' lang='lat' dir='ltr'><strong>legis</strong></span> <span class='ocrx_word' id='word_1_330' title='bbox 2939 2021 3196 2094; x_wconf 87' lang='lat' dir='ltr'><strong>pabulum</strong></span> <span class='ocrx_word' id='word_1_331' title='bbox 3216 2063 3230 2087; x_wconf 95' lang='lat'><strong>,</strong></span> <span class='ocrx_word' id='word_1_332' title='bbox 3279 2020 3423 2090; x_wconf 90' lang='lat' dir='ltr'><strong>quod</strong></span> <span class='ocrx_word' id='word_1_333' title='bbox 3456 2035 3566 2075; x_wconf 92' lang='lat' dir='ltr'><strong>non</strong></span> 
     </span>
    </p>
   </div>
   <div class='ocr_carea' id='block_1_49' title="bbox 1961 2112 3568 2187">
    <p class='ocr_par' dir='ltr' id='par_1_49' title="bbox 1961 2112 3568 2187">
     <span class='ocr_line' id='line_1_49' title="bbox 1961 2112 3568 2187; baseline -0.004 -15"><span class='ocrx_word' id='word_1_334' title='bbox 1961 2118 2227 2186; x_wconf 83' lang='lat' dir='ltr'><strong>habebat,</strong></span> <span class='ocrx_word' id='word_1_335' title='bbox 2281 2116 2508 2187; x_wconf 89' lang='lat' dir='ltr'><strong>accepit.</strong></span> <span class='ocrx_word' id='word_1_336' title='bbox 2552 2114 2707 2181; x_wconf 89' lang='lat' dir='ltr'><strong>Quod</strong></span> <span class='ocrx_word' id='word_1_337' title='bbox 2755 2115 2919 2184; x_wconf 87' lang='lat' dir='ltr'><strong>igitur</strong></span> <span class='ocrx_word' id='word_1_338' title='bbox 2975 2112 3223 2182; x_wconf 90' lang='lat' dir='ltr'><strong>superius</strong></span> <span class='ocrx_word' id='word_1_339' title='bbox 3272 2112 3568 2167; x_wconf 90' lang='lat' dir='ltr'><strong>nominatis</strong></span> 
     </span>
    </p>
   </div>
   <div class='ocr_carea' id='block_1_50' title="bbox 1964 2205 3569 2275">
    <p class='ocr_par' dir='ltr' id='par_1_50' title="bbox 1964 2205 3569 2275">
     <span class='ocr_line' id='line_1_50' title="bbox 1964 2205 3569 2275; baseline -0.003 -10"><span class='ocrx_word' id='word_1_340' title='bbox 1964 2212 2154 2266; x_wconf 89' lang='lat' dir='ltr'><strong>ovibus</strong></span> <span class='ocrx_word' id='word_1_341' title='bbox 2178 2218 2235 2266; x_wconf 91' lang='lat' dir='ltr'><strong>et</strong></span> <span class='ocrx_word' id='word_1_342' title='bbox 2288 2209 2509 2265; x_wconf 88' lang='lat' dir='ltr'><strong>camelis</strong></span> <span class='ocrx_word' id='word_1_343' title='bbox 2539 2208 2763 2275; x_wconf 89' lang='lat' dir='ltr'><strong>dicitur,</strong></span> <span class='ocrx_word' id='word_1_344' title='bbox 2796 2208 2905 2263; x_wconf 92' lang='lat' dir='ltr'><strong>hoc</strong></span> <span class='ocrx_word' id='word_1_345' title='bbox 2934 2205 3158 2263; x_wconf 88' lang='lat' dir='ltr'><strong>inferius</strong></span> <span class='ocrx_word' id='word_1_346' title='bbox 3205 2207 3260 2261; x_wconf 92' lang='lat' dir='ltr'><strong>in</strong></span> <span class='ocrx_word' id='word_1_347' title='bbox 3298 2206 3474 2261; x_wconf 89' lang='lat' dir='ltr'><strong>bobus</strong></span> <span class='ocrx_word' id='word_1_348' title='bbox 3513 2212 3569 2260; x_wconf 88' lang='lat' dir='ltr'><strong>et</strong></span> 
     </span>
    </p>
   </div>
   <div class='ocr_carea' id='block_1_51' title="bbox 1965 2301 2462 2372">
    <p class='ocr_par' dir='ltr' id='par_1_51' title="bbox 1965 2301 2462 2372">
     <span class='ocr_line' id='line_1_51' title="bbox 1965 2301 2462 2372; baseline -0.004 -16"><span class='ocrx_word' id='word_1_349' title='bbox 1965 2302 2129 2357; x_wconf 90' lang='lat' dir='ltr'><strong>asinis</strong></span> <span class='ocrx_word' id='word_1_350' title='bbox 2158 2301 2462 2372; x_wconf 90' lang='lat' dir='ltr'><strong>replicatur.</strong></span> 
     </span>
    </p>
   </div>
   <div class='ocr_carea' id='block_1_52' title="bbox 2037 2411 3568 2485">
    <p class='ocr_par' dir='ltr' id='par_1_52' title="bbox 2037 2411 3568 2485">
     <span class='ocr_line' id='line_1_52' title="bbox 2037 2411 3568 2485; baseline 0 -19"><span class='ocrx_word' id='word_1_351' title='bbox 2037 2413 2125 2468; x_wconf 73' lang='grc'><strong>24.</strong></span> <span class='ocrx_word' id='word_1_352' title='bbox 2158 2413 2540 2469; x_wconf 80' lang='lat' dir='ltr'><strong>Prtedicatores</strong></span> <span class='ocrx_word' id='word_1_353' title='bbox 2567 2413 2873 2469; x_wconf 73' lang='lat' dir='ltr'><strong>Iudaeorum</strong></span> <span class='ocrx_word' id='word_1_354' title='bbox 2900 2411 3043 2468; x_wconf 83' lang='lat' dir='ltr'><strong>boves</strong></span> <span class='ocrx_word' id='word_1_355' title='bbox 3063 2412 3193 2485; x_wconf 85' lang='lat' dir='ltr'><strong>jugo</strong></span> <span class='ocrx_word' id='word_1_356' title='bbox 3224 2412 3350 2485; x_wconf 80' lang='lat' dir='ltr'><strong>legis</strong></span> <span class='ocrx_word' id='word_1_357' title='bbox 3375 2413 3568 2483; x_wconf 78' lang='lat' dir='ltr'><strong>pressi.</strong></span> 
     </span>
    </p>
   </div>
   <div class='ocr_carea' id='block_1_53' title="bbox 1966 2503 3569 2574">
    <p class='ocr_par' dir='ltr' id='par_1_53' title="bbox 1966 2503 3569 2574">
     <span class='ocr_line' id='line_1_53' title="bbox 1966 2503 3569 2574; baseline 0.001 -16"><span class='ocrx_word' id='word_1_358' title='bbox 1966 2537 2037 2548; x_wconf 89' lang='lat'><strong>——</strong></span> <span class='ocrx_word' id='word_1_359' title='bbox 2065 2503 2263 2559; x_wconf 83' lang='lat' dir='ltr'><strong>Habuit</strong></span> <span class='ocrx_word' id='word_1_360' title='bbox 2290 2520 2420 2560; x_wconf 87' lang='lat' dir='ltr'><strong>vero</strong></span> <span class='ocrx_word' id='word_1_361' title='bbox 2461 2513 2517 2561; x_wconf 91' lang='lat' dir='ltr'><strong>et</strong></span> <span class='ocrx_word' id='word_1_362' title='bbox 2564 2514 2691 2559; x_wconf 90' lang='lat' dir='ltr'><strong>ante</strong></span> <span class='ocrx_word' id='word_1_363' title='bbox 2732 2504 3118 2574; x_wconf 84' lang='lat' dir='ltr'><strong>Redemptoris</strong></span> <span class='ocrx_word' id='word_1_364' title='bbox 3145 2504 3443 2560; x_wconf 88' lang='lat' dir='ltr'><strong>adventum</strong></span> <span class='ocrx_word' id='word_1_365' title='bbox 3472 2503 3569 2559; x_wconf 84' lang='lat' dir='ltr'><strong>Ju-</strong></span> 
     </span>
    </p>
   </div>
   <div class='ocr_carea' id='block_1_54' title="bbox 1969 2594 3561 2665">
    <p class='ocr_par' dir='ltr' id='par_1_54' title="bbox 1969 2594 3561 2665">
     <span class='ocr_line' id='line_1_54' title="bbox 1969 2594 3561 2665; baseline 0 -16"><span class='ocrx_word' id='word_1_366' title='bbox 1969 2594 2083 2649; x_wconf 80' lang='lat' dir='ltr'><strong>daea</strong></span> <span class='ocrx_word' id='word_1_367' title='bbox 2124 2595 2312 2659; x_wconf 90' lang='lat' dir='ltr'><strong>boves,</strong></span> <span class='ocrx_word' id='word_1_368' title='bbox 2359 2594 2486 2664; x_wconf 89' lang='lat' dir='ltr'><strong>quia</strong></span> <span class='ocrx_word' id='word_1_369' title='bbox 2515 2594 2584 2649; x_wconf 90' lang='lat' dir='ltr'><strong>ad</strong></span> <span class='ocrx_word' id='word_1_370' title='bbox 2624 2594 3026 2661; x_wconf 63' lang='lat' dir='ltr'><strong>praedicandum</strong></span> <span class='ocrx_word' id='word_1_371' title='bbox 3068 2594 3213 2649; x_wconf 86' lang='lat' dir='ltr'><strong>misit</strong></span> <span class='ocrx_word' id='word_1_372' title='bbox 3258 2596 3561 2665; x_wconf 88' lang='lat' dir='ltr'><strong>operarios,</strong></span> 
     </span>
    </p>
   </div>
   <div class='ocr_carea' id='block_1_55' title="bbox 1970 2684 3569 2756">
    <p class='ocr_par' dir='ltr' id='par_1_55' title="bbox 1970 2684 3569 2756">
     <span class='ocr_line' id='line_1_55' title="bbox 1970 2684 3569 2756; baseline 0 -15"><span class='ocrx_word' id='word_1_373' title='bbox 1970 2686 2164 2755; x_wconf 89' lang='lat' dir='ltr'><strong>quibus</strong></span> <span class='ocrx_word' id='word_1_374' title='bbox 2191 2700 2327 2740; x_wconf 86' lang='lat' dir='ltr'><strong>voce</strong></span> <span class='ocrx_word' id='word_1_375' title='bbox 2367 2684 2623 2740; x_wconf 86' lang='lat' dir='ltr'><strong>Veritatis</strong></span> <span class='ocrx_word' id='word_1_376' title='bbox 2646 2685 2844 2739; x_wconf 91' lang='lat' dir='ltr'><strong>dicitur</strong></span> <span class='ocrx_word' id='word_1_377' title='bbox 2888 2703 2901 2738; x_wconf 92' lang='lat'>:</span> <span class='ocrx_word' id='word_1_378' title='bbox 2943 2684 3038 2739; x_wconf 70' lang='lat' dir='ltr'><strong>Va:</strong></span> <span class='ocrx_word' id='word_1_379' title='bbox 3066 2685 3230 2750; x_wconf 84' lang='lat' dir='ltr'><strong>vobis,</strong></span> <span class='ocrx_word' id='word_1_380' title='bbox 3261 2684 3569 2756; x_wconf 69' lang='lat' dir='ltr'><strong>hypocritw,</strong></span> 
     </span>
    </p>
   </div>
   <div class='ocr_carea' id='block_1_56' title="bbox 1971 2774 3572 2847">
    <p class='ocr_par' dir='ltr' id='par_1_56' title="bbox 1971 2774 3572 2847">
     <span class='ocr_line' id='line_1_56' title="bbox 1971 2774 3572 2847; baseline 0 -19"><span class='ocrx_word' id='word_1_381' title='bbox 1971 2777 2057 2847; x_wconf 87' lang='lat' dir='ltr'><strong>qui</strong></span> <span class='ocrx_word' id='word_1_382' title='bbox 2086 2776 2314 2829; x_wconf 85' lang='lat' dir='ltr'><strong>circuitis</strong></span> <span class='ocrx_word' id='word_1_383' title='bbox 2340 2792 2487 2829; x_wconf 88' lang='lat' dir='ltr'><strong>mare</strong></span> <span class='ocrx_word' id='word_1_384' title='bbox 2505 2783 2556 2829; x_wconf 90' lang='lat' dir='ltr'><strong>et</strong></span> <span class='ocrx_word' id='word_1_385' title='bbox 2584 2774 2810 2841; x_wconf 85' lang='lat' dir='ltr'><strong>aridam,</strong></span> <span class='ocrx_word' id='word_1_386' title='bbox 2828 2783 2886 2827; x_wconf 89' lang='lat' dir='ltr'><strong>ut</strong></span> <span class='ocrx_word' id='word_1_387' title='bbox 2913 2776 3122 2846; x_wconf 79' lang='lat' dir='ltr'><strong>faciatis</strong></span> <span class='ocrx_word' id='word_1_388' title='bbox 3150 2791 3309 2828; x_wconf 88' lang='lat' dir='ltr'><strong>unum</strong></span> <span class='ocrx_word' id='word_1_389' title='bbox 3335 2776 3572 2846; x_wconf 86' lang='lat' dir='ltr'><strong>prosely-</strong></span> 
     </span>
    </p>
   </div>
   <div class='ocr_carea' id='block_1_57' title="bbox 1976 2868 3572 2941">
    <p class='ocr_par' dir='ltr' id='par_1_57' title="bbox 1976 2868 3572 2941">
     <span class='ocr_line' id='line_1_57' title="bbox 1976 2868 3572 2941; baseline 0.001 -19"><span class='ocrx_word' id='word_1_390' title='bbox 1976 2880 2114 2935; x_wconf 85' lang='lat' dir='ltr'><strong>tum;</strong></span> <span class='ocrx_word' id='word_1_391' title='bbox 2145 2879 2193 2923; x_wconf 88' lang='lat' dir='ltr'><strong>et</strong></span> <span class='ocrx_word' id='word_1_392' title='bbox 2221 2886 2338 2922; x_wconf 90' lang='lat' dir='ltr'><strong>cum</strong></span> <span class='ocrx_word' id='word_1_393' title='bbox 2368 2870 2524 2941; x_wconf 77' lang='lat' dir='ltr'><strong>fuerit</strong></span> <span class='ocrx_word' id='word_1_394' title='bbox 2553 2870 2748 2940; x_wconf 82' lang='lat' dir='ltr'><strong>factus,</strong></span> <span class='ocrx_word' id='word_1_395' title='bbox 2778 2869 2953 2938; x_wconf 74' lang='lat' dir='ltr'><strong>facitis</strong></span> <span class='ocrx_word' id='word_1_396' title='bbox 2982 2884 3097 2922; x_wconf 89' lang='lat' dir='ltr'><strong>eum</strong></span> <span class='ocrx_word' id='word_1_397' title='bbox 3126 2869 3296 2939; x_wconf 82' lang='lat' dir='ltr'><strong>ﬁlium</strong></span> <span class='ocrx_word' id='word_1_398' title='bbox 3327 2868 3572 2940; x_wconf 67' lang='lat' dir='ltr'><strong>gehennae</strong></span> 
     </span>
    </p>
   </div>
   <div class='ocr_carea' id='block_1_58' title="bbox 1979 2960 3572 3035">
    <p class='ocr_par' dir='ltr' id='par_1_58' title="bbox 1979 2960 3572 3035">
     <span class='ocr_line' id='line_1_58' title="bbox 1979 2960 3572 3035; baseline 0.001 -19"><span class='ocrx_word' id='word_1_399' title='bbox 1979 2962 2174 3033; x_wconf 90' lang='lat' dir='ltr'><strong>duplo,</strong></span> <span class='ocrx_word' id='word_1_400' title='bbox 2206 2979 2365 3035; x_wconf 90' lang='lat' dir='ltr'><strong>quam</strong></span> <span class='ocrx_word' id='word_1_401' title='bbox 2403 2979 2489 3017; x_wconf 89' lang='lat' dir='ltr'><strong>vos</strong></span> <span class='ocrx_word' id='word_1_402' title='bbox 2514 2961 2735 3033; x_wconf 79' lang='lat' dir='ltr'><strong>(Matth.</strong></span> <span class='ocrx_word' id='word_1_403' title='bbox 2784 2977 2934 3027; x_wconf 66' lang='grc' dir='ltr'>χχιιι,</span> <span class='ocrx_word' id='word_1_404' title='bbox 2983 2960 3094 3032; x_wconf 79' lang='grc'><strong>15).</strong></span> <span class='ocrx_word' id='word_1_405' title='bbox 3126 2961 3273 3029; x_wconf 90' lang='lat' dir='ltr'><strong>Quos</strong></span> <span class='ocrx_word' id='word_1_406' title='bbox 3300 2976 3464 3031; x_wconf 86' lang='lat' dir='ltr'><strong>grave</strong></span> <span class='ocrx_word' id='word_1_407' title='bbox 3486 2962 3572 3031; x_wconf 86' lang='lat' dir='ltr'><strong>ju-</strong></span> 
     </span>
    </p>
   </div>
   <div class='ocr_carea' id='block_1_59' title="bbox 1975 3055 3572 3126">
    <p class='ocr_par' dir='ltr' id='par_1_59' title="bbox 1975 3055 3572 3126">
     <span class='ocr_line' id='line_1_59' title="bbox 1975 3055 3572 3126; baseline 0.003 -17"><span class='ocrx_word' id='word_1_408' title='bbox 1975 3069 2099 3125; x_wconf 88' lang='lat' dir='ltr'><strong>gum</strong></span> <span class='ocrx_word' id='word_1_409' title='bbox 2132 3055 2265 3124; x_wconf 88' lang='lat' dir='ltr'><strong>legis</strong></span> <span class='ocrx_word' id='word_1_410' title='bbox 2304 3063 2595 3126; x_wconf 88' lang='lat' dir='ltr'><strong>presserat,</strong></span> <span class='ocrx_word' id='word_1_411' title='bbox 2627 3056 2753 3126; x_wconf 88' lang='lat' dir='ltr'><strong>quia</strong></span> <span class='ocrx_word' id='word_1_412' title='bbox 2798 3055 3068 3111; x_wconf 82' lang='lat' dir='ltr'><strong>exteriora</strong></span> <span class='ocrx_word' id='word_1_413' title='bbox 3098 3056 3291 3110; x_wconf 71' lang='lat' dir='ltr'><strong>littera:</strong></span> <span class='ocrx_word' id='word_1_414' title='bbox 3319 3056 3572 3113; x_wconf 85' lang='lat' dir='ltr'><strong>mandata</strong></span> 
     </span>
    </p>
   </div>
   <div class='ocr_carea' id='block_1_60' title="bbox 1977 3145 3572 3212">
    <p class='ocr_par' dir='ltr' id='par_1_60' title="bbox 1977 3145 3572 3212">
     <span class='ocr_line' id='line_1_60' title="bbox 1977 3145 3572 3212; baseline -0.001 -11"><span class='ocrx_word' id='word_1_415' title='bbox 1977 3146 2299 3202; x_wconf 90' lang='lat' dir='ltr'><strong>tolerabant.</strong></span> <span class='ocrx_word' id='word_1_416' title='bbox 2328 3145 2533 3212; x_wconf 89' lang='lat' dir='ltr'><strong>Quibus</strong></span> <span class='ocrx_word' id='word_1_417' title='bbox 2560 3162 2696 3203; x_wconf 91' lang='lat' dir='ltr'><strong>voce</strong></span> <span class='ocrx_word' id='word_1_418' title='bbox 2743 3146 3001 3203; x_wconf 78' lang='lat' dir='ltr'><strong>Veritatis</strong></span> <span class='ocrx_word' id='word_1_419' title='bbox 3027 3146 3255 3202; x_wconf 90' lang='lat' dir='ltr'><strong>dicitur:</strong></span> <span class='ocrx_word' id='word_1_420' title='bbox 3301 3146 3479 3200; x_wconf 86' lang='lat' dir='ltr'><strong>Venite</strong></span> <span class='ocrx_word' id='word_1_421' title='bbox 3504 3146 3572 3201; x_wconf 85' lang='lat' dir='ltr'><strong>ad</strong></span> 
     </span>
    </p>
   </div>
   <div class='ocr_carea' id='block_1_61' title="bbox 1977 3238 3575 3310">
    <p class='ocr_par' dir='ltr' id='par_1_61' title="bbox 1977 3238 3575 3310">
     <span class='ocr_line' id='line_1_61' title="bbox 1977 3238 3575 3310; baseline -0.001 -17"><span class='ocrx_word' id='word_1_422' title='bbox 1977 3256 2058 3293; x_wconf 91' lang='lat' dir='ltr'><strong>me</strong></span> <span class='ocrx_word' id='word_1_423' title='bbox 2086 3255 2281 3305; x_wconf 87' lang='lat' dir='ltr'><strong>omnes,</strong></span> <span class='ocrx_word' id='word_1_424' title='bbox 2315 3240 2401 3310; x_wconf 87' lang='lat' dir='ltr'><strong>qui</strong></span> <span class='ocrx_word' id='word_1_425' title='bbox 2428 3238 2678 3294; x_wconf 87' lang='lat' dir='ltr'><strong>laboratis</strong></span> <span class='ocrx_word' id='word_1_426' title='bbox 2722 3249 2773 3294; x_wconf 88' lang='lat' dir='ltr'><strong>et</strong></span> <span class='ocrx_word' id='word_1_427' title='bbox 2801 3240 3005 3294; x_wconf 87' lang='lat' dir='ltr'><strong>onerati</strong></span> <span class='ocrx_word' id='word_1_428' title='bbox 3046 3240 3189 3305; x_wconf 86' lang='lat' dir='ltr'><strong>estis,</strong></span> <span class='ocrx_word' id='word_1_429' title='bbox 3230 3248 3280 3293; x_wconf 92' lang='lat' dir='ltr'><strong>et</strong></span> <span class='ocrx_word' id='word_1_430' title='bbox 3308 3255 3402 3309; x_wconf 87' lang='lat' dir='ltr'><strong>ego</strong></span> <span class='ocrx_word' id='word_1_431' title='bbox 3445 3239 3575 3308; x_wconf 81' lang='lat' dir='ltr'><strong>reﬁ-</strong></span> 
     </span>
    </p>
   </div>
   <div class='ocr_carea' id='block_1_62' title="bbox 279 3325 3575 3405">
    <p class='ocr_par' dir='ltr' id='par_1_62' title="bbox 279 3325 3575 3405">
     <span class='ocr_line' id='line_1_62' title="bbox 279 3325 3575 3405; baseline -0.001 -14"><span class='ocrx_word' id='word_1_432' title='bbox 279 3336 432 3391; x_wconf 88' lang='lat' dir='ltr'><strong>bovis</strong></span> <span class='ocrx_word' id='word_1_433' title='bbox 452 3332 673 3388; x_wconf 89' lang='lat' dir='ltr'><strong>nomine</strong></span> <span class='ocrx_word' id='word_1_434' title='bbox 695 3330 983 3385; x_wconf 89' lang='lat' dir='ltr'><strong>stultorum</strong></span> <span class='ocrx_word' id='word_1_435' title='bbox 1006 3329 1260 3385; x_wconf 87' lang='lat' dir='ltr'><strong>vecordia</strong></span> <span class='ocrx_word' id='word_1_436' title='bbox 1290 3328 1571 3397; x_wconf 83' lang='lat' dir='ltr'><strong>tiguratur,</strong></span> <span class='ocrx_word' id='word_1_437' title='bbox 1600 3336 1752 3383; x_wconf 86' lang='lat' dir='ltr'><strong>recte</strong></span> <span class='ocrx_word' id='word_1_438' title='bbox 1777 3342 1875 3397; x_wconf 90' lang='lat' dir='ltr'><strong>per</strong></span> <span class='ocrx_word' id='word_1_439' title='bbox 1899 3325 1948 3389; x_wconf 84' lang='lat' dir='ltr'><strong><em>C</em></strong></span> <span class='ocrx_word' id='word_1_440' title='bbox 1979 3334 2113 3388; x_wconf 85' lang='lat' dir='ltr'><strong>ciam</strong></span> <span class='ocrx_word' id='word_1_441' title='bbox 2144 3350 2250 3388; x_wconf 87' lang='lat' dir='ltr'><strong>vos.</strong></span> <span class='ocrx_word' id='word_1_442' title='bbox 2301 3332 2487 3387; x_wconf 83' lang='lat' dir='ltr'><strong>Tollite</strong></span> <span class='ocrx_word' id='word_1_443' title='bbox 2509 3335 2697 3405; x_wconf 89' lang='lat' dir='ltr'><strong>jugum</strong></span> <span class='ocrx_word' id='word_1_444' title='bbox 2728 3351 2897 3388; x_wconf 84' lang='lat' dir='ltr'><strong>meum</strong></span> <span class='ocrx_word' id='word_1_445' title='bbox 2924 3352 3079 3405; x_wconf 85' lang='lat' dir='ltr'><strong>super</strong></span> <span class='ocrx_word' id='word_1_446' title='bbox 3105 3351 3216 3403; x_wconf 88' lang='lat' dir='ltr'><strong>vos,</strong></span> <span class='ocrx_word' id='word_1_447' title='bbox 3256 3343 3304 3388; x_wconf 89' lang='lat' dir='ltr'><strong>et</strong></span> <span class='ocrx_word' id='word_1_448' title='bbox 3335 3334 3515 3389; x_wconf 84' lang='lat' dir='ltr'><strong>discite</strong></span> <span class='ocrx_word' id='word_1_449' title='bbox 3541 3350 3575 3390; x_wconf 77' lang='grc' dir='ltr'><em>α</em></span> 
     </span>
    </p>
   </div>
   <div class='ocr_carea' id='block_1_63' title="bbox 281 3420 1877 3491">
    <p class='ocr_par' dir='ltr' id='par_1_63' title="bbox 281 3420 1877 3491">
     <span class='ocr_line' id='line_1_63' title="bbox 281 3420 1877 3491; baseline -0.004 -10"><span class='ocrx_word' id='word_1_450' title='bbox 281 3425 627 3481; x_wconf 87' lang='lat' dir='ltr'><strong>Salomonem</strong></span> <span class='ocrx_word' id='word_1_451' title='bbox 666 3421 866 3477; x_wconf 86' lang='lat' dir='ltr'><strong>dicitur</strong></span> <span class='ocrx_word' id='word_1_452' title='bbox 897 3439 910 3474; x_wconf 89' lang='lat'><strong>:</strong></span> <span class='ocrx_word' id='word_1_453' title='bbox 945 3420 1239 3490; x_wconf 86' lang='lat' dir='ltr'><strong>Statimque</strong></span> <span class='ocrx_word' id='word_1_454' title='bbox 1286 3437 1402 3474; x_wconf 86' lang='lat' dir='ltr'><strong>eam</strong></span> <span class='ocrx_word' id='word_1_455' title='bbox 1442 3422 1673 3488; x_wconf 82' lang='lat' dir='ltr'><strong>sequitur</strong></span> <span class='ocrx_word' id='word_1_456' title='bbox 1727 3421 1877 3491; x_wconf 90' lang='lat' dir='ltr'><strong>quasi</strong></span> 
     </span>
    </p>
   </div>
   <div class='ocr_carea' id='block_1_64' title="bbox 281 3512 1878 3585">
    <p class='ocr_par' dir='ltr' id='par_1_64' title="bbox 281 3512 1878 3585">
     <span class='ocr_line' id='line_1_64' title="bbox 281 3512 1878 3585; baseline -0.004 -12"><span class='ocrx_word' id='word_1_457' title='bbox 281 3517 373 3573; x_wconf 87' lang='lat' dir='ltr'><strong>bos</strong></span> <span class='ocrx_word' id='word_1_458' title='bbox 410 3518 591 3571; x_wconf 89' lang='lat' dir='ltr'><strong>ductus</strong></span> <span class='ocrx_word' id='word_1_459' title='bbox 647 3514 716 3569; x_wconf 85' lang='lat' dir='ltr'><strong>ad</strong></span> <span class='ocrx_word' id='word_1_460' title='bbox 766 3514 1026 3569; x_wconf 86' lang='lat' dir='ltr'><strong>victimam</strong></span> <span class='ocrx_word' id='word_1_461' title='bbox 1070 3512 1341 3585; x_wconf 87' lang='lat' dir='ltr'><strong>(Proverb.</strong></span> <span class='ocrx_word' id='word_1_462' title='bbox 1375 3530 1464 3579; x_wconf 84' lang='lat' dir='ltr'><strong>vu,</strong></span> <span class='ocrx_word' id='word_1_463' title='bbox 1496 3512 1609 3581; x_wconf 72' lang='lat'><strong>22).</strong></span> <span class='ocrx_word' id='word_1_464' title='bbox 1645 3512 1878 3568; x_wconf 79' lang='lat' dir='ltr'><strong>Rursum</strong></span> 
     </span>
    </p>
   </div>
   <div class='ocr_carea' id='block_1_65' title="bbox 282 3604 1877 3679">
    <p class='ocr_par' dir='ltr' id='par_1_65' title="bbox 282 3604 1877 3679">
     <span class='ocr_line' id='line_1_65' title="bbox 282 3604 1877 3679; baseline -0.002 -15"><span class='ocrx_word' id='word_1_465' title='bbox 282 3610 407 3679; x_wconf 87' lang='lat' dir='ltr'><strong>quia</strong></span> <span class='ocrx_word' id='word_1_466' title='bbox 464 3610 625 3663; x_wconf 91' lang='lat' dir='ltr'><strong>boum</strong></span> <span class='ocrx_word' id='word_1_467' title='bbox 686 3606 906 3661; x_wconf 88' lang='lat' dir='ltr'><strong>nomine</strong></span> <span class='ocrx_word' id='word_1_468' title='bbox 961 3606 1071 3659; x_wconf 88' lang='lat' dir='ltr'><strong>vita</strong></span> <span class='ocrx_word' id='word_1_469' title='bbox 1125 3604 1543 3674; x_wconf 81' lang='lat' dir='ltr'><strong>uniuscujusque</strong></span> <span class='ocrx_word' id='word_1_470' title='bbox 1597 3606 1877 3675; x_wconf 87' lang='lat' dir='ltr'><strong>operantis</strong></span> 
     </span>
    </p>
   </div>
   <div class='ocr_carea' id='block_1_66' title="bbox 283 3697 1879 3772">
    <p class='ocr_par' dir='ltr' id='par_1_66' title="bbox 283 3697 1879 3772">
     <span class='ocr_line' id='line_1_66' title="bbox 283 3697 1879 3772; baseline -0.005 -15"><span class='ocrx_word' id='word_1_471' title='bbox 283 3699 624 3772; x_wconf 83' lang='lat' dir='ltr'><strong>exprimitur,</strong></span> <span class='ocrx_word' id='word_1_472' title='bbox 700 3697 834 3766; x_wconf 88' lang='lat' dir='ltr'><strong>legis</strong></span> <span class='ocrx_word' id='word_1_473' title='bbox 898 3704 1169 3766; x_wconf 62' lang='lat' dir='ltr'><strong>praecepta</strong></span> <span class='ocrx_word' id='word_1_474' title='bbox 1239 3704 1531 3760; x_wconf 88' lang='lat' dir='ltr'><strong>testantur,</strong></span> <span class='ocrx_word' id='word_1_475' title='bbox 1591 3711 1710 3765; x_wconf 67' lang='lat' dir='ltr'><strong>qua:</strong></span> <span class='ocrx_word' id='word_1_476' title='bbox 1780 3710 1879 3765; x_wconf 90' lang='lat' dir='ltr'><strong>per</strong></span> 
     </span>
    </p>
   </div>
   <div class='ocr_carea' id='block_1_67' title="bbox 284 3785 1881 3863">
    <p class='ocr_par' dir='ltr' id='par_1_67' title="bbox 284 3785 1881 3863">
     <span class='ocr_line' id='line_1_67' title="bbox 284 3785 1881 3863; baseline -0.006 -15"><span class='ocrx_word' id='word_1_477' title='bbox 284 3793 507 3863; x_wconf 81' lang='lat' dir='ltr'><strong>Moysen</strong></span> <span class='ocrx_word' id='word_1_478' title='bbox 534 3789 808 3860; x_wconf 61' lang='lat' dir='ltr'><strong>praecepit,</strong></span> <span class='ocrx_word' id='word_1_479' title='bbox 840 3787 1025 3842; x_wconf 91' lang='lat' dir='ltr'><strong>dicens</strong></span> <span class='ocrx_word' id='word_1_480' title='bbox 1056 3805 1069 3839; x_wconf 91' lang='lat'><strong>:</strong></span> <span class='ocrx_word' id='word_1_481' title='bbox 1104 3785 1229 3840; x_wconf 88' lang='lat' dir='ltr'><strong>Non</strong></span> <span class='ocrx_word' id='word_1_482' title='bbox 1253 3787 1496 3858; x_wconf 89' lang='lat' dir='ltr'><strong>alligabis</strong></span> <span class='ocrx_word' id='word_1_483' title='bbox 1527 3803 1584 3841; x_wconf 92' lang='lat' dir='ltr'><strong>os</strong></span> <span class='ocrx_word' id='word_1_484' title='bbox 1620 3785 1735 3840; x_wconf 76' lang='lat' dir='ltr'><strong>bovi</strong></span> <span class='ocrx_word' id='word_1_485' title='bbox 1785 3788 1881 3839; x_wconf 90' lang='lat' dir='ltr'><strong>tri-</strong></span> 
     </span>
    </p>
   </div>
   <div class='ocr_carea' id='block_1_68' title="bbox 286 3875 1878 3950">
    <p class='ocr_par' dir='ltr' id='par_1_68' title="bbox 286 3875 1878 3950">
     <span class='ocr_line' id='line_1_68' title="bbox 286 3875 1878 3950; baseline -0.004 -12"><span class='ocrx_word' id='word_1_486' title='bbox 286 3883 482 3939; x_wconf 88' lang='lat' dir='ltr'><strong>turanti</strong></span> <span class='ocrx_word' id='word_1_487' title='bbox 515 3879 693 3950; x_wconf 88' lang='lat' dir='ltr'><strong>(Deut.</strong></span> <span class='ocrx_word' id='word_1_488' title='bbox 717 3893 844 3943; x_wconf 83' lang='lat' dir='ltr'><strong>xxv,</strong></span> <span class='ocrx_word' id='word_1_489' title='bbox 877 3876 956 3946; x_wconf 75' lang='grc'><strong>4).</strong></span> <span class='ocrx_word' id='word_1_490' title='bbox 988 3875 1143 3941; x_wconf 88' lang='lat' dir='ltr'><strong>Quod</strong></span> <span class='ocrx_word' id='word_1_491' title='bbox 1171 3884 1359 3945; x_wconf 90' lang='lat' dir='ltr'><strong>aperte</strong></span> <span class='ocrx_word' id='word_1_492' title='bbox 1404 3892 1615 3931; x_wconf 89' lang='lat' dir='ltr'><strong>rursum</strong></span> <span class='ocrx_word' id='word_1_493' title='bbox 1640 3875 1878 3931; x_wconf 88' lang='lat' dir='ltr'><strong>dicitur:</strong></span> 
     </span>
    </p>
   </div>
   <div class='ocr_carea' id='block_1_69' title="bbox 285 3964 1879 4047">
    <p class='ocr_par' dir='ltr' id='par_1_69' title="bbox 285 3964 1879 4047">
     <span class='ocr_line' id='line_1_69' title="bbox 285 3964 1879 4047; baseline -0.008 -17"><span class='ocrx_word' id='word_1_494' title='bbox 285 3976 489 4047; x_wconf 85' lang='lat' dir='ltr'><strong>Dignus</strong></span> <span class='ocrx_word' id='word_1_495' title='bbox 538 3979 614 4027; x_wconf 89' lang='lat' dir='ltr'><strong>est</strong></span> <span class='ocrx_word' id='word_1_496' title='bbox 659 3969 927 4037; x_wconf 86' lang='lat' dir='ltr'><strong>operarius</strong></span> <span class='ocrx_word' id='word_1_497' title='bbox 954 3966 1185 4021; x_wconf 86' lang='lat' dir='ltr'><strong>mercede</strong></span> <span class='ocrx_word' id='word_1_498' title='bbox 1215 3983 1310 4020; x_wconf 89' lang='lat' dir='ltr'><strong>sua</strong></span> <span class='ocrx_word' id='word_1_499' title='bbox 1343 3964 1496 4039; x_wconf 90' lang='lat' dir='ltr'><strong>(Luc.</strong></span> <span class='ocrx_word' id='word_1_500' title='bbox 1529 3982 1583 4028; x_wconf 65' lang='grc' dir='ltr'><strong>π,</strong></span> <span class='ocrx_word' id='word_1_501' title='bbox 1620 3966 1697 4035; x_wconf 83' lang='lat'><strong>7).</strong></span> <span class='ocrx_word' id='word_1_502' title='bbox 1755 3966 1879 4022; x_wconf 84' lang='lat' dir='ltr'><strong>Asi-</strong></span> 
     </span>
    </p>
   </div>
   <div class='ocr_carea' id='block_1_70' title="bbox 284 4056 1873 4131">
    <p class='ocr_par' dir='ltr' id='par_1_70' title="bbox 284 4056 1873 4131">
     <span class='ocr_line' id='line_1_70' title="bbox 284 4056 1873 4131; baseline -0.008 -10"><span class='ocrx_word' id='word_1_503' title='bbox 284 4079 481 4122; x_wconf 91' lang='lat' dir='ltr'><strong>norum</strong></span> <span class='ocrx_word' id='word_1_504' title='bbox 510 4075 727 4131; x_wconf 89' lang='lat' dir='ltr'><strong>quoque</strong></span> <span class='ocrx_word' id='word_1_505' title='bbox 757 4057 978 4113; x_wconf 90' lang='lat' dir='ltr'><strong>nomine</strong></span> <span class='ocrx_word' id='word_1_506' title='bbox 999 4056 1290 4126; x_wconf 87' lang='lat' dir='ltr'><strong>aliquando</strong></span> <span class='ocrx_word' id='word_1_507' title='bbox 1317 4056 1603 4111; x_wconf 88' lang='lat' dir='ltr'><strong>stultorum</strong></span> <span class='ocrx_word' id='word_1_508' title='bbox 1632 4056 1873 4127; x_wconf 87' lang='lat' dir='ltr'><strong>pigritia,</strong></span> 
     </span>
    </p>
   </div>
   <div class='ocr_carea' id='block_1_71' title="bbox 286 4147 1878 4226">
    <p class='ocr_par' dir='ltr' id='par_1_71' title="bbox 286 4147 1878 4226">
     <span class='ocr_line' id='line_1_71' title="bbox 286 4147 1878 4226; baseline -0.006 -15"><span class='ocrx_word' id='word_1_509' title='bbox 286 4152 576 4226; x_wconf 87' lang='lat' dir='ltr'><strong>aliquando</strong></span> <span class='ocrx_word' id='word_1_510' title='bbox 599 4148 956 4206; x_wconf 88' lang='lat' dir='ltr'><strong>immoderata</strong></span> <span class='ocrx_word' id='word_1_511' title='bbox 984 4147 1342 4218; x_wconf 90' lang='lat' dir='ltr'><strong>petulantium</strong></span> <span class='ocrx_word' id='word_1_512' title='bbox 1362 4147 1597 4209; x_wconf 85' lang='lat' dir='ltr'><strong>luxuria,</strong></span> <span class='ocrx_word' id='word_1_513' title='bbox 1625 4147 1878 4216; x_wconf 89' lang='lat' dir='ltr'><strong>aliquan-</strong></span> 
     </span>
    </p>
   </div>
   <div class='ocr_carea' id='block_1_72' title="bbox 284 4239 1882 4317">
    <p class='ocr_par' dir='ltr' id='par_1_72' title="bbox 284 4239 1882 4317">
     <span class='ocr_line' id='line_1_72' title="bbox 284 4239 1882 4317; baseline -0.006 -13"><span class='ocrx_word' id='word_1_514' title='bbox 284 4248 355 4305; x_wconf 86' lang='lat' dir='ltr'><strong>do</strong></span> <span class='ocrx_word' id='word_1_515' title='bbox 379 4246 653 4317; x_wconf 90' lang='lat' dir='ltr'><strong>gentilium</strong></span> <span class='ocrx_word' id='word_1_516' title='bbox 705 4241 1023 4312; x_wconf 89' lang='lat' dir='ltr'><strong>simplicitas</strong></span> <span class='ocrx_word' id='word_1_517' title='bbox 1067 4239 1402 4309; x_wconf 89' lang='lat' dir='ltr'><strong>designatur.</strong></span> <span class='ocrx_word' id='word_1_518' title='bbox 1456 4240 1757 4295; x_wconf 88' lang='lat' dir='ltr'><strong>Stultorum</strong></span> <span class='ocrx_word' id='word_1_519' title='bbox 1798 4241 1882 4311; x_wconf 84' lang='lat' dir='ltr'><strong>pi-</strong></span> 
     </span>
    </p>
   </div>
   <div class='ocr_carea' id='block_1_73' title="bbox 284 4332 1881 4408">
    <p class='ocr_par' dir='ltr' id='par_1_73' title="bbox 284 4332 1881 4408">
     <span class='ocr_line' id='line_1_73' title="bbox 284 4332 1881 4408; baseline -0.004 -15"><span class='ocrx_word' id='word_1_520' title='bbox 284 4337 444 4408; x_wconf 89' lang='lat' dir='ltr'><strong>gritia</strong></span> <span class='ocrx_word' id='word_1_521' title='bbox 495 4336 772 4392; x_wconf 87' lang='lat' dir='ltr'><strong>asinorum</strong></span> <span class='ocrx_word' id='word_1_522' title='bbox 822 4332 1186 4405; x_wconf 88' lang='lat' dir='ltr'><strong>appellatione</strong></span> <span class='ocrx_word' id='word_1_523' title='bbox 1244 4332 1503 4401; x_wconf 81' lang='lat' dir='ltr'><strong>figuratur</strong></span> <span class='ocrx_word' id='word_1_524' title='bbox 1532 4374 1545 4398; x_wconf 95' lang='lat'><strong>,</strong></span> <span class='ocrx_word' id='word_1_525' title='bbox 1594 4333 1735 4388; x_wconf 92' lang='lat' dir='ltr'><strong>sicut</strong></span> <span class='ocrx_word' id='word_1_526' title='bbox 1779 4348 1881 4403; x_wconf 90' lang='lat' dir='ltr'><strong>per</strong></span> 
     </span>
    </p>
   </div>
   <div class='ocr_carea' id='block_1_74' title="bbox 284 4421 1877 4500">
    <p class='ocr_par' dir='ltr' id='par_1_74' title="bbox 284 4421 1877 4500">
     <span class='ocr_line' id='line_1_74' title="bbox 284 4421 1877 4500; baseline -0.001 -16"><span class='ocrx_word' id='word_1_527' title='bbox 284 4428 505 4500; x_wconf 81' lang='lat' dir='ltr'><strong>Moysen</strong></span> <span class='ocrx_word' id='word_1_528' title='bbox 554 4426 749 4481; x_wconf 86' lang='lat' dir='ltr'><strong>dicitur</strong></span> <span class='ocrx_word' id='word_1_529' title='bbox 783 4442 796 4477; x_wconf 91' lang='lat'>:</span> <span class='ocrx_word' id='word_1_530' title='bbox 840 4421 966 4478; x_wconf 87' lang='lat' dir='ltr'><strong>Non</strong></span> <span class='ocrx_word' id='word_1_531' title='bbox 996 4424 1175 4478; x_wconf 84' lang='lat' dir='ltr'><strong>arabis</strong></span> <span class='ocrx_word' id='word_1_532' title='bbox 1203 4425 1260 4477; x_wconf 84' lang='lat' dir='ltr'><strong>in</strong></span> <span class='ocrx_word' id='word_1_533' title='bbox 1289 4423 1412 4478; x_wconf 90' lang='lat' dir='ltr'><strong>bove</strong></span> <span class='ocrx_word' id='word_1_534' title='bbox 1465 4426 1620 4479; x_wconf 88' lang='lat' dir='ltr'><strong>simul</strong></span> <span class='ocrx_word' id='word_1_535' title='bbox 1649 4436 1698 4480; x_wconf 91' lang='lat' dir='ltr'><strong>et</strong></span> <span class='ocrx_word' id='word_1_536' title='bbox 1728 4428 1877 4482; x_wconf 89' lang='lat' dir='ltr'><strong>asino</strong></span> 
     </span>
    </p>
   </div>
   <div class='ocr_carea' id='block_1_75' title="bbox 286 4513 1878 4592">
    <p class='ocr_par' dir='ltr' id='par_1_75' title="bbox 286 4513 1878 4592">
     <span class='ocr_line' id='line_1_75' title="bbox 286 4513 1878 4592; baseline -0.001 -19"><span class='ocrx_word' id='word_1_537' title='bbox 286 4519 465 4592; x_wconf 90' lang='lat' dir='ltr'><strong>(Deut.</strong></span> <span class='ocrx_word' id='word_1_538' title='bbox 496 4534 626 4583; x_wconf 67' lang='grc' dir='ltr'>χιιι,</span> <span class='ocrx_word' id='word_1_539' title='bbox 656 4516 766 4587; x_wconf 72' lang='grc'><strong>10).</strong></span> <span class='ocrx_word' id='word_1_540' title='bbox 812 4514 890 4570; x_wconf 88' lang='lat' dir='ltr'><strong>Ac</strong></span> <span class='ocrx_word' id='word_1_541' title='bbox 944 4516 990 4570; x_wconf 89' lang='lat' dir='ltr'><strong>si</strong></span> <span class='ocrx_word' id='word_1_542' title='bbox 1030 4514 1233 4570; x_wconf 89' lang='lat' dir='ltr'><strong>diceret</strong></span> <span class='ocrx_word' id='word_1_543' title='bbox 1266 4532 1280 4568; x_wconf 87' lang='lat'><strong>:</strong></span> <span class='ocrx_word' id='word_1_544' title='bbox 1312 4513 1516 4570; x_wconf 89' lang='lat' dir='ltr'><strong>Fatuos</strong></span> <span class='ocrx_word' id='word_1_545' title='bbox 1545 4516 1878 4586; x_wconf 89' lang='lat' dir='ltr'><strong>sapientibus</strong></span> 
     </span>
    </p>
   </div>
   <div class='ocr_carea' id='block_1_76' title="bbox 283 4606 1879 4682">
    <p class='ocr_par' dir='ltr' id='par_1_76' title="bbox 283 4606 1879 4682">
     <span class='ocr_line' id='line_1_76' title="bbox 283 4606 1879 4682; baseline -0.001 -15"><span class='ocrx_word' id='word_1_546' title='bbox 283 4613 336 4668; x_wconf 90' lang='lat' dir='ltr'><strong>in</strong></span> <span class='ocrx_word' id='word_1_547' title='bbox 367 4609 752 4682; x_wconf 83' lang='lat' dir='ltr'><strong>pr:edicatione</strong></span> <span class='ocrx_word' id='word_1_548' title='bbox 779 4622 886 4661; x_wconf 85' lang='lat' dir='ltr'><strong>non</strong></span> <span class='ocrx_word' id='word_1_549' title='bbox 908 4606 1116 4673; x_wconf 88' lang='lat' dir='ltr'><strong>socies,</strong></span> <span class='ocrx_word' id='word_1_550' title='bbox 1162 4621 1227 4660; x_wconf 89' lang='lat' dir='ltr'><strong>ne</strong></span> <span class='ocrx_word' id='word_1_551' title='bbox 1253 4621 1352 4676; x_wconf 90' lang='lat' dir='ltr'><strong>per</strong></span> <span class='ocrx_word' id='word_1_552' title='bbox 1377 4622 1500 4661; x_wconf 88' lang='lat' dir='ltr'><strong>eum</strong></span> <span class='ocrx_word' id='word_1_553' title='bbox 1531 4608 1621 4676; x_wconf 91' lang='lat' dir='ltr'><strong>qui</strong></span> <span class='ocrx_word' id='word_1_554' title='bbox 1653 4609 1879 4678; x_wconf 90' lang='lat' dir='ltr'><strong>implere</strong></span> 
     </span>
    </p>
   </div>
   <div class='ocr_carea' id='block_1_77' title="bbox 1981 3424 3573 3497">
    <p class='ocr_par' dir='ltr' id='par_1_77' title="bbox 1981 3424 3573 3497">
     <span class='ocr_line' id='line_1_77' title="bbox 1981 3424 3573 3497; baseline 0.001 -18"><span class='ocrx_word' id='word_1_555' title='bbox 1981 3442 2081 3491; x_wconf 88' lang='lat' dir='ltr'><strong>me,</strong></span> <span class='ocrx_word' id='word_1_556' title='bbox 2107 3426 2226 3497; x_wconf 88' lang='lat' dir='ltr'><strong>quia</strong></span> <span class='ocrx_word' id='word_1_557' title='bbox 2247 3426 2386 3479; x_wconf 84' lang='lat' dir='ltr'><strong>mitis</strong></span> <span class='ocrx_word' id='word_1_558' title='bbox 2406 3442 2518 3479; x_wconf 89' lang='lat' dir='ltr'><strong>sum</strong></span> <span class='ocrx_word' id='word_1_559' title='bbox 2538 3434 2587 3479; x_wconf 90' lang='lat' dir='ltr'><strong>et</strong></span> <span class='ocrx_word' id='word_1_560' title='bbox 2608 3425 2817 3480; x_wconf 83' lang='lat' dir='ltr'><strong>humilis</strong></span> <span class='ocrx_word' id='word_1_561' title='bbox 2838 3426 2993 3481; x_wconf 87' lang='lat' dir='ltr'><strong>corde</strong></span> <span class='ocrx_word' id='word_1_562' title='bbox 3013 3424 3229 3497; x_wconf 82' lang='lat' dir='ltr'><strong>(Matth.</strong></span> <span class='ocrx_word' id='word_1_563' title='bbox 3250 3442 3326 3494; x_wconf 68' lang='grc' dir='ltr'>ιι,</span> <span class='ocrx_word' id='word_1_564' title='bbox 3344 3424 3437 3494; x_wconf 73' lang='lat'><strong>28,</strong></span> <span class='ocrx_word' id='word_1_565' title='bbox 3458 3424 3573 3497; x_wconf 72' lang='lat'><strong>29).</strong></span> 
     </span>
    </p>
   </div>
   <div class='ocr_carea' id='block_1_78' title="bbox 1982 3516 3576 3589">
    <p class='ocr_par' dir='ltr' id='par_1_78' title="bbox 1982 3516 3576 3589">
     <span class='ocr_line' id='line_1_78' title="bbox 1982 3516 3576 3589; baseline 0.003 -19"><span class='ocrx_word' id='word_1_566' title='bbox 1982 3516 2134 3583; x_wconf 86' lang='lat' dir='ltr'><strong>Quod</strong></span> <span class='ocrx_word' id='word_1_567' title='bbox 2164 3529 2294 3586; x_wconf 85' lang='lat' dir='ltr'><strong>ergo</strong></span> <span class='ocrx_word' id='word_1_568' title='bbox 2344 3517 2399 3571; x_wconf 91' lang='lat' dir='ltr'><strong>in</strong></span> <span class='ocrx_word' id='word_1_569' title='bbox 2432 3516 2728 3587; x_wconf 84' lang='lat' dir='ltr'><strong>Evangelio</strong></span> <span class='ocrx_word' id='word_1_570' title='bbox 2754 3518 2895 3574; x_wconf 88' lang='lat' dir='ltr'><strong>bene</strong></span> <span class='ocrx_word' id='word_1_571' title='bbox 2943 3518 3314 3575; x_wconf 89' lang='lat' dir='ltr'><strong>laborantibus</strong></span> <span class='ocrx_word' id='word_1_572' title='bbox 3361 3518 3576 3589; x_wconf 84' lang='lat' dir='ltr'><strong>requies</strong></span> 
     </span>
    </p>
   </div>
   <div class='ocr_carea' id='block_1_79' title="bbox 1981 3611 3576 3683">
    <p class='ocr_par' dir='ltr' id='par_1_79' title="bbox 1981 3611 3576 3683">
     <span class='ocr_line' id='line_1_79' title="bbox 1981 3611 3576 3683; baseline 0.004 -19"><span class='ocrx_word' id='word_1_573' title='bbox 1981 3611 2333 3682; x_wconf 89' lang='lat' dir='ltr'><strong>promittitur,</strong></span> <span class='ocrx_word' id='word_1_574' title='bbox 2378 3611 2484 3666; x_wconf 90' lang='lat' dir='ltr'><strong>hoc</strong></span> <span class='ocrx_word' id='word_1_575' title='bbox 2531 3620 2615 3667; x_wconf 91' lang='lat' dir='ltr'><strong>est</strong></span> <span class='ocrx_word' id='word_1_576' title='bbox 2644 3612 2787 3682; x_wconf 92' lang='lat' dir='ltr'><strong>quod</strong></span> <span class='ocrx_word' id='word_1_577' title='bbox 2811 3613 2901 3669; x_wconf 91' lang='lat' dir='ltr'><strong>hic</strong></span> <span class='ocrx_word' id='word_1_578' title='bbox 2939 3612 3069 3683; x_wconf 87' lang='lat' dir='ltr'><strong>juga</strong></span> <span class='ocrx_word' id='word_1_579' title='bbox 3091 3613 3254 3669; x_wconf 92' lang='lat' dir='ltr'><strong>boum</strong></span> <span class='ocrx_word' id='word_1_580' title='bbox 3283 3614 3576 3683; x_wconf 87' lang='lat' dir='ltr'><strong>quingenta</strong></span> 
     </span>
    </p>
   </div>
   <div class='ocr_carea' id='block_1_80' title="bbox 1981 3702 3577 3773">
    <p class='ocr_par' dir='ltr' id='par_1_80' title="bbox 1981 3702 3577 3773">
     <span class='ocr_line' id='line_1_80' title="bbox 1981 3702 3577 3773; baseline 0.004 -18"><span class='ocrx_word' id='word_1_581' title='bbox 1981 3712 2391 3757; x_wconf 90' lang='lat' dir='ltr'><strong>memorantur:</strong></span> <span class='ocrx_word' id='word_1_582' title='bbox 2444 3702 2572 3771; x_wconf 90' lang='lat' dir='ltr'><strong>quia</strong></span> <span class='ocrx_word' id='word_1_583' title='bbox 2619 3703 2713 3773; x_wconf 89' lang='lat' dir='ltr'><strong>qui</strong></span> <span class='ocrx_word' id='word_1_584' title='bbox 2740 3702 3121 3773; x_wconf 83' lang='lat' dir='ltr'><strong>Redemptoris</strong></span> <span class='ocrx_word' id='word_1_585' title='bbox 3149 3702 3389 3758; x_wconf 90' lang='lat' dir='ltr'><strong>dominio</strong></span> <span class='ocrx_word' id='word_1_586' title='bbox 3438 3704 3577 3761; x_wconf 83' lang='lat' dir='ltr'><strong>colla</strong></span> 
     </span>
    </p>
   </div>
   <div class='ocr_carea' id='block_1_81' title="bbox 1981 3790 3576 3864">
    <p class='ocr_par' dir='ltr' id='par_1_81' title="bbox 1981 3790 3576 3864">
     <span class='ocr_line' id='line_1_81' title="bbox 1981 3790 3576 3864; baseline 0.001 -19"><span class='ocrx_word' id='word_1_587' title='bbox 1981 3790 2274 3859; x_wconf 90' lang='lat' dir='ltr'><strong>subjiciunt</strong></span> <span class='ocrx_word' id='word_1_588' title='bbox 2349 3806 2478 3860; x_wconf 92' lang='lat' dir='ltr'><strong>quo,</strong></span> <span class='ocrx_word' id='word_1_589' title='bbox 2517 3790 2618 3847; x_wconf 90' lang='lat' dir='ltr'><strong>nisi</strong></span> <span class='ocrx_word' id='word_1_590' title='bbox 2670 3790 2737 3845; x_wconf 93' lang='lat' dir='ltr'><strong>ad</strong></span> <span class='ocrx_word' id='word_1_591' title='bbox 2792 3791 3056 3859; x_wconf 89' lang='lat' dir='ltr'><strong>requiem,</strong></span> <span class='ocrx_word' id='word_1_592' title='bbox 3118 3791 3376 3847; x_wconf 89' lang='lat' dir='ltr'><strong>tendunt?</strong></span> <span class='ocrx_word' id='word_1_593' title='bbox 3431 3790 3576 3864; x_wconf 84' lang='lat' dir='ltr'><strong>[Vet.</strong></span> 
     </span>
    </p>
   </div>
   <div class='ocr_carea' id='block_1_82' title="bbox 1981 3882 3578 3954">
    <p class='ocr_par' dir='ltr' id='par_1_82' title="bbox 1981 3882 3578 3954">
     <span class='ocr_line' id='line_1_82' title="bbox 1981 3882 3578 3954; baseline 0.002 -17"><span class='ocrx_word' id='word_1_594' title='bbox 1981 3883 2032 3937; x_wconf 89' lang='grc' dir='ltr'><strong><em>Χ</em></strong></span> <span class='ocrx_word' id='word_1_595' title='bbox 2045 3882 2202 3954; x_wconf 75' lang='lat' dir='ltr'><strong>VII.)</strong></span> <span class='ocrx_word' id='word_1_596' title='bbox 2234 3882 2385 3938; x_wconf 90' lang='lat' dir='ltr'><strong>Unde</strong></span> <span class='ocrx_word' id='word_1_597' title='bbox 2423 3890 2479 3939; x_wconf 89' lang='lat' dir='ltr'><strong>et</strong></span> <span class='ocrx_word' id='word_1_598' title='bbox 2506 3883 2671 3937; x_wconf 83' lang='lat' dir='ltr'><strong>asinae</strong></span> <span class='ocrx_word' id='word_1_599' title='bbox 2699 3883 3006 3952; x_wconf 85' lang='lat' dir='ltr'><strong>quingentae</strong></span> <span class='ocrx_word' id='word_1_600' title='bbox 3032 3883 3421 3953; x_wconf 88' lang='lat' dir='ltr'><strong>perhibentur;</strong></span> <span class='ocrx_word' id='word_1_601' title='bbox 3452 3884 3578 3954; x_wconf 87' lang='lat' dir='ltr'><strong>quia</strong></span> 
     </span>
    </p>
   </div>
   <div class='ocr_carea' id='block_1_83' title="bbox 1981 3972 3579 4045">
    <p class='ocr_par' dir='ltr' id='par_1_83' title="bbox 1981 3972 3579 4045">
     <span class='ocr_line' id='line_1_83' title="bbox 1981 3972 3579 4045; baseline 0.004 -19"><span class='ocrx_word' id='word_1_602' title='bbox 1981 3982 2187 4028; x_wconf 85' lang='lat' dir='ltr'><strong>vocatae</strong></span> <span class='ocrx_word' id='word_1_603' title='bbox 2215 3973 2401 4044; x_wconf 89' lang='lat' dir='ltr'><strong>plebes</strong></span> <span class='ocrx_word' id='word_1_604' title='bbox 2431 3972 2730 4042; x_wconf 89' lang='lat' dir='ltr'><strong>gentilium,</strong></span> <span class='ocrx_word' id='word_1_605' title='bbox 2763 3972 2891 4027; x_wconf 91' lang='lat' dir='ltr'><strong>dum</strong></span> <span class='ocrx_word' id='word_1_606' title='bbox 2919 3972 2986 4027; x_wconf 92' lang='lat' dir='ltr'><strong>ad</strong></span> <span class='ocrx_word' id='word_1_607' title='bbox 3024 3973 3267 4042; x_wconf 87' lang='lat' dir='ltr'><strong>requiem</strong></span> <span class='ocrx_word' id='word_1_608' title='bbox 3297 3975 3579 4045; x_wconf 83' lang='lat' dir='ltr'><strong>pervenire</strong></span> 
     </span>
    </p>
   </div>
   <div class='ocr_carea' id='block_1_84' title="bbox 1981 4066 3578 4139">
    <p class='ocr_par' dir='ltr' id='par_1_84' title="bbox 1981 4066 3578 4139">
     <span class='ocr_line' id='line_1_84' title="bbox 1981 4066 3578 4139; baseline 0 -16"><span class='ocrx_word' id='word_1_609' title='bbox 1981 4066 2315 4135; x_wconf 88' lang='lat' dir='ltr'><strong>desiderant,</strong></span> <span class='ocrx_word' id='word_1_610' title='bbox 2338 4076 2532 4122; x_wconf 78' lang='lat' dir='ltr'><strong>cuncta</strong></span> <span class='ocrx_word' id='word_1_611' title='bbox 2580 4066 2957 4122; x_wconf 89' lang='lat' dir='ltr'><strong>mandatorum</strong></span> <span class='ocrx_word' id='word_1_612' title='bbox 2992 4081 3158 4121; x_wconf 89' lang='lat' dir='ltr'><strong>onera</strong></span> <span class='ocrx_word' id='word_1_613' title='bbox 3196 4066 3427 4123; x_wconf 88' lang='lat' dir='ltr'><strong>libenter</strong></span> <span class='ocrx_word' id='word_1_614' title='bbox 3455 4084 3578 4139; x_wconf 80' lang='lat' dir='ltr'><strong>por-</strong></span> 
     </span>
    </p>
   </div>
   <div class='ocr_carea' id='block_1_85' title="bbox 1984 4149 3580 4228">
    <p class='ocr_par' dir='ltr' id='par_1_85' title="bbox 1984 4149 3580 4228">
     <span class='ocr_line' id='line_1_85' title="bbox 1984 4149 3580 4228; baseline 0.002 -17"><span class='ocrx_word' id='word_1_615' title='bbox 1984 4165 2115 4213; x_wconf 92' lang='lat' dir='ltr'><strong>tant.</strong></span> <span class='ocrx_word' id='word_1_616' title='bbox 2138 4149 2460 4222; x_wconf 88' lang='lat' dir='ltr'><strong>Undebene,</strong></span> <span class='ocrx_word' id='word_1_617' title='bbox 2493 4156 2639 4226; x_wconf 91' lang='lat' dir='ltr'><strong>quod</strong></span> <span class='ocrx_word' id='word_1_618' title='bbox 2660 4156 2803 4211; x_wconf 84' lang='lat' dir='ltr'><strong>hanc</strong></span> <span class='ocrx_word' id='word_1_619' title='bbox 2824 4157 3067 4225; x_wconf 89' lang='lat' dir='ltr'><strong>requiem</strong></span> <span class='ocrx_word' id='word_1_620' title='bbox 3100 4157 3333 4228; x_wconf 91' lang='lat' dir='ltr'><strong>populus</strong></span> <span class='ocrx_word' id='word_1_621' title='bbox 3368 4158 3580 4226; x_wconf 83' lang='lat' dir='ltr'><strong>gentilis</strong></span> 
     </span>
    </p>
   </div>
   <div class='ocr_carea' id='block_1_86' title="bbox 1980 4247 3579 4319">
    <p class='ocr_par' dir='ltr' id='par_1_86' title="bbox 1980 4247 3579 4319">
     <span class='ocr_line' id='line_1_86' title="bbox 1980 4247 3579 4319; baseline 0 -15"><span class='ocrx_word' id='word_1_622' title='bbox 1980 4257 2278 4319; x_wconf 90' lang='lat' dir='ltr'><strong>appeteret,</strong></span> <span class='ocrx_word' id='word_1_623' title='bbox 2289 4248 2453 4304; x_wconf 87' lang='lat' dir='ltr'><strong>Jacob</strong></span> <span class='ocrx_word' id='word_1_624' title='bbox 2467 4248 2603 4303; x_wconf 89' lang='lat' dir='ltr'><strong>tilios</strong></span> <span class='ocrx_word' id='word_1_625' title='bbox 2619 4247 2921 4318; x_wconf 89' lang='lat' dir='ltr'><strong>alloquens,</strong></span> <span class='ocrx_word' id='word_1_626' title='bbox 2933 4248 3246 4318; x_wconf 89' lang='lat' dir='ltr'><strong>prophetica</strong></span> <span class='ocrx_word' id='word_1_627' title='bbox 3262 4248 3366 4304; x_wconf 91' lang='lat' dir='ltr'><strong>hoc</strong></span> <span class='ocrx_word' id='word_1_628' title='bbox 3378 4248 3579 4305; x_wconf 89' lang='lat' dir='ltr'><strong>studuit</strong></span> 
     </span>
    </p>
   </div>
   <div class='ocr_carea' id='block_1_87' title="bbox 1981 4340 3579 4413">
    <p class='ocr_par' dir='ltr' id='par_1_87' title="bbox 1981 4340 3579 4413">
     <span class='ocr_line' id='line_1_87' title="bbox 1981 4340 3579 4413; baseline -0.001 -14"><span class='ocrx_word' id='word_1_629' title='bbox 1981 4358 2118 4399; x_wconf 89' lang='lat' dir='ltr'><strong>voce</strong></span> <span class='ocrx_word' id='word_1_630' title='bbox 2142 4344 2375 4413; x_wconf 87' lang='lat' dir='ltr'><strong>signare,</strong></span> <span class='ocrx_word' id='word_1_631' title='bbox 2406 4343 2593 4397; x_wconf 89' lang='lat' dir='ltr'><strong>dicens</strong></span> <span class='ocrx_word' id='word_1_632' title='bbox 2618 4358 2631 4396; x_wconf 89' lang='lat'><strong>:</strong></span> <span class='ocrx_word' id='word_1_633' title='bbox 2666 4340 2887 4395; x_wconf 88' lang='lat' dir='ltr'><strong>Isachar</strong></span> <span class='ocrx_word' id='word_1_634' title='bbox 2914 4343 3092 4395; x_wconf 89' lang='lat' dir='ltr'><strong>asinus</strong></span> <span class='ocrx_word' id='word_1_635' title='bbox 3116 4342 3289 4413; x_wconf 76' lang='lat' dir='ltr'><strong>fortis,</strong></span> <span class='ocrx_word' id='word_1_636' title='bbox 3321 4341 3579 4397; x_wconf 84' lang='lat' dir='ltr'><strong>accubans</strong></span> 
     </span>
    </p>
   </div>
   <div class='ocr_carea' id='block_1_88' title="bbox 1985 4432 3578 4507">
    <p class='ocr_par' dir='ltr' id='par_1_88' title="bbox 1985 4432 3578 4507">
     <span class='ocr_line' id='line_1_88' title="bbox 1985 4432 3578 4507; baseline -0.002 -17"><span class='ocrx_word' id='word_1_637' title='bbox 1985 4438 2160 4491; x_wconf 69' lang='lat' dir='ltr'><strong>einter</strong></span> <span class='ocrx_word' id='word_1_638' title='bbox 2186 4437 2457 4501; x_wconf 88' lang='lat' dir='ltr'><strong>terminos,</strong></span> <span class='ocrx_word' id='word_1_639' title='bbox 2495 4434 2622 4489; x_wconf 86' lang='lat' dir='ltr'><strong>vidit</strong></span> <span class='ocrx_word' id='word_1_640' title='bbox 2642 4435 2867 4507; x_wconf 86' lang='lat' dir='ltr'><strong>requiem</strong></span> <span class='ocrx_word' id='word_1_641' title='bbox 2899 4434 3035 4505; x_wconf 88' lang='lat' dir='ltr'><strong>quod</strong></span> <span class='ocrx_word' id='word_1_642' title='bbox 3058 4444 3191 4501; x_wconf 76' lang='lat' dir='ltr'><strong>esset</strong></span> <span class='ocrx_word' id='word_1_643' title='bbox 3213 4432 3373 4499; x_wconf 87' lang='lat' dir='ltr'><strong>bona,</strong></span> <span class='ocrx_word' id='word_1_644' title='bbox 3401 4444 3448 4488; x_wconf 87' lang='lat' dir='ltr'><strong>et</strong></span> <span class='ocrx_word' id='word_1_645' title='bbox 3472 4444 3578 4488; x_wconf 87' lang='lat' dir='ltr'><strong>ter-</strong></span> 
     </span>
    </p>
   </div>
   <div class='ocr_carea' id='block_1_89' title="bbox 1980 4527 3580 4602">
    <p class='ocr_par' dir='ltr' id='par_1_89' title="bbox 1980 4527 3580 4602">
     <span class='ocr_line' id='line_1_89' title="bbox 1980 4527 3580 4602; baseline -0.001 -19"><span class='ocrx_word' id='word_1_646' title='bbox 1980 4547 2095 4584; x_wconf 88' lang='lat' dir='ltr'><strong>ram</strong></span> <span class='ocrx_word' id='word_1_647' title='bbox 2121 4530 2256 4601; x_wconf 87' lang='lat' dir='ltr'><strong>quod</strong></span> <span class='ocrx_word' id='word_1_648' title='bbox 2294 4530 2509 4602; x_wconf 88' lang='lat' dir='ltr'><strong>optima,</strong></span> <span class='ocrx_word' id='word_1_649' title='bbox 2547 4537 2596 4582; x_wconf 89' lang='lat' dir='ltr'><strong>et</strong></span> <span class='ocrx_word' id='word_1_650' title='bbox 2636 4529 2905 4600; x_wconf 86' lang='lat' dir='ltr'><strong>supposuit</strong></span> <span class='ocrx_word' id='word_1_651' title='bbox 2943 4529 3211 4582; x_wconf 85' lang='lat' dir='ltr'><strong>humerum</strong></span> <span class='ocrx_word' id='word_1_652' title='bbox 3254 4527 3326 4580; x_wconf 85' lang='lat' dir='ltr'><strong>ad</strong></span> <span class='ocrx_word' id='word_1_653' title='bbox 3364 4537 3580 4597; x_wconf 85' lang='lat' dir='ltr'><strong>portan-</strong></span> 
     </span>
    </p>
   </div>
   <div class='ocr_carea' id='block_1_90' title="bbox 1984 4620 3580 4694">
    <p class='ocr_par' dir='ltr' id='par_1_90' title="bbox 1984 4620 3580 4694">
     <span class='ocr_line' id='line_1_90' title="bbox 1984 4620 3580 4694; baseline 0.001 -19"><span class='ocrx_word' id='word_1_654' title='bbox 1984 4622 2103 4675; x_wconf 87' lang='lat' dir='ltr'><strong>dum</strong></span> <span class='ocrx_word' id='word_1_655' title='bbox 2143 4620 2355 4694; x_wconf 81' lang='lat' dir='ltr'><strong>(Cenes,</strong></span> <span class='ocrx_word' id='word_1_656' title='bbox 2412 4622 2502 4685; x_wconf 75' lang='grc' dir='ltr'><strong>Η,</strong></span> <span class='ocrx_word' id='word_1_657' title='bbox 2549 4620 2661 4691; x_wconf 79' lang='grc'><strong>15).</strong></span> <span class='ocrx_word' id='word_1_658' title='bbox 2714 4622 2859 4676; x_wconf 84' lang='lat' dir='ltr'><strong>Inter</strong></span> <span class='ocrx_word' id='word_1_659' title='bbox 2903 4620 3165 4675; x_wconf 86' lang='lat' dir='ltr'><strong>terminos</strong></span> <span class='ocrx_word' id='word_1_660' title='bbox 3214 4634 3449 4690; x_wconf 85' lang='lat' dir='ltr'><strong>namque</strong></span> <span class='ocrx_word' id='word_1_661' title='bbox 3483 4635 3580 4676; x_wconf 84' lang='lat' dir='ltr'><strong>ac-</strong></span> 
     </span>
    </p>
   </div>
   <div class='ocr_carea' id='block_1_91' title="bbox 282 4698 1867 4784">
    <p class='ocr_par' dir='ltr' id='par_1_91' title="bbox 282 4698 1867 4767">
     <span class='ocr_line' id='line_1_91' title="bbox 282 4698 1867 4767; baseline -0.004 -6"><span class='ocrx_word' id='word_1_662' title='bbox 282 4720 399 4761; x_wconf 88' lang='lat' dir='ltr'><strong>rem</strong></span> <span class='ocrx_word' id='word_1_663' title='bbox 438 4719 549 4759; x_wconf 92' lang='lat' dir='ltr'><strong>non</strong></span> <span class='ocrx_word' id='word_1_664' title='bbox 567 4702 731 4764; x_wconf 87' lang='lat' dir='ltr'><strong>valet,</strong></span> <span class='ocrx_word' id='word_1_665' title='bbox 754 4699 830 4755; x_wconf 90' lang='lat' dir='ltr'><strong>illi</strong></span> <span class='ocrx_word' id='word_1_666' title='bbox 846 4700 942 4767; x_wconf 86' lang='lat' dir='ltr'><strong>qui</strong></span> <span class='ocrx_word' id='word_1_667' title='bbox 970 4698 1227 4767; x_wconf 76' lang='lat' dir='ltr'><strong>praevalet</strong></span> <span class='ocrx_word' id='word_1_668' title='bbox 1249 4698 1498 4754; x_wconf 88' lang='lat' dir='ltr'><strong>obsistas.</strong></span> <span class='ocrx_word' id='word_1_669' title='bbox 1522 4699 1867 4757; x_wconf 72' lang='lat' dir='ltr'><strong>lmmoderata</strong></span> 
     </span>
    </p>
   </div>
   <div class='ocr_carea' id='block_1_92' title="bbox 1970 4698 3580 4784">
    <p class='ocr_par' dir='ltr' id='par_1_92' title="bbox 1985 4710 3580 4784">
     <span class='ocr_line' id='line_1_92' title="bbox 1985 4710 3580 4784; baseline -0.001 -15"><span class='ocrx_word' id='word_1_670' title='bbox 1985 4713 2207 4782; x_wconf 87' lang='lat' dir='ltr'><strong>cubare,</strong></span> <span class='ocrx_word' id='word_1_671' title='bbox 2226 4722 2307 4769; x_wconf 92' lang='lat' dir='ltr'><strong>est</strong></span> <span class='ocrx_word' id='word_1_672' title='bbox 2321 4713 2629 4784; x_wconf 73' lang='lat' dir='ltr'><strong>prmstolato</strong></span> <span class='ocrx_word' id='word_1_673' title='bbox 2643 4712 2827 4768; x_wconf 88' lang='lat' dir='ltr'><strong>mundi</strong></span> <span class='ocrx_word' id='word_1_674' title='bbox 2841 4710 2949 4766; x_wconf 83' lang='lat' dir='ltr'><strong>line</strong></span> <span class='ocrx_word' id='word_1_675' title='bbox 2963 4710 3327 4780; x_wconf 87' lang='lat' dir='ltr'><strong>requiescere,</strong></span> <span class='ocrx_word' id='word_1_676' title='bbox 3339 4711 3580 4781; x_wconf 85' lang='lat' dir='ltr'><strong>nihilque</strong></span> 
     </span>
    </p>
   </div>
   <div class='ocr_carea' id='block_1_93' title="bbox 283 4792 1878 4870">
    <p class='ocr_par' dir='ltr' id='par_1_93' title="bbox 283 4792 1878 4870">
     <span class='ocr_line' id='line_1_93' title="bbox 283 4792 1878 4870; baseline -0.004 -14"><span class='ocrx_word' id='word_1_677' title='bbox 283 4814 499 4870; x_wconf 91' lang='lat' dir='ltr'><strong>quoque</strong></span> <span class='ocrx_word' id='word_1_678' title='bbox 542 4795 903 4868; x_wconf 81' lang='lat' dir='ltr'><strong>petulantiam</strong></span> <span class='ocrx_word' id='word_1_679' title='bbox 954 4794 1167 4847; x_wconf 87' lang='lat' dir='ltr'><strong>luxuria</strong></span> <span class='ocrx_word' id='word_1_680' title='bbox 1215 4792 1488 4849; x_wconf 90' lang='lat' dir='ltr'><strong>asinorum</strong></span> <span class='ocrx_word' id='word_1_681' title='bbox 1514 4795 1878 4864; x_wconf 89' lang='lat' dir='ltr'><strong>appellatione</strong></span> 
     </span>
    </p>
   </div>
   <div class='ocr_carea' id='block_1_94' title="bbox 283 4883 1879 4962">
    <p class='ocr_par' dir='ltr' id='par_1_94' title="bbox 283 4883 1879 4962">
     <span class='ocr_line' id='line_1_94' title="bbox 283 4883 1879 4962; baseline -0.005 -14"><span class='ocrx_word' id='word_1_682' title='bbox 283 4891 635 4962; x_wconf 89' lang='lat' dir='ltr'><strong>exprimitur,</strong></span> <span class='ocrx_word' id='word_1_683' title='bbox 688 4896 749 4942; x_wconf 93' lang='lat' dir='ltr'><strong>ut</strong></span> <span class='ocrx_word' id='word_1_684' title='bbox 786 4885 1053 4956; x_wconf 88' lang='lat' dir='ltr'><strong>propheta</strong></span> <span class='ocrx_word' id='word_1_685' title='bbox 1095 4890 1342 4950; x_wconf 80' lang='lat' dir='ltr'><strong>teStatur,</strong></span> <span class='ocrx_word' id='word_1_686' title='bbox 1383 4885 1476 4953; x_wconf 89' lang='lat' dir='ltr'><strong>qui</strong></span> <span class='ocrx_word' id='word_1_687' title='bbox 1505 4884 1619 4939; x_wconf 88' lang='lat' dir='ltr'><strong>ait:</strong></span> <span class='ocrx_word' id='word_1_688' title='bbox 1648 4883 1879 4949; x_wconf 86' lang='lat' dir='ltr'><strong>Quorum</strong></span> 
     </span>
    </p>
   </div>
   <div class='ocr_carea' id='block_1_95' title="bbox 281 4976 1872 5051">
    <p class='ocr_par' dir='ltr' id='par_1_95' title="bbox 281 4976 1872 5051">
     <span class='ocr_line' id='line_1_95' title="bbox 281 4976 1872 5051; baseline -0.004 -11"><span class='ocrx_word' id='word_1_689' title='bbox 281 5000 465 5040; x_wconf 85' lang='lat' dir='ltr'><strong>carnes</strong></span> <span class='ocrx_word' id='word_1_690' title='bbox 504 4990 710 5037; x_wconf 89' lang='lat' dir='ltr'><strong>suntut</strong></span> <span class='ocrx_word' id='word_1_691' title='bbox 758 4995 943 5033; x_wconf 88' lang='lat' dir='ltr'><strong>carnes</strong></span> <span class='ocrx_word' id='word_1_692' title='bbox 999 4979 1265 5032; x_wconf 88' lang='lat' dir='ltr'><strong>asinorum</strong></span> <span class='ocrx_word' id='word_1_693' title='bbox 1293 4976 1511 5050; x_wconf 78' lang='lat' dir='ltr'><strong>(Ezech.</strong></span> <span class='ocrx_word' id='word_1_694' title='bbox 1558 4995 1710 5043; x_wconf 69' lang='grc' dir='ltr'>χχιιι,</span> <span class='ocrx_word' id='word_1_695' title='bbox 1758 4979 1872 5051; x_wconf 76' lang='grc'><strong>20).</strong></span> 
     </span>
    </p>
   </div>
   <div class='ocr_carea' id='block_1_96' title="bbox 282 5070 1877 5141">
    <p class='ocr_par' dir='ltr' id='par_1_96' title="bbox 282 5070 1877 5141">
     <span class='ocr_line' id='line_1_96' title="bbox 282 5070 1877 5141; baseline -0.002 -10"><span class='ocrx_word' id='word_1_696' title='bbox 282 5077 577 5134; x_wconf 83' lang='lat' dir='ltr'><strong>Asinorum</strong></span> <span class='ocrx_word' id='word_1_697' title='bbox 628 5087 817 5129; x_wconf 89' lang='lat' dir='ltr'><strong>rursus</strong></span> <span class='ocrx_word' id='word_1_698' title='bbox 880 5070 1133 5135; x_wconf 88' lang='lat' dir='ltr'><strong>nomine,</strong></span> <span class='ocrx_word' id='word_1_699' title='bbox 1188 5070 1509 5141; x_wconf 88' lang='lat' dir='ltr'><strong>simplicitas</strong></span> <span class='ocrx_word' id='word_1_700' title='bbox 1557 5072 1877 5139; x_wconf 89' lang='lat' dir='ltr'><strong>gentilitatis</strong></span> 
     </span>
    </p>
   </div>
   <div class='ocr_carea' id='block_1_97' title="bbox 354 5221 1873 5289">
    <p class='ocr_par' dir='ltr' id='par_1_97' title="bbox 354 5221 1873 5289">
     <span class='ocr_line' id='line_1_97' title="bbox 354 5221 1873 5289; baseline -0.003 -6"><span class='ocrx_word' id='word_1_701' title='bbox 354 5241 379 5268; x_wconf 71' lang='grc' dir='ltr'><strong>ι</strong></span> <span class='ocrx_word' id='word_1_702' title='bbox 410 5229 466 5283; x_wconf 83' lang='grc' dir='ltr'><strong>1η</strong></span> <span class='ocrx_word' id='word_1_703' title='bbox 497 5226 661 5284; x_wconf 89' lang='lat' dir='ltr'><strong>Corb.</strong></span> <span class='ocrx_word' id='word_1_704' title='bbox 693 5233 748 5280; x_wconf 88' lang='lat' dir='ltr'><strong>et</strong></span> <span class='ocrx_word' id='word_1_705' title='bbox 777 5221 983 5286; x_wconf 80' lang='lat' dir='ltr'><strong>Germ.,</strong></span> <span class='ocrx_word' id='word_1_706' title='bbox 1016 5221 1269 5278; x_wconf 89' lang='lat' dir='ltr'><strong>Samarii.</strong></span> <span class='ocrx_word' id='word_1_707' title='bbox 1301 5221 1360 5277; x_wconf 87' lang='lat' dir='ltr'><strong>In</strong></span> <span class='ocrx_word' id='word_1_708' title='bbox 1392 5221 1550 5289; x_wconf 65' lang='lat' dir='ltr'><strong>Reg,</strong></span> <span class='ocrx_word' id='word_1_709' title='bbox 1586 5222 1830 5277; x_wconf 75' lang='lat' dir='ltr'><strong>Samarei</strong></span> <span class='ocrx_word' id='word_1_710' title='bbox 1856 5242 1873 5279; x_wconf 93' lang='lat'><strong><em>:</em></strong></span> 
     </span>
    </p>
   </div>
   <div class='ocr_carea' id='block_1_98' title="bbox 280 5292 1870 5365">
    <p class='ocr_par' dir='ltr' id='par_1_98' title="bbox 280 5292 1870 5365">
     <span class='ocr_line' id='line_1_98' title="bbox 280 5292 1870 5365; baseline -0.004 -8"><span class='ocrx_word' id='word_1_711' title='bbox 280 5302 359 5357; x_wconf 92' lang='lat' dir='ltr'><strong>sic</strong></span> <span class='ocrx_word' id='word_1_712' title='bbox 386 5300 640 5355; x_wconf 88' lang='lat' dir='ltr'><strong>dicuntur</strong></span> <span class='ocrx_word' id='word_1_713' title='bbox 667 5297 760 5352; x_wconf 92' lang='lat' dir='ltr'><strong>lib.</strong></span> <span class='ocrx_word' id='word_1_714' title='bbox 794 5312 870 5362; x_wconf 81' lang='lat' dir='ltr'><strong>vt,</strong></span> <span class='ocrx_word' id='word_1_715' title='bbox 911 5294 1068 5365; x_wconf 90' lang='lat' dir='ltr'><strong>epist.</strong></span> <span class='ocrx_word' id='word_1_716' title='bbox 1101 5293 1229 5350; x_wconf 81' lang='lat' dir='ltr'><strong>olim</strong></span> <span class='ocrx_word' id='word_1_717' title='bbox 1259 5293 1315 5360; x_wconf 80' lang='lat'><strong>‘5,</strong></span> <span class='ocrx_word' id='word_1_718' title='bbox 1356 5302 1413 5348; x_wconf 93' lang='lat' dir='ltr'><strong>et</strong></span> <span class='ocrx_word' id='word_1_719' title='bbox 1439 5292 1533 5347; x_wconf 90' lang='lat' dir='ltr'><strong>lib.</strong></span> <span class='ocrx_word' id='word_1_720' title='bbox 1570 5309 1679 5362; x_wconf 87' lang='lat' dir='ltr'><strong>vut,</strong></span> <span class='ocrx_word' id='word_1_721' title='bbox 1710 5296 1870 5365; x_wconf 87' lang='lat' dir='ltr'><strong>epist.</strong></span> 
     </span>
    </p>
   </div>
   <div class='ocr_carea' id='block_1_99' title="bbox 278 5371 529 5429">
    <p class='ocr_par' dir='ltr' id='par_1_99' title="bbox 278 5371 529 5429">
     <span class='ocr_line' id='line_1_99' title="bbox 278 5371 529 5429; baseline -0.024 0"><span class='ocrx_word' id='word_1_722' title='bbox 278 5373 408 5429; x_wconf 89' lang='lat' dir='ltr'><strong>olim</strong></span> <span class='ocrx_word' id='word_1_723' title='bbox 436 5371 529 5425; x_wconf 75' lang='lat'><strong>‘21.</strong></span> 
     </span>
    </p>
   </div>
   <div class='ocr_carea' id='block_1_100' title="bbox 352 5435 1867 5506">
    <p class='ocr_par' dir='ltr' id='par_1_100' title="bbox 352 5435 1867 5506">
     <span class='ocr_line' id='line_1_100' title="bbox 352 5435 1867 5506; baseline -0.003 -10"><span class='ocrx_word' id='word_1_724' title='bbox 352 5443 377 5483; x_wconf 72' lang='grc' dir='ltr'>ι)</span> <span class='ocrx_word' id='word_1_725' title='bbox 407 5443 484 5497; x_wconf 90' lang='lat' dir='ltr'><strong>lta</strong></span> <span class='ocrx_word' id='word_1_726' title='bbox 507 5441 631 5495; x_wconf 80' lang='lat' dir='ltr'><strong>Mss.</strong></span> <span class='ocrx_word' id='word_1_727' title='bbox 657 5439 847 5506; x_wconf 90' lang='lat' dir='ltr'><strong>Corb.,</strong></span> <span class='ocrx_word' id='word_1_728' title='bbox 869 5437 1077 5503; x_wconf 85' lang='lat' dir='ltr'><strong>Germ.,</strong></span> <span class='ocrx_word' id='word_1_729' title='bbox 1109 5435 1288 5503; x_wconf 69' lang='lat' dir='ltr'><strong>Rem,,</strong></span> <span class='ocrx_word' id='word_1_730' title='bbox 1319 5444 1539 5506; x_wconf 74' lang='lat' dir='ltr'><strong>etc.,_ac</strong></span> <span class='ocrx_word' id='word_1_731' title='bbox 1560 5444 1669 5490; x_wconf 90' lang='lat' dir='ltr'><strong>vet.</strong></span> <span class='ocrx_word' id='word_1_732' title='bbox 1699 5435 1867 5503; x_wconf 87' lang='lat' dir='ltr'><strong>Edit.,</strong></span> 
     </span>
    </p>
   </div>
   <div class='ocr_carea' id='block_1_101' title="bbox 276 5503 1598 5583">
    <p class='ocr_par' dir='ltr' id='par_1_101' title="bbox 276 5503 1598 5583">
     <span class='ocr_line' id='line_1_101' title="bbox 276 5503 1598 5583; baseline -0.007 -15"><span class='ocrx_word' id='word_1_733' title='bbox 276 5530 378 5583; x_wconf 87' lang='lat' dir='ltr'><strong>pro</strong></span> <span class='ocrx_word' id='word_1_734' title='bbox 400 5514 456 5565; x_wconf 87' lang='lat' dir='ltr'><strong>id</strong></span> <span class='ocrx_word' id='word_1_735' title='bbox 480 5526 651 5583; x_wconf 58' lang='lat' dir='ltr'><strong>omne,</strong></span> <span class='ocrx_word' id='word_1_736' title='bbox 680 5503 1049 5583; x_wconf 44' lang='lat' dir='ltr'><strong>quod&#39;legitur</strong></span> <span class='ocrx_word' id='word_1_737' title='bbox 1075 5508 1132 5583; x_wconf 63' lang='lat' dir='ltr'><strong>iri</strong></span> <span class='ocrx_word' id='word_1_738' title='bbox 1151 5503 1598 5583; x_wconf 25' lang='lat' dir='ltr'><strong>Yaticgetﬁuss.</strong></span> 
     </span>
    </p>
   </div>
   <div class='ocr_carea' id='block_1_102' title="bbox 262 5567 1861 5647">
    <p class='ocr_par' dir='ltr' id='par_1_102' title="bbox 262 5567 1861 5647">
     <span class='ocr_line' id='line_1_102' title="bbox 262 5567 1861 5647; baseline -0.003 -10"><span class='ocrx_word' id='word_1_739' title='bbox 262 5567 292 5609; x_wconf 48' lang='grc' dir='ltr'><strong>δ’</strong></span> <span class='ocrx_word' id='word_1_740' title='bbox 352 5567 372 5622; x_wconf 57' lang='grc' dir='ltr'>ξ</span> <span class='ocrx_word' id='word_1_741' title='bbox 406 5583 586 5645; x_wconf 81' lang='lat' dir='ltr'><strong>Rem.,</strong></span> <span class='ocrx_word' id='word_1_742' title='bbox 619 5567 851 5647; x_wconf 69' lang='lat' dir='ltr'><strong>Reinig..</strong></span> <span class='ocrx_word' id='word_1_743' title='bbox 883 5567 1037 5634; x_wconf 51' lang='lat' dir='ltr'><strong>vietus</strong></span> <span class='ocrx_word' id='word_1_744' title='bbox 1091 5576 1271 5632; x_wconf 87' lang='lat' dir='ltr'><strong>Editio</strong></span> <span class='ocrx_word' id='word_1_745' title='bbox 1318 5576 1501 5641; x_wconf 83' lang='lat' dir='ltr'><strong>Basil,,</strong></span> <span class='ocrx_word' id='word_1_746' title='bbox 1536 5578 1606 5630; x_wconf 85' lang='lat' dir='ltr'><strong>ita</strong></span> <span class='ocrx_word' id='word_1_747' title='bbox 1639 5577 1861 5634; x_wconf 89' lang='lat' dir='ltr'><strong>habent.</strong></span> 
     </span>
    </p>
   </div>
   <div class='ocr_carea' id='block_1_103' title="bbox 277 5648 1861 5717">
    <p class='ocr_par' dir='ltr' id='par_1_103' title="bbox 277 5648 1861 5717">
     <span class='ocr_line' id='line_1_103' title="bbox 277 5648 1861 5717; baseline -0.003 -9"><span class='ocrx_word' id='word_1_748' title='bbox 277 5653 396 5709; x_wconf 85' lang='lat' dir='ltr'><strong>Alia</strong></span> <span class='ocrx_word' id='word_1_749' title='bbox 422 5651 583 5717; x_wconf 63' lang='lat' dir='ltr'><strong>15H,</strong></span> <span class='ocrx_word' id='word_1_750' title='bbox 623 5650 849 5704; x_wconf 55' lang='lat' dir='ltr'><strong>sedendo</strong></span> <span class='ocrx_word' id='word_1_751' title='bbox 879 5653 1100 5715; x_wconf 83' lang='lat' dir='ltr'><strong>asinam.</strong></span> <span class='ocrx_word' id='word_1_752' title='bbox 1150 5648 1301 5703; x_wconf 85' lang='lat' dir='ltr'><strong>llanc</strong></span> <span class='ocrx_word' id='word_1_753' title='bbox 1324 5656 1624 5716; x_wconf 84' lang='lat' dir='ltr'><strong>sequuntur</strong></span> <span class='ocrx_word' id='word_1_754' title='bbox 1668 5663 1861 5703; x_wconf 89' lang='lat' dir='ltr'><strong>recen-</strong></span> 
     </span>
    </p>
   </div>
   <div class='ocr_carea' id='block_1_104' title="bbox 276 5718 1863 5789">
    <p class='ocr_par' dir='ltr' id='par_1_104' title="bbox 276 5718 1863 5789">
     <span class='ocr_line' id='line_1_104' title="bbox 276 5718 1863 5789; baseline -0.002 -11"><span class='ocrx_word' id='word_1_755' title='bbox 276 5726 445 5780; x_wconf 89' lang='lat' dir='ltr'><strong>tiores</strong></span> <span class='ocrx_word' id='word_1_756' title='bbox 469 5722 566 5777; x_wconf 88' lang='lat' dir='ltr'><strong>Ed.</strong></span> <span class='ocrx_word' id='word_1_757' title='bbox 593 5720 930 5775; x_wconf 67' lang='lat' dir='ltr'><strong>Prmferenda</strong></span> <span class='ocrx_word' id='word_1_758' title='bbox 954 5721 1163 5774; x_wconf 89' lang='lat' dir='ltr'><strong>videtur</strong></span> <span class='ocrx_word' id='word_1_759' title='bbox 1201 5720 1351 5789; x_wconf 91' lang='lat' dir='ltr'><strong>prior</strong></span> <span class='ocrx_word' id='word_1_760' title='bbox 1377 5718 1556 5783; x_wconf 91' lang='lat' dir='ltr'><strong>lectio,</strong></span> <span class='ocrx_word' id='word_1_761' title='bbox 1589 5726 1671 5789; x_wconf 17' lang='lat' dir='ltr'><strong>ut,</strong></span> <span class='ocrx_word' id='word_1_762' title='bbox 1694 5720 1863 5787; x_wconf 86' lang='lat' dir='ltr'><strong>magis</strong></span> 
     </span>
    </p>
   </div>
   <div class='ocr_carea' id='block_1_105' title="bbox 275 5788 1859 5877">
    <p class='ocr_par' dir='ltr' id='par_1_105' title="bbox 275 5788 1859 5877">
     <span class='ocr_line' id='line_1_105' title="bbox 275 5788 1859 5877; baseline -0.003 -28"><span class='ocrx_word' id='word_1_763' title='bbox 275 5795 557 5877; x_wconf 60' lang='lat' dir='ltr'><strong>accedens</strong></span> <span class='ocrx_word' id='word_1_764' title='bbox 583 5791 666 5877; x_wconf 45' lang='lat' dir='ltr'><strong>ad.</strong></span> <span class='ocrx_word' id='word_1_765' title='bbox 692 5790 867 5877; x_wconf 64' lang='lat' dir='ltr'><strong>sancti</strong></span> <span class='ocrx_word' id='word_1_766' title='bbox 904 5789 1151 5874; x_wconf 69' lang='lat' dir='ltr'><strong>Gregorii</strong></span> <span class='ocrx_word' id='word_1_767' title='bbox 1181 5788 1436 5871; x_wconf 76' lang='lat' dir='ltr'><strong>mentem,</strong></span> <span class='ocrx_word' id='word_1_768' title='bbox 1470 5788 1730 5877; x_wconf 44' lang='lat' dir='ltr'><strong>q‘ui‘infra</strong></span> <span class='ocrx_word' id='word_1_769' title='bbox 1759 5806 1859 5844; x_wconf 84' lang='lat' dir='ltr'><strong>ex-</strong></span> 
     </span>
    </p>
   </div>
   <div class='ocr_carea' id='block_1_106' title="bbox 274 5860 1859 5939">
    <p class='ocr_par' dir='ltr' id='par_1_106' title="bbox 274 5860 1859 5939">
     <span class='ocr_line' id='line_1_106' title="bbox 274 5860 1859 5939; baseline -0.003 -20"><span class='ocrx_word' id='word_1_770' title='bbox 274 5865 443 5939; x_wconf 76' lang='lat' dir='ltr'><strong>plicat</strong></span> <span class='ocrx_word' id='word_1_771' title='bbox 468 5864 599 5939; x_wconf 73' lang='lat' dir='ltr'><strong>quid</strong></span> <span class='ocrx_word' id='word_1_772' title='bbox 626 5862 893 5932; x_wconf 83' lang='lat' dir='ltr'><strong>signiticet</strong></span> <span class='ocrx_word' id='word_1_773' title='bbox 911 5860 1114 5939; x_wconf 81' lang='lat' dir='ltr'><strong>asinus,</strong></span> <span class='ocrx_word' id='word_1_774' title='bbox 1142 5860 1460 5939; x_wconf 49' lang='lat' dir='ltr'><strong>nonnasina.</strong></span> <span class='ocrx_word' id='word_1_775' title='bbox 1478 5860 1744 5939; x_wconf 56' lang='lat' dir='ltr'><strong>Caeterum</strong></span> <span class='ocrx_word' id='word_1_776' title='bbox 1773 5877 1859 5914; x_wconf 81' lang='lat' dir='ltr'><strong>se-</strong></span> 
     </span>
    </p>
   </div>
   <div class='ocr_carea' id='block_1_107' title="bbox 274 5929 1861 6004">
    <p class='ocr_par' dir='ltr' id='par_1_107' title="bbox 274 5929 1861 6004">
     <span class='ocr_line' id='line_1_107' title="bbox 274 5929 1861 6004; baseline -0.004 -8"><span class='ocrx_word' id='word_1_777' title='bbox 274 5929 404 5996; x_wconf 59' lang='lat' dir='ltr'><strong>dans</strong></span> <span class='ocrx_word' id='word_1_778' title='bbox 432 5929 845 6002; x_wconf 51' lang='lat' dir='ltr'><strong>asellum,&#39;etc.,</strong></span> <span class='ocrx_word' id='word_1_779' title='bbox 877 5931 1091 6004; x_wconf 87' lang='lat' dir='ltr'><strong>phrasis</strong></span> <span class='ocrx_word' id='word_1_780' title='bbox 1118 5938 1200 5988; x_wconf 84' lang='lat' dir='ltr'><strong>est</strong></span> <span class='ocrx_word' id='word_1_781' title='bbox 1239 5930 1502 6001; x_wconf 83' lang='lat' dir='ltr'><strong>Gregorio</strong></span> <span class='ocrx_word' id='word_1_782' title='bbox 1548 5944 1660 5987; x_wconf 88' lang='lat' dir='ltr'><strong>non</strong></span> <span class='ocrx_word' id='word_1_783' title='bbox 1712 5929 1861 5989; x_wconf 79' lang='lat' dir='ltr'><strong>inso-</strong></span> 
     </span>
    </p>
   </div>
   <div class='ocr_carea' id='block_1_108' title="bbox 1983 4803 3579 4884">
    <p class='ocr_par' dir='ltr' id='par_1_108' title="bbox 1983 4803 3579 4884">
     <span class='ocr_line' id='line_1_108' title="bbox 1983 4803 3579 4884; baseline 0.002 -24"><span class='ocrx_word' id='word_1_784' title='bbox 1983 4804 2050 4884; x_wconf 82' lang='lat' dir='ltr'><strong>de</strong></span> <span class='ocrx_word' id='word_1_785' title='bbox 2065 4804 2148 4859; x_wconf 90' lang='lat' dir='ltr'><strong>his</strong></span> <span class='ocrx_word' id='word_1_786' title='bbox 2161 4820 2280 4874; x_wconf 63' lang='lat' dir='ltr'><strong>quae</strong></span> <span class='ocrx_word' id='word_1_787' title='bbox 2292 4820 2436 4860; x_wconf 92' lang='lat' dir='ltr'><strong>nunc</strong></span> <span class='ocrx_word' id='word_1_788' title='bbox 2448 4820 2499 4859; x_wconf 84' lang='lat' dir='ltr'><strong>tn</strong></span> <span class='ocrx_word' id='word_1_789' title='bbox 2519 4803 2697 4859; x_wconf 92' lang='lat' dir='ltr'><strong>medio</strong></span> <span class='ocrx_word' id='word_1_790' title='bbox 2711 4812 2998 4859; x_wconf 88' lang='lat' dir='ltr'><strong>versantur</strong></span> <span class='ocrx_word' id='word_1_791' title='bbox 3010 4816 3275 4871; x_wconf 63' lang='lat' dir='ltr'><strong>quaerere,</strong></span> <span class='ocrx_word' id='word_1_792' title='bbox 3286 4803 3378 4859; x_wconf 86' lang='lat' dir='ltr'><strong>sed</strong></span> <span class='ocrx_word' id='word_1_793' title='bbox 3392 4804 3579 4863; x_wconf 85' lang='lat' dir='ltr'><strong>ultima</strong></span> 
     </span>
    </p>
   </div>
   <div class='ocr_carea' id='block_1_109' title="bbox 1982 4895 3579 4969">
    <p class='ocr_par' dir='ltr' id='par_1_109' title="bbox 1982 4895 3579 4969">
     <span class='ocr_line' id='line_1_109' title="bbox 1982 4895 3579 4969; baseline 0.002 -18"><span class='ocrx_word' id='word_1_794' title='bbox 1982 4897 2310 4952; x_wconf 89' lang='lat' dir='ltr'><strong>desiderare.</strong></span> <span class='ocrx_word' id='word_1_795' title='bbox 2345 4897 2631 4965; x_wconf 89' lang='lat' dir='ltr'><strong>Fortisque</strong></span> <span class='ocrx_word' id='word_1_796' title='bbox 2659 4896 2845 4949; x_wconf 84' lang='lat' dir='ltr'><strong>asinus</strong></span> <span class='ocrx_word' id='word_1_797' title='bbox 2866 4895 3108 4963; x_wconf 88' lang='lat' dir='ltr'><strong>requiem</strong></span> <span class='ocrx_word' id='word_1_798' title='bbox 3138 4910 3202 4951; x_wconf 88' lang='lat' dir='ltr'><strong>ac</strong></span> <span class='ocrx_word' id='word_1_799' title='bbox 3218 4904 3415 4953; x_wconf 87' lang='lat' dir='ltr'><strong>terram</strong></span> <span class='ocrx_word' id='word_1_800' title='bbox 3436 4900 3579 4969; x_wconf 87' lang='lat' dir='ltr'><strong>opti-</strong></span> 
     </span>
    </p>
   </div>
   <div class='ocr_carea' id='block_1_110' title="bbox 1982 4984 3579 5055">
    <p class='ocr_par' dir='ltr' id='par_1_110' title="bbox 1982 4984 3579 5055">
     <span class='ocr_line' id='line_1_110' title="bbox 1982 4984 3579 5055; baseline 0.004 -16"><span class='ocrx_word' id='word_1_801' title='bbox 1982 5001 2125 5039; x_wconf 88' lang='lat' dir='ltr'><strong>mam</strong></span> <span class='ocrx_word' id='word_1_802' title='bbox 2140 4986 2309 5053; x_wconf 89' lang='lat' dir='ltr'><strong>videt,</strong></span> <span class='ocrx_word' id='word_1_803' title='bbox 2337 5001 2459 5041; x_wconf 89' lang='lat' dir='ltr'><strong>cum</strong></span> <span class='ocrx_word' id='word_1_804' title='bbox 2475 4985 2703 5055; x_wconf 90' lang='lat' dir='ltr'><strong>simplex</strong></span> <span class='ocrx_word' id='word_1_805' title='bbox 2720 4984 2992 5054; x_wconf 87' lang='lat' dir='ltr'><strong>gentilitas</strong></span> <span class='ocrx_word' id='word_1_806' title='bbox 3017 4984 3223 5043; x_wconf 84' lang='lat' dir='ltr'><strong>idcirco</strong></span> <span class='ocrx_word' id='word_1_807' title='bbox 3246 5001 3306 5043; x_wconf 85' lang='lat' dir='ltr'><strong>se</strong></span> <span class='ocrx_word' id='word_1_808' title='bbox 3318 4988 3387 5042; x_wconf 87' lang='lat' dir='ltr'><strong>ad</strong></span> <span class='ocrx_word' id='word_1_809' title='bbox 3411 4991 3579 5046; x_wconf 90' lang='lat' dir='ltr'><strong>robur</strong></span> 
     </span>
    </p>
   </div>
   <div class='ocr_carea' id='block_1_111' title="bbox 1980 5076 3574 5149">
    <p class='ocr_par' dir='ltr' id='par_1_111' title="bbox 1980 5076 3574 5149">
     <span class='ocr_line' id='line_1_111' title="bbox 1980 5076 3574 5149; baseline 0.002 -16"><span class='ocrx_word' id='word_1_810' title='bbox 1980 5076 2110 5133; x_wconf 90' lang='lat' dir='ltr'><strong>boni</strong></span> <span class='ocrx_word' id='word_1_811' title='bbox 2137 5079 2317 5148; x_wconf 90' lang='lat' dir='ltr'><strong>operis</strong></span> <span class='ocrx_word' id='word_1_812' title='bbox 2333 5077 2513 5147; x_wconf 86' lang='lat' dir='ltr'><strong>erigit,</strong></span> <span class='ocrx_word' id='word_1_813' title='bbox 2537 5076 2663 5147; x_wconf 89' lang='lat' dir='ltr'><strong>quia</strong></span> <span class='ocrx_word' id='word_1_814' title='bbox 2684 5076 2753 5131; x_wconf 93' lang='lat' dir='ltr'><strong>ad</strong></span> <span class='ocrx_word' id='word_1_815' title='bbox 2762 5084 2979 5132; x_wconf 55' lang='lat' dir='ltr'><strong>aeterna).</strong></span> <span class='ocrx_word' id='word_1_816' title='bbox 2992 5076 3116 5133; x_wconf 66' lang='lat' dir='ltr'><strong>vitae</strong></span> <span class='ocrx_word' id='word_1_817' title='bbox 3135 5078 3367 5149; x_wconf 90' lang='lat' dir='ltr'><strong>patriam</strong></span> <span class='ocrx_word' id='word_1_818' title='bbox 3381 5080 3574 5136; x_wconf 89' lang='lat' dir='ltr'><strong>tendit.</strong></span> 
     </span>
    </p>
   </div>
   <div class='ocr_carea' id='block_1_112' title="bbox 1981 5230 3570 5302">
    <p class='ocr_par' dir='ltr' id='par_1_112' title="bbox 1981 5230 3570 5302">
     <span class='ocr_line' id='line_1_112' title="bbox 1981 5230 3570 5302; baseline 0.001 -16"><span class='ocrx_word' id='word_1_819' title='bbox 1981 5231 2118 5297; x_wconf 89' lang='lat' dir='ltr'><strong>lens,</strong></span> <span class='ocrx_word' id='word_1_820' title='bbox 2157 5246 2258 5287; x_wconf 90' lang='lat' dir='ltr'><strong>nec</strong></span> <span class='ocrx_word' id='word_1_821' title='bbox 2306 5231 2364 5302; x_wconf 90' lang='lat' dir='ltr'><strong>in</strong></span> <span class='ocrx_word' id='word_1_822' title='bbox 2404 5231 2757 5302; x_wconf 88' lang='lat' dir='ltr'><strong>scriptoribus</strong></span> <span class='ocrx_word' id='word_1_823' title='bbox 2786 5230 2957 5285; x_wconf 89' lang='lat' dir='ltr'><strong>sacris</strong></span> <span class='ocrx_word' id='word_1_824' title='bbox 2971 5231 3289 5302; x_wconf 73' lang='lat' dir='ltr'><strong>peregrina.</strong></span> <span class='ocrx_word' id='word_1_825' title='bbox 3320 5230 3570 5302; x_wconf 89' lang='lat' dir='ltr'><strong>Optatus,</strong></span> 
     </span>
    </p>
   </div>
   <div class='ocr_carea' id='block_1_113' title="bbox 1981 5301 3571 5372">
    <p class='ocr_par' dir='ltr' id='par_1_113' title="bbox 1981 5301 3571 5372">
     <span class='ocr_line' id='line_1_113' title="bbox 1981 5301 3571 5372; baseline 0.001 -16"><span class='ocrx_word' id='word_1_826' title='bbox 1981 5302 2072 5356; x_wconf 92' lang='lat' dir='ltr'><strong>lib.</strong></span> <span class='ocrx_word' id='word_1_827' title='bbox 2101 5319 2135 5356; x_wconf 89' lang='grc' dir='ltr'><strong>ιι</strong></span> <span class='ocrx_word' id='word_1_828' title='bbox 2157 5302 2224 5356; x_wconf 91' lang='lat' dir='ltr'><strong>de</strong></span> <span class='ocrx_word' id='word_1_829' title='bbox 2254 5301 2475 5372; x_wconf 87' lang='lat' dir='ltr'><strong>schism.</strong></span> <span class='ocrx_word' id='word_1_830' title='bbox 2498 5302 2852 5372; x_wconf 90' lang='lat' dir='ltr'><strong>Donati,cap.</strong></span> <span class='ocrx_word' id='word_1_831' title='bbox 2873 5302 2932 5355; x_wconf 82' lang='lat'><strong>&#39;5:</strong></span> <span class='ocrx_word' id='word_1_832' title='bbox 2951 5301 3263 5356; x_wconf 84' lang='lat' dir='ltr'><strong>Cathedram</strong></span> <span class='ocrx_word' id='word_1_833' title='bbox 3290 5301 3571 5358; x_wconf 84' lang='lat' dir='ltr'><strong>unicam...</strong></span> 
     </span>
    </p>
   </div>
   <div class='ocr_carea' id='block_1_114' title="bbox 1980 5371 3569 5455">
    <p class='ocr_par' dir='ltr' id='par_1_114' title="bbox 1980 5371 3569 5455">
     <span class='ocr_line' id='line_1_114' title="bbox 1980 5371 3569 5455; baseline 0.001 -29"><span class='ocrx_word' id='word_1_834' title='bbox 1980 5374 2112 5455; x_wconf 84' lang='lat' dir='ltr'><strong>sedit</strong></span> <span class='ocrx_word' id='word_1_835' title='bbox 2128 5371 2502 5455; x_wconf 5' lang='lat' dir='ltr'><strong>priorgl’etrus.</strong></span> <span class='ocrx_word' id='word_1_836' title='bbox 2526 5372 2730 5455; x_wconf 27' lang='lat' dir='ltr'><strong>Itallib.‘</strong></span> <span class='ocrx_word' id='word_1_837' title='bbox 2748 5371 2958 5455; x_wconf 41' lang='lat' dir='ltr'><strong>1,;cujus</strong></span> <span class='ocrx_word' id='word_1_838' title='bbox 2982 5384 3035 5427; x_wconf 91' lang='lat' dir='ltr'><strong>tu</strong></span> <span class='ocrx_word' id='word_1_839' title='bbox 3057 5373 3358 5426; x_wconf 88' lang='lat' dir='ltr'><strong>cathedram</strong></span> <span class='ocrx_word' id='word_1_840' title='bbox 3387 5373 3569 5449; x_wconf 83' lang='lat' dir='ltr'><strong>sedes;</strong></span> 
     </span>
    </p>
   </div>
   <div class='ocr_carea' id='block_1_115' title="bbox 1976 5443 3567 5584">
    <p class='ocr_par' dir='ltr' id='par_1_115' title="bbox 1976 5443 3567 5584">
     <span class='ocr_line' id='line_1_115' title="bbox 1976 5443 3465 5526; baseline 0.002 -29"><span class='ocrx_word' id='word_1_841' title='bbox 1976 5454 2042 5508; x_wconf 90' lang='lat' dir='ltr'><strong>el,</strong></span> <span class='ocrx_word' id='word_1_842' title='bbox 2071 5446 2183 5524; x_wconf 77' lang='lat' dir='ltr'><strong>quis</strong></span> <span class='ocrx_word' id='word_1_843' title='bbox 2208 5443 2508 5497; x_wconf 85' lang='lat' dir='ltr'><strong>cathedram</strong></span> <span class='ocrx_word' id='word_1_844' title='bbox 2532 5443 2732 5497; x_wconf 87' lang='lat' dir='ltr'><strong>sederet</strong></span> <span class='ocrx_word' id='word_1_845' title='bbox 2760 5444 2997 5526; x_wconf 78' lang='lat' dir='ltr'><strong>alteram.</strong></span> <span class='ocrx_word' id='word_1_846' title='bbox 3461 5445 3465 5449; x_wconf 78' lang='grc'><em>’</em></span> 
     </span>
     <span class='ocr_line' id='line_1_116' title="bbox 1978 5512 3567 5584; baseline 0.001 -17"><span class='ocrx_word' id='word_1_847' title='bbox 1978 5583 2016 5584; x_wconf 14' lang='grc' dir='ltr'><strong>κν</strong></span> <span class='ocrx_word' id='word_1_848' title='bbox 2049 5513 2072 5550; x_wconf 69' lang='grc' dir='ltr'>ά</span> <span class='ocrx_word' id='word_1_849' title='bbox 2103 5514 2267 5569; x_wconf 81' lang='lat' dir='ltr'><strong>Gilot.</strong></span> <span class='ocrx_word' id='word_1_850' title='bbox 2312 5524 2367 5568; x_wconf 91' lang='lat' dir='ltr'><strong>et</strong></span> <span class='ocrx_word' id='word_1_851' title='bbox 2415 5529 2533 5584; x_wconf 89' lang='lat' dir='ltr'><strong>seq.</strong></span> <span class='ocrx_word' id='word_1_852' title='bbox 2576 5512 2699 5577; x_wconf 87' lang='lat' dir='ltr'><strong>Ed.,</strong></span> <span class='ocrx_word' id='word_1_853' title='bbox 2744 5512 2918 5567; x_wconf 75' lang='lat' dir='ltr'><strong>Judan</strong></span> <span class='ocrx_word' id='word_1_854' title='bbox 2944 5531 3030 5582; x_wconf 85' lang='lat' dir='ltr'><strong>ap.</strong></span> <span class='ocrx_word' id='word_1_855' title='bbox 3062 5514 3132 5567; x_wconf 84' lang='lat' dir='ltr'><strong>At</strong></span> <span class='ocrx_word' id='word_1_856' title='bbox 3151 5512 3314 5584; x_wconf 86' lang='lat' dir='ltr'><strong>Corb.</strong></span> <span class='ocrx_word' id='word_1_857' title='bbox 3346 5521 3412 5584; x_wconf 90' lang='lat' dir='ltr'><strong>et_</strong></span> <span class='ocrx_word' id='word_1_858' title='bbox 3426 5512 3567 5584; x_wconf 88' lang='lat' dir='ltr'><strong>pler.</strong></span> 
     </span>
    </p>
   </div>
   <div class='ocr_carea' id='block_1_116' title="bbox 1974 5581 3570 5655">
    <p class='ocr_par' dir='ltr' id='par_1_116' title="bbox 1974 5581 3570 5655">
     <span class='ocr_line' id='line_1_117' title="bbox 1974 5581 3570 5655; baseline 0.002 -18"><span class='ocrx_word' id='word_1_859' title='bbox 1974 5583 2124 5648; x_wconf 86' lang='lat' dir='ltr'><strong>Mss.,</strong></span> <span class='ocrx_word' id='word_1_860' title='bbox 2156 5584 2355 5639; x_wconf 74' lang='lat' dir='ltr'><strong>Judmaz</strong></span> <span class='ocrx_word' id='word_1_861' title='bbox 2389 5581 2510 5655; x_wconf 55' lang='lat' dir='ltr'><strong>op.j:</strong></span> <span class='ocrx_word' id='word_1_862' title='bbox 2542 5584 2687 5655; x_wconf 89' lang='lat' dir='ltr'><strong>quod</strong></span> <span class='ocrx_word' id='word_1_863' title='bbox 2717 5581 3142 5654; x_wconf 18' lang='lat' dir='ltr'><strong>conuenit’seq&quot;</strong></span> <span class='ocrx_word' id='word_1_864' title='bbox 3174 5582 3354 5637; x_wconf 87' lang='lat' dir='ltr'><strong>habuit</strong></span> <span class='ocrx_word' id='word_1_865' title='bbox 3378 5581 3570 5640; x_wconf 73' lang='lat' dir='ltr'><strong>Judtea</strong></span> 
     </span>
    </p>
   </div>
   <div class='ocr_carea' id='block_1_117' title="bbox 1969 5655 3566 5795">
    <p class='ocr_par' dir='ltr' id='par_1_117' title="bbox 1969 5655 3566 5795">
     <span class='ocr_line' id='line_1_118' title="bbox 2052 5675 2061 5698; baseline 0 0"><span class='ocrx_word' id='word_1_866' title='bbox 2052 5675 2061 5698; x_wconf 82' lang='grc' dir='ltr'><strong>ι</strong></span> 
     </span>
     <span class='ocr_line' id='line_1_119' title="bbox 1969 5655 3566 5795; baseline 0.012 -32"><span class='ocrx_word' id='word_1_867' title='bbox 1969 5655 2279 5791; x_wconf 35' lang='lat' dir='ltr'><strong>“fﬁcia?</strong></span> <span class='ocrx_word' id='word_1_868' title='bbox 2318 5725 2548 5795; x_wconf 76' lang='lat' dir='ltr'><strong>Remig.,</strong></span> <span class='ocrx_word' id='word_1_869' title='bbox 2589 5724 2735 5795; x_wconf 76' lang='lat' dir='ltr'><strong>Corb</strong></span> <span class='ocrx_word' id='word_1_870' title='bbox 2765 5763 2782 5788; x_wconf 90' lang='lat'><strong>,</strong></span> <span class='ocrx_word' id='word_1_871' title='bbox 2826 5723 3082 5795; x_wconf 70' lang='lat' dir='ltr'><strong>Vindo_c.,</strong></span> <span class='ocrx_word' id='word_1_872' title='bbox 3111 5732 3167 5778; x_wconf 89' lang='lat' dir='ltr'><strong>et</strong></span> <span class='ocrx_word' id='word_1_873' title='bbox 3193 5738 3333 5791; x_wconf 84' lang='lat' dir='ltr'><strong>pene</strong></span> <span class='ocrx_word' id='word_1_874' title='bbox 3354 5739 3566 5792; x_wconf 88' lang='lat' dir='ltr'><strong>omnes,</strong></span> 
     </span>
    </p>
   </div>
   <div class='ocr_carea' id='block_1_118' title="bbox 1964 5793 3571 5865">
    <p class='ocr_par' dir='ltr' id='par_1_118' title="bbox 1964 5793 3571 5865">
     <span class='ocr_line' id='line_1_120' title="bbox 1964 5793 3571 5865; baseline 0 -14"><span class='ocrx_word' id='word_1_875' title='bbox 1964 5796 2220 5851; x_wconf 79' lang='lat' dir='ltr'><strong>accubans</strong></span> <span class='ocrx_word' id='word_1_876' title='bbox 2270 5798 2323 5850; x_wconf 85' lang='lat' dir='ltr'><strong>in</strong></span> <span class='ocrx_word' id='word_1_877' title='bbox 2374 5793 2637 5852; x_wconf 77' lang='lat' dir='ltr'><strong>terminos.</strong></span> <span class='ocrx_word' id='word_1_878' title='bbox 2685 5794 2751 5851; x_wconf 83' lang='lat' dir='ltr'><strong>Et</strong></span> <span class='ocrx_word' id='word_1_879' title='bbox 2776 5793 2911 5851; x_wconf 80' lang='lat' dir='ltr'><strong>intra</strong></span> <span class='ocrx_word' id='word_1_880' title='bbox 2937 5810 2951 5849; x_wconf 90' lang='lat'><strong>:</strong></span> <span class='ocrx_word' id='word_1_881' title='bbox 2982 5793 3049 5849; x_wconf 89' lang='lat' dir='ltr'><strong>In</strong></span> <span class='ocrx_word' id='word_1_882' title='bbox 3072 5796 3318 5851; x_wconf 85' lang='lat' dir='ltr'><strong>terminos</strong></span> <span class='ocrx_word' id='word_1_883' title='bbox 3345 5812 3571 5865; x_wconf 75' lang='lat' dir='ltr'><strong>namque</strong></span> 
     </span>
    </p>
   </div>
   <div class='ocr_carea' id='block_1_119' title="bbox 1965 5866 2357 5935">
    <p class='ocr_par' dir='ltr' id='par_1_119' title="bbox 1965 5866 2357 5935">
     <span class='ocr_line' id='line_1_121' title="bbox 1965 5866 2357 5935; baseline -0.003 -13"><span class='ocrx_word' id='word_1_884' title='bbox 1965 5866 2225 5935; x_wconf 87' lang='lat' dir='ltr'><strong>habitare,</strong></span> <span class='ocrx_word' id='word_1_885' title='bbox 2251 5877 2357 5925; x_wconf 85' lang='lat' dir='ltr'><strong>etc.</strong></span> 
     </span>
    </p>
   </div>
  </div>
