4130 6470
577 424 684 485 559

1766 421 2012 480 SANCTI
2055 417 2381 480 GREGORH
2426 417 2636 474 MAGNI

3759 415 3871 470 5-10

569 553 702 621 Quae
720 558 746 587 ι
765 547 832 603 ad
851 544 1170 617 portandum
1183 544 1468 598 humerum
1483 537 1738 610 supponit
1754 555 1769 604 ;
1787 538 1913 609 quia
1939 551 2165 608 conspe-
2193 536 2246 597 Α
2270 532 2399 599 Qua:
2451 531 2696 586 convivia
2745 529 3016 600 quomodo
3063 529 3444 586 exhiberentur
3461 566 3475 594 ,
3535 527 3871 601 adjungitur,

575 651 662 700 eta
683 656 914 713 superna
932 640 1136 711 requie,
1155 635 1437 709 praeceptis
1451 634 1614 690 etiam
1631 633 1884 702 gravibus
1900 633 1952 688 in
1966 647 2162 703 opera-

574 737 724 793 tione
745 750 806 791 se
830 733 1067 804 subjicit,
1084 739 1140 788 et
1159 729 1417 802 quidquid
1445 726 1787 783 intolerabile
1815 725 2155 797 pusillanimi-

575 835 659 885 tas
685 827 896 893 asserit,
929 826 1033 881 hoc
1057 825 1108 880 ei
1124 824 1243 880 leve
1271 837 1336 878 ac
1364 821 1522 876 facile
1550 833 1674 890 spes
1714 816 2176 878 remunerationis,

576 917 830 976 ostendit.
864 915 999 984 Quia
1029 928 1159 985 ergo
1185 911 1253 968 ad
1280 919 1536 967 aeternam
1567 908 1808 978 requiem
1832 922 1932 978 pro
1960 906 2166 962 electo-

572 1025 693 1066 rum
722 1016 875 1079 parte
900 1005 1084 1062 iudica
1110 1005 1490 1074 gentilitasque
1512 1000 1804 1070 colligitur,
1821 1008 1971 1054 recte
2010 999 2168 1069 quin-

572 1106 734 1168 genta
759 1099 886 1169 juga
911 1099 1096 1164 boum,
1141 1105 1199 1153 et
1223 1097 1534 1166 quingentae
1560 1093 1724 1150 asinze
1753 1091 1940 1147 haberi
1981 1090 2164 1162 perhi-

574 1191 790 1248 bentur.
820 1189 1112 1260 Sequitur:

929 1321 1159 1379 CAPUT
1186 1320 1347 1378 xvuI
1379 1321 1524 1396 [Vet.
1552 1317 1806 1392 XVIII].

645 1435 773 1493 inm.
801 1471 872 1481 —
894 1439 966 1492 Ac
989 1439 1194 1510 familia
1223 1439 1382 1492 multa
1409 1438 1580 1492 nimis.

646 1539 738 1596 25.
769 1539 928 1594 Stulti
968 1540 1145 1593 mundi
1193 1539 1338 1610 prius
1385 1540 1548 1593 vocati
1578 1553 1731 1610 quant
1779 1537 2054 1609 sapientes.
2099 1565 2168 1576 —-

575 1630 718 1698 Quid
740 1638 841 1697 est,
870 1629 1014 1700 quod
1039 1629 1186 1700 prius
1228 1627 1537 1682 animalium
1586 1627 1876 1682 multitudo
1907 1627 2167 1684 describi-

577 1731 684 1790 tur,
722 1731 777 1779 et
805 1723 1006 1778 iamilia
1032 1723 1084 1777 in
1113 1731 1358 1778 extremo
1397 1729 1766 1777 memoratur:
1801 1722 1902 1776 nisi
1929 1720 2072 1792 quod
2101 1721 2170 1777 ad

576 1815 938 1887 cognitionem
983 1815 1106 1870 ﬁdei
1151 1815 1299 1886 prius
1328 1814 1490 1870 stulta
1535 1813 1720 1868 mundi
1765 1813 1992 1868 collecta
2023 1823 2166 1880 sunt,

2274 641 2396 680 cum
2424 623 2672 695 protinus
2701 621 3028 678 subinlertur
3055 640 3068 676 :

2874 734 3102 791 CAPUT
3141 734 3259 791 XX.

2344 831 2471 886 iam.
2504 861 2575 875 —-
2606 829 2968 903 Unusquisque
2987 832 3042 884 in
3070 831 3154 885 die
3180 847 3293 885 suo.

2345 924 2432 980 28.
2466 925 2631 981 Juxta
2658 941 2954 980 mensuram
2996 925 3352 997 intelligentia:
3375 925 3628 996 pascendi
3657 926 3842 984 audite

2273 1036 2374 1074 res.
2399 1051 2471 1063 —-
2498 1018 2557 1075 Si
2578 1017 2895 1087 ignorantia:
2921 1018 3226 1073 obscuritas
3251 1017 3369 1074 sine
3394 1019 3738 1076 dubitatione
3763 1035 3873 1078 nox

2272 1111 2456 1167 cordis
2497 1119 2600 1178 est,
2644 1109 2950 1166 intellectus
2989 1125 3096 1165 non
3146 1110 3417 1167 immerito
3463 1111 3578 1168 dies
3617 1122 3871 1170 vocatur.
3924 1181 3932 1190 .

2276 1203 2428 1259 Unde
2454 1210 2508 1258 et
2530 1217 2627 1274 per
2659 1202 2882 1258 Paulum
2908 1203 3104 1257 dicitur
3131 1221 3144 1257 :
3176 1203 3324 1258 Alius
3343 1206 3548 1276 judicat
3571 1197 3712 1262 diem
3735 1208 3873 1264 inter

2273 1297 2440 1362 diem,
2499 1296 2633 1350 alius
2687 1296 2892 1366 judicat
2939 1311 3142 1350 omnem
3181 1297 3318 1352 diem
3366 1297 3544 1369 (Rom.
3591 1317 3683 1356 xrv
3713 1341 3730 1368 ,
3788 1302 3872 1371 5).

2273 1385 2352 1442 Ac
2379 1387 2424 1442 si
2450 1396 2637 1456 aperte
2657 1387 2799 1442 dicat
2823 1405 2836 1441 :
2861 1387 3011 1443 Alius
3038 1389 3282 1457 qumdam
3299 1391 3568 1446 nonnullis
3600 1393 3871 1450 intermis-

2273 1477 2346 1533 sis
2375 1478 2645 1547 intelligit,
2676 1479 2811 1535 alius
2839 1493 2968 1534 vero
3007 1481 3190 1535 omnia
3217 1478 3244 1518 ιι
3291 1482 3568 1539 intellectu
3595 1486 3872 1556 possibilia

2273 1571 2348 1626 ita
2393 1579 2450 1626 ut
2493 1583 2622 1628 sunt
2669 1556 2906 1628 videnda
2948 1575 3247 1644 cognoscit.
3305 1575 3689 1648 Unusquisque
3743 1595 3871 1650 ergo

2274 1663 2414 1719 tilius
2437 1663 2488 1718 in
2512 1664 2599 1720 die
2620 1680 2720 1720 suo
2741 1665 3047 1721 convivium
3069 1667 3307 1733 exhibet,
3333 1669 3458 1739 quia
3480 1679 3701 1728 sanctus
3721 1673 3869 1743 quis-

2274 1770 2381 1825 que
2406 1755 2726 1826 praedicator
2773 1756 2928 1825 juxta
2968 1771 3276 1814 mensuram
3325 1759 3640 1819 illuminatae
3669 1764 3872 1819 intelli-

2274 1847 2470 1915 gentize
2495 1856 2705 1903 mentes
2733 1848 3064 1904 audientium
3104 1850 3280 1921 epulis
3312 1854 3556 1909 veritatis
3587 1856 3781 1925 pascit.
3815 1856 3873 1912 in

576 1917 635 1963 υι
663 1916 786 1979 Ροεῑ
819 1907 934 2012 ei"?
965 1907 1129 2012 etiam
1177 1915 1354 2012 ³δ¹ξ¹ξ³
1399 1914 1741 2012 νίξθπθηωη
1777 1904 1945 2012 Plan“)
2003 1914 2169 1961 aues'
2199 1935 2246 1996 Β
2274 1904 2360 1995 die
2377 1956 2477 1996 suo
2500 1939 2692 1997 Paulus
2713 1940 2917 1996 fecerat
2937 1904 3266 2012 convivium,
3291 1961 3416 2000 cum
3447 1904 3660 2002 dicebrat
3687 1967 3701 2001 :
3736 1948 3870 2004 Bea-

575 2010 742 2068 tante,
766 2003 857 2072 qui
879 2003 983 2057 ait:
1018 2001 1141 2056 Non
1170 2001 1316 2056 multi
1343 2003 1600 2071 sapientes
1626 2001 1906 2055 secundum
1935 2017 2164 2067 carnem,

574 2111 678 2149 non
722 2096 869 2148 multi
899 2104 1152 2165 potentes,
1187 2110 1288 2148 non
1328 2093 1477 2147 multi
1505 2091 1718 2157 nobiles,
1751 2092 1843 2144 sed
1873 2108 1986 2164 quae
2011 2095 2167 2146 stulta

573 2185 1072 2256 suntmundi,elegit
1095 2185 1253 2250 Deus,
1287 2194 1342 2238 ut
1368 2185 1655 2257 confundat
1679 2186 1940 2256 sapientes
1968 2184 2016 2258 [l
2043 2185 2164 2239 Cor.

577 2277 747 2348 1,27)?
776 2277 894 2348 Ipsa
929 2293 1161 2346 namque
1191 2286 1393 2331 sanctae
1425 2275 1680 2331 Ecclesia:
1710 2277 1994 2346 principia,
2028 2275 2171 2331 litte-

575 2382 756 2423 rarum
788 2368 1136 2436 perhibentur
1185 2369 1392 2436 ignara,
1443 2377 1501 2420 ut
1544 2367 1813 2433 videlicet,
1860 2368 2072 2422 cunctis
2117 2369 2170 2422 in

575 2458 1018 2530 prmdicatoribus
1047 2459 1156 2515 suis
1198 2455 1528 2528 Redemptor
1576 2458 1886 2515 ostenderet
1932 2460 2074 2529 quod
2105 2460 2173 2515 ad

575 2550 740 2605 vitam
769 2549 1054 2606 credentes
1082 2550 1309 2622 populos
1360 2559 1465 2606 non
1499 2565 1699 2617 sermo,
1740 2551 1833 2606 sed
1861 2565 2020 2607 causa
2050 2567 2175 2607 sua-

576 2642 747 2698 deret.
779 2641 1067 2714 Sequitur:

968 2776 1197 2833 CAPUT
1225 2777 1385 2835 xvui
1409 2778 1558 2852 [γει.
1592 2777 1778 2851 XIX).

643 2891 779 2948 inin.
811 2919 881 2934 --
911 2890 1041 2946 Erat
1077 2893 1155 2946 vir
1199 2891 1289 2946 ille
1315 2905 1533 2964 magnus
1585 2893 1723 2947 inter
1773 2909 1948 2948 omnes
1992 2892 2175 2949 Orien-

576 2981 723 3037 tales.

641 3074 733 3130 26.
763 3073 1002 3129 Christus
1029 3076 1353 3130 humanitate
1401 3078 1606 3132 steteris
1645 3077 1856 3143 similis,
1906 3079 2175 3135 divinitate

572 3169 961 3240 singularisz—
979 3169 1134 3236 Quod
1167 3169 1496 3242 Redemptor
1519 3179 1703 3227 noster
1730 3172 1924 3229 Oriens
1951 3173 2166 3241 dicitur,

573 3260 838 3330 propheta
870 3261 977 3331 26
1024 3267 1259 3316 testante
1287 3263 1618 3332 perhibetur,
1652 3264 1745 3332 qui
1775 3265 1848 3318 ait
1895 3281 1908 3318 :
1958 3263 2028 3318 Et
2054 3280 2169 3319 ecce

572 3350 650 3404 uir
680 3349 868 3404 Oriens
898 3368 1084 3405 nomen
1132 3352 1244 3422 ejus
1289 3353 1472 3423 (Zaeh.
1502 3369 1572 3419 vr,
1606 3353 1716 3425 i2).
1767 3355 1967 3410 Omnes
2015 3369 2170 3424 ergo,

575 3439 666 3508 qui
692 3440 744 3494 in
775 3440 880 3496 hoc
909 3440 1130 3497 Oriente
1160 3441 1262 3497 lide
1292 3445 1612 3508 consistunt,
1667 3454 1816 3500 recte
1863 3445 2170 3502 Orientales

575 3544 859 3592 vocantur.
885 3536 992 3592 Sed
1019 3539 1143 3608 quia
1173 3553 1362 3594 omnes
1387 3539 1635 3596 homines
1666 3544 2043 3598 tantummodo
2066 3545 2168 3600 ho-

574 3633 747 3689 mines
768 3641 914 3703 sunt,
947 3634 1064 3704 ipse
1099 3644 1280 3689 autem
1321 3632 1511 3691 Oriens
1557 3635 1698 3692 Deus
1724 3643 1777 3692 et
1807 3637 1989 3701 homo,
2021 3647 2172 3696 recte

573 3725 789 3795 dicitur,
822 3725 958 3783 Erat
1004 3741 1224 3801 magnus
1272 3727 1408 3782 inter
1446 3741 1622 3783 omnes
1655 3729 1971 3785 Orientales.
2007 3731 2083 3786 Ac
2123 3733 2170 3787 si

571 3827 758 3890 aperte
786 3818 1056 3875 diceretur
1081 3837 1096 3873 :
1127 3817 1347 3884 Omnes,
1379 3819 1470 3889 qui
1499 3819 1551 3874 in
1583 3819 1687 3875 lide
1712 3821 1820 3877 Deo
1849 3831 2166 3890 nascuntur,

571 3919 829 3983 superat;
860 3913 988 3982 quia
1019 3926 1126 3968 non
1171 3919 1229 3967 ut
1259 3920 1490 3968 caeteros
1539 3912 1777 3984 adeptio,
1824 3914 1920 3970 sed
1970 3923 2164 3972 natura

571 4005 718 4061 illum
747 4007 1043 4063 divinitatis
1079 4007 1313 4073 exaltat,
1348 4009 1438 4078 qui
1466 4007 1566 4063 etsi
1593 4008 1927 4066 humanitate
1957 4012 2168 4068 caeteris

572 4100 820 4170 apparuit
845 4101 1034 4156 similis
1102 4100 1383 4156 divinitate
1427 4108 1605 4156 tamen
1637 4101 1833 4156 mansit
1859 4117 2022 4173 super
2051 4117 2168 4158 omo-

572 4190 663 4245 nia
691 4191 996 4259 singularis.

859 4323 1087 4382 CAPUT
1118 4323 1242 4381 XIX
1268 4324 1418 4399 [Rec.
1452 4325 1585 4393 VII,
1629 4326 1745 4384 γει.
1787 4326 1940 4399 XX].

652 4435 800 4493 Vers.
849 4435 906 4492 4.
927 4468 1000 4480 --
1025 4435 1093 4494 Et
1117 4439 1262 4493 ibant
1291 4439 1392 4510 ﬁlii
1431 4442 1562 4511 ejus,
1605 4451 1653 4498 et
1680 4443 1945 4514 faciebant
1995 4449 2169 4502 convi-

573 4534 655 4588 via
683 4548 776 4601 per
807 4532 1014 4602 domos,

639 4625 728 4681 27.
777 4623 845 4680 In
879 4626 1002 4695 ﬁliis
1030 4625 1130 4680 Job
1176 4628 1407 4682 convivia
1434 4628 1812 4685 celebrantibus
1840 4633 2160 4700 praedicato-

570 4734 652 4774 res
701 4717 1046 4790 intelligendi.
1074 4750 1148 4762 —-
1177 4717 1298 4774 Filii
1328 4718 1522 4776 tacturi
1552 4722 1797 4778 convivia
1825 4739 1921 4795 per
1971 4726 2160 4781 domos
2191 4715 2244 4776 Ι)
2270 4715 2520 4806 demissa,
2539 4715 2675 4799 gum
2697 4746 2899 4802 diceret
2933 4766 2946 4801 ε

569 4809 739 4875 ibant,
770 4825 892 4866 cum
941 4811 1321 4882 pradicatores
1352 4813 1584 4882 apostoli
1622 4815 1676 4870 in
1715 4815 1941 4872 diversis
1979 4818 2162 4872 mundi

569 4901 901 4970 regionibus,
935 4903 1188 4960 virtutum
1215 4903 1403 4974 epulas
1429 4905 1792 4972 audientibus,
1823 4909 1977 4979 quasi
2005 4909 2164 4964 eden-

571 4989 714 5048 tibus
739 4992 1134 5051 ministrabant.
1171 4993 1320 5052 Unde
1347 5006 1404 5052 et
1431 4997 1634 5054 eisdem
1661 4999 1781 5055 tiliis
1809 5000 1876 5056 de
1915 5002 2158 5058 esurien-

571 5083 713 5144 tibus
774 5085 1016 5156 plebibus
1064 5087 1261 5146 dicitur
1305 5108 1318 5143 :
1364 5089 1501 5147 Date
1545 5094 1650 5150 illis
1703 5111 1790 5154 eas
1844 5097 2162 5154 manducare

571 5175 787 5249 (Matth.
822 5193 929 5244 xiv,
960 5179 1027 5234 i7
1049 5197 1064 5245 ;
1087 5196 1176 5243 xv,
1210 5179 1306 5248 Ὡς
1331 5181 1500 5238 Marc.
1541 5203 1611 5251 vi,
1643 5187 1744 5254 57;
1778 5187 1904 5242 Luc.
1940 5207 2013 5250 Ix,
2055 5193 2159 5261 l5).

569 5266 635 5322 Et
661 5273 874 5324 rursum
905 5275 920 5323 ἑ
973 5264 1246 5326 Dimittere
1283 5289 1370 5328 eos
1407 5275 1618 5347 jejunus
1650 5278 1789 5342 nolo,
1824 5297 1887 5334 ne
1915 5279 2162 5352 deﬁciant

568 5363 620 5419 in
646 5365 746 5419 via.
780 5361 838 5420 Id
864 5373 968 5435 est,
998 5359 1052 5421 in
1080 5365 1458 5436 praedicatione
1487 5381 1662 5428 vestra
1681 5375 2162 5433 verbum'consola-

567 5458 731 5513 tionis
758 5459 1046 5530 accipiant,
1088 5475 1158 5516 ne
1190 5476 1222 5518 a
1265 5464 1507 5520 veritatis
1550 5467 1742 5536 pabulo
1777 5468 1946 5540 jejuni
1975 5485 2155 5528 rema-

567 5553 776 5618 nentes,
810 5552 863 5608 in
893 5552 1050 5622 hujus
1075 5555 1199 5611 vita:
1226 5555 1412 5615 labore
1447 5560 1817 5617 succumbant.
1867 5559 2002 5621 Hinc
2029 5583 2153 5622 rur-

565 5641 684 5698 sum
713 5635 914 5700 eisdem
957 5645 1077 5703 ﬁliis
1121 5648 1319 5705 dicitur
1351 5669 1363 5704 :
1401 5639 1706 5721 Operamini
1732 5672 1836 5709 non
1875 5656 2043 5713 cibum
2065 5663 2152 5731 qui

566 5737 722 5807 perit,
740 5737 831 5791 sed
840 5740 925 5810 qui
940 5751 1208 5808 permanet
1226 5745 1284 5797 in
1302 5745 1458 5798 vitam
1471 5751 1718 5801 (sternam
1735 5747 1784 5820 (Ι
1793 5766 1915 5805 oau.
1941 5765 2012 5815 VI,
2027 5751 2144 5822 27).

641 5867 668 5960 ξ
699 5859 847 5960 idem
874 5876 1023 5960 Mssa
1047 5877 1171 5943 Quae
1192 5889 1241 5935 et
1262 5881 1331 5960 ad
1363 5883 1702 5960 uertendum,
1728 5886 2258 5960 hitnlerumAupponit.

2274 2036 2431 2088 tiores
2456 2043 2603 2087 erunt
2624 2035 2667 2086 si
2693 2034 2765 2086 sic
2794 2037 3175 2101 permanserint
3195 2037 3478 2092 secundum
3503 2056 3671 2093 meum
3699 2045 3868 2095 consi-

2273 2127 2399 2181 lium
2442 2126 2496 2195 (I
2525 2125 2644 2180 Cor.
2677 2143 2767 2192 vn,
2811 2126 2922 2197 40).
2957 2125 3032 2182 De
3059 2126 3142 2182 die
3172 2144 3272 2184 suo
3303 2145 3747 2201 unumquemque
3775 2133 3869 2187 ad-

2273 2225 2530 2280 monebat
2559 2224 2822 2292 cogitare,
2867 2233 2990 2278 cum
3022 2224 3264 2280 diceret:
3293 2225 3653 2299 Unusquisque
3681 2230 3736 2281 in
3777 2244 3868 2282 sue

2273 2334 2426 2372 sensu
2455 2317 2678 2371 abundet
2710 2317 2890 2386 (Rom.
2924 2333 3031 2384 Iuv,
3062 2317 3144 2388 5).
3167 2317 3424 2389 Sequitur
3455 2337 3469 2372 :

2873 2427 3105 2484 CAPUT
3143 2429 3280 2486 XXI.

2345 2519 2472 2577 inin.
2497 2555 2568 2565 —
2593 2522 2662 2576 Et
2690 2525 2948 2578 mittentes
2985 2525 3240 2580 uocabant
3271 2533 3373 2581 tres
3399 2543 3603 2582 sorores
3645 2544 3786 2592 suas,
3813 2539 3869 2581 ut

2275 2615 2599 2670 comederent
2626 2624 2674 2669 et
2703 2616 2931 2670 biberent
2960 2633 3074 2671 cum
3102 2620 3193 2672 eis.
3230 2639 3243 2650 -

2344 2709 2433 2765 29.
2469 2710 2544 2765 Hi
2573 2729 2662 2782 per
2685 2713 2828 2781 ﬁlias
2855 2711 2955 2767 Job
2984 2713 3368 2783 signiﬁcantur.
3397 2714 3674 2784 Scriptura
3715 2731 3868 2769 sacra

2277 2806 2428 2859 modo
2454 2805 2619 2872 cibus,
2645 2807 2796 2861 modo
2825 2815 2996 2877 potus.
3013 2807 3324 2863 —Sorores
3358 2807 3450 2863 lilii
3474 2809 3541 2863 ad
3561 2811 3870 2866 convivium

2275 2905 2472 2952 vocant
2498 2915 2509 2949 :
2534 2899 2660 2966 quia
2693 2898 2917 2953 intlrmis
2947 2899 3282 2954 auditoribus
3320 2901 3492 2956 sancti
3523 2902 3756 2971 apostoli
3783 2918 3868 2958 re-

2276 2987 2797 3057 t‘ectionis'superme
2823 2989 3014 3058 gaudia
3045 2989 3358 3060 praedicant,
3391 3005 3687 3062 eorumque
3714 3007 3869 3049 men-

2276 3087 2377 3148 tes,
2407 3080 2531 3150 quia
2564 3095 2594 3135 a
2625 3082 2870 3138 veritatis
2912 3084 3111 3153 pabulo
3131 3083 3352 3153 .jejunas
3381 3086 3670 3156 aspiciunt,
3703 3089 3868 3144 divini

2274 3172 2473 3243 eloquii
2502 3173 2672 3242 epulis
2700 3182 2948 3244 pascunt.
2973 3174 3119 3248 [νει.
3143 3174 3328 3246 XXI.)
3355 3177 3498 3233 Bene
3529 3187 3709 3233 autem
3737 3179 3870 3235 dici-

2277 3269 2408 3317 tur:
2448 3262 2516 3317 Ut
2561 3266 2887 3320 comederent
2931 3274 2982 3320 et
3025 3265 3250 3321 biberent
3296 3285 3412 3323 cum
3458 3273 3548 3324 eis.
3591 3269 3868 3342 Scriptura

2277 3356 2420 3410 enim
2445 3371 2597 3412 sacra
2629 3358 2920 3428 aliquando
2949 3359 3104 3414 nobis
3133 3367 3216 3415 est
3243 3362 3415 3428 cibus,
3447 3363 3739 3434 aliquando
3767 3381 3868 3435 po-

2276 3458 2380 3506 tus.
2415 3450 2580 3507 Cibus
2609 3460 2693 3508 cst
2731 3454 2784 3508 in
2816 3454 2951 3510 locis
2977 3455 3400 3527 obscurioribus,
3442 3458 3568 3527 quia
3595 3459 3747 3529 quasi
3775 3474 3870 3515 ex-

2273 3545 2526 3614 ponendo
2577 3543 2873 3618 frangitur,
2936 3555 2992 3603 et
3038 3549 3346 3606 mandendo
3401 3551 3646 3620 glutitur.
3702 3550 3868 3609 Pctus

2273 3651 2404 3692 vero
2433 3644 2515 3693 est
2545 3639 2598 3694 in
2629 3640 2760 3696 locis
2787 3643 3170 3711 apertioribus,
3197 3643 3420 3713 quiaita
3453 3645 3706 3700 sorbetur
3732 3647 3869 3702 sicut

2274 3730 2563 3788 invenitur.
2591 3732 2780 3788 Cibum
2807 3735 2944 3789 vidit
2969 3736 3234 3807 propheta
3265 3737 3600 3811 Scripturam
3631 3753 3863 3805 sacram,

2273 3823 2363 3890 qui
2409 3825 2732 3893 exponendo
2762 3824 3135 3896 frangeretur,
3177 3845 3300 3883 cum
3346 3829 3552 3885 diceret
3596 3849 3611 3884 :
3652 3830 3866 3887 Parvuli

2272 3914 2528 3984 petierunt
2557 3934 2761 3986 panem,
2791 3926 2967 3974 etnon
2996 3927 3107 3974 erat
3137 3921 3223 3993 qui
3253 3924 3517 3993 frangeret
3545 3924 3618 3977 eis
3650 3921 3861 3995 (Thren.

2271 4019 2343 4072 Iv,
2363 4007 2459 4078 4):
2493 4008 2546 4062 id
2572 4017 2674 4073 est,
2707 4009 2902 4065 infirmi
2934 4013 3132 4084 quique
3168 4012 3458 4086 Scriptura:
3498 4032 3665 4072 sacrae
3684 4017 3865 4073 valen-

2272 4097 2442 4153 tiores
2463 4101 2756 4156 sententias
2780 4102 3055 4172 petierunt
3075 4108 3399 4176 exponendo
3421 4110 3747 4177 comminui;
3774 4111 3865 4166 sed

2273 4193 2364 4264 qui
2394 4208 2666 4264 exponere
2693 4193 2890 4251 debeat
2919 4214 3028 4254 non
3059 4200 3202 4256 valet
3232 4201 3480 4258 inveniri.
3516 4204 3709 4260 Potum
3736 4205 3864 4259 vidit

2271 4283 2604 4355 Scripturam
2644 4299 2854 4342 sacram
2898 4289 3187 4360 propheta,
3219 4308 3340 4348 cum
3372 4294 3577 4350 diceret
3617 4313 3630 4348 :
3673 4295 3864 4350 Omnes

2271 4376 2498 4430 sitientes
2522 4379 2687 4431 venite
2713 4377 2782 4431 ad
2801 4395 2962 4449 aquas
2985 4380 3142 4449 (Isai.
3174 4400 3261 4451 ιν,
3300 4381 3374 4454 l).
3403 4383 3460 4440 Si
3489 4393 3649 4456 potus
3677 4391 3864 4458 aperta

2270 4467 2520 4522 mandata
2569 4485 2674 4523 non
2715 4481 2914 4538 essent,
2963 4489 3062 4544 per
3110 4475 3454 4548 semetipsam
3494 4476 3711 4533 Veritas
3758 4493 3863 4533 non

2271 4561 2529 4616 clamaret
2563 4579 2574 4614 :
2610 4560 2670 4616 Si
2701 4564 2813 4634 quis
2861 4566 2994 4631 sitit,
3037 4567 3208 4621 veniat
3232 4569 3300 4621 ad
3327 4587 3408 4623 me
3437 4576 3483 4622 et
3512 4570 3652 4623 bibat
3682 4567 3860 4640 (Joan.

2269 4669 2360 4718 vn,
2389 4653 2501 4719 5'7).
2528 4653 2693 4720 Quasi
2725 4656 2904 4711 cibum
2928 4665 2982 4712 et
3009 4667 3197 4727 potum
3219 4662 3351 4715 vidit
3383 4663 3645 4732 propheta
3669 4659 3864 4717 ludam

2981 4747 3199 4806 Nobiles
3232 4753 3343 4823 ejus
3373 4754 3679 4809 interierunt
3706 4759 3860 4827 fame,

2267 4843 2315 4888 et
2336 4836 2608 4891 multitudo
2644 4838 2756 4909 ejus
2797 4841 2883 4895 siti
2915 4846 3120 4897 exaruit
3149 4845 3304 4918 (Isai.
3337 4863 3388 4912 v,
3418 4845 3525 4918 1‘2).
3560 4845 3861 4904 Paucorum

2268 4926 2468 4995 quippe
2493 4935 2573 4982 est
2608 4926 2766 4984 fortia
2798 4940 2852 4986 et
2891 4933 3101 4990 occulta
3154 4937 3254 5008 27
3307 4953 3667 5008 cognoscere;
3725 4943 3862 4995 mul-

2269 5025 2446 5072 torum
2474 5033 2626 5087 vero,
2657 5019 2894 5078 historice
2933 5037 3118 5096 aperta
3161 5029 3380 5085 sentire.
3428 5023 3494 5085 Et
3534 5031 3736 5088 idcirco
3764 5029 3861 5086 Ju-

2269 5097 2394 5163 daeie
2434 5109 2642 5166 nobiles
2688 5128 2795 5166 non
2838 5114 2956 5180 siti,
3008 5117 3102 5170 sed
3143 5116 3281 5174 i‘ame
3329 5119 3597 5178 interiisse
3637 5123 3862 5188 asserit;

2267 5200 2391 5267 quia
2424 5201 2475 5255 hi
2505 5204 2596 5272 qui
2638 5219 2868 5274 praeesse
2905 5206 3245 5275 videbantur,
3291 5210 3418 5266 dum
3447 5220 3591 5269 totos
3619 5229 3679 5269 se
3709 5224 3861 5270 exte-

2266 5293 2396 5350 riori
2425 5294 2790 5366 intelligentia:
2819 5299 3098 5370 dederant,
3143 5304 3290 5374 quod
3335 5305 3404 5364 de
3430 5306 3634 5363 intimis
3676 5297 3860 5364 discu-

2269 5385 2448 5441 tiendo
2477 5389 2796 5444 manderent
2819 5405 2925 5445 non
2953 5392 3242 5449 habebant.
3269 5395 3404 5462 Quia
3425 5413 3555 5454 vero
3577 5398 3860 5456 sublimio-

2266 5477 2410 5532 ribus
2449 5478 2517 5532 ab
2565 5478 2777 5538 interno
2807 5481 3082 5539 intellectu
3132 5486 3470 5554 cadentibus,
3511 5490 3859 5562 parvulorum

2265 5569 2614 5640 intelligentia
2647 5581 2700 5627 ct
2728 5573 2781 5628 in
2811 5575 3168 5632 exterioribus
3200 5579 3540 5650 exsiccatur,
3571 5590 3725 5640 recte
3750 5581 3860 5638 illic

2263 5659 2566 5730 adjungitur
2595 5679 2607 5714 :
2642 5661 2921 5719 Multitudo
2950 5667 3060 5736 ejus
3086 5668 3174 5721 siti
3205 5673 3430 5726 exaruit.
3477 5671 3555 5728 Ac
3595 5673 3641 5728 si
3669 5679 3861 5744 aperte

2257 5752 2461 5809 diceret
2494 5770 2506 5805 :
2535 5752 2661 5809 dum
2700 5757 2888 5824 vulgus
2929 5759 3052 5813 vitae
3079 5774 3187 5815 suae
3217 5762 3452 5819 studium
3480 5764 3704 5837 deserit,
3739 5765 3857 5839 jam

638 5940 668 5980 ιι
709 5941 904 6010 Corb.,
930 5940 1112 6002 Germ.
1145 5965 1228 6006 ac.
1260 5951 1334 6020 pl.
1363 5940 1502 6008 'Mss.
1529 5969 1650 6009 cum
1674 5940 1783 6012 vet.
1816 5940 2257 6018 Edit.VParrisv.-et
2283 5959 2469 6026 Basil.,
2489 5963 2670 6017 omnia
2697 5963 2767 6016 ad
2793 5966 3108 6023 intellectum
3126 5969 3422 6033 possibilia;
