4130 6444
234 416 336 476 5M

1179 406 1550 466 MORALIUM
1580 405 1718 463 ΙᾹΒα
1741 402 1783 458 ι.
1823 429 1894 450 -ν
1932 399 2002 458 ΙιΝ
2039 402 2264 461 CbPUT
2306 403 2326 460 l
2364 405 2426 460 Β.
2465 404 2607 461 JOB.

3411 401 3518 460 542

238 553 340 596 nec
360 535 562 604 ﬂuenta
585 531 826 590 historiae
853 529 1108 602 exquirit.
1141 528 1208 586 Et
1231 527 1446 586 occulta
1467 525 1608 583 sacri
1631 521 1830 594 eloquii
1856 523 1912 587 Α
1936 522 2020 578 nis
2053 522 2282 592 gloriam
2297 563 2312 587 ,
2360 523 2748 592 cogitationum
2795 521 3082 593 pulverem
3102 527 3343 589 tergere,
3365 533 3520 589 gres-

238 629 494 688 mandata
523 635 586 682 et-
612 634 799 698 aperta
838 637 898 679 se
929 621 1258 678 intellexisse
1291 627 1591 686 testantur,
1621 615 1713 688 qui
1740 629 1830 670 re—
1861 629 1872 639 δ

240 721 495 797 probanti
531 733 592 776 se
627 717 791 789 iudici
822 720 1215 786 conquerentes
1235 712 1422 769 dicunt
1447 730 1460 765 :
1491 708 1835 765 Mundae-avi-

245 835 360 876 mus
383 825 432 873 et
453 815 672 872 bibimus
700 828 877 869 coram
903 820 951 865 te
992 808 1146 883 (Luc.
1178 825 1296 875 xm,
1316 807 1431 878 26).
1465 804 1620 873 Quod
1647 810 1836 874 aperte

246 910 568 985 exponendo
597 907 930 978 subiungunt
958 923 973 960 :
1006 904 1077 960 Et
1105 907 1159 960 in
1187 903 1374 976 plateis
1398 901 1591 956 nostris
1615 898 1836 954 docuisti

249 1005 466 1081 (Ibid.).
497 1003 634 1072 Quia
665 1015 796 1072 ergo
823 1013 977 1056 sacra
1004 996 1220 1070 eloquia
1251 995 1306 1051 in
1344 993 1479 1054 locis
1508 988 1838 1058 obscuriori-

250 1098 351 1154 bus
376 1093 699 1166 exponendo
727 1093 1068 1160 lranguntur,
1095 1089 1150 1144 in
1175 1086 1308 1142 locis
1331 1100 1462 1141 vero
1482 1082 1840 1154 apertioribus

253 1191 350 1255 ita,
377 1197 437 1243 ut
459 1187 676 1242 inventa
696 1184 910 1249 fuerint,
939 1189 1214 1254 potantur,
1247 1179 1460 1234 dicatur
1483 1183 1631 1233 recte
1662 1192 1676 1228 :
1711 1172 1838 1228 Mit-

254 1291 422 1337 tentes
446 1278 696 1336 vocabant
726 1286 828 1332 tres
855 1291 1058 1331 sorores
1085 1289 1227 1338 suas,
1257 1280 1314 1326 ut
1344 1268 1664 1325 comederent
1693 1273 1742 1320 et
1767 1265 1845 1319 bi-

257 1374 435 1431 berent
460 1391 573 1429 cum
593 1374 684 1430 eis.
710 1371 788 1427 Ae
805 1371 852 1426 si
881 1377 1070 1441 aperte
1087 1367 1362 1423 diceretur
1385 1383 1395 1418 :
1425 1360 1664 1420 inﬁmos
1686 1374 1846 1429 quos-

259 1482 368 1540 que
393 1465 590 1521 blanda
621 1465 690 1520 ad
715 1477 776 1520 se
816 1460 1168 1534 persuasione
1196 1457 1550 1522 deducebant,
1582 1461 1848 1524 quatenus

259 1574 448 1616 eorum
474 1566 708 1626 mentes,-
734 1564 790 1612 et
809 1568 1001 1624 magna
1020 1566 1118 1624 per
1139 1547 1653 1620 contemplationem
1680 1543 1850 1600 disse-

260 1665 443 1715 rentes
486 1663 806 1728 pascerent,
857 1659 914 1709 et
939 1665 1104 1723 parva
1131 1664 1230 1720 per
1263 1645 1554 1703 historiam
1575 1641 1851 1699 tradentes

261 1751 545 1807 nutrirent.
571 1747 824 1820 Sequitur
856 1763 868 1800 :

641 1857 869 1918 CAPUT
897 1857 1038 1914 xxn
1068 1856 1214 1930 [γει.
1241 1851 1462 1924 XXII].

343 1977 501 2034 Vens.
535 1977 589 2032 5.
617 2009 688 2021 ——
719 1976 942 2046 Cumque
970 1974 1025 2026 in
1054 1971 1228 2027 orbem
1259 1959 1567 2023 transissent
1591 1965 1698 2019 dies
1727 1981 1855 2018 con-

171 2064 174 2066 ’
263 2067 400 2135 uivii,
453 2059 686 2124 mittebat
715 2063 833 2134 Job,
877 2073 927 2118 et
954 2060 1316 2134 sanctiﬁcabat
1347 2076 1434 2114 eos
1463 2075 1480 2112 :
1519 2073 1859 2128 consurgens-

265 2181 362 2236 que
392 2159 615 2216 diluculo
643 2160 890 2232 offerebat
921 2158 1221 2212 holocausta
1239 2172 1328 2225 per
1357 2152 1609 2222 singulos.

337 2253 427 2309 30.
456 2245 688 2309 Christus
711 2254 1110 2323 praedicatorum
1135 2265 1344 2305 suorum
1371 2245 1527 2303 corda
1550 2243 1862 2299 mundat.—

269 2347 327 2402 ιιι
368 2339 552 2401 orbem
584 2339 698 2400 dies
742 2344 975 2400 convivii
1026 2349 1330 2407 transeunt,
1363 2356 1481 2395 cum
1517 2335 1860 2409 praedicatio-

273 2456 398 2496 num
455 2437 753 2494 ministcr‘ia
802 2435 1152 2507 peraguntur.
1196 2431 1544 2499 Peractisqu'c
1581 2427 1860 2494 conviviis,

273 2535 648 2591 holocaustum
670 2530 771 2588 Job
796 2547 895 2602 pro
925 2529 1046 2586 liliis
1068 2529 1296 2595 obtulit;
1329 2525 1452 2597 quia
1484 2540 1583 2595 pro
1605 2522 1865 2596 apostolis

275 2629 342 2684 de
399 2626 784 2698 prmdicatione
821 2624 1212 2687 redeuntibus,
1263 2621 1476 2676 Patrem
1536 2615 1868 2682 Redemptor

276 2723 541 2778 exoravit.
574 2720 720 2775 Bene
751 2725 932 2774 autem
962 2716 1226 2771 mittendo
1266 2709 1606 2769 sanctiﬁcare
1632 2707 1862 2768 dicitur;

278 2814 404 2886 quia
449 2813 573 2866 dum
623 2819 868 2866 sanctum
920 2807 1198 2880 Spiritum,
1233 2815 1258 2842 ⁸
1286 2805 1379 2876 qui
1426 2819 1455 2856 a
1512 2817 1570 2856 se
1599 2796 1868 2869 procedit,

278 2905 662 2978 discipulorum
703 2902 957 2959 cordibus
985 2901 1191 2963 tribuit,
1218 2891 1674 2968 quidquid-culpm
1696 2890 1871 2944 inesse

189 3026 202 3038 -
278 2997 475 3071 potuit,
503 2995 827 3051 emundavit.
855 2992 1132 3063 Recteque
1155 2990 1221 3045 ad
1258 2985 1532 3045 offerenda
1555 2982 1870 3039 holocausta

279 3070 518 3145 diluculo
547 3099 874 3155 consurgere
911 3083 1254 3156 perhibetur;
1288 3081 1411 3150 quia
1442 3094 1541 3150 per
1579 3075 1684 3131 hoc
1729 3070 1874 3142 quod

282 3198 380 3256 pro
403 3181 557 3237 nobis
587 3177 990 3236 intercessionis
1021 3191 1132 3232 suae
1161 3173 1482 3246 petitionem
1514 3166 1728 3231 obtulit,
1763 3163 1873 3218 dis-

283 3292 439 3334 cussa
478 3275 676 3331 erroris
709 3280 887 3338 nocte,
919 3272 1168 3326 humanm
1215 3266 1413 3322 mentis
1457 3261 1707 3318 tenebras
1750 3257 1867 3311 illu-

285 3369 506 3436 stravit;
535 3383 602 3423 nc
631 3381 738 3436 quo
772 3364 978 3436 peccati
1001 3362 1275 3429 contagio,
1305 3374 1374 3412 ex
1397 3359 1508 3427 ipsa
1536 3349 1878 3425 praedicatio-

287 3460 368 3517 nis
409 3461 576 3531 gratia
596 3504 610 3528 ,
641 3474 794 3514 mens
826 3459 877 3514 in
908 3457 1122 3512 occulto
1150 3453 1422 3524 polluatur
1449 3469 1462 3516 ;
1515 3464 1582 3504 ne
1621 3445 1722 3502 sibi
1756 3458 1875 3514 quas

288 3555 397 3624 agit
439 3554 669 3619 tribuat;
703 3568 769 3608 ne
798 3550 899 3606 sibi
931 3546 1218 3604 tribuendo
1243 3560 1361 3616 quae
1392 3542 1603 3612 agebat,
1637 3538 1872 3594 amittat.

291 3643 446 3702 Unde
472 3653 620 3700 recte
641 3642 981 3713 subiungitur
1005 3659 1016 3694 :

429 3759 658 3818 CAPUT
699 3757 858 3813 XXIII
900 3757 1044 3830 [νει.
1088 3753 1326 3818 XXIII;
1372 3751 1494 3805 Rec.
1549 3745 1736 3817 VIII].

361 3850 565 3906 lntn.-—-
595 3848 805 3904 Dicebat
828 3849 986 3914 enim,
1013 3845 1096 3900 Ne
1128 3848 1258 3917 forte
1279 3843 1598 3916 peccaverint
1633 3840 1728 3895 ﬁlii
1757 3839 1877 3904 mei,

289 3955 338 4001 et
361 3943 715 4001 benedixerint
738 3940 849 3994 Deo
877 3941 931 3994 in
959 3937 1198 3994 cordibus
1225 3938 1349 3991 suis.

366 4035 452 4092 5i.
480 4032 706 4088 Macula:
726 4051 755 4086 a
777 4030 1205 4103 prcedicatoribus
1227 4034 1508 4083 contracta:
1529 4024 1781 4097 quomodo
1804 4024 1885 4078 di-

293 4130 516 4188 tueudre.
537 4159 608 4172 —-
629 4127 742 4182 Deo
763 4127 962 4196 quippe
982 4122 1332 4188 benedicere,
1354 4119 1410 4175 id
1438 4125 1522 4176 est
1543 4115 1883 4194 maleditzre,

295 4233 378 4280 est
399 4222 470 4279 de
491 4222 606 4293 ejus
627 4234 852 4276 munere
876 4218 977 4275 sibi
1007 4215 1235 4287 gloriam
1265 4212 1526 4284 praebere.
1563 4207 1718 4265 Unde
1739 4214 1889 4263 recte

295 4315 495 4372 sanctis
523 4311 784 4384 apostolis
812 4319 938 4382 post
965 4307 1400 4381 prmdicationem
1430 4302 1692 4359 Dominus
1722 4298 1889 4370 pedes

295 4407 428 4463 lavit
479 4404 638 4476 (Joau
679 4419 794 4470 xm,
828 4400 920 4472 5);
967 4408 1026 4457 ut
1064 4398 1314 4456 videlicet
1340 4401 1530 4467 aperte
1561 4399 1889 4450 monstraret

297 4501 423 4571 quia
445 4500 761 4570 plerumque
787 4508 843 4552 et
871 4496 924 4551 iu
953 4495 1098 4551 bono
1127 4507 1294 4564 opere
1317 4489 1528 4561 peccati
1558 4486 1732 4558 pulvis
1759 4500 1886 4541 con-

298 4593 549 4657 trahitur,
600 4599 656 4645 et
695 4588 821 4644 inde
863 4587 1214 4657 inquinantur
1260 4581 1488 4652 vestigia
1534 4577 1889 4648 loquentium,

1931 629 2132 684 susque
2159 613 2338 670 cordis
2361 614 2429 669 ah
2459 614 2668 670 interna
2697 615 2933 671 elatione
2962 613 3259 669 mundare?
3286 610 3399 668 Nec
3419 614 3523 668 oh-

1933 714 2041 776 stat
2069 707 2137 762 ab
2166 705 2479 762 omnimoda
2507 705 2822 762 Mediatoris
2847 705 3072 763 scientia
3115 703 3259 776 quod
3287 703 3524 762 dicitur:

1936 797 2022 855 Ne
2050 802 2201 872 forte.
2239 801 2374 854 Nam
2401 806 2596 856 cuncta
2625 799 2833 868 sciens,
2865 799 2963 856 sed
2994 809 3016 838 ο
3049 799 3105 854 in
3133 798 3408 856 locutione
3429 812 3526 855 sua

1936 893 2295 964 ignorantiam
2321 901 2564 950 nostram
2588 893 2910 964 suscipiens,
2938 895 3046 966 28
3065 901 3228 964 atque
3254 893 3381 948 dum
3410 906 3528 947 sus-

1939 987 2067 1058 cipit
2093 985 2314 1053 docens,
2359 999 2754 1058 nonnunquam
2780 985 2933 1056 quasi
2977 1001 3046 1041 ex
3091 994 3277 1041 nostra
3317 985 3532 1040 dubita-

1940 1079 2088 1136 tione
2129 1078 2387 1149 loquitur,
2437 1078 2579 1134 sicut
2621 1077 2800 1132 dicit:
2831 1075 3003 1131 Filius
3043 1076 3264 1131 hominis
3303 1075 3531 1140 ueniens,

1942 1179 2111 1242 putas,
2161 1171 2382 1226 inveniet
2425 1171 2582 1242 ﬁdem
2611 1186 2764 1242 super
2794 1171 3039 1238 terram?
3077 1167 3226 1238 (Luc.
3263 1183 3412 1231 xvm,
3454 1165 3534 1234 5.)

1944 1259 2185 1331 Expletis
2215 1276 2345 1331 ergo
2384 1262 2668 1327 conviviis,
2696 1261 3020 1318 sacriﬁcium
3048 1259 3149 1315 Job
3179 1276 3277 1330 pro
3306 1259 3425 1314 liliis
3453 1257 3537 1313 ομ

1946 1353 2126 1411 ferens
2154 1355 2368 1411 dicebat
2403 1373 2416 1409 :
2452 1354 2537 1410 Ne
2566 1358 2702 1426 forte
2741 1355 3065 1424 peccaverint
3104 1353 3201 1424 ﬁlii
3229 1353 3350 1417 mei,
3373 1361 3422 1405 et
3451 1351 3539 1404 θεη-

1949 1450 2243 1504 iudicarint
2264 1447 2375 1504 Deo
2396 1450 2452 1503 in
2478 1446 2718 1503 cordibus
2751 1449 2888 1513 suis;
2927 1448 3053 1516 quia
3085 1444 3414 1514 Redemptor
3441 1457 3542 1498 no-

1951 1554 2062 1601 ster
2089 1553 2378 1616 postquam
2407 1543 2790 1614 praedicatores
2817 1557 2946 1597 suos
2975 1557 3005 1595 a
3036 1540 3194 1595 malis
3222 1539 3544 1608 impugnari-

1953 1639 2094 1695 tibus
2122 1639 2300 1707 diluit,
2328 1638 2490 1692 etiam
2514 1637 2654 1692 inter
2678 1637 2822 1692 bona
2842 1649 2964 1705 quae
2988 1640 3214 1705 egerant
3232 1647 3264 1688 a
3287 1629 3546 1686 scrutatio-

1954 1730 2112 1786 nibus
2139 1727 2396 1784 defendit.
2427 1729 2684 1798 Sequitur
2708 1747 2720 1782 :

2165 1861 2396 1918 CAPUT
2422 1862 2590 1919 xxrv
2616 1840 2761 1937 [Ven
2790 1859 3023 1926 XXIV;
3055 1859 3180 1914 Bec.
3221 1849 3340 1930 IX].

2034 1974 2161 2036 Isin.
2192 2013 2264 2024 —
2292 1980 2381 2034 Sic
2405 1978 2625 2051 faciebat
2651 1976 2750 2031 Job
2780 1978 2976 2030 cunctis
3005 1973 3202 2028 diebus.

2035 2075 2122 2132 52.
2158 2075 2536 2129 IIotocaustum
2561 2072 2606 2144 ζα
2646 2070 2847 2126 Christo
2877 2086 2971 2141 pro
3012 2066 3159 2121 uobis
3183 2066 3379 2136 jugiter
3407 2063 3554 2118 obta~

1963 2178 2091 2226 tum.
2125 2167 2345 2224 Cunctis
2382 2166 2572 2220 diebus
2598 2163 2700 2219 Job
2729 2162 3048 2219 sacriﬁcium
3080 2157 3274 2216 offerre
3301 2173 3406 2212 non
3436 2172 3555 2211 ces-

1964 2267 2080 2326 sat;
2111 2260 2236 2330 quia
2268 2258 2385 2312 sine
2425 2254 2825 2310 intermissione
2855 2267 2953 2323 pro
2990 2251 3144 2306 nobis
3178 2248 3558 2303 holocaustum

1967 2350 2298 2420 Redemptor
2325 2348 2592 2414 immolat,
2615 2346 2707 2416 qui
2735 2346 2852 2400 sine
2895 2343 3200 2398 cessatione
3232 2339 3378 2395 Patri
3408 2354 3560 2395 suam

1968 2459 2066 2516 pro
2118 2443 2272 2498 nobis
2320 2439 2745 2495 incarnationem
2796 2433 3147 2490 demonstrat.
3206 2431 3324 2502 Ipsa
3365 2430 3563 2502 quippe

1968 2537 2084 2608 ejus
2133 2535 2431 2590 incarnatio
2486 2539 2684 2587 nostra:
2741 2525 3139 2585 emundationis
3187 2521 3389 2578 oblatio
3441 2529 3564 2589 est;

1970 2646 2201 2700 cumque
2224 2644 2282 2682 sc
2311 2625 2590 2680 hominem
2621 2621 2880 2684 ostendit,
2911 2618 3105 2673 delicta
3136 2615 3369 2671 hominis
3400 2614 3566 2668 inter-

1972 2724 2195 2780 veniens
2223 2720 2398 2775 diluit.
2427 2717 2495 2770 Et
2523 2713 2880 2770 humanitatis
2909 2727 3018 2767 sua:
3049 2709 3304 2782 mysterio
3327 2719 3567 2778 perenne

1973 2815 2294 2872 sacriticium
2341 2811 2608 2877 immolat,
2639 2807 2763 2878 quia
2804 2814 2860 2860 et
2885 2805 3000 2860 haec
3041 2809 3166 2858 sunt
3214 2809 3417 2857 mterna
3447 2811 3567 2872 qua:

1975 2909 2216 2965 mundat.

2048 2999 2135 3055 '55.
2171 2999 2317 3072 [νει.
2343 2994 2549 3067 λειω
2582 2993 2718 3060 Quid
2750 2993 2998 3048 hactenus
3028 2991 3093 3045 de
3117 3005 3269 3046 sensu
3301 2987 3486 3042 histor.
3516 2992 3569 3040 et

1978 3097 2192 3167 altegor.
2215 3093 2339 3165 quid
2355 3092 2602 3163 deinceps
2633 3088 2694 3143 de
2714 3089 2900 3143 morali
2931 3084 3364 3159 prosequendum.
3380 3077 3570 3149 -—lgi-

1981 3199 2066 3244 tur
2088 3187 2211 3258 quia
2229 3186 2282 3240 in
2306 3186 2424 3254 ipso
2448 3182 2804 3254 expositionis
2825 3179 3051 3235 exordio
3074 3178 3152 3233 sic
3175 3190 3406 3248 persona
3430 3169 3573 3227 beati

1978 3279 2079 3335 Job
2108 3277 2342 3333 nuntiari
2371 3276 2658 3330 Dominum
2701 3272 2952 3335 diximus,
2987 3277 3046 3325 ut
3089 3265 3356 3337 designari
3386 3279 3484 3336 per
3513 3251 3574 3316 il~

1982 3374 2092 3428 lum
2123 3378 2286 3442 caput
2316 3377 2372 3425 et
2400 3383 2618 3439 corpus,
2652 3365 2703 3419 id
2749 3373 2849 3429 est,
2883 3362 3156 3418 Christum
3186 3367 3240 3414 et
3279 3354 3574 3410 Ecclesium

1983 3465 2311 3527 diceremus;
2342 3467 2626 3532 postquam
2668 3463 2832 3526 caput
2862 3462 3104 3509 nostrum
3133 3439 3405 3520 quomodo
3437 3439 3578 3499 desis

1985 3565 2202 3630 gnatum
2257 3553 2540 3622 credatur,
2589 3550 2957 3614 ostendimus,
3008 3561 3151 3602 nunc
3198 3557 3396 3612 corpus
3441 3538 3578 3607 ejus,

1990 3650 2136 3722 quod
2183 3663 2283 3704 nos
2325 3660 2532 3711 sumus,
2563 3641 2835 3714 quomodo
2857 3638 3208 3709 exprimatur,
3257 3629 3581 3693 indicemus;

1991 3752 2052 3798 ut
2071 3741 2198 3810 quia
2222 3738 2524 3794 audivimus
2545 3751 2612 3790 ex
2641 3732 2866 3789 historia
2898 3729 3042 3798 quod
3072 3728 3351 3787 miremur,
3378 3734 3584 3788 cogno-

1993 3837 2165 3891 vimus
2187 3849 2255 3889 ex
2280 3832 2458 3902 capite
2489 3827 2637 3900 quod
2666 3825 2982 3888 credamus;
3015 3818 3420 3876 consideremus
3445 3826 3586 3867 nunc

1995 3944 2060 3984 ex
2091 3940 2320 3997 corpore
2340 3920 2485 3994 quod
2516 3917 2744 3974 vivendo
2772 3924 3072 3970 teneamus.
3099 3910 3157 3966 In
3189 3903 3588 3974 nobismetipsis

1998 4031 2230 4087 namque
2280 4013 2540 4069 debemus
2591 4003 2979 4063 transformare
3026 4001 3172 4073 quod
3220 3997 3482 4067 legimus;
3531 3999 3588 4047 ut

1997 4130 2119 4172 cum
2148 4127 2244 4185 per
2283 4108 2526 4165 auditum
2555 4119 2615 4160 se
2643 4103 2855 4158 animus
2883 4097 3103 4164 excitat,
3147 4094 3214 4151 ad
3257 4088 3589 4164 operandum

1998 4205 2145 4280 quod
2173 4202 2405 4260 audierit
2431 4199 2542 4256 vita
2572 4200 2883 4254 concurrat.

2247 4315 2475 4375 CAPUT
2512 4311 2654 4368 XXV
2682 4309 2830 4385 [νει.
2856 4303 3074 4370 XXVI,
3110 4301 3235 4358 Bac.
3261 4296 3361 4370 X‘}.

2076 4437 2235 4494 Vens.
2271 4437 2318 4490 l.
2342 4466 2414 4477 -——
2449 4429 2541 4485 Vir
2570 4433 2684 4484 crat
2702 4428 2759 4480 in
2788 4433 2924 4478 terra
2952 4419 3066 4474 Ilus
3093 4418 3302 4473 nomine
3326 4411 3449 4468 Job.

2071 4531 2160 4587 ⁸54.
2190 4527 2390 4584 Sensus
2421 4535 2669 4580 MORALIS.
2711 4549 2782 4560 ——
2806 4514 2907 4570 Job
2938 4513 3125 4567 electos
3154 4505 3434 4576 signiﬁcat.
3468 4499 3596 4565 Qua:

2001 4640 2177 4681 eorum
2199 4620 2404 4691 a/fectio
2448 4619 2587 4670 circa
2629 4622 2836 4666 terrena
2860 4613 2908 4660 et
2939 4612 3154 4658 caterua.
3181 4626 3254 4641 --
3280 4591 3337 4648 Si
3362 4593 3464 4646 Job
3500 4590 3596 4645 do-

299 4685 443 4783 unfif
478 4683 813 4783 “dienimm
855 4679 1019 4783 (iouia
1048 4677 1400 4783 m‘tndimfm
1415 4673 1894 4783 .Νῗ“1ῗῗ¹ἶξ’ῗ,ἷ¹ῗ¹ἶ’
1923 4709 1976 4774 D
2005 4717 2143 4783 lens,
2171 4673 2376 4769 etullus
2423 4704 2739 4763 consiliator
2767 4698 2985 4760 dicitur,
3035 4706 3144 4746 non
3187 4684 3457 4742 immerito
3500 4697 3598 4754 per

302 4779 433 4835 nulli
460 4778 584 4834 dum
608 4773 1006 4833 exhortationis
1035 4771 1198 4826 verba
1231 4769 1452 4832 faciunt,
1485 4763 1784 4834 quamlibet
1811 4769 1896 4816 te-

303 4871 501 4938 nuiter,
532 4884 652 4925 sese
700 4867 1041 4928 intrinsecus,
1071 4860 1195 4932 quia
1247 4875 1344 4930 per
1373 4857 1400 4896 b
1431 4871 1524 4912 eos
1564 4851 1900 4925 purgationis

304 4962 477 5034 gratia
505 4961 819 5027 derivatur,
865 4955 1165 5016 extollunt;
1219 4964 1451 5019 cumque
1503 4946 1668 5002 verbo
1720 4944 1898 4998 aliena

306 5071 472 5127 opera
502 5055 730 5118 diluunt,
761 5049 913 5123 quasi
945 5063 1012 5104 ex
1040 5048 1184 5102 bono
1216 5043 1408 5097 itinere
1437 5039 1715 5111 pulverem
1744 5034 1901 5090 malae

308 5151 654 5224 cogitationis
682 5147 921 5205 ‘shin'unt.
955 5133 1094 5212 Quid
1136 5141 1265 5209 ergo
1290 5137 1389 5192 fuit
1408 5141 1533 5206 post
1555 5129 1899 5202 praedicatio-

449 5249 617 5322 pedes
641 5245 1030 5318 discipulorum
1057 5239 1259 5299 lavare,
1285 5232 1386 5290 nisi
1415 5236 1538 5302 post
1559 5222 1902 5298 praedicatio-

379 5439 406 5471 ⁸
435 5431 462 5486 1
494 5431 685 5499 (30m,
729 5426 980 5490 Vindoc.,
1012 5416 1258 5482 Ebroic.,
1302 5409 1467 5472 Utic.,
1516 5411 1572 5459 ct
1600 5403 1694 5468 aL,
1731 5404 1817 5471 qui
1844 5415 1908 5453 ea;

308 5522 364 5559 se
391 5504 640 5560 vrocedit.

380 5523 673 5631 fiiﬁei'iég.
705 5569 916 5640 Anglic.
961 5573 1028 5640 et
1041 5560 1288 5640 plerique
1303 5569 1391 5640 ἐξ
1421 5547 1911 5640 n‘ostrisbnecno-n

308 5617 920 5704 νει.’ἓά’ἑὶῗ”ὐίἶὶἱξ’ἷέ
967 5617 1266 5704 Ῠὶἦὰορῑὶιε
1303 5623 1487 5686 habet,
1521 5617 1908 5704 prccdicugtionis

219 5721 226 5730 '
309 5698 630 5782 cratiajvlta
676 5713 840 5782 etiam
871 5707 1090 5782 Belvac.
1145 5699 1321 5782 verba
1361 5698 1647 5782 sequentia

217 5833 222 5837 .
649 5780 1040 5856 praeferendam
1093 5772 1324 5854 suadere
1355 5755 1914 5856 videntur-"ignvia?

215 5874 218 5876 ‘
309 5825 473 5916 :1:er
479 5825 683 5914 ’ὥιὲηὲ
701 5825 857 5926 dpera
887 5851 1116 5926 diluunt,
1147 5843 1294 5916 quasi
1319 5855 1383 5894 ea:
1412 5836 1544 5890 bono
1575 5831 1758 5886 itinere
1798 5825 1916 5898 put-

313 5949 483 5988 verem
511 5930 667 5986 mula!
694 5921 1025 5998 069,5,‘a‘50ni‘
1045 5923 1288 5998 εειηιξιιιει
1430 5977 1496 5998 η-
1515 5973 1568 5998 ,ει
1627 5967 1691 5998 ιε

387 5966 1394 6058 Ϊέ’ἓξὲξίὁῖἷῖιιέἓῖιξέξῖὶῌὲιὲῖιὶἷΕιιίι.
1430 5973 1592 6031 Basil.
1626 5966 1919 6039 15M,Pa-

2005 4818 2232 4876 utraque
2261 4800 2482 4856 nomina
2529 4796 2735 4850 electus
2777 4789 3006 4858 quisque
3035 4783 3326 4853 ﬁguratur;
3359 4777 3486 4848 quia
3516 4775 3600 4830 nl-

2005 4870 2199 4958 mirum
2230 4891 2634 4951 consiliatorem
2677 4884 2915 4938 animum
2959 4875 3243 4940 inhabitat,
3288 4871 3380 4942 qui
3410 4870 3600 4926 dolens

2006 4996 2072 5051 de
2093 4988 2448 5065 praesentibus
2470 4981 2537 5037 ad
2561 4988 2764 5035 mtern'a
2788 4972 3024 5029 festinat.
3054 4965 3190 5024 Nam
3211 4974 3338 5022 sunt
3356 4961 3602 5020 nonnulli

2005 5053 2291 5166 quivilam
2333 5099 2486 5141 suam
2517 5079 2828 5149 negliguut;
2859 5082 2915 5128 et
2939 5071 3068 5127 dum
3099 5065 3409 5125 transitoria
3436 5075 3603 5134 appe—
3696 5053 3700 5058 ’

1985 5219 2151 5277 .tunl,
2200 5206 2326 5263 dum
2357 5209 2559 5257 :rterna
2587 5194 2672 5251 vel
2701 5208 2810 5248 non
2855 5185 3180 5258 intelligunt,
3211 5181 3299 5238 vel
3325 5175 3600 5235 intellecta

2015 5397 2110 5452 ris.
2136 5389 2295 5456 1518,
2318 5394 2373 5442 et
2395 5386 2509 5439 alite
2529 5383 2749 5446 habent,
2763 5379 2853 5432 sed
2881 5378 2946 5456 in_
2962 5373 3231 5456 semetipso
3252 5360 3606 5456 ignorari

2018 5437 2560 5528 irisvcipiens
2574 5471 2589 5519 ;
2632 5437 2773 5528 sane
2790 5447 3049 5528 mendose
3079 5437 3602 5528 et'cpntrarm'e‘nt‘e‘m

2023 5505 2716 5596 's'iﬁhi"b3€idii§,'tiuem
2746 5518 2990 5596 Agnoitis
3033 5509 3300 5596 brgreticis
3339 5505 3608 5596 figentem

2017 5570 2591 5665 ῗιῖᾶἰἶὲἱιηῖ.””ὃὸηεὶιιὲ
2636 5607 2756 5663 quae
2794 5570 2867 5665 fin
2906 5570 3032 5665 ejus
3075 5582 3195 5665 Ylta
3245 5570 3612 5665 disimllshtlf

2023 5649 3232 5752 iié’ﬁéié'cviﬁsadverse-11851‘9333‘5-315%"
3258 5649 3434 5752 ἳὲθξξῖ.
3453 5649 3610 5752 θιὶίὲξ·

2024 5715 2358 5814 $ﬁ°"i3”ut"6’g”."
2373 5715 3033 5814 "patriarcha
3063 5715 3205 5814 lollith
3225 5719 3326 5814 ‘42
3346 5715 3454 5814 ΙξὶΙι.

2026 5784 2348 5888 ἵιῗᾱῗζίᾛῗίί
2653 5784 2690 5860 vl
2702 5784 2844 5888 thin
2873 5812 2978 5868 qua
3007 5784 3281 5888 a‘tihristo
3309 5789 3473 5847 etiam
3513 5784 3613 5839 ho-

2026 5875 2172 5951 mine
2201 5875 2416 5946 omnem
2453 5875 2811 5956 ignorantiam
2845 5875 3078 5928 amovet.
