4130 6464
626 441 731 499 545

1838 441 2080 499 SANCTI
2121 442 2445 500 GREGORII
2486 444 2703 502 MAGNI

3805 448 3910 503 5H

626 563 997 623 contemnunt,
1021 570 1124 612 nec
1151 556 1395 612 dolorem
1421 557 1681 623 sentiunt,
1717 570 1819 612 nec
1849 556 2051 612 habere
2073 574 2208 613 con-
2241 565 2289 620 Α
2317 559 2461 614 timis
2488 560 2674 615 sentit.
2705 558 2844 615 Sunt
2870 572 3103 629 namque
3130 559 3374 615 nonnulli
3400 558 3490 628 qui
3522 556 3574 611 in
3602 558 3763 614 bonis
3791 576 3913 629 qua:

623 649 798 703 silium
829 648 1026 705 sciunt.
1057 650 1298 717 Cumque
1323 664 1577 720 superna,
1607 666 1727 720 qua:
1748 650 2070 715 amiserunt,
2098 667 2209 706 non

620 739 988 805 considerant,
1018 754 1141 794 esse
1167 754 1246 803 se,
1277 739 1381 794 h'eu
1409 740 1623 796 miseri!
1665 740 1718 794 in
1758 741 1915 796 bonis
1944 751 1966 777 ⁸
1999 750 2208 812 putant.

620 829 969 899 Nequaquam
994 830 1139 884 enim
1171 830 1238 884 ad
1263 831 1505 885 veritatis
1530 830 1727 897 lucem,
1752 832 1839 887 cui
1869 832 2073 887 conditi
2094 831 2215 887 fue-

619 929 762 986 rant,
792 920 989 975 mentis
1018 921 1206 976 oculos
1228 920 1475 989 erigunt;
1505 936 1845 991 nequaquam
1868 924 1938 976 ad
1964 930 2211 978 contem-

618 1013 913 1083 plationem
958 1022 1175 1069 κεῖθι-ηαξ
1222 1015 1407 1084 patria:
1446 1014 1698 1070 desiderii
1735 1016 1905 1071 aciem
1938 1015 2163 1071 tendunt
2194 1031 2208 1068 :

616 1106 713 1162 sed
734 1107 1057 1176 semetipsos
1079 1107 1131 1161 in
1157 1108 1239 1161 his
1261 1107 1329 1161 ad
1349 1122 1470 1176 qua:
1490 1106 1717 1177 proiecti
1739 1116 1863 1161 sunt
1878 1106 2210 1171 deserentes,

621 1199 733 1252 vice
774 1198 962 1267 patria:
1009 1198 1236 1267 diligunt
1274 1198 1520 1253 exsilium
1551 1198 1697 1267 quod
1725 1198 2022 1267 patiuntur,
2062 1205 2119 1251 et
2156 1197 2211 1251 in

616 1292 879 1357 cmcitate,
913 1307 1073 1361 quam
1106 1292 1356 1353 tolerant.
1406 1292 1559 1360 quasi
1608 1291 1662 1345 in
1705 1291 1949 1347 claritate
1996 1290 2213 1345 luminis

617 1381 907 1437 exsultant.
958 1384 1027 1435 At
1056 1392 1243 1437 contra
1273 1383 1573 1437 electorum
1603 1392 1816 1437 mentes
1846 1384 1974 1437 dum
2020 1391 2211 1437 cuncta

618 1475 924 1529 transitoria
950 1475 1096 1529 nulla
1118 1490 1237 1530 esse
1260 1475 1622 1545 conspiciunt,
1645 1473 1673 1513 ι)
1700 1474 1765 1528 ad
1787 1490 1906 1544 qum
1936 1475 2045 1529 sint
2072 1490 2206 1530 con-

616 1566 742 1621 ditm
789 1569 1112 1638 exquirunt;
1172 1584 1402 1638 cumque
1432 1584 1619 1623 eorum
1669 1567 2022 1622 satisfactioni
2080 1568 2211 1622 nihil

616 1667 771 1713 extra
819 1658 987 1713 Deum
1017 1659 1235 1725 sullicit,
1268 1659 1385 1729 ipsa
1424 1659 1785 1728 inquisitionis
1825 1660 2213 1715 exercitatione

617 1756 837 1825 fatigata
868 1756 1082 1810 illorum
1113 1755 1407 1823 cogitatio,
1459 1755 1512 1809 in
1552 1754 1847 1810 conditoris
1875 1755 1959 1808 sui
2007 1769 2104 1824 spe
2152 1763 2209 1809 et

617 1849 1076 1919 contemplatione
1102 1849 1413 1920 requiescit,
1444 1850 1692 1919 supernis
1730 1848 1977 1903 interseri
2005 1849 2212 1904 civibus

2313 653 2517 710 faciunt
2556 653 2824 724 simplices
2852 668 2962 709 non
2990 660 3148 719 sunt,
3177 652 3305 707 dum
3341 667 3450 707 non
3479 654 3533 707 in
3556 652 3644 708 his
3668 654 3907 708 retribu-

2312 745 2514 801 tionem
2540 746 2786 813 iuterius,
2810 744 2904 800 sed
2923 744 3160 800 exterius
3187 743 3428 800 favorem
3456 753 3731 813 quterunt.
3757 743 3910 802 Unde

2310 837 2449 893 bene
2479 854 2576 909 per
2600 840 2888 909 quemdam
2916 838 3216 908 sapientem
3242 835 3439 892 dicitur
3466 854 3478 890 :
3520 836 3616 892 Vw
3642 841 3909 907 peccatari

2311 937 2504 984 terram
2530 931 2841 1003 ingredienti
2870 929 3068 984 duabus
3097 928 3190 983 viis
3222 927 3414 1000 (Eccli.
3444 946 3504 998 ιι,
3534 926 3651 1002 Ii).
3686 931 3911 988 Duabus

2311 1020 2509 1090 quippe
2552 1021 2655 1076 viis
2697 1029 2955 1092 peccator
2998 1028 3197 1075 terram
3248 1019 3563 1089 ingreditur,
3602 1021 3832 1090 quando
3861 1032 3913 1078 et

2310 1107 2407 1163 Dei
2435 1118 2517 1164 est
2540 1109 2684 1179 quod
2711 1124 2878 1179 opere
2906 1108 3148 1176 exhibet,
3169 1116 3225 1163 et
3248 1109 3433 1164 mundi
3461 1109 3608 1180 quod
3630 1125 3736 1181 per
3760 1112 3911 1180 cogi-

2314 1200 2571 1256 tationem
2602 1201 2815 1269 quaerit.

2383 1292 2471 1346 57.
2498 1292 2543 1345 Α
2572 1294 2758 1347 timore
2786 1293 3019 1361 inchoat,
3048 1296 3104 1347 in
3127 1295 3382 1349 charitate
3405 1304 3823 1350 consummatur.
3844 1320 3913 1337 -ι

2313 1384 2461 1440 Bene
2497 1392 2679 1439 autem
2722 1384 2918 1440 dicitur
2949 1404 2965 1439 :
2999 1385 3206 1440 Timens
3248 1387 3449 1454 Deum,
3490 1397 3538 1441 et
3587 1388 3837 1443 recedens
3878 1405 3912 1444 ι

2312 1478 2485 1542 malo;
2533 1478 2657 1547 quia
2702 1485 2890 1533 sancta
2935 1477 3229 1533 electorum
3269 1477 3509 1535 Ecclesia
3545 1480 3909 1551 simplicitatis

2312 1584 2422 1624 suae
2443 1576 2498 1623 et
2516 1567 2853 1624 rectitudinis
2875 1578 2900 1606 °
2922 1569 3037 1624 vias
3058 1569 3251 1625 timore
3270 1570 3507 1637 inchoat,
3522 1570 3620 1627 sed
3641 1572 3908 1629 charitate

2312 1666 2671 1714 consummat.
2717 1660 2816 1715 Cui
2847 1668 2975 1714 tunc
3019 1668 3104 1715 est
3126 1660 3365 1717 funditus
3391 1677 3423 1716 a
3452 1662 3596 1718 malo
3625 1663 3905 1730 recedere,

2313 1766 2436 1806 cum
2463 1766 2529 1806 ex
2561 1766 2747 1805 amore
2786 1750 2882 1805 Dei
2909 1751 3134 1820 cmperit
3157 1750 3271 1820 jam
3300 1752 3446 1809 nolle
3473 1768 3732 1823 peccare.
3773 1752 3906 1809 Cum

2316 1858 2443 1898 vero
2468 1842 2643 1897 adhuc
2668 1842 2861 1899 timore
2884 1844 3029 1899 bona
3054 1844 3184 1912 agit,
3214 1858 3246 1899 a
3268 1844 3411 1900 malo
3442 1846 3658 1915 penitus
3685 1862 3798 1903 non
3822 1864 3907 1904 re-

615 1943 853 2013 appetit;
878 1950 931 1997 et
961 1943 1327 2013 unusquisque
1354 1958 1542 1997 eorum
1572 1942 1747 1998 adhuc
1776 1942 1829 1996 in
1862 1942 2060 1997 mundo
2090 1958 2206 1997 cor-
2235 1934 2285 1995 B
2310 1934 2503 1999 cessit;
2551 1933 2677 2003 quia
2709 1948 2775 1988 ϐο
2804 1933 2921 2003 ipso
2961 1942 3172 2005 νεαρξη,
3212 1949 3319 2004 quo
3368 1949 3595 2005 Peccal'e
3642 1936 3834 2004 vellet,
3863 1940 3906 1994 si

616 2046 747 2104 pore
799 2034 1047 2104 positus,
1100 2041 1281 2089 mente
1332 2033 1444 2103 jam
1496 2042 1647 2088 extra
1701 2033 1961 2088 mundum
2016 2034 2205 2102 surgit,

615 2144 906 2183 {erumnam
944 2129 1142 2196 exsilii,
1189 2143 1349 2199 quam
1394 2128 1613 2195 tolerat,
1643 2127 1909 2199 deplorat,
1934 2136 1989 2181 et
2020 2127 2085 2181 ad
2115 2143 2209 2181 su-

616 2221 834 2276 blitnem
861 2222 1089 2290 patriam
1119 2220 1513 2275 incessantihus
1542 2235 1601 2274 se
1631 2220 1833 2275 amoris
1857 2220 2088 2275 stimulis
2115 2235 2209 2275 ex-

617 2315 766 2369 citat.
791 2314 926 2368 Cum
948 2328 1078 2383 ergo
1100 2314 1293 2369 dolens
1314 2314 1480 2378 videt,
1506 2329 1668 2382 quam
1697 2315 1765 2369 sit
1784 2322 2044 2369 aeternum
2065 2315 2209 2385 quod

617 2406 863 2475 perdidit,
903 2406 1107 2460 invenit
1136 2406 1351 2461 salubre
1406 2406 1687 2461 consilium
1708 2449 1722 2474 ,
1776 2408 2075 2479 temporale
2104 2409 2209 2463 hoc

618 2494 893 2565 despicere
936 2496 1080 2565 quod
1109 2496 1411 2565 percurrit;
1445 2503 1500 2550 et
1527 2513 1636 2567 quo
1664 2498 1834 2567 magis
1860 2498 2053 2553 crescit
2078 2514 2208 2554 con-

616 2589 719 2643 silii
745 2590 993 2659 scientia,
1017 2598 1075 2646 ttt
1102 2590 1345 2661 peritura
1372 2591 1481 2661 29
1504 2590 1740 2653 deserat,
1770 2605 1836 2645 eo
1857 2598 2082 2657 augetur
2106 2590 2206 2645 do-

616 2680 714 2751 lor,
745 2682 889 2751 quod
918 2682 1145 2737 necdum
1175 2681 1243 2735 ad
1271 2696 1522 2736 mansura
1554 2681 1843 2751 pertingat.
1879 2679 2031 2735 Unde
2068 2681 2207 2737 bene

616 2787 709 2843 per
750 2772 1096 2830 Salomonem
1151 2773 1386 2827 dicitur:
1425 2784 1445 2809 ε
1498 2770 1599 2837 Qui
1650 2773 1864 2843 apponit
1914 2773 2204 2837 scientiam,

616 2866 822 2936 apponit
849 2866 1079 2921 dolorem
1112 2862 1336 2937 (Eccles.
1365 2881 1400 2927 ι,
1438 2862 1548 2933 18).
1583 2860 1608 2900 ἀ
1640 2862 1742 2929 Qui
1785 2862 1927 2917 enim
1955 2862 2053 2915 scit
2093 2861 2205 2930 jam

617 2972 815 3013 summa
858 2972 977 3027 qua:
1019 2957 1193 3013 adhuc
1236 2973 1343 3012 non
1386 2957 1575 3023 habet,
1604 2956 1776 3025 magis
1817 2956 1884 3009 de
1915 2953 2107 3031 inlimis
2152 2954 2204 3007 in

616 3051 805 3121 quibus
833 3052 1097 3107 retinetur
1127 3051 1299 3106 dolet.

680 3144 770 3201 35.
814 3144 878 3201 In
909 3155 1048 3201 terra
1081 3143 1198 3199 Hus
1219 3188 1234 3212 ,
1276 3146 1333 3199 id
1361 3153 1470 3211 est,
1511 3150 1564 3198 in
1604 3143 1820 3196 consilio
1850 3138 2103 3193 habitant.
2136 3167 2209 3177 —

616 3236 777 3295 Recte
803 3254 932 3309 ergo
962 3240 1013 3293 in
1043 3249 1185 3293 terra
1221 3236 1336 3293 Ilus
1365 3238 1606 3292 habitare
1630 3234 1733 3290 Job
1761 3234 1973 3299 dicitur,
1997 3233 2121 3304 quia
2152 3233 2205 3288 in

2312 2026 2480 2081 inulte
2528 2026 2811 2097 potuisset.
2858 2026 3027 2082 Recte
3072 2041 3203 2097 ergo
3230 2044 3355 2084 cum
3385 2029 3578 2086 timere
3604 2029 3780 2086 Deum
3805 2031 3905 2087 Job

2310 2119 2525 2184 dicitur,
2557 2119 2813 2175 recedere
2840 2120 3002 2173 etiam
3028 2135 3058 2173 a
3086 2120 3229 2175 malo
3252 2120 3594 2190 perhibetur;
3626 2124 3757 2194 quia
3778 2124 3903 2179 dum

2309 2222 2512 2269 metum
2534 2214 2768 2270 charitas
2789 2215 3051 2285 sequitur,
3076 2230 3138 2270 ea
3160 2230 3281 2284 qua:
3307 2214 3327 2253 ί
3355 2224 3537 2271 mente
3560 2217 3905 2286 relinquitur,

2310 2309 2472 2363 etiam
2514 2325 2612 2380 per
2662 2311 3002 2381 cogitationis
3048 2312 3389 2381 propositum
3434 2312 3593 2383 culpa
3644 2314 3903 2369 calcatur.

2312 2402 2456 2475 [νει.
2480 2402 2526 2456 Χ
2534 2402 2584 2456 Χ
2600 2402 2675 2457 VI
2682 2402 2791 2474 11.]
2821 2403 2888 2459 Et
2913 2406 3039 2475 quia
3060 2420 3128 2460 ex
3161 2406 3355 2461 timore
3383 2407 3811 2477 unumquodque
3838 2410 3902 2464 vi-

2310 2495 2445 2547 tium
2474 2496 2757 2565 premitur,
2782 2511 2848 2551 ex
2884 2497 3145 2552 charitate
3164 2506 3347 2553 autem
3374 2498 3604 2555 virtutes
3633 2501 3902 2569 oriuntur,

2310 2597 2459 2644 recte
2478 2588 2817 2659 subjungitur
2845 2607 2861 2647 :

2689 2725 2921 2780 CAPUT
2950 2726 3142 2783 XXVII
3174 2728 3321 2799 [Rec.
3355 2728 3521 2799 XII].

2381 2858 2544 2915 Vens.
2569 2860 2621 2912 2.
2641 2893 2713 2903 -—
2733 2858 2960 2933 Natique
2982 2872 3098 2916 sunt
3132 2864 3177 2916 ei
3207 2872 3397 2934 septem
3425 2863 3523 2935 ﬁlii
3553 2874 3605 2918 et
3633 2872 3738 2917 tres
3757 2864 3901 2933 ﬁlia.

2379 2949 2468 3005 38.
2520 2951 2727 3021 Septem
2772 2952 2869 3021 ﬁlii
2897 2952 2996 3007 Job
3036 2954 3244 3008 totidem
3288 2956 3425 3009 dona
3465 2955 3697 3026 Spiritus
3738 2954 3903 3009 sancti

2309 3044 2640 3113 signiﬁcant;
2682 3054 2783 3097 tres
2826 3046 2973 3114 ﬁlice,
3010 3064 3173 3118 spem,
3204 3048 3363 3118 [idem
3392 3056 3438 3101 et
3474 3048 3800 3101 charitatem.
3834 3080 3904 3091 --
3962 3036 3965 3039 I

2310 3132 2531 3203 Septem
2561 3136 2759 3205 quippe
2787 3136 2943 3191 nobis
2979 3137 3069 3191 lilii
3102 3146 3427 3204 nascuntur,
3458 3154 3581 3194 cum
3630 3152 3728 3208 per
3772 3154 3903 3194 con-

2313 3229 2615 3297 ceptionem
2648 3229 2801 3283 bona:
2831 3231 3197 3298 cogitationis,
3238 3231 3413 3286 sancti
3443 3230 3675 3301 Spiritus
3702 3242 3905 3301 septent

617 3333 851 3388 scientiae
880 3333 1108 3389 consilio
1133 3333 1292 3388 electi
1334 3330 1757 3400 uniuscujusque
1784 3329 1971 3384 dolens
2001 3330 2209 3384 animus

2317 3318 2371 3373 in
2402 3320 2555 3374 nobis
2600 3320 2824 3375 virtutes
2874 3320 3138 3375 oriuntur.
3186 3320 3336 3377 Hanc
3374 3337 3607 3392 namque
3644 3322 3905 3377 internam

618 3431 847 3481 tenetur.
897 3425 1214 3481 Intuendum
1244 3440 1460 3495 quoque
1503 3433 1585 3478 est
1623 3439 1781 3492 quam
1830 3422 2004 3477 nullus
2051 3421 2209 3477 dolor

617 3515 805 3569 mentis
832 3516 903 3571 sit
950 3516 1003 3569 iu
1051 3515 1266 3570 actione
1294 3513 1757 3585 prtecipitationis.
1786 3513 1889 3581 Qui
1920 3514 2061 3569 enim
2094 3512 2209 3568 sine

614 3605 849 3663 consiliis
879 3605 1085 3672 vivunt,
1116 3607 1208 3677 qui
1236 3621 1293 3661 se
1320 3605 1467 3675 ipsos
1497 3620 1675 3661 rerum
1706 3606 1987 3661 eventibus
2015 3608 2208 3676 przeci-

614 3696 755 3765 pites
806 3696 1083 3764 deserunt,
1136 3696 1282 3752 nullo
1332 3697 1546 3753 interim
1594 3690 1977 3767 cogitationum
2023 3697 2243 3754 dolore'

613 3786 923 3858 fatigantur.
973 3788 1109 3843 Nam
1154 3788 1246 3859 qui
1295 3788 1527 3845 solerter
1567 3788 1620 3843 in
1668 3788 1791 3843 vita:
1829 3789 2058 3844 consilio
2096 3789 2212 3858 ﬁgit

614 3890 869 3945 mentem,
900 3888 1058 3936 caute
1079 3895 1198 3936 sese
1221 3881 1273 3935 in
1304 3880 1450 3936 omni
1482 3880 1698 3936 actione
1726 3881 2211 3952 circumspiciendo

616 3975 952 4039 considerat;
993 3982 1048 4028 et
1081 3988 1151 4028 ne
1190 3988 1258 4027 ex
1298 3988 1358 4028 re
1387 3989 1507 4044 qua:
1547 3974 1723 4042 agitur
1746 3975 2059 4044 repentinus
2090 3974 2212 4031 linis

616 4067 977 4136 adversusque
1023 4065 1325 4136 subripiat,
1374 4066 1519 4120 hunc
1562 4066 1711 4137 prius
1753 4066 1987 4121 molliter
2034 4068 2211 4137 posito

526 4166 531 4169 '
615 4158 753 4225 pede
781 4156 1125 4224 cogitationis
1153 4156 1364 4225 palpat;
1394 4164 1585 4225 pensat
1611 4173 1679 4211 ne
1700 4157 1767 4210 ab
1793 4156 1876 4209 his
1900 4172 2018 4225 qua:
2044 4172 2210 4225 agen-

614 4244 679 4298 da
710 4254 838 4300 sunt
866 4244 1095 4301 formido
1121 4245 1452 4314 praepediat;
1484 4261 1550 4300 ne
1576 4247 1629 4301 in
1656 4247 1739 4300 his
1767 4262 1887 4314 quae
1918 4245 2211 4304 differenda

614 4344 735 4391 sunt
768 4335 1124 4406 praecipitatio
1169 4336 1445 4405 impellat;
1500 4352 1565 4391 ne
1603 4353 1766 4408 prava
1798 4354 1897 4408 per
1922 4339 2208 4409 concupis-

618 4429 845 4484 centiam
875 4437 1063 4498 aperlo
1090 4428 1234 4484 bello
1273 4439 1557 4499 superent;
1604 4445 1671 4485 ne
1698 4437 1845 4485 recta
1875 4445 1969 4499 per
1993 4429 2209 4485 inanem

615 4521 840 4590 gloriam
889 4519 1190 4576 insidiando
1238 4520 1603 4590 supplantent.
1650 4519 1753 4576 Job
1796 4534 1925 4590 ergo
1970 4522 2023 4575 in
2065 4529 2209 4577 terra

615 4613 723 4669 Ilus
752 4615 984 4683 habitat,
1015 4614 1141 4669 dum
1189 4628 1340 4670 mens
1376 4613 1535 4669 electi
1566 4630 1674 4683 quo
1704 4613 1874 4684 magis
1903 4629 1999 4683 per
2025 4614 2207 4669 consi-

2315 3411 2521 3479 proletn
2568 3411 2829 3481 prepheta
2870 3412 3193 3481 dinumerat,
3233 3428 3355 3468 cum
3399 3413 3631 3482 Spiritus
3672 3423 3905 3469 mentem

2312 3502 2587 3568 fecundat,
2622 3504 2804 3559 dicens
2836 3521 2848 3557 :
2884 3503 3185 3576 Requiescet
3216 3521 3368 3575 super
3396 3522 3511 3559 eum
3542 3505 3773 3573 Spiritus
3803 3503 3906 3558 Do-

2316 3594 2464 3657 mini,
2496 3596 2709 3663 spiritus
2756 3594 3023 3662 sapientite
3065 3604 3114 3649 et
3156 3597 3478 3662 intellectus,
3530 3597 3743 3664 spiritus
3787 3611 3905 3648 con-

2313 3686 2417 3739 silii
2442 3694 2490 3739 et
2518 3685 2835 3755 fortitudinis
2853 3725 2866 3750 ,
2900 3687 3111 3755 spiritus
3142 3688 3373 3740 scientia:
3400 3695 3451 3740 et
3476 3687 3682 3756 pietatis
3701 3725 3716 3749 ,
3748 3694 3904 3738 et're-

2313 3777 2470 3848 plebit
2496 3793 2611 3829 eum
2639 3778 2853 3847 spiritus
2881 3779 3079 3831 timoris
3111 3777 3318 3833 Domini
3359 3777 3516 3849 (Isai.
3547 3794 3623 3842 XI,
3653 3776 3734 3847 2).
3774 3776 3904 3831 Cum

2314 3884 2445 3939 ergo
2482 3884 2579 3940 per
2608 3870 2895 3924 adventum
2933 3870 3164 3939 Spiritus
3199 3871 3394 3938 sancti,
3428 3871 3715 3941 sapientia,
3749 3868 3905 3923 intel-

2313 3964 2503 4029 lectus,
2536 3963 2841 4027 consilium,
2876 3962 3151 4031 fortitudo,
3181 3965 3426 4033 scientia,
3456 3966 3630 4035 pietas
3657 3978 3723 4017 ac
3750 3964 3905 4017 timor

2315 4057 2528 4112 Domini
2558 4057 2845 4127 unicuique
2874 4066 3117 4112 nostrum
3150 4059 3257 4129 3o
3281 4058 3532 4127 gignitur,
3565 4056 3721 4127 quasi
3751 4071 3903 4110 man-

2312 4168 2437 4207 sura
2476 4150 2767 4222 posteritas
2799 4151 2852 4205 in
2880 4160 3064 4205 mente
3106 4158 3455 4221 propagatur,
3496 4164 3616 4219 qua:
3657 4160 3902 4217 supernae

2315 4251 2513 4299 nostra:
2544 4243 2844 4298 nobilitatis
2872 4256 3043 4311 genus
3069 4256 3135 4297 eo
3162 4242 3230 4297 ad
3264 4242 3431 4296 vitam
3466 4240 3677 4309 longius
3706 4248 3904 4303 servat,

2311 4350 2421 4405 quo
2464 4335 2636 4389 amori
2680 4334 2997 4390 aeternitatis
3040 4334 3235 4390 sociat.
3287 4332 3396 4388 Sed
3434 4332 3639 4387 habent
3664 4332 3720 4385 in
3751 4328 3903 4386 nobis

2312 4438 2520 4499 septem
2545 4428 2635 4482 lilii
2659 4436 2767 4483 tres
2789 4428 2978 4499 procul
3004 4427 3172 4483 dubio
3194 4441 3411 4483 sorores
3432 4440 3576 4490 suas,
3601 4425 3730 4494 quia
3754 4420 3903 4494 quid-

2312 4522 2440 4591 quid
2463 4522 2618 4577 virile
2640 4522 2694 4577 hi
2718 4521 2974 4577 virtutum
3001 4535 3190 4576 sensus
3218 4518 3439 4584 faciunt,
3467 4516 3605 4588 spei,
3633 4514 3759 4570 ﬁdei
3778 4515 3903 4571 cha-

2312 4614 2565 4683 ritatique
2592 4614 2942 4683 coniungunt.
2976 4612 3161 4682 Neque
3189 4612 3334 4666 enim
3364 4610 3431 4665 ad
3456 4608 3665 4665 denarii
3694 4606 3901 4678 perfec-

615 4706 737 4759 lium
771 4706 952 4760 vivere
981 4705 1193 4767 nititur,
1223 4720 1290 4760 eo
1316 4705 1529 4763 anausti
1559 4705 1765 4761 itineris
1794 4704 1984 4760 dolore
2010 4706 2201 4775 l'atiga-
2234 4726 2287 4787 Β
2313 4708 2515 4762 tionem
2552 4719 2761 4779 septem
2809 4708 2901 4762 lilii
2951 4708 3293 4777 perveniunt,
3326 4705 3427 4759 nisi
3470 4705 3525 4758 in
3569 4702 3695 4769 lide,
3727 4718 3824 4772 spe
3850 4710 3903 4755 et

615 4807 717 4853 tur.
748 4798 1006 4869 Sequitur
1043 4818 1056 4853 :

806 4890 1030 4946 CAPUT
1061 4890 1226 4946 XXVI
1261 4891 1405 4966 [Vet.
1440 4889 1544 4944 XX
1562 4888 1691 4953 VII,
1728 4888 1853 4945 Rec.
1885 4887 2016 4960 XI].

683 4978 809 5034 Isto.
840 5008 912 5017 —
948 4980 1184 5051 Simplex
1220 4990 1271 5034 et
1305 4989 1473 5034 rectus
1493 5022 1508 5045 ,
1541 4980 1725 5033 timens
1754 4977 1950 5045 Deum,
1992 4988 2041 5032 et
2071 4996 2211 5033 rece-

614 5075 737 5129 dens
768 5092 801 5128 a
828 5075 988 5129 malo.

681 5166 769 5221 56.
799 5166 937 5221 Justi
957 5165 1922 5238 simplicitasetrectitudo.-—Quisquis
1950 5173 2207 5221 aeternam

613 5260 840 5329 patriam
864 5259 1087 5329 appetit,
1110 5259 1339 5328 simplex
1363 5259 1553 5329 procul
1576 5258 1739 5313 dubio
1763 5266 1817 5310 et
1838 5265 2017 5312 rectus
2038 5257 2205 5313 vivit:

611 5352 843 5422 simplex
868 5350 1120 5408 videlicet
1144 5367 1331 5422 opere,
1355 5362 1535 5407 rectus
1564 5351 1701 5417 lide;
1728 5350 1955 5420 simplex
1980 5351 2032 5404 iu
2053 5351 2210 5406 bonis

610 5459 730 5512 quae
771 5441 993 5497 inferius
1032 5443 1274 5513 peragit,
1315 5452 1495 5500 rectus
1538 5443 1590 5497 in
1620 5442 1843 5497 summis
1878 5458 1994 5511 qua:
2035 5444 2086 5497 in
2128 5444 2210 5498 in-

684 5606 708 5632 °
738 5593 896 5661 Editi,
919 5596 975 5651 in
997 5596 1142 5651 bonis
1173 5600 1344 5669 [elices
1367 5607 1567 5669 putant.
1603 5595 1967 5664 Expuuxitnus
2001 5603 2053 5655 τὸ
2094 5602 2209 5669 [eli-

614 5682 724 5734 ces,
745 5675 805 5736 ut
834 5682 1043 5722 merum
1083 5669 1349 5736 glossema
1380 5669 1504 5721 Mss.
1533 5668 1883 5736 incognitum.

689 5743 714 5775 υ
746 5735 901 5808 9011).
932 5747 987 5808 et
1015 5735 1201 5805 Corb.,
1235 5738 1304 5799 ad
1326 5756 1490 5808 quem.
1523 5738 1677 5806 Reg,
1709 5740 1777 5794 ad
1797 5740 1954 5808 quod.

691 5818 713 5845 ο
749 5805 928 5878 Rem,
954 5807 1189 5876 Remig.,
1213 5805 1466 5869 Vindoc..
1493 5808 1677 5869 Corb.,
1705 5805 1861 5874 Regl,
1886 5809 2082 5878 aliique
2108 5826 2205 5863 an<

618 5885 715 5998 ιιὲ.
734 5876 814 5955 sic
834 5877 1120 5943 legendum
1142 5878 1358 5934 docent.
1382 5878 1436 5933 In
1459 5879 1612 5946 edit.,
1638 5881 1724 5949 qui
1748 5880 1894 5933 addit
1918 5876 2204 5947 scientiam,

620 5962 650 5997 α
691 5945 767 5998 dtt
794 5954 843 5998 et
870 5945 1125 5998 dolorem.

620 5945 767 5999 addit
794 5954 843 6000 et
870 5945 1125 6003 dolorem.

2313 4802 2577 4855 charitate
2619 4799 2779 4856 fuerit
2824 4816 2983 4855 omne
3021 4799 3166 4869 quod
3196 4806 3379 4867 agunt.
3431 4796 3565 4863 Quia
3596 4811 3729 4850 vero
3760 4794 3898 4848 hanc
3956 4810 3961 4816 ·

2312 4891 2667 4960 prmeuntium
2713 4891 2973 4945 virtutum
3020 4892 3233 4960 copiam
3281 4887 3597 4943 multimoda
3636 4886 3904 4941 bonorum

2314 4999 2537 5053 operum
2565 4984 2824 5051 cogitatio
2854 4984 3115 5051 sequitur,
3156 4991 3307 5038 recte
3336 4981 3680 5050 subiungitur
3707 4996 3722 5033 :

2665 5127 2893 5184 CAPUT
2924 5127 3135 5185 XXVIII
3176 5126 3325 5200 [Rea
3356 5122 3558 5196 XIII].

2383 5258 2546 5313 Vens.
2588 5258 2642 5314 5,
2674 5288 2742 5301 --
2790 5259 2859 5314 Et
2907 5262 3004 5333 fuit
3051 5262 3306 5329 possessio
3344 5276 3459 5331 ejus
3498 5267 3693 5319 sentem
3738 5258 3907 5314 millia

2310 5353 2479 5405 ovium
2504 5362 2550 5405 et
2578 5353 2679 5406 tria
2708 5353 2872 5406 millia
2896 5352 3227 5406 camelorum.

2380 5444 2470 5501 '59.
2508 5444 2639 5499 Oves
2668 5445 2892 5515 possidet
2928 5447 3014 5516 qui
3038 5454 3259 5499 mentem
3294 5447 3566 5501 innoxiam
3592 5446 3736 5501 intus
3762 5460 3901 5500 vert-

2384 5592 2410 5632 d
2444 5593 2521 5647 Ita
2550 5593 2657 5647 duo
2689 5593 2811 5648 Mss.
2847 5592 3005 5660 Reg.,
3037 5602 3091 5647 et
3119 5593 3283 5650 Corb.
3314 5606 3371 5650 et
3394 5596 3659 5651 nonnulli.
3683 5594 3901 5651 Ebroic.

2310 5679 2448 5737 unus
2482 5681 2558 5737 ex
2610 5663 2816 5731 Remig.
2844 5702 2856 5724 .
2907 5664 3204 5737 compend.
3233 5709 3245 5725 ,
3304 5667 3528 5737 Longip.
3566 5684 3578 5720 :
3616 5667 3717 5734 Qui
3763 5668 3901 5721 enim

2308 5735 2583 5805 scientiam
2608 5751 2861 5788 summam
2888 5736 3058 5789 adhuc
3088 5754 3191 5790 non
3222 5738 3388 5801 habet,
3413 5735 3583 5792 minus
3615 5739 3700 5805 de,
3722 5748 3830 5793 etc.

2385 5814 2410 5843 ο
2449 5804 2895 5861 Vindocincnscs,
2929 5806 3037 5859 vias
3068 5822 3099 5859 a
3131 5808 3313 5862 timore
3338 5810 3568 5864 inchoat.

2447 5874 2541 5947 Sic
2577 5875 2856 5947 antiquior
2906 5874 3085 5947 Rem.,
3130 5878 3317 5945 Corb.,
3346 5880 3553 5947 Germ.,
3590 5878 3896 5942 Viudociu.,

2311 5956 2419 6001 etc.
2451 5944 2609 6009 Etliti,
2643 5961 2757 6013 qua:
2785 5954 2920 5997 metu
2943 5946 3273 6014 relinquitur.
