4130 6440
263 364 374 425 545

1166 355 1525 415 ΜΟΒΔΙΛΟΜ
1556 354 1685 410 LIB.
1729 353 1772 408 ι.
1811 381 1883 393 -
1921 349 1987 407 IN
2026 346 2253 406 CAPUT
2292 347 2312 402 ι
2351 348 2412 402 Β.
2452 345 2592 402 IOB.

3424 333 3531 388 546

262 490 370 537 tate
395 481 583 549 pascit.
610 505 687 519 —
711 473 936 529 Servata
960 471 1160 542 quippe
1181 472 1411 527 veritate
1439 469 1699 535 historiae,
1729 465 1852 520 imi-
1876 467 1929 526 Α
1955 477 2093 528 mus,
2147 461 2316 517 levius
2362 474 2530 515 onera
2575 456 2750 512 aliena
2792 453 3102 509 toleramus.
3149 447 3395 518 Cumque
3442 460 3543 501 nos

226 640 237 649 ~
262 570 367 627 tari
386 567 700 639 spiritaliter
716 577 1019 637 possumus,
1047 562 1193 631 quod
1217 561 1508 619 carnaliter
1531 560 1793 617 audimus.
1824 565 1852 594 ι

261 661 457 719 Ovium
479 661 622 717 enim
644 668 852 730 septem
877 656 1040 711 millia
1064 655 1429 728 possidemus,
1476 672 1600 709 cum
1644 652 1853 722 cogita-

262 756 443 811 tiones
470 755 733 809 innocuas
753 793 767 816 ,
781 748 1030 821 perfecta
1052 748 1231 805 cordis
1251 748 1531 814 munditia,
1559 750 1698 805 intra
1722 766 1852 806 nos-

261 849 525 920 metipsos
546 844 805 915 inquisito
833 840 1077 899 veritatis
1107 841 1307 913 pabulo
1337 841 1631 911 pascimus.

337 960 428 1016 40.
475 959 709 1014 Camelos
754 957 1000 1028 possidet,
1031 956 1117 1027 qui
1145 954 1283 1026 quod
1308 954 1363 1007 in
1391 971 1445 1007 se
1472 954 1631 1008 altum
1661 971 1722 1008 ac
1751 964 1857 1009 tor-

266 1062 489 1117 tuosum,
514 1062 603 1106 aut
647 1050 773 1120 ﬁdei
810 1048 981 1103 subdit
1008 1091 1022 1116 ,
1066 1057 1155 1100 aut
1176 1061 1286 1117 pra:
1300 1045 1554 1100 charitate
1582 1047 1763 1115 ﬂectit.
1786 1077 1859 1089 -—

264 1143 545 1214 Eruntque
573 1143 729 1197 nobis
776 1142 828 1195 in
860 1130 1203 1211 possessione
1233 1138 1396 1194 etiam
1437 1138 1539 1194 tria
1569 1138 1735 1193 millia
1762 1153 1856 1194 ca-

264 1239 553 1305 melorum,
584 1237 627 1293 si
658 1251 835 1302 omne,
867 1233 1014 1304 quod
1044 1233 1099 1288 in
1141 1232 1296 1288 nobis
1341 1232 1511 1288 altum
1549 1247 1613 1287 ac
1643 1239 1860 1287 tortuo«

262 1345 385 1386 sum
414 1337 515 1395 est,
547 1328 743 1384 rationi
769 1327 893 1381 fidei
915 1326 1179 1389 subditur,
1205 1332 1260 1379 et
1287 1325 1386 1379 sub
1412 1323 1719 1393 cognitione
1739 1322 1861 1377 Tri-

263 1422 469 1484 nitatis,
500 1429 694 1491 sponte
722 1420 777 1475 in
804 1419 1045 1491 appetitu
1071 1417 1386 1472 humilitatis
1412 1415 1719 1472 inclinatur.
1754 1413 1859 1470 Ca-

262 1517 436 1571 melos
480 1516 678 1586 quippe
726 1515 1087 1585 possidemus,
1118 1513 1163 1568 si
1193 1513 1336 1583 quod
1381 1512 1549 1566 altum
1594 1511 1854 1582 sapimus,

265 1605 538 1661 humiliter
582 1606 935 1677 deponamns.
987 1604 1237 1659 Camelos
1266 1604 1455 1674 procul
1484 1602 1647 1658 dubio
1676 1604 1856 1674 possi-

263 1695 467 1761 demus,
500 1711 623 1751 cum
650 1696 1003 1764 cogitationes
1043 1702 1257 1749 nostras
1285 1694 1356 1747 ad
1392 1691 1717 1748 inﬁrmitatis
1744 1691 1856 1747 fra-

264 1798 431 1843 ternm
468 1789 898 1859 compassionem
945 1785 1245 1850 ﬂectimus,
1296 1794 1355 1840 ut
1402 1786 1640 1841 vicissim
1688 1800 1856 1840 onera

264 1892 448 1936 nostra
478 1890 776 1953 portantes,
809 1881 997 1934 alienae
1026 1878 1323 1933 infirmitati
1358 1877 1594 1947 compati
1624 1876 1855 1932 condes-

263 1973 544 2029 cendendo
566 1973 894 2027 noverimus.
919 1971 1152 2027 Possunt
1180 1971 1343 2025 etiam
1374 1984 1473 2040 per
1493 1968 1857 2038 camelos,qui

265 2066 521 2133 ungulam
566 2079 902 2133 nequaquam
950 2062 1178 2130 ﬁndunt,
1226 2062 1321 2117 sed
1349 2070 1529 2115 tamen
1557 2061 1854 2126 ruminant,

265 2163 601 2209 terrenarum
624 2170 804 2208 rerum
821 2154 976 2208 bonae
997 2152 1428 2222 dispensationes
1450 2151 1672 2220 intelligi
1699 2170 1713 2206 :
1738 2166 1858 2221 quas

266 2246 388 2316 quia
415 2245 616 2300 habent
642 2244 841 2315 aliquid
867 2243 1049 2300 saaculi
1068 2286 1083 2311 ,
1116 2251 1171 2298 et
1198 2242 1395 2313 aliquid
1430 2243 1545 2308 Dei,
1575 2258 1675 2313 per
1703 2258 1855 2298 com-

267 2346 427 2391 mune
454 2349 545 2391 eas
574 2349 798 2391 necesse
837 2344 921 2391 est
949 2335 1149 2389 animal
1176 2335 1465 2407 designari.
1497 2334 1683 2404 Neque
1710 2334 1855 2390 enim

269 2436 482 2485 terrena
506 2429 854 2500 dispensatio,
879 2430 1123 2499 quamvis
1150 2439 1366 2486 aeternae
1392 2429 1609 2485 utilitati
1633 2430 1853 2496 serviat,

269 2523 384 2578 sine
435 2524 841 2593 perturbatione
886 2523 1277 2579 mentis'valet
1340 2523 1603 2581 exhiberi.
1683 2524 1699 2595 f
1739 2521 1857 2577 Vet.

271 2612 507 2686 XXIX]
553 2613 690 2682 Quia
736 2614 899 2685 igitur
941 2629 1041 2685 per
1086 2615 1227 2669 hanc
1265 2623 1321 2671 et
1344 2615 1409 2669 ad
1438 2629 1676 2685 praesens
1705 2628 1860 2670 mens

272 2704 630 2770 confunditur,
672 2713 729 2760 et
766 2705 821 2760 in
847 2713 1167 2776 perpetuum
1195 2721 1404 2761 merces
1433 2713 1673 2775 paratur,
1705 2703 1859 2773 quasi

272 2814 553 2855 commune
578 2800 797 2867 animal,
823 2806 878 2855 et
899 2799 1100 2869 aliquid
1131 2800 1197 2855 de
1222 2796 1343 2870 lege
1370 2799 1553 2866 habet,
1582 2806 1637 2853 et
1659 2796 1860 2868 aliquid

273 2900 378 2944 non
405 2888 585 2945 habet.
620 2888 883 2958 Ungulam
912 2904 1144 2959 namque
1169 2904 1276 2944 non
1308 2887 1482 2955 ﬁndit,
1512 2888 1639 2959 quia
1664 2902 1774 2942 non
1802 2901 1861 2941 se

272 2982 485 3051 penitus
519 2982 695 3037 anima
721 2981 789 3036 ab
819 2981 965 3036 omni
994 2989 1213 3036 terreno
1243 2995 1407 3048 opere
1435 2978 1726 3049 disjungit;
1766 2976 1861 3033 sed

272 3082 453 3129 tamen
483 3075 734 3141 ruminat,
766 3074 890 3143 quia
928 3074 1066 3129 bene
1109 3071 1469 3143 dispensando
1516 3070 1857 3140 temporalia,

273 3179 368 3239 per
405 3169 741 3225 certitudinis
778 3167 1030 3223 liduciam
1080 3167 1321 3223 coelestia
1362 3173 1561 3236 sperat.
1611 3163 1863 3220 Terrenze

275 3259 431 3331 igitur
458 3261 901 3332 dispensationes,
934 3261 1089 3330 quasi
1120 3234 1449 3316 camelorum
1480 3273 1653 3323 more,
1686 3257 1863 3328 capite
1890 3234 1937 3297 ο

276 3349 378 3423 legi
404 3355 757 3422 concordant,
790 3353 926 3425 pede
954 3354 1299 3422 discrepant:
1345 3351 1469 3420 quia
1508 3360 1563 3405 et
1588 3349 1712 3406 εωιί
1740 3356 1865 3405 sunt

274 3446 363 3501 illa
386 3461 505 3517 quae
524 3448 667 3517 juste
695 3447 939 3503 viventes
960 3452 1241 3515 appetunt,
1266 3452 1322 3499 et
1345 3441 1505 3512 hujus
1529 3441 1714 3497 mundi
1742 3450 1867 3495 sunt

274 3552 337 3594 ea
366 3538 421 3593 in
449 3540 644 3608 quibus
672 3554 837 3611 opere
863 3547 1165 3594 versantur.
1196 3536 1308 3592 Nos
1335 3550 1465 3605 ergo
1497 3550 1618 3591 cum
1649 3534 1864 3590 easdem

276 3638 517 3687 terrenas
554 3632 982 3702 dispensationes
1030 3630 1325 3699 cognitioni
1365 3628 1644 3684 Trinitatis
1681 3627 1868 3682 subdi-

275 3736 413 3789 mus,
445 3724 599 3793 quasi
628 3725 863 3780 camelos
888 3723 914 3761 ιι
947 3722 1049 3777 fide
1088 3721 1443 3792 possidemus.
1475 3720 1767 3790 Sequitur:

647 3836 875 3892 CAPUT
902 3816 1075 3890 XXIX
1115 3834 1259 3907 [Vet.
1285 3832 1490 3905 XXX].

351 3928 645 4000 Quingenta
683 3945 879 4000 quoque
903 3928 1035 3998 juga
1070 3926 1251 3993 boum,
1283 3934 1333 3979 et
1367 3927 1661 3996 quingenta:
1688 3926 1872 3979 asinae.

350 4022 439 4076 4|.
474 4021 640 4076 Eoum
663 4021 796 4093 juga
826 4020 1103 4075 concordes
1133 4020 1362 4073 virtutes.
1394 4018 1573 4071 Asina:
1600 4017 1872 4071 lasciviem

283 4122 378 4179 tes,
406 4120 574 4167 motus
605 4119 693 4165 aut
735 4109 1074 4182 cogitationes
1102 4109 1381 4179 simplices.
1433 4138 1504 4149 ——
1549 4106 1681 4175 Juga
1711 4107 1876 4160 boum

282 4205 333 4257 in
364 4219 517 4258 usum
563 4210 761 4257 nostrae
799 4200 1156 4272 possessionis
1184 4207 1344 4267 sunt,
1380 4210 1402 4238 ε
1432 4214 1554 4254 cum
1585 4196 1880 4254 concordes

284 4296 510 4350 virtutes
533 4302 759 4350 exarant
777 4293 1031 4349 duritiam
1059 4293 1276 4349 mentis.
1302 4289 1637 4359 Quingentas
1662 4303 1881 4359 quoque

286 4390 464 4444 asinas
492 4388 861 4459 possidemus,
902 4404 1022 4443 cum
1059 4386 1402 4443 lascivientes
1440 4392 1619 4439 motus
1649 4383 1879 4439 restrin-

285 4482 494 4550 gimus;
521 4490 576 4537 et
594 4481 849 4552 quidquid
880 4481 932 4536 in
962 4481 1119 4538 nobis
1148 4480 1365 4537 carnale
1395 4491 1687 4548 exsurgere
1717 4492 1883 4548 appe-

290 4574 353 4627 tit
375 4612 391 4637 ,
421 4573 646 4643 spiritali
688 4573 865 4629 cordis
922 4573 1202 4629 dominatu
1229 4572 1587 4628 refrenamus.
1610 4569 1713 4625 Vel
1734 4577 1881 4625 certe

1954 556 2106 627 quasi
2123 553 2410 625 singularis
2430 550 2705 619 sapientia:
2725 545 2950 603 altitudo
2979 558 3087 599 non
3110 541 3306 607 elevat,
3328 539 3397 593 ad
3418 554 3545 609 per-

1954 647 2230 705 ferendam
2281 644 2444 700 alieni
2486 643 2665 698 cordis
2711 640 2958 696 inertiam
2984 680 3000 705 ,
3055 650 3207 691 mens
3252 648 3311 687 se
3360 638 3545 686 nostra

1955 738 2325 811 aequanimiter
2364 734 2604 790 inclinat.
2647 732 2813 787 Recte
2839 740 3023 785 autem
3061 726 3176 781 sive
3198 725 3327 794 juga
3356 723 3543 785 haum,

1955 832 2070 889 sive
2098 832 2263 886 asinae
2290 827 2595 897 quingentae
2640 814 2987 887 referuntur;
3032 818 3158 888 quia
3195 816 3281 872 vel
3324 815 3378 869 in
3419 815 3543 880 hoc,

1958 922 2101 993 quod
2123 919 2418 992 prudenter
2442 918 2710 987 sapimus,
2745 914 2829 968 vel
2860 914 2914 967 in
2941 914 3063 977 hoc,
3095 908 3243 979 quod
3275 906 3549 962 humiliter

1958 1017 2288 1085 ignoramus,
2339 1012 2468 1069 dum
2509 1018 2725 1065 :eterna:
2763 1006 2912 1078 pacis
2952 1005 3194 1073 requiem
3239 1001 3548 1071 quaerimus,

1958 1108 2113 1179 quasi
2140 1108 2281 1161 intra
2307 1104 2493 1175 jubilei
2528 1115 2810 1157 numerum
2839 1106 3105 1153 tenemur.
3139 1094 3431 1164 Sequitur:

2149 1218 2378 1276 CAPUT
2407 1217 2557 1273 XXX
2596 1216 2744 1289 [Vet.
2767 1208 2985 1277 XXXI,
3016 1209 3142 1264 Rec.
3166 1205 3350 1279 XIV].

2030 1340 2157 1395 IBID.
2179 1366 2251 1378 —
2276 1340 2351 1392 Ac
2376 1336 2579 1409 familia
2605 1333 2769 1388 multa
2798 1330 2975 1383 nimis.

2030 1429 2120 1484 42.
2151 1427 2321 1483 Multa
2356 1426 2560 1498 familia
2598 1431 2674 1479 est
2706 1418 2980 1476 multitudo
3010 1416 3381 1489 cogitationum
3410 1412 3552 1466 colli-

1960 1524 2148 1579 benda.
2190 1551 2261 1563 ——
2305 1520 2526 1577 Multam
2567 1518 2723 1573 nimis
2762 1514 3019 1571 familiam
3048 1510 3405 1583 possidemus,
3432 1521 3554 1562 cum

1959 1616 2318 1686 cogitationes
2366 1614 2679 1668 innumeras
2714 1609 2812 1665 sub
2843 1607 3041 1662 mentis
3068 1602 3436 1661 dominatione
3464 1613 3554 1652 re-

1958 1708 2300 1776 stringimus;
2318 1719 2387 1760 ne
2415 1706 2530 1773 ipsa
2550 1704 2633 1758 sui
2659 1699 3001 1756 multitudine
3018 1698 3254 1752 animum
3278 1699 3553 1764 superent,

1961 1814 2318 1870 neperverso
2348 1797 2538 1852 ordine
2567 1793 2909 1849 discretionis
2950 1799 3149 1845 nostras
3193 1786 3555 1857 principatum

1961 1893 2187 1949 calcent.
2237 1889 2305 1945 Et
2330 1889 2472 1944 bene
2509 1886 2898 1957 cogitationum
2945 1881 3103 1937 turba
3130 1879 3313 1934 multae
3342 1876 3557 1932 familias

1960 1984 2319 2056 appellatione
2358 1984 2620 2051 signatur.
2652 1980 2787 2034 Nam
2816 1977 3014 2033 scimus
3041 1971 3185 2042 quod
3213 1970 3437 2025 absente
3464 1968 3558 2020 do-

1958 2074 2103 2130 mina
2125 2114 2139 2140 ,
2171 2072 2487 2128 ancillarum
2527 2070 2721 2137 linguas
2753 2070 3131 2137 perstrepunt,
3162 2058 3435 2114 silentium
3464 2056 3558 2109 de-

1959 2174 2165 2228 serunt,
2200 2163 2441 2234 deputati
2490 2162 2670 2232 operis
2717 2158 2897 2215 ofﬁcia
2943 2154 3242 2224 negligunt,
3275 2157 3560 2216 totumque

1964 2258 2180 2314 sibimet
2223 2254 2467 2310 ordinem
2516 2250 2730 2307 vivendi
2760 2246 3120 2305 confundunt.
3169 2242 3238 2296 At
3266 2240 3310 2295 si
3338 2245 3560 2308 repente

1960 2349 2178 2405 domina
2217 2348 2433 2413 veniat,
2478 2360 2604 2399 mox
2644 2346 3049 2413 perstrepentes
3082 2335 3278 2404 linguae
3306 2330 3558 2396 reticent,

1961 2441 2137 2498 ofﬁcia
2189 2436 2612 2506 uniuscujusque
2661 2433 2843 2505 operis
2896 2434 3188 2501 repetunt;
3252 2423 3440 2491 sicque
3494 2418 3561 2473 ad

1962 2545 2096 2601 opus
2124 2529 2426 2600 proprium,
2460 2543 2524 2582 ac
2552 2526 2598 2582 si
2646 2540 2756 2581 non
2801 2519 3158 2584 recesserint,
3189 2521 3556 2572 revertuntur.

1961 2620 2018 2677 Si
2046 2621 2207 2689 igitur
2234 2634 2266 2673 a
2294 2619 2455 2674 domo
2493 2615 2691 2671 mentis
2727 2613 2797 2667 ad
2835 2615 3248 2666 monumentum
3278 2603 3418 2659 ratio
3449 2600 3560 2655 dis-

1961 2713 2141 2780 cedat,
2167 2710 2321 2780 quasi
2344 2709 2569 2764 absente
2590 2706 2831 2772 domina,
2852 2699 3241 2770 cogitationum
3259 2709 3319 2750 se
3334 2693 3560 2757 clamor,

1962 2803 2112 2859 velut
2132 2801 2345 2872 garrula
2375 2799 2692 2855 ancillarum
2722 2796 2878 2851 turba
2907 2789 3245 2860 multiplicat.
3281 2784 3348 2842 Ut
3376 2791 3558 2839 autem

1963 2896 2103 2952 ratio
2133 2895 2202 2951 ad
2245 2902 2482 2949 mentem
2530 2889 2765 2955 redierit,
2806 2902 2935 2943 mox
2980 2900 3043 2942 se
3088 2881 3333 2940 confusio
3362 2877 3585 2933 tumuit

1964 2996 2121 3044 tuosa
2150 2969 2483 3058 compescit;
2522 2992 2578 3039 et
2613 2982 2765 3055 quasi
2810 2978 3017 3035 ancillae
3054 2991 3113 3033 se
3155 2974 3222 3030 ad
3265 2972 3565 3043 injunctum

1965 3094 2101 3149 opus
2143 3078 2304 3134 tacite
2350 3075 2691 3147 reprimunt,
2739 3072 2866 3128 dum
2916 3068 3274 3139 cogitationes
3318 3063 3566 3137 protinus

1965 3171 2142 3227 causis
2170 3185 2231 3225 se
2260 3168 2492 3240 propriis
2517 3166 2585 3221 ad
2611 3165 2899 3221 utilitatem
2930 3160 3187 3217 subdunt.
3220 3154 3567 3211 Possidemus

1968 3278 2096 3334 ergo
2122 3261 2345 3316 multam
2369 3258 2644 3321 familiam,
2670 3271 2794 3312 cum
2822 3261 2974 3309 recto
2999 3250 3122 3321 jure
3151 3244 3446 3304 innumeris
3472 3259 3569 3299 co-

1967 3354 2316 3425 gitationibus
2354 3350 2580 3407 rationis
2629 3348 2959 3404 discretione
3009 3342 3371 3399 dominamur.
3413 3334 3570 3403 Quod

1969 3449 2220 3505 nimirum
2268 3460 2394 3501 cum
2438 3442 2667 3499 solerter
2712 3441 2939 3508 agimus,
2983 3433 3132 3505 jungi
3182 3447 3280 3502 per
3318 3426 3565 3485 eamdem

1971 3540 2350 3597 discretionem
2381 3534 2587 3606 angelis
2634 3548 2916 3589 conamur.
2966 3527 3121 3584 Unde
3164 3533 3219 3580 et
3257 3530 3409 3578 recte
3446 3519 3572 3576 sub-

1968 3634 2210 3704 jungitur
2240 3649 2254 3685 :

2550 3694 2777 3752 CAPUT
2802 3692 2994 3748 XXXI.

2046 3818 2172 3874 Imn.
2203 3850 2273 3861 ——
2299 3816 2529 3885 Eratque
2556 3814 2633 3868 vir
2652 3814 2740 3867 ille
2770 3826 2989 3881 magnus
3018 3810 3154 3862 inter
3178 3819 3352 3860 omnes
3382 3799 3571 3853 Orien-

1979 3911 2128 3965 tales.

2050 4002 2137 4056 4⁵5.
2182 4000 2381 4055 Earum
2419 3996 2768 4069 refrenatione
2806 3994 2982 4064 magni
3013 3990 3279 4060 efficimur.
3316 4012 3387 4023 —
3422 3981 3574 4036 Tunc

1982 4110 2213 4164 namque
2239 4092 2418 4163 magni
2447 4092 2586 4146 inter
2613 4102 2801 4144 omnes
2821 4085 3123 4140 Orientales
3143 4080 3425 4143 eﬂicimur,
3450 4088 3574 4130 eum

1982 4188 2059 4243 eis
2088 4185 2385 4257 spiritibus,
2420 4183 2511 4253 qui
2550 4179 2745 4236 orienti
2778 4176 2885 4232 luci
2914 4175 3207 4235 inhaerent,
3241 4182 3423 4241 pressa
3452 4180 3574 4220 car-

1984 4280 2120 4335 nalis
2150 4275 2513 4347 corruptionis
2542 4273 2762 4340 ucbula,
2794 4267 3136 4324 discretionis
3166 4271 3364 4319 nostrae
3393 4257 3574 4323 radiis,

1984 4372 2038 4426 in
2074 4378 2333 4442 quantum
2364 4364 2692 4438 possibilitas
2721 4361 2977 4433 suppetit,
3009 4358 3297 4415 sociamur.
3342 4351 3495 4408 Unde
3525 4357 3579 4403 et

1986 4479 2083 4535 per
2114 4462 2337 4516 Paulqu
2380 4458 2575 4514 dicitur
2606 4474 2618 4509 :
2653 4453 2853 4509 Nostra
2895 4450 3212 4507 conversatio
3250 4448 3305 4500 in
3335 4444 3476 4499 caelis
3503 4448 3579 4494 est

1989 4532 2243 4628 lPhilipp.
2280 4569 2357 4618 ιιι,
2388 4550 2503 4623 20).
2555 4548 2809 4619 Quisquis
2858 4542 3176 4616 temporalia
3224 4553 3289 4592 ac
3317 4532 3579 4628 defectiva

376 4622 391 4637 ,
421 4622 646 4643 _,-__-___
693 4622 863 4629 ω---
927 4622 1202 4629 _-__-___"-_
1230 4622 1586 4628 ---ηψπ-η
1633 4622 1712 4625 γ--
1836 4622 1868 4624 ,_

292 4663 463 4724 asinas
482 4665 780 4736 possidere,
804 4673 889 4720 est
915 4666 1274 4735 cogitationes
1302 4665 1442 4719 intra
1472 4679 1572 4718 nos
1610 4662 1868 4732 simplices

1988 4647 2247 4717 sequitur,
2275 4622 2528 4701 occasum
2555 4641 2719 4712 petit;
2751 4637 2995 4708 quisquis
3024 4648 3153 4689 vero
3183 4641 3414 4699 superna
3440 4622 3580 4679 desi-

289 4772 516 4828 regere:
548 4773 667 4829 quae
694 4759 822 4814 dum
845 4758 900 4812 in
921 4757 1185 4813 subtiliori
1213 4756 1493 4812 intellectu
1523 4769 1743 4811 currere
1774 4770 1883 4810 non

290 4855 471 4911 valent
498 4871 605 4927 quo
631 4854 785 4925 quasi
811 4852 1012 4924 pigrius
1038 4852 1335 4915 ambulant,
1368 4865 1434 4905 eo
1475 4848 1715 4904 fraterna
1747 4863 1881 4903 one-

290 4964 350 5003 ra
387 4946 720 5003 mansuetius
762 4951 1003 5016 portant.
1058 4942 1197 4999 Sunt
1241 4956 1475 5011 namque
1521 4940 1763 4996 nonnulli
1791 4939 1885 5009 qui

290 5038 419 5094 dum
462 5038 571 5094 alta
600 5052 709 5093 non
738 5035 1079 5105 intelligunt,
1111 5030 1139 5070 ἀ
1166 5032 1234 5088 ad
1281 5031 1553 5087 exteriora
1594 5045 1886 5085 conversa-

291 5132 456 5189 tionis
467 5147 632 5204 opera
643 5146 702 5187 se
715 5129 969 5187 humilius
984 5134 1256 5201 premunt.
1273 5124 1419 5180 Bene
1430 5138 1560 5195 ergo
1575 5138 1669 5194 per
1681 5122 1880 5189 asinas,
1920 5184 1923 5187 η

292 5232 505 5302 pigrum
530 5228 749 5300 quidem
776 5225 1006 5291 animal,
1047 5222 1141 5280 sed
1182 5230 1365 5277 tamen
1394 5218 1675 5291 portandis
1704 5217 1886 5272 oneri-

290 5323 394 5379 bus
420 5322 693 5388 deditum,
724 5320 828 5391 31
857 5316 1130 5389 simplices
1154 5313 1513 5384 cogitationes
1548 5310 1884 5381 accipimus;

292 5417 419 5488 quia
445 5415 575 5473 dum
602 5422 839 5471 nostram
866 5411 1186 5481 plerumque
1212 5405 1569 5478 ignorantiam
1594 5403 1882 5485 cognosci-

371 5567 392 5592 τ’
425 5555 583 5612 Rem.
604 5563 660 5611 et
681 5553 917 5621 Remig.,
935 5547 1120 5621 Corn,
1138 5546 1361 5621 Germ._:
1389 5542 1521 5621 Oves
1541 5543 1680 5599 enim
1699 5510 1893 5610 septem

294 5628 484 5684 millia.
512 5627 593 5682 Ita
619 5615 1000 5681 veteres'Edit.
1034 5618 1205 5674 Paris.
1237 5625 1292 5673 et
1317 5615 1478 5669 Basil.

371 5682 401 5739 δέ
430 5698 521 5755 Sic
548 5698 675 5753 Mss.
706 5695 766 5749 In
794 5691 1041 5761 Vulgatis
1069 5688 1284 5745 additur
1314 5707 1326 5742 ε
1355 5690 1495 5741 intra
1524 5682 1891 5739 indivisibilem

300 5786 597 5831 numerum,
630 5769 754 5827 sive,
785 5772 894 5818 etc.

374 5824 678 5904 ⁸ἷΕὺι-οἰς..
714 5824 774 5892 S.
802 5832 1091 5905 Ebrulph.,
1123 5830 1309 5890 Germ.
1340 5838 1398 5889 et
1423 5827 1533 5897 alii,
1565 5843 1683 5883 cum
1716 5824 1891 5883 cordis

301 5914 514 5969 virtutes
545 5917 787 5968 exorant.

1989 4740 2163 4803 derat,
2196 4739 2319 4808 quia
2348 4737 2400 4791 in
2431 4735 2652 4790 Oriente
2681 4731 2904 4795 habitet,
2949 4727 3305 4782 demonstrat.
3356 4717 3581 4788 Magnus

1988 4848 2115 4904 ergo
2144 4848 2253 4888 non
2282 4832 2422 4886 inter
2449 4824 2849 4887 Occidentales,
2877 4819 2973 4876 sed
3002 4818 3144 4873 inter
3179 4811 3482 4870 Orientales
3509 4808 3583 4863 cf.

1991 4924 2185 4988 ficitur,
2239 4922 2331 4991 qui
2381 4934 2487 4974 non
2529 4927 2553 4954 ο
2610 4916 2751 4971 inter
2790 4912 3055 4967 malorum
3096 4908 3339 4964 actiones
3375 4905 3481 4960 ima
3527 4909 3581 4956 et

1989 5017 2209 5087 fugitiva
2238 5011 2611 5085 quaerentium,
2643 5008 2738 5064 sed
2766 5007 2907 5061 inter
2935 5005 3133 5060 choros
3178 5000 3443 5074 prolicere
3488 5012 3582 5052 su-

1989 5121 2281 5180 pernorum
2310 5104 2505 5160 civium
2528 5113 2781 5154 conatur.
2807 5096 3069 5167 fSequitur
3101 5111 3115 5147 :

2173 5212 2403 5271 CAPUT
2431 5209 2625 5267 XXXII
2653 5208 2798 5283 [νει.
2827 5204 3076 5269 XXXII,
3109 5203 3234 5259 Rec.
3264 5198 3415 5270 XV].

2064 5312 2226 5368 Vnus.
2259 5309 2311 5363 4.
2343 5307 2413 5362 Et
2439 5306 2586 5362 ibant
2622 5304 2719 5375 ﬁlii
2759 5302 2893 5374 ejus,
2936 5310 2986 5356 et
3012 5298 3270 5373 faciebant
3297 5290 3583 5347 convivium

1994 5424 2086 5480 per
2101 5406 2303 5471 domos,
2331 5402 2677 5474 unusquisque
2704 5400 2762 5454 in
2786 5398 2871 5453 die
2896 5413 3011 5452 suo.

2066 5542 2091 5581 ἀ
2122 5541 2213 5598 Sic
2248 5538 2373 5595 Mss.
2415 5537 2578 5599 Corb,
2610 5544 2666 5590 et
2705 5531 2914 5595 Germ.,
2946 5543 3052 5601 qua
3082 5522 3345 5601 particula
3372 5518 3585 5601 praepa-

1994 5588 2325 5671 ratiowavnimi
2370 5588 2659 5664 indicatur.
2692 5588 2816 5661 Mox
2844 5588 3333 5671 verb'umfpremunt
3361 5588 3584 5661 perinde

1994 5669 2077 5743 est
2103 5699 2167 5757 ac
2190 5683 2502 5757 deprimunt.
2535 5677 2591 5731 In
2622 5675 2789 5757 βὰὶῐη
2816 5690 2909 5757 per
2931 5669 3214 5757 exteriora.

2536 5730 2639 5821 :qui
2668 5730 2788 5821 non:
2812 5730 2947 5797 inter
2979 5739 3198 5794 actionis
3226 5738 3328 5790 ima
3358 5741 3405 5787 ct
3438 5730 3580 5804 fugi-

1993 5829 2115 5885 tiva.
2148 5817 2312 5881 Corb.
2342 5837 2453 5879 non
2475 5817 2645 5876 habet
2671 5817 2944 5872 mulorum.
