4130 6470
617 464 725 521 547

614 710 685 723 -
710 675 833 732 Filii
860 692 957 748 per
983 675 1172 732 domos
1212 676 1519 731 convivium
1557 676 1793 742 faciunt,
1824 675 1952 731 dum
1977 673 2205 731 virtutes

611 772 833 844 singulae
862 782 888 809 ι
910 772 1063 843 juxta
1106 771 1325 828 modum
1369 773 1647 844 proprium
1678 780 1915 829 mentem
1953 776 2201 842 pascunt.

611 864 679 920 Et
706 866 845 921 bene
878 865 1073 921 dicitur
1103 884 1115 919 :
1154 864 1512 940 Unusquisque
1548 868 1604 922 in
1635 867 1718 922 die
1752 884 1866 923 suo.
1906 865 2033 922 Dies
2059 864 2201 921 enim

612 958 1030 1030 uniuscujusque
1087 958 1217 1026 ﬁlii,
1278 969 1361 1017 est
1416 962 1735 1017 illuminatio
1784 959 2206 1031 uniuscujusque

606 1052 839 1109 virtutis.
878 1050 949 1109 Ut
984 1053 1127 1109 enim
1159 1053 1274 1110 haec
1301 1056 1412 1126 ipsa
1442 1054 1584 1112 dona
1615 1055 1850 1112 breviter
1874 1054 2204 1127 septiformis

607 1146 795 1216 gratiae
823 1144 1112 1217 replicem,
1149 1146 1313 1203 alium
1343 1147 1485 1204 diem
1516 1148 1681 1205 habet
1709 1148 1971 1219 sapientia
1990 1190 2005 1216 ,
2036 1148 2202 1204 alium

606 1238 912 1295 intellectus
939 1281 955 1309 ,
987 1240 1150 1295 alium
1173 1242 1479 1309 consilium,
1520 1242 1683 1298 alium
1724 1240 2004 1311 fortitudo,
2037 1242 2201 1298 alium

605 1331 848 1398 scientia,
883 1331 1043 1387 alium
1075 1334 1268 1403 pietas,
1298 1334 1465 1390 alium
1494 1335 1676 1391 timor.
1708 1334 1895 1406 Neque
1924 1334 2067 1391 enim
2096 1335 2202 1391 hoc

602 1433 689 1479 est
714 1439 927 1494 sapere,
958 1424 1109 1494 quod
1139 1426 1471 1497 intelligere;
1511 1428 1639 1499 quia
1666 1427 1818 1483 multi
1847 1435 2049 1485 aeterna
2075 1427 2199 1498 qui-

601 1514 726 1573 dem
754 1516 988 1586 sapiunt,
1028 1517 1125 1573 sed
1168 1517 1283 1575 haec
1330 1519 1631 1590 intelligere
1680 1535 2018 1592 nequaquam
2070 1535 2199 1591 pos-

601 1614 746 1662 sunt.
771 1606 1051 1678 Sapientia
1080 1623 1209 1680 ergo
1236 1610 1291 1665 in
1322 1611 1429 1682 32
1455 1610 1541 1667 die
1581 1627 1681 1668 suo
1713 1612 2019 1669 convivium
2046 1611 2195 1681 facit,

602 1698 728 1768 quia
782 1709 1022 1756 mentem
1082 1700 1151 1756 de
1201 1709 1530 1759 :eternorum
1601 1719 1699 1775 spe
1766 1712 1824 1760 et
1872 1703 2199 1761 eertitudine

600 1790 797 1847 reﬁcit.
843 1792 1159 1849 Intellectus
1186 1795 1242 1849 in
1280 1793 1367 1850 die
1389 1811 1487 1852 suo
1510 1796 1817 1852 convivium
1838 1805 2027 1867 parat;
2071 1796 2196 1866 quia

601 1880 655 1936 in
687 1895 754 1936 eo
782 1882 928 1951 quod
954 1883 1139 1939 audita
1167 1893 1436 1955 penetrat,
1467 1886 1763 1944 reﬁciendo
1782 1902 1897 1955 cor,
1941 1887 2197 1944 tenebras

1822 462 2063 521 SANCTI
2102 461 2428 520 GRECORII
2466 459 2679 521 MAGNI

689 581 776 637 44.
815 579 1041 635 Virtutes
1076 580 1314 654 singulis,
1345 581 1403 635 in
1434 578 1517 634 die
1544 595 1638 635 suo
1664 580 1950 635 convivium
1981 581 2197 651 faciunt.
2230 581 2282 641 Α
2306 579 2572 648 sublevat,
2600 576 2758 649 quasi
2784 589 2883 647 per
2908 572 3024 631 dies
3049 588 3177 631 suos
3212 586 3501 630 numerosa
3526 569 3753 629 soboles
3778 585 3921 663 per.

3800 456 3901 519 508

2310 672 2478 728 cenda
2502 669 2808 727 convivium
2838 674 3013 739 parat.
3042 666 3303 739 Sequitur
3330 684 3345 721 :

2418 762 2647 819 CAPUT
2686 761 2900 817 XXXIII
2936 761 3089 835 [νει.
3125 758 3407 825 XXXIII,
3446 758 3567 815 Res.
3607 756 3801 829 XVI].

2378 857 2507 913 IBlD.
2538 890 2610 902 —
2635 856 2707 911 Et
2730 859 2988 912 mittentes
3014 854 3262 910 vocabant
3291 862 3396 909 tres
3436 869 3643 909 sotms
3675 868 3823 918 suas,
3854 860 3908 905 ut

2306 954 2629 1009 comedereut
2653 960 2703 1007 et
2729 950 2955 1005 biberent
2980 966 3097 1005 cum
3118 951 3211 1004 eis.

2379 1046 2468 1102 4-8.
2499 1047 2581 1100 Ad
2619 1047 2902 1102 convivium
2948 1045 3190 1099 virtutum
3230 1042 3531 1104 inritantia,
3564 1058 3706 1112 spes,
3750 1041 3905 1110 ﬁdes,

2304 1141 2557 1196 Charitas.
2604 1172 2678 1184 -—
2714 1139 2849 1196 Cum
2898 1139 3123 1195 virtutes
3183 1146 3381 1194 nostrae
3436 1138 3491 1192 in
3542 1148 3709 1191 omee
3758 1133 3907 1205 quod

2305 1244 2495 1306 agunt,
2544 1247 2566 1276 ο
2607 1251 2779 1306 spem,
2832 1233 3010 1300 ﬁdem,
3059 1242 3115 1290 et
3157 1233 3475 1290 cbaritatem
3526 1231 3699 1296 ciunt,
3751 1228 3907 1299 quasi

2304 1338 2620 1400 operatores
2658 1328 2774 1397 ﬁlii,
2804 1336 2915 1385 tres
2952 1328 3019 1382 ad
3065 1327 3374 1384 convivium
3409 1339 3627 1381 sorores
3653 1332 3861 1378 vocant
3891 1364 3909 1391 ,

2305 1430 2363 1477 ut
2399 1420 2561 1488 ﬁdes,
2592 1436 2717 1493 spes
2756 1430 2812 1477 et
2856 1422 3099 1478 charitas
3149 1420 3203 1474 in
3233 1434 3371 1489 opus
3400 1417 3601 1473 bonum
3632 1414 3911 1486 gaudeant

2303 1514 2447 1583 quod
2488 1528 2825 1584 unaquaeque
2870 1513 3042 1568 virtus
3091 1510 3449 1565 administrat.
3499 1506 3631 1575 Quae
3656 1504 3818 1575 quasi
3846 1520 3911 1560 ex

2303 1606 2425 1661 cibo
2453 1606 2595 1662 vires
2634 1605 2926 1676 accipiunt,
2958 1604 3087 1660 dum
3115 1603 3273 1659 bonis
3309 1601 3565 1672 operibus
3597 1597 3911 1653 ﬁdentiores

2302 1696 2465 1765 ﬁunt;
2506 1706 2563 1753 et
2596 1697 2723 1753 dum
2760 1706 2883 1769 post
2921 1696 3100 1752 cibum
3138 1691 3616 1764 contemplationis
3652 1705 3786 1747 rore
3827 1690 3905 1747 in-

2300 1789 2451 1845 fundi
2486 1798 2767 1863 appetunt,
2798 1789 2953 1859 quasi
2981 1804 3047 1845 ex
3080 1789 3275 1860 poculo
3303 1787 3328 1824 ά
3358 1785 3657 1843 ebriantur.

2375 1885 2395 1957 ig
2424 1883 2538 1939 Vel.
2567 1882 2839 1939 XXXIV.
2867 1881 2883 1954 ]
2930 1883 3019 1938 Π.
3063 1882 3202 1954 Ipsis
3243 1883 3389 1937 bouis
3429 1897 3543 1952 qua:
3576 1880 3813 1952 agimus,
3840 1878 3905 1931 ad

600 1970 717 2041 ejus
746 1972 999 2030 illustrat.
1030 1973 1326 2031 Consilium
1372 1977 1429 2033 in
1457 1977 1545 2033 die
1588 1994 1688 2035 suo
1716 1978 2025 2036 convivium
2053 1978 2198 2035 exhi-
2227 1984 2274 2046 Β
2301 1975 2526 2029 deterius
2547 1977 2974 2047 propinquamus.
3006 2003 3076 2015 -—
3098 1974 3205 2031 Sed
3234 1974 3361 2045 quid
3404 1982 3508 2042 est,
3537 1970 3690 2043 quod
3720 1971 3777 2027 in
3805 1970 3906 2025 hac

599 2062 724 2130 bet;
754 2066 880 2135 quia
907 2066 1033 2123 dum
1058 2083 1181 2124 esse
1204 2070 1536 2141 praecipitem
1556 2073 1831 2143 prohibet,
1856 2073 2068 2129 ratione
2083 2073 2200 2129 ani-

597 2172 744 2212 mum
767 2159 963 2229 replet.
980 2159 1263 2218 Fortitudo
1280 2164 1333 2218 in
1349 2164 1435 2220 die
1454 2180 1553 2221 suo
1573 2165 1884 2222 convivium
1897 2166 2053 2231 facit;
2071 2166 2197 2236 quia

597 2247 728 2303 dum
754 2251 978 2309 adversa
1010 2269 1120 2309 non
1144 2257 1366 2325 metuit,
1392 2258 1681 2327 trepidanti
1706 2260 1875 2314 menti
1898 2260 2047 2315 cibos
2068 2274 2199 2315 con-

598 2339 835 2398 ﬁdentia:
856 2346 1100 2415 apponit.
1124 2346 1360 2403 Scientia
1386 2350 1439 2403 in
1462 2350 1550 2405 die
1576 2366 1675 2407 suo
1696 2352 1999 2408 convivium
2022 2360 2193 2423 parat,

597 2435 726 2503 quia
756 2436 812 2491 in
840 2446 1030 2495 ventre
1070 2441 1268 2496 mentis
1311 2443 1628 2512 ignorantiae
1655 2445 1917 2516 jejunium
1953 2453 2192 2517 superat.

596 2524 777 2584 Pietas
804 2528 858 2585 in
884 2528 970 2586 die
995 2546 1094 2589 suo
1120 2534 1426 2591 convivium
1457 2536 1696 2605 exhibet,
1729 2539 1855 2609 quia
1884 2539 2063 2595 cordis
2088 2540 2197 2594 vis-

596 2642 718 2684 cera
747 2630 1131 2690 misericordite
1172 2637 1425 2706 operibus
1463 2639 1653 2710 replet.
1693 2639 1876 2697 Timor
1901 2642 1955 2697 in
1982 2641 2070 2698 die
2096 2656 2197 2699 suo

594 2732 897 2789 convivium
938 2732 1103 2805 facit;
1154 2738 1279 2807 quia
1325 2739 1453 2795 dum
1501 2743 1701 2811 premit
1744 2752 2004 2814 mentem,
2033 2761 2102 2801 ne
2128 2746 2196 2802 de

594 2837 944 2905 praesentibus
995 2840 1311 2911 superbiat,
1357 2841 1426 2899 de
1480 2842 1673 2901 futuris
1711 2845 1853 2902 illam
1907 2847 2024 2919 spei
2072 2848 2195 2906 cibo

595 2935 888 2995 confortat.

661 3050 751 3110 45.
785 3055 847 3112 Si
874 3058 939 3112 ab
976 3058 1196 3116 invicem
1232 3074 1560 3134 separentur,
1594 3065 1862 3137 deﬁciunt.
1894 3094 1961 3106 -ο
1996 3069 2103 3125 Sed
2128 3069 2194 3127 il-

591 3142 684 3201 lud
720 3146 774 3203 in
814 3147 920 3206 hoc
965 3150 1199 3211 ﬁliorum
1238 3156 1487 3213 convivio
1535 3161 1983 3229 perscrutandum
2013 3163 2190 3231 video,

591 3238 737 3307 quod
782 3244 1106 3315 semetipsos
1144 3247 1375 3305 invicem
1417 3260 1668 3321 pascunt.
1712 3252 1880 3309 Valde
1914 3255 2054 3310 enim
2085 3258 2195 3312 sin-

2302 2069 2412 2124 vita
2466 2068 2586 2123 sine
2630 2069 2820 2139 quavis
2880 2066 3181 2124 tenuissimi
3232 2066 3467 2137 contagii
3531 2064 3908 2136 inquinattone

2302 2161 2623 2230 peragatur?
2676 2160 3074 2231 Nonnunquam
3132 2173 3365 2228 namque
3410 2158 3541 2228 ipsis
3588 2156 3748 2212 bonis
3788 2168 3906 2223 qua:

2301 2254 2510 2324 agimus
2556 2255 2623 2311 ad
2670 2255 2910 2311 deterius
2950 2255 3410 2326 propinquamus;
3451 2252 3578 2323 quia
3606 2250 3738 2307 dum
3768 2248 3905 2304 licti-

2302 2347 2432 2402 tiam
2482 2349 2650 2404 menti
2696 2352 2952 2419 pariunt,
3002 2347 3292 2419 quamdam
3341 2345 3505 2402 etiam
3552 2343 3901 2400 securitatem

2301 2440 2564 2509 gignunt;
2595 2442 2831 2512 dumque
2859 2458 3014 2498 mens
3039 2456 3233 2498 secura
3260 2439 3519 2505 redditur,
3542 2438 3598 2493 in
3629 2445 3903 2507 torporem

2301 2531 2532 2588 laxatur.
2586 2532 2986 2603 Nonnunquam
3037 2550 3169 2590 vero
3224 2542 3248 2571 θ
3299 2529 3628 2601 aliquantuls
3669 2527 3901 2583 elatione

2300 2639 2401 2679 nos
2422 2624 2671 2694 polluunt
2696 2642 2709 2692 ;
2735 2634 2791 2682 et
2812 2634 2963 2681 tanto
2984 2625 3310 2695 dejectiores
3329 2622 3469 2694 apud
3491 2621 3661 2676 Deum
3682 2619 3899 2684 faciunt,

2299 2723 2505 2784 quanto
2533 2717 2676 2786 apud
2704 2716 3068 2787 nosmetipsos
3098 2713 3418 2770 tumidiores
3446 2711 3701 2768 reddunt.
3749 2706 3901 2766 Unde

2299 2810 2440 2868 bene
2468 2811 2584 2882 subj
2594 2813 2808 2882 ungitur
2842 2828 2859 2866 :

2618 2903 2847 2959 CAPUT
2888 2892 3103 2959 xxxiv
3144 2902 3307 2975 (nec.
3346 2900 3571 2974 XVII].

2376 2997 2535 3054 Vens.
2571 2996 2622 3051 5.
2679 2998 2907 3070 Cumque
2932 3000 2988 3053 in
3031 2996 3204 3052 orbem
3234 2997 3544 3052 transissent
3588 2994 3700 3049 dies
3730 2990 3898 3050 consi-

2299 3090 2388 3159 vii,
2421 3092 2655 3147 mittebat
2682 3091 2805 3160 Job,
2838 3102 2889 3146 et
2916 3090 3285 3163 sanctiﬁcabal
3313 3108 3421 3146 eos.

2372 3182 2477 3251 33
2504 3180 2593 3235 47.
2627 3182 2696 3237 In
2716 3183 2863 3238 bonis
2894 3184 3130 3255 operibus
3158 3183 3435 3256 purganda
3454 3178 3898 3236 intentio.——Per-

2298 3282 2421 3330 acto
2452 3274 2650 3345 quippe
2679 3276 2811 3332 orbe
2840 3277 3046 3333 dierum
3075 3276 3349 3344 convivii,
3396 3276 3615 3331 mittere
3644 3275 3713 3329 ad
3744 3273 3899 3341 ﬁlios,

591 3326 720 3397 gula
746 3331 999 3400 qumlibet
1022 3336 1193 3392 virtus
1221 3338 1548 3407 destituitur,
1580 3343 1625 3397 si
1649 3359 1755 3398 non
1781 3360 1886 3399 una
1909 3345 1997 3400 alii
2024 3346 2192 3405 virtus
2218 3381 2265 3444 Ο
2297 3326 2505 3436 εοεῳιᾏ
2525 3326 2885 3437 εξιξιριίθοπθ,
2914 3377 2999 3425 εει
3027 3382 3153 3441 po“
3178 3326 3438 3425 νίηυίηω
3461 3383 3705 3433 sensum,
3736 3366 3899 3421 ξηιω.

596 3419 774 3444 ..ξ-ιηιξ
808 3423 1056 3444 ---α’----ι
1184 3428 1249 3444 ι..
1465 3434 1475 3444 .
1822 3438 1833 3444 -
1939 3439 1948 3444 -
2068 3440 2078 3444 -
2109 3442 2115 3444 .

596 3419 776 3481 virtuti
806 3423 1146 3495 suﬁ‘ragetur.
1183 3428 1359 3487 Minor
1386 3434 1587 3503 quippe
1611 3444 1697 3492 est
1718 3438 2008 3508 sapientia,
2036 3440 2081 3496 si
2105 3442 2191 3497 in-

595 3511 814 3570 tellectu
841 3525 1056 3586 careat;
1087 3528 1143 3575 et
1170 3522 1326 3577 valde
1352 3523 1556 3582 inutilis
1582 3527 1888 3586 intellectus
1918 3539 2019 3598 est,
2052 3534 2097 3589 si
2127 3548 2195 3589 ex

592 3607 857 3677 sapientia
877 3626 984 3666 non
1011 3613 1296 3682 subsistat;
1330 3618 1456 3686 quia
1479 3634 1599 3673 cum
1626 3621 1818 3677 altiora
1841 3624 1957 3679 sine
1978 3627 2193 3697 sapien-

592 3701 679 3756 tite
707 3704 1253 3777 pondere.penetrat,
1286 3726 1383 3767 sua
1414 3712 1563 3769 illum
1603 3715 1795 3772 levitas
1824 3721 2037 3787 gravius
2076 3723 2191 3779 rui-

593 3799 770 3850 turum
800 3794 962 3854 levat.
985 3797 1103 3855 Vile
1129 3810 1211 3857 est
1233 3803 1535 3872 consilium,
1561 3808 1646 3862 cui
1672 3809 1837 3864 robur
1861 3811 2191 3869 fortitudinis

590 3883 774 3954 deest;
822 3891 947 3959 quia
984 3894 1128 3962 quod
1160 3896 1442 3953 tractando
1475 3900 1697 3967 invenit,
1741 3919 1932 3961 carens
1960 3908 2185 3974 viribus,

589 3993 759 4050 usque
780 3984 848 4038 ad
872 3985 1257 4055 perfectionem
1280 3992 1460 4061 operis
1483 4009 1590 4049 non
1622 3997 1870 4064 perducit
1903 4018 1914 4053 :
1947 4010 2004 4056 et
2034 4002 2191 4059 valde

587 4070 844 4131 fortitudo
892 4077 1216 4149 destruitur,
1267 4084 1369 4139 nisi
1416 4101 1514 4157 per
1563 4091 1849 4153 consilium
1897 4092 2184 4165 fulciatur;

587 4164 711 4232 quia
748 4180 859 4235 quo
896 4169 1015 4238 plus
1054 4186 1113 4227 se
1151 4189 1310 4243 posse
1352 4179 1630 4248 conspicit,
1664 4197 1729 4237 eo
1757 4184 1926 4239 virtus
1953 4188 2069 4242 sine
2099 4164 2187 4243 ra?

589 4254 751 4310 tionis
780 4258 1150 4319 moderamine
1197 4265 1433 4323 deterius
1476 4271 1531 4324 in
1579 4289 1816 4347 praeceps
1862 4280 1986 4333 ruit.
2028 4279 2185 4338 Nulla

585 4355 670 4402 est
696 4349 922 4406 scientia
945 4390 962 4419 ,
1001 4353 1046 4409 si
1092 4355 1381 4414 utilitatem
1410 4362 1629 4431 pietatis
1656 4383 1763 4423 non
1806 4369 2006 4438 habet;
2058 4375 2185 4442 quia

585 4439 712 4496 dum
737 4443 880 4499 bona
911 4447 1126 4517 cognita
1156 4452 1377 4523 exsequi
1408 4456 1649 4525 negligit,
1683 4475 1801 4515 sese
1831 4462 1899 4517 ad
1921 4439 2183 4531 judicium

584 4534 784 4590 arctius
811 4537 1042 4609 stringit.
1068 4539 1135 4596 Et
1156 4542 1312 4599 valde
1332 4544 1534 4603 inutilis
1556 4559 1636 4605 est
1659 4552 1851 4621 pietas,
1882 4554 1927 4608 si
1947 4557 2185 4614 scientiae

585 4623 911 4686 discretione
940 4642 1116 4701 caret;
1149 4637 1275 4705 quia
1304 4638 1429 4693 dum
1458 4642 1605 4697 nulla
1636 4643 1777 4701 hanc
1802 4646 2026 4704 scientia
2056 4651 2182 4707 illu-

584 4721 771 4790 minat,
816 4728 1086 4794 quomodo
1131 4732 1451 4789 misereatur
1481 4736 1715 4804 ignorat.
1758 4739 1939 4797 Timor
1966 4758 2184 4816 quoque

583 4807 699 4879 ipse
723 4813 826 4869 nisi
854 4816 951 4872 has
976 4820 1139 4874 etiam
1166 4823 1392 4880 virtutes
1420 4826 1689 4898 habuerit,
1715 4830 1783 4885 ad
1810 4834 2015 4890 nullum
2045 4807 2183 4909 opus

583 4906 774 4971 procul
820 4907 984 4965 dubio
1030 4911 1187 4970 bona:
1218 4917 1446 4973 actionis
1502 4922 1710 4992 surgit;
1770 4926 1895 4995 quia
1941 4906 2182 4987 dum—ad

582 5005 776 5051 cuncta
804 5001 1056 5071 trepidat,
1086 5005 1201 5075 ipsa
1239 5024 1337 5064 sua
1365 5010 1652 5070 formidine
1676 5031 1708 5071 a
1736 5017 1894 5075 bonis
1931 5023 2183 5082 omnibus

582 5092 804 5157 torpens
842 5104 1015 5151 vacat.
1052 5098 1189 5165 Quia
1230 5118 1361 5175 ergo
1389 5106 1656 5168 alternato
1685 5114 1982 5172 ministerio
2012 5118 2182 5177 virtus

581 5180 841 5279 a-virtute
886 5187 1146 5262 reﬁcitur,
1186 5210 1334 5253 recte
1374 5199 1570 5259 dicitur
1608 5207 1753 5275 quod
1804 5210 1945 5279 apud
1990 5226 2049 5268 se
2085 5212 2180 5269 ﬁlii

581 5273 816 5336 vicissim
846 5285 1216 5345 convivantur.
1250 5292 1493 5365 Cumque
1526 5314 1632 5355 una
1662 5301 1819 5357 aliam
1848 5304 2182 5366 sublevando

655 5434 980 5531 :Secundus
998 5441 1180 5526 Item,
1215 5444 1472 5522 IRemig.
1507 5452 1754 5531 Corb._et
1782 5458 1993 5531 Germ,
2020 5464 2181 5531 juxta

580 5505 787 5629 ἴέοᾶἷιηι
812 5548 826 5575 ,
859 5516 1126 5583 propriam
1159 5505 1757 5595 mentemip‘dscuii—livlia

650 5644 677 5683 δ
710 5645 920 5707 Primus
949 5650 1181 5729 Remig.,
1214 5671 1263 5715 et
1293 5664 1442 5719 valde
1460 5667 1720 5792 [orlitudo
1751 5672 2062 5733 destituitur.

655 5727 677 5755 °
710 5718 924 5792 Omnes.
960 5723 1138 5792 Rem.,
1185 5731 1416 5792 Bemia..
1506 5741 1710 5792 onainn
1743 5742 1929 5792 Cnrh--
1965 5749 2062 5792 nm

655 5718 1138 5818 :AQImne‘sLRem;
1169 5718 1416 5818 'Remig?
1460 5718 1710 5818 Longip_.,
1743 5718 2173 5818 co"r'13.,'6éim.,

578 5783 978 5890 Ebrgichnetc.
1035 5816 1046 5849 ε
1097 5783 1483 5890 Spemnﬁdem
1535 5783 1931 5890 ςτο-ἔὴξινὶιιζιέηἶ

580 5874 1093 5959 gpfratores,
1141 5882 1249 5959 etc:r
1280 5874 1500 5959 Carnol.
1542 5880 1722 5937 habet.
1760 5904 1771 5938 :
1808 5887 1985 5959 Spem,
2016 5874 2173 5959 ﬁdéhi

580 5928 962 6021 ff'fflflfilqlem
993 5928 1191 6021 sitiunt.
1228 5928 1557 6021 tegulam;
1582 5928 2171 6021 Ziéi},'r.7&i;{"et"£if£f

582 6004 787 6052 illatam
817 6004 975 6069 ciunt,
1010 6023 1040 6062 a
1068 6012 1145 6065 cio
1174 6004 1331 6070 voco:
1363 6017 1504 6077 Sane

2301 3460 2506 3513 tionem
2534 3460 2713 3516 cordis
2738 3461 2989 3531 dirigere,
3015 3470 3070 3518 et
3092 3477 3255 3520 omne
3273 3461 3419 3535 quod
3438 3462 3633 3533 agitur,
3658 3460 3897 3517 districta

2298 3553 2700 3610 retractationis
2738 3555 3073 3613 discussione
3114 3556 3411 3623 mundare;
3458 3571 3528 3612 ne
3568 3556 3715 3612 bona
3754 3553 3896 3609 aesti-

2298 3653 2517 3701 mentur
2553 3661 2672 3717 qua:
2720 3650 2862 3704 mala
2903 3659 3067 3719 sunt;
3117 3666 3187 3707 ne
3222 3650 3416 3707 saltem
3455 3650 3726 3707 veraciter
3760 3650 3897 3705 bona

2298 3746 2554 3805 putentur
2600 3738 2959 3809 sufﬁcientia,
3011 3758 3134 3798 cum
3177 3742 3418 3815 perfecta
3465 3760 3574 3799 non
3614 3753 3759 3799 sunt.
3813 3740 3896 3797 Sic

2297 3828 2443 3882 enim
2486 3845 2639 3887 mens
2685 3833 3001 3904 plerumque
3057 3831 3361 3907 decipitur,
3412 3845 3471 3891 ut
3508 3846 3602 3891 aut
3639 3836 3897 3907 qualitate

2295 3919 2439 3984 mali,
2467 3930 2557 3975 aut
2584 3922 2711 3978 boni
2739 3925 3043 3994 quantitate
3069 3925 3305 3985 fallatur.
3329 3926 3476 4002 [Vet.
3505 3926 3663 3981 XXX
3681 3925 3769 3997 V.]
3792 3924 3895 3981 Sed

2295 4011 2398 4070 bos
2422 4014 2682 4072 virtutum
2708 4033 2896 4073 sensus
2918 4010 3110 4075 melius
3130 4034 3321 4090 preces
3344 4035 3504 4091 quam
3535 4020 3894 4076 discussioncs

2293 4105 2608 4175 inveniunt;
2649 4125 2772 4164 nam
2801 4125 2866 4165 ea
2894 4126 3014 4181 quae
3043 4112 3373 4182 perscrutari
3404 4111 3456 4167 in
3488 4111 3895 4181 nobismetipsis

2293 4198 2502 4268 plenius
2543 4201 2790 4269 nitimur,
2835 4218 2978 4273 saepe
3016 4206 3195 4260 verius
3232 4205 3437 4261 orando
3476 4220 3635 4275 quam
3679 4203 3896 4259 investi-

2291 4292 2466 4359 gando
2508 4302 2871 4362 penetramus.
2914 4295 3049 4352 Cum
3091 4299 3234 4353 enim
3266 4313 3419 4353 mens
3462 4314 3559 4368 per
3605 4298 3891 4368 quamdam

2290 4386 2721 4453 compunctionis
2750 4389 3056 4445 machinam
3084 4390 3151 4445 ad
3176 4390 3285 4447 alta
3309 4390 3612 4448 sustollitur
3636 4390 3655 4430 τ
3669 4434 3687 4461 ,
3709 4406 3889 4459 omne,

2289 4475 2435 4545 quod
2465 4477 2515 4532 ei
2535 4477 2602 4533 de
2622 4493 2681 4534 se
2702 4479 2816 4549 ipsa
2848 4483 3165 4550 occurrerit,
3190 4484 3290 4540 sub
3316 4499 3375 4540 se
3404 4484 3519 4555 ipsa
3546 4484 3891 4555 dijudicando

2290 4568 2491 4624 certius
2513 4574 2933 4642 contemplatur.
2968 4574 3120 4632 Unde
3148 4586 3205 4633 et
3232 4588 3381 4634 recte
3401 4578 3744 4648 subjungitur
3769 4598 3785 4634 :

2608 4663 2837 4719 CAPUT
2877 4666 3073 4723 xxxv
3115 4668 3265 4743 [Rea
3307 4668 3567 4741 XVIII].

2213 4778 2266 4839 Β
2364 4751 2493 4807 lem.
2514 4787 2584 4797 —
2605 4753 3033 4832 Consurgensque
3055 4761 3282 4817 diluculo
3306 4762 3556 4833 offerebat
3590 4764 3891 4820 holocausta

2294 4860 2387 4915 per
2412 4846 2660 4917 singulos.

2366 4934 2455 4991 48.
2497 4938 2875 4997 Ilolocaustum
2902 4948 3070 5015 precis
3096 4964 3191 5016 pro
3220 4946 3441 5020 singulis
3470 4950 3743 5005 uirtutibus
3772 4966 3891 5020 pur-

2296 5032 2482 5102 gandis
2512 5034 2939 5103 o/ferendunt.-—
2956 5038 3200 5097 Diluculo
3228 5057 3465 5113 namque
3492 5045 3891 5114 consurgimus,

2294 5140 2419 5179 cum
2457 5129 2887 5198 compunctionis
2927 5132 3048 5188 luce
3087 5132 3285 5203 perfusi
3316 5134 3668 5192 humanitatis
3696 5144 3893 5191 nostrae

2294 5227 2511 5277 noctem
2541 5221 2858 5288 deserimus,
2894 5236 2950 5282 et
2978 5225 3049 5282 ad
3078 5230 3191 5284 veri
3222 5229 3441 5285 luminis
3466 5230 3677 5300 radios,
3706 5229 3895 5285 oculos

2290 5314 2486 5370 mentis
2535 5317 2829 5387 aperimus.
2872 5317 3048 5390 Atque
3090 5320 3466 5379 holocaustum
3510 5338 3605 5394 per
3653 5320 3894 5391 singulos

2287 5469 2490 5539 pendet
2520 5472 2686 5530 verbo
2714 5476 2982 5530 vocabant.

2363 5540 2387 5579 ά
2419 5542 2548 5621 Mss;
2571 5546 2691 5621 lere
2715 5563 2925 5621 omnes,
2960 5565 3109 5621 quasi
3135 5566 3202 5603 ea:
3229 5550 3413 5621 poculo
3434 5548 3770 5621 debriantur.

2365 5623 2388 5691 τί
2419 5610 2478 5667 In
2511 5613 2646 5691 Edit.
2672 5618 2767 5691 hic
2791 5610 3004 5674 additur
3034 5610 3265 5691 virtutes,
3295 5618 3440 5691 quod
3486 5624 3639 5679 abest
3685 5637 3717 5677 a
3759 5617 3893 5679 Mss.

2294 5682 2457 5793 hujus
2488 5687 2639 5742 vocis
2670 5688 2790 5745 loco
2819 5691 3044 5747 subaudi
3074 5710 3232 5763 opera
3252 5682 3419 5748 bona.

2441 5755 2594 5793 Antia
2646 5758 2778 5793 Ωιι-η
2852 5762 2993 5793 ιἠηι.
3069 5762 3229 5793 [ΞΛ-..η
3308 5762 3330 5793 Α
3371 5766 3406 5793 ι)

2432 5755 2613 5833 ᾼηῐίίι.
2646 5758 2823 5833 Ben)”
2852 5762 3035 5833 Cum,
3069 5755 3273 5831 G'erm.,
3308 5762 3333 5817 1
3367 5765 3603 5833 Remig.,
3632 5763 3890 5828 Vindoc..

2291 5824 2511 5909 Ebroie.
2535 5824 2848 5919 et‘alii'blssl.
2868 5824 3394 5919 Norni.j()inneh'quod
3415 5839 3462 5892 ei
3481 5824 3778 5919 seipse,
3793 5824 3891 5892 sui

2290 5915 2346 5949 se
2388 5902 2501 5969 ipsa
2541 5910 2637 5966 est,
2682 5902 3038 5974 dijudicaudo,
3066 5902 3189 5961 'etc.
3224 5902 3440 5963 2'Rem.
3473 5917 3526 5965 et
3558 5909 3593 5962 2
3623 5902 3835 5977 Remig.
3868 5921 3891 5963 :

2291 5965 2458 6051 Omne
2487 5972 2623 6042 quod
2651 5973 2699 6027 ei
2723 5974 2785 6029 de
2814 5976 2984 6045 seipse
3018 5978 3179 6033 altum
3210 5979 3507 6047 videbatur,
3556 5981 3647 6037 sub
3680 5980 3891 6051 seipse,

2250 6116 2253 6117 ν
2288 6047 2397 6095 etc.
