4130 6442
267 432 373 487 549

1131 426 1489 483 MORALIUM
1532 427 1660 484 LIB.
1727 429 1771 483 Ι.
1815 454 1883 465 --
1922 423 1987 487 ΙΝ
2026 424 2251 480 CAPUT
2288 426 2311 511 Vl
2353 425 2413 481 B.
2455 427 2592 482 JOB.

3439 421 3544 478 550

254 556 394 612 alios
436 550 728 616 oﬂerimus,
754 565 876 604 cum
903 562 1003 619 pro
1035 559 1355 617 unaquaque
1380 546 1581 602 virtute
1614 544 1843 601 Domino
1870 543 1925 605 Α
1948 540 2070 609 ginc
2098 554 2415 612 pensemus,
2446 556 2515 597 ne
2542 556 2610 596 ex
2639 539 2783 595 malo
2814 546 2934 594 ortu
2967 537 3261 609 prodeant,
3301 537 3466 594 etiam
3495 546 3542 600 si

184 639 195 719 Ῐ
254 648 487 706 hostiam
515 655 713 701 nosmn
741 644 916 717 precis
941 641 1281 699 immolemus
1307 660 1319 697 :
1346 658 1414 697 ne
1444 640 1706 712 sapientia
1736 639 1847 696 ele-

1948 645 2098 693 recta
2146 644 2270 692 sunt
2310 652 2429 708 quae
2471 645 2764 693 ostentant.
2817 635 2971 693 Unde
3014 636 3101 692 hic
3139 650 3357 709 quoque
3395 647 3547 693 recte

186 736 189 737 ⁷
255 750 371 807 vet;
403 755 472 795 ne
497 737 823 803 intellectus,
850 736 976 792 dum
998 734 1266 791 subtiliter
1293 735 1478 800 currit,
1508 734 1751 800 aberret;
1780 747 1849 789 ne
1950 727 2282 800 subjungitur
2313 746 2326 781 :

252 836 558 901 consilium,
593 833 720 889 dum
751 848 811 890 se
840 830 1177 902 multiplicat,
1222 829 1550 897 confundat;
1594 846 1662 886 ne
1690 829 1847 886 forti-

255 930 408 997 tudo,
440 927 566 982 dum
594 926 841 982 fiduciam
872 925 1094 996 praebet,
1128 923 1453 996 prmcipitet;
1487 940 1556 981 ne
1582 923 1807 983 scientia
1831 964 1846 992 ,

253 1020 381 1075 dum
410 1019 559 1075 novit
598 1028 652 1075 et
692 1034 801 1075 non
834 1017 1028 1087 diligit,
1059 1015 1236 1083 inﬂet;
1285 1032 1354 1073 ne
1401 1017 1592 1088 pietas,
1636 1016 1761 1072 dum
1792 1031 1853 1072 se

254 1121 407 1167 extra
446 1111 821 1171 rectitudinem
860 1110 1122 1181 inclinat,
1160 1111 1505 1181 intorqueat;
1547 1124 1616 1165 ne
1654 1108 1845 1179 timor,

254 1203 383 1260 dum
430 1205 549 1275 plus
589 1206 735 1274 justo
784 1204 1060 1283 trepidat,
1104 1204 1157 1259 in
1207 1202 1598 1277 desperationis
1641 1202 1855 1259 faveam

255 1307 484 1368 mergat.
529 1299 662 1355 Cum
704 1314 833 1369 ergo
861 1315 961 1370 pro
991 1314 1316 1370 unaquaque
1357 1297 1577 1367 virtute,
1620 1305 1680 1352 ut
1719 1312 1853 1366 pura

256 1406 377 1449 esse
404 1393 625 1459 debeat,
677 1381 867 1465 preces
902 1393 1138 1455 Domino
1168 1393 1439 1449 fundimus
1465 1435 1481 1461 ,
1515 1389 1643 1465 quid
1672 1390 1816 1446 aliud
1836 1431 1851 1455 ,

254 1496 417 1554 quam
444 1484 597 1553 juxta
626 1484 858 1549 filiorum
887 1500 1173 1543 numerum
1216 1484 1590 1543 holocaustum
1620 1497 1719 1554 per
1748 1481 1855 1537 sin-

257 1576 412 1645 gulos
429 1577 782 1637 exhibemus?
807 1577 1195 1639 Holocaustum
1218 1592 1452 1653 namque
1478 1585 1651 1633 totum
1673 1576 1857 1635 incen-

254 1683 377 1724 sum
422 1669 635 1725 dicitur.
688 1669 1079 1727 Holocaustum
1125 1671 1290 1743 igitur
1340 1671 1505 1739 dare,
1559 1677 1643 1729 est
1688 1677 1859 1729 totam

254 1767 492 1815 mentem
543 1763 668 1829 igne
725 1762 1161 1834 compunctionis
1212 1762 1536 1827 incendere,
1578 1769 1637 1817 ut
1673 1761 1727 1815 in
1765 1773 1861 1823 ara

255 1850 454 1907 amoris
484 1866 580 1907 cor
609 1852 824 1919 ardeat,
859 1862 916 1909 et
946 1854 1102 1924 quasi
1132 1852 1324 1913 delicta
1354 1852 1585 1923 propriae
1625 1850 1858 1916 sobolis,

256 1939 663 2012 inquinamenta
691 1945 1039 2012 cogitationis
1067 1954 1281 2007 exurat,
1440 2020 1447 2027 ⁵

322 2032 412 2089 49.
457 2034 604 2107 [νει.
647 2033 805 2088 XXX
822 2035 941 2106 VL]
988 2034 1132 2089 Illud
1174 2051 1278 2089 non
1321 2034 1471 2103 offert
1514 2035 1599 2105 qui
1627 2035 1859 2089 internas

253 2133 423 2180 motus
466 2142 571 2181 non
616 2125 1035 2199 frenat.—-Sed
1083 2125 1198 2182 haec
1237 2140 1399 2195 agere
1435 2127 1718 2195 nesciunt,
1757 2126 1862 2183 nisi

256 2214 314 2269 hi
344 2215 439 2287 qui
474 2217 785 2288 priusquam
818 2216 1177 2287 cogitationes
1202 2216 1268 2271 ad
1298 2232 1432 2288 opus
1464 2215 1747 2288 prodeant,
1780 2217 1862 2273 in-

262 2301 445 2363 ternos
466 2322 595 2363 suos
622 2316 802 2364 motus
828 2307 1059 2364 sollicite
1087 2307 1586 2377 circumspicientes
1614 2307 1860 2376 frenant;

266 2406 289 2432 η
322 2398 437 2452 ιιωο
462 2412 623 2467 agere
648 2399 929 2463 nesciunt,
957 2397 1058 2454 nisi
1088 2399 1180 2469 qui
1205 2398 1345 2455 virili
1375 2399 1620 2455 custodia
1650 2399 1865 2455 munire

261 2499 496 2547 mentem
520 2498 807 2547 noverunt.
826 2489 982 2547 Unde
1002 2498 1151 2547 recte
1166 2492 1438 2562 inopinata
1462 2501 1640 2548 morte
1659 2493 1863 2549 exstin-

260 2590 376 2638 ctus
401 2581 645 2647 Isbosetb
673 2582 892 2647 dicitur,
920 2598 1081 2653 quem
1106 2590 1159 2637 et
1185 2582 1463 2653 Scriptura
1493 2600 1645 2639 sacra
1675 2600 1783 2639 non
1809 2585 1862 2639 in

261 2672 423 2729 domo
455 2674 755 2738 ostiarium,
784 2674 879 2730 sed
910 2674 1187 2730 ostiariam
1221 2675 1472 2731 habuisse
1503 2684 1749 2742 testatur,
1778 2677 1861 2732 di-

261 2780 429 2824 cens:
458 2766 731 2823 Venientes
771 2768 871 2837 ﬁlii
912 2767 1165 2824 Remmon
1199 2768 1481 2824 Berotltitaz
1508 2813 1523 2838 ,
1571 2768 1776 2824 Rechab
1815 2778 1864 2822 et

263 2858 468 2927 Ranaa,
512 2862 734 2931 ingressi
771 2871 889 2917 sunt
931 2865 1154 2933 fervente
1193 2864 1274 2918 die
1322 2865 1532 2919 domum
1584 2862 1820 2919 lsboseth
1847 2904 1862 2931 ,

261 2953 345 3025 qui
390 2953 674 3009 dormiebat
721 2972 874 3028 super
916 2966 1133 3011 stratum
1175 2974 1323 3010 suum
1352 2957 1584 3012 meridie.
1633 2955 1867 3027 Ingressi

262 3054 382 3101 sunt
412 3056 582 3102 autent
612 3050 851 3114 domum;
900 3059 948 3104 et
977 3051 1192 3105 ostiaria
1236 3050 1420 3104 domus
1461 3066 1691 3121 purgans
1732 3048 1840 3101 triti
1855 3076 1871 3090 -

263 3154 379 3195 cum
425 3139 747 3197 obdormivit.
804 3142 1136 3198 Assumentes
1180 3145 1352 3212 spicas
1399 3142 1596 3206 tritici,
1645 3142 1867 3195 latenter

264 3231 489 3301 ingressi
531 3240 682 3295 sunt,
735 3241 783 3285 et
812 3242 1171 3303 percusserunt
1218 3250 1331 3287 eum
1380 3235 1431 3287 in
1480 3234 1711 3304 inguine.
1756 3229 1861 3299 (II

269 3322 396 3394 Reg.
446 3340 530 3387 iv,
580 3322 658 3391 5.)
708 3325 936 3379 Ostiaria
978 3326 1211 3381 triticum
1245 3335 1466 3397 purgat,
1518 3341 1639 3381 cum
1670 3324 1937 3393 mentisc

265 3417 510 3473 custodia
546 3416 899 3473 discernendo
942 3419 1169 3474 virtutes
1210 3433 1239 3472 a
1290 3417 1433 3473 vitiis
1463 3424 1700 3487 separat.
1735 3415 1866 3482 Quae

265 3508 309 3562 si
330 3507 707 3577 obdormierit,
732 3509 786 3565 in
809 3518 1037 3564 mortem
1060 3509 1265 3580 proprii
1288 3509 1500 3565 Domini
1525 3507 1867 3564 insidiatores

266 3598 529 3665 admittit;
560 3600 685 3668 quia
708 3616 829 3655 cum
857 3600 1199 3655 discretionis
1224 3600 1527 3657 sollicitudo
1552 3597 1867 3664 cessaverit,

265 3692 333 3747 ad
385 3692 813 3751 interliciendum
875 3693 1116 3749 animum
1154 3692 1401 3762 malignis
1438 3692 1715 3761 spiritibus
1766 3692 1870 3745 iter

264 3784 469 3855 pandit.
496 3785 597 3851 Qui
620 3785 844 3853 ingressi
867 3785 1043 3853 spicas
1066 3784 1282 3850 tollunt,
1306 3784 1431 3853 quia
1454 3800 1580 3838 mox
1602 3784 1868 3837 bonarum

264 3876 655 3944 cogitationum
683 3875 924 3944 germina
955 3875 1222 3933 auferunt.
1259 3874 1434 3943 Atque
1466 3875 1517 3927 in
1548 3873 1765 3940 inguine
1794 3872 1871 3927 le-

264 3968 430 4031 riunt,
464 3966 589 4036 quia
618 3965 870 4023 virtutem
901 3964 1080 4020 cordis
1111 3965 1472 4025 delectatione
1510 3963 1687 4018 carnis
1732 3964 1874 4021 occi-

268 4061 417 4115 dunt.
452 4059 509 4114 ln
540 4059 757 4129 inguine
784 4059 984 4129 quippe
1012 4060 1195 4128 ferire,
1219 4068 1301 4116 est
1317 4059 1482 4114 vitam
1508 4059 1707 4113 mentis
1727 4057 1876 4114 dele-

270 4155 508 4210 ctatione
540 4155 721 4209 carnis
749 4152 1045 4224 perforare.
1081 4153 1430 4223 Nequaquam
1470 4167 1601 4207 vero
1632 4150 1877 4208 lsboseth

270 4245 372 4300 iste
413 4246 512 4300 hac
555 4254 731 4301 morte
773 4247 1179 4311 succumberet,
1223 4246 1267 4303 si
1312 4261 1419 4301 non
1466 4244 1533 4300 ad
1572 4244 1876 4314 ingressum

273 4338 461 4395 domus
490 4339 771 4395 mulierem
795 4382 809 4405 ,
842 4339 897 4393 id
926 4348 1007 4394 est
1028 4382 1043 4407 ,
1076 4339 1145 4394 ad
1186 4340 1382 4395 mentis
1413 4339 1616 4393 aditum
1657 4336 1874 4393 mollem

270 4430 566 4485 custodiam
606 4431 934 4501 deputasset.
974 4430 1153 4487 Fortis
1191 4447 1424 4502 namque
1459 4431 1567 4503 34
1596 4430 1874 4502 virilisque

270 4537 457 4576 sensus
498 4524 737 4595 prmponi
773 4522 952 4579 cordis
989 4523 1194 4579 foribus
1229 4524 1418 4588 debet,
1452 4538 1611 4592 quem
1643 4536 1744 4577 nec
1776 4536 1870 4577 ne~

270 4612 538 4681 gligentiae
583 4628 805 4669 somnus
840 4614 1149 4683 opprimat,
1200 4629 1299 4669 nec
1347 4613 1667 4683 ignorantiae
1717 4626 1871 4667 error

271 4701 441 4760 fallat.
490 4703 641 4761 Unde
686 4706 828 4761 bene
870 4714 927 4776 et
969 4705 1211 4761 lsboseth
1258 4707 1558 4777 appellatus
1605 4714 1686 4761 est
1713 4748 1727 4774 ,
1775 4706 1868 4777 qui
1898 4719 1946 4779 ι)

273 4795 498 4854 custode
533 4796 734 4854 femina
772 4798 1060 4853 hostilibus
1099 4797 1291 4867 gladiis
1329 4798 1584 4853 nudatur.
1625 4796 1868 4853 lsboseth

273 4888 472 4958 quippe
498 4889 582 4943 vir
608 4887 942 4945 confusionis
969 4887 1181 4943 dicitur.
1210 4888 1308 4944 Vir
1332 4896 1510 4945 autem
1538 4888 1870 4944 conlusionis

272 4987 375 5044 est,
408 4980 499 5050 qui
530 4979 656 5035 forti
687 4979 887 5036 mentis
914 4979 1163 5035 custodia
1194 4979 1434 5035 munitus
1460 4994 1573 5034 non
1603 4986 1715 5045 est;
1744 4978 1868 5047 quia

274 5074 399 5126 dum
442 5073 671 5129 virtutes
706 5088 765 5129 se
801 5085 963 5142 agere
987 5072 1250 5140 aestimat,
1291 5071 1651 5133 subintrantia
1685 5072 1814 5127 vitia
1842 5071 1869 5111 δ

274 5165 606 5221 nescientem
649 5174 867 5222 necant.
908 5166 1046 5221 Tota
1085 5167 1269 5234 itaque
1308 5165 1509 5220 virtute
1552 5164 1870 5221 muniendus

275 5266 356 5313 est
382 5258 559 5313 aditus
589 5259 815 5326 mentis,
847 5274 917 5314 ne
943 5258 1160 5327 quando
1189 5273 1312 5313 eam
1340 5256 1665 5313 insidiantes
1686 5257 1873 5313 hostes

275 5356 557 5420 penetrent
584 5350 848 5407 foramine
872 5350 1134 5419 neglectae
1160 5349 1523 5419 cogitationis.
1557 5348 1693 5404 Hinc
1718 5348 1871 5403 Salo-

274 5454 399 5495 mon
436 5441 548 5495 ait:
576 5440 733 5496 Omni
770 5442 1004 5498 custodia
1039 5458 1186 5497 serva
1216 5458 1305 5496 eor
1336 5450 1475 5495 tuum
1494 5482 1509 5505 ,
1539 5441 1785 5511 quoniam
1806 5456 1873 5493 ea:

272 5530 385 5599 ipso
408 5534 513 5588 vita
541 5536 774 5605 procedit
815 5535 1007 5603 (Ρνου.
1048 5552 1131 5595 tv.
1153 5532 1274 5603 25).
1302 5533 1543 5591 Virtutes
1572 5547 1705 5603 ergo
1738 5547 1873 5602 quas

252 5633 286 5675 ἃ
362 5639 482 5682 mus
494 5624 725 5697 dignum
754 5635 837 5683 est
866 5637 924 5684 ut
952 5641 1298 5699 summopere
1326 5627 1394 5683 ab
1419 5625 1733 5683 intentionis
1763 5624 1873 5682 ori-

347 5792 374 5821 κ
412 5782 491 5840 Ita
519 5785 707 5857 Corb.,,
743 5785 1057 5852 Remenses,
1089 5788 1197 5844 duo
1228 5788 1459 5857 Remig,
1508 5787 1659 5857 Lyr.,
1691 5784 1869 5857 Bigot.

272 5864 330 5910 et
359 5858 628 5912 nonnullae
658 5856 955 5918 Editiones.
991 5859 1220 5914 maxime
1244 5856 1452 5914 veteres
1479 5856 1651 5913 Paris.
1683 5865 1738 5914 et
1767 5856 1867 5912 Ba-

275 5926 361 5984 sil.
399 5929 467 5983 At
492 5927 685 5995 Gilot.,
717 5928 913 5993 Vatic.,
942 5927 1123 5995 Guss.,
1159 5930 1267 5984 hcce
1298 5948 1492 5996 carere.

350 5998 377 6037 ι)
413 5997 640 6067 Quidam
666 6000 816 6066 Mss,
848 6001 1156 6055 nescientem
1182 6012 1399 6056 mentem
1432 6012 1636 6054 nerunt.

2055 840 2283 899 CA’PUT
2312 840 2531 897 XXXVI
2559 842 2579 916 [
2603 840 2717 896 Vet.
2745 839 3049 911 XXXVII,
3086 839 3209 896 Rec.
3240 838 3435 916 XIX].

2024 956 2186 1012 leun-
2206 956 2447 1013 sDicebat
2473 957 2611 1012 enim
2636 974 2652 1015 :
2678 955 2765 1011 Ne
2792 958 2924 1027 forte
2954 957 3276 1027 peccaverint
3296 955 3394 1026 filii
3422 956 3546 1026 mei,

1954 1057 2003 1103 et
2033 1049 2388 1107 benedixerint
2414 1048 2526 1104 Deo
2554 1051 2608 1105 in
2636 1047 2876 1104 cordibus
2902 1049 3028 1102 suis.

2028 1160 2113 1217 50.
2164 1161 2341 1217 Variae
2368 1162 2527 1217 hostis
2556 1161 2803 1228 insidias;
2842 1169 2899 1214 ut
2952 1158 3085 1215 bona
3122 1177 3278 1230 opera
3306 1162 3468 1228 sitiet,
3495 1162 3551 1217 in

1957 1255 2128 1323 operis
2156 1254 2334 1321 initio,
2366 1256 2420 1308 in
2450 1270 2744 1327 progressu,
2775 1256 2831 1309 in
2864 1253 3183 1324 ﬁne.—Filii
3213 1254 3268 1308 in
3298 1255 3552 1311 cordibus

1958 1346 2304 1413 maledicunt,
2335 1363 2456 1403 cum
2484 1356 2631 1403 recta
2660 1355 2846 1404 nostra
2876 1361 3043 1416 opera
3073 1361 3103 1400 a
3131 1362 3239 1403 non
3266 1348 3428 1402 rectis
3457 1363 3554 1404 co-

1959 1438 2307 1507 gitationibus
2335 1440 2634 1511 prodeunt;
2666 1455 2787 1496 cum
2826 1440 2967 1494 bona
2993 1438 3045 1493 in
3072 1447 3259 1508 aperto
3289 1447 3552 1504 exerunt,

1959 1530 2053 1585 sed
2083 1530 2137 1584 in
2166 1531 2381 1587 occulto
2425 1532 2583 1587 noxia
2612 1531 2928 1587 moliuntur.
2961 1529 3073 1587 Deo
3105 1529 3304 1600 quippe
3334 1530 3555 1585 maledi-

1961 1631 2123 1690 cunt,
2156 1639 2277 1680 cum
2308 1633 2518 1680 mentes
2563 1632 2762 1680 nostrae
2791 1638 2851 1679 se
2876 1623 2945 1679 de
2975 1638 3033 1678 se
3062 1622 3331 1679 mstimant
3359 1622 3557 1677 habere

1962 1716 2104 1786 quod
2135 1725 2280 1774 sunt.
2317 1717 2428 1774 Deo
2457 1718 2826 1787 maledicunt,
2864 1733 2984 1772 cum
3015 1733 3075 1773 se
3102 1725 3156 1772 et
3183 1716 3252 1770 ab
3283 1715 3373 1770 illo
3405 1729 3556 1770 acce-

1965 1810 2108 1879 pisse
2140 1810 2281 1865 vires
2311 1810 2646 1882 intelligunt,
2679 1812 2772 1866 sed
2803 1817 2980 1865 tamen
3009 1810 3075 1864 de
3103 1809 3219 1877 ejus
3247 1807 3557 1863 muneribus

1964 1903 2237 1974 propriam
2271 1902 2483 1960 laudem
2514 1912 2778 1974 quaerunt.
2813 1903 2957 1976 [Vet.
2992 1901 3151 1957 XXX
3166 1901 3355 1973 l'III.]
3383 1901 3558 1957 Scien-

1965 1995 2093 2049 dum
2133 2010 2264 2051 vero
2307 2003 2418 2064 est,
2464 1997 2607 2067 quod
2638 1998 2778 2053 bona
2809 2004 2995 2051 nostra
3029 1995 3195 2050 tribus
3224 1994 3397 2049 modis
3425 1992 3559 2046 anti-

1964 2100 2101 2156 quus
2128 2084 2303 2141 hostis
2332 2087 2651 2156 insequitur,
2684 2096 2741 2143 ut
2764 2087 3014 2142 videlicet
3039 2087 3163 2155 hoc,
3185 2085 3327 2155 quod
3354 2093 3559 2140 rectum

1965 2198 2148 2237 coram
2179 2184 2486 2241 hominibus
2515 2186 2707 2255 agitur,
2738 2186 2790 2241 in
2822 2185 3016 2240 interni
3045 2183 3238 2253 judicis
3268 2188 3558 2252 conspectu

1965 2279 2204 2335 vitietur.
2224 2281 2524 2351 Aliquando
2539 2282 2838 2352 namquein
2860 2282 3005 2335 bono
3022 2294 3186 2350 opere
3208 2276 3560 2333 intentionem

1966 2372 2174 2442 polluit,
2200 2382 2257 2429 ut
2282 2390 2458 2440 omne,
2484 2374 2627 2444 quod
2656 2375 2706 2428 in
2736 2374 2949 2429 actione
2979 2373 3244 2443 sequitur,
3274 2386 3339 2425 eo
3369 2380 3562 2439 purum

1965 2464 2333 2535 mundumque
2355 2482 2462 2521 non
2486 2475 2667 2535 exeat,
2693 2482 2800 2536 quo
2826 2466 2932 2521 hoc
2955 2465 3021 2519 ab
3040 2464 3247 2533 origine
3263 2461 3562 2532 perturbat.

1967 2554 2270 2623 Aliquando
2303 2573 2431 2612 vero
2462 2557 2818 2612 intentionem
2859 2555 2987 2611 boni
3024 2554 3206 2625 operis
3236 2555 3427 2610 vitiare
3461 2566 3562 2608 non

1966 2649 2244 2719 praevalet,
2278 2649 2376 2705 sed
2406 2651 2458 2705 in
2490 2650 2601 2721 ipsa
2635 2651 2848 2707 actione
2878 2666 2935 2706 se
2964 2651 3115 2721 quasi
3150 2648 3203 2702 in
3235 2648 3429 2703 itinere
3469 2662 3563 2717 op-

1968 2741 2150 2811 ponit;
2181 2752 2240 2796 ut
2267 2758 2388 2797 cum
2419 2758 2516 2812 per
2558 2743 2895 2813 propositum
2924 2742 3122 2796 mentis
3148 2739 3389 2795 securior
3417 2739 3563 2811 quis-

1968 2850 2073 2905 que
2098 2836 2390 2906 egreditur,
2422 2837 2706 2907 subjuncto
2735 2837 2969 2892 latenter
2994 2836 3146 2901 vitio,
3181 2834 3336 2903 quasi
3372 2849 3441 2889 ex
3484 2832 3564 2887 in-

1968 2927 2117 2983 sidiis
2165 2928 2480 2999 perimatur.
2529 2926 2832 2999 Aliquando
2880 2942 3012 2982 vero
3065 2941 3163 2981 nec
3214 2924 3564 2979 intentionem

1970 3024 2145 3092 vitiat,
2174 3039 2273 3079 nec
2303 3024 2356 3078 in
2388 3024 2583 3078 itinere
2624 3022 2952 3093 supplantat,
2986 3020 3079 3076 Sed
3106 3035 3242 3091 opus
3270 3018 3471 3074 bonum
3514 3019 3565 3072 in

1970 3117 2076 3171 line
2106 3117 2335 3172 actionis
2362 3116 2643 3186 illaqueat;
2678 3123 2987 3185 quantoque
3008 3114 3091 3169 vel
3121 3129 3151 3168 a
3182 3113 3344 3169 domo
3367 3111 3565 3179 cordis,

1970 3211 2055 3265 vel
2100 3210 2166 3265 ab
2213 3210 2408 3265 itinere
2451 3209 2631 3281 operis
2666 3208 2878 3278 longius
2908 3208 3194 3265 recessisse
3231 3223 3288 3263 se
3329 3207 3565 3272 simulat,

1972 3312 2122 3359 tanto
2152 3303 2219 3359 ad
2246 3303 2621 3374 decipiendum
2655 3303 2811 3359 bona
2839 3303 3066 3359 actionis
3097 3301 3387 3357 terminum
3416 3307 3566 3355 astu-

1971 3397 2077 3452 tius
2099 3404 2413 3467 exspectat;
2447 3405 2502 3450 et
2528 3410 2635 3466 quo
2663 3395 2935 3451 incautum
2960 3408 3229 3467 quemque
3253 3392 3405 3462 quasi
3427 3403 3566 3447 recc:

1970 3488 2145 3543 dendo
2173 3499 2193 3526 ο
2234 3487 2548 3557 reddiderit,
2581 3503 2647 3544 eo
2678 3487 2826 3544 illum
2868 3486 3153 3557 repentino
3182 3497 3567 3554 nonnunquam

1969 3580 2191 3636 vulnere
2220 3580 2405 3635 durius
2435 3579 2896 3649 insanabiliusque
2926 3577 3209 3648 transfigit.

2044 3670 2130 3725 51.
2174 3669 2535 3727 Intentionem
2558 3671 2758 3742 quippe
2780 3671 2834 3725 in
2857 3671 3000 3726 bono
3022 3684 3187 3740 opere
3207 3667 3419 3739 polluit,
3445 3666 3567 3737 quia

1970 3760 2092 3818 cum
2126 3760 2304 3818 facilia
2344 3763 2409 3817 ad
2451 3762 2824 3833 decipiendum
2854 3762 3017 3817 corda
3047 3762 3326 3817 hominum
3354 3759 3567 3830 conspi-

1971 3855 2062 3922 cit,
2095 3870 2283 3911 eorum
2316 3854 2597 3910 desideriis
2636 3869 2823 3909 auram
2852 3855 3150 3911 transitorii
3180 3853 3378 3910 favoris
3404 3868 3568 3924 appos

1972 3948 2082 4015 nit;
2117 3958 2177 4004 ut
2206 3949 2259 4004 in
2294 3948 2400 4013 his,
2432 3963 2551 4017 qua:
2584 3956 2729 4005 recta
2756 3948 2982 4011 faciunt,
3014 3947 3081 4003 ad
3110 3946 3412 4019 appetenda
3442 3945 3569 4012 ima,

1971 4040 2286 4097 fortitudine
2330 4040 2647 4098 intentionis
2690 4041 3039 4099 inclinentur.
3090 4040 3243 4097 Unde
3288 4049 3435 4097 recte
3472 4038 3569 4096 sub

1971 4132 2167 4189 Iudaeae
2205 4135 2422 4206 specie,
2456 4134 2523 4191 de
2553 4151 2875 4206 unaquaque
2915 4135 3093 4191 anima
3131 4135 3327 4206 laqueo
3363 4134 3570 4190 miserat

1971 4227 2283 4284 intentionis
2313 4235 2493 4300 capta,
2523 4244 2623 4299 per
2652 4229 2969 4301 prophetam
3000 4227 3196 4283 dicitur
3221 4245 3237 4281 :
3266 4224 3424 4280 Facti
3454 4233 3571 4280 sunt

1972 4320 2142 4376 hostes
2162 4321 2274 4393 ejus
2303 4323 2357 4377 in
2382 4323 2572 4393 capite.
2604 4320 2681 4378 Ac
2711 4322 2756 4377 si
2784 4330 2971 4393 aperte
3001 4320 3253 4393 (Threnn.
3282 4337 3319 4386 ι,
3344 4318 3400 4391 5)
3426 4318 3570 4376 dice~

1972 4424 2118 4471 retur
2144 4434 2157 4469 :
2184 4416 2319 4473 Cum
2362 4416 2561 4473 bonum
2603 4430 2739 4488 opus
2767 4432 2873 4472 non
2902 4416 3044 4472 bona
3073 4416 3375 4471 intentione
3405 4413 3570 4469 sumi-

1972 4516 2085 4575 tur,
2132 4508 2255 4563 huic
2304 4509 2656 4565 adversantes
2698 4508 2920 4579 spiritus
2956 4508 3023 4563 ab
3065 4509 3182 4578 ipso
3229 4504 3571 4574 cogitationis

1972 4599 2194 4655 exordio
2211 4600 2585 4671 principantur
2606 4617 2621 4667 ;
2645 4608 2905 4670 tantoque
2918 4614 3037 4655 eam
3050 4598 3260 4669 plenius
3272 4594 3568 4667 possident,

1970 4698 2174 4760 quanto
2202 4700 2256 4747 et
2282 4706 2379 4761 per
2406 4692 2619 4747 initium
2648 4691 2991 4749 dominantes
3017 4698 3222 4747 tenent.

2045 4781 2129 4836 52.
2171 4780 2304 4838 Cum
2346 4798 2477 4839 vero
2508 4783 2866 4840 intentionem
2892 4781 3085 4837 vitiare
3116 4797 3223 4836 non
3254 4778 3566 4851 praevalent,

1972 4874 1997 4912 ἀ
2031 4876 2084 4931 in
2123 4876 2206 4932 via
2236 4875 2442 4945 positos
2471 4875 2695 4943 laqueos
2726 4881 2916 4943 tegunt
2936 4912 2951 4939 ,
2994 4879 3052 4927 ut
3081 4871 3132 4928 in
3164 4888 3231 4929 eo
3259 4871 3405 4942 quod
3430 4872 3570 4927 bene

1972 4968 2147 5038 agitur
2175 4981 2271 5022 cor
2298 4966 2539 5021 exaltans
2567 4979 2626 5020 se
2656 4978 2723 5019 ex
2750 4963 2919 5018 latere
2948 4961 3015 5018 ad
3044 4962 3233 5017 vitium
3265 4960 3567 5028 derivetur;

1973 5067 2240 5132 quatenus
2253 5058 2398 5128 quod
2420 5058 2685 5119 inchoans
2702 5056 2857 5112 aliter
2878 5066 3254 5129 proposuerat,
3278 5055 3333 5110 in
3355 5055 3568 5112 actione

1975 5152 2134 5223 longe
2180 5150 2337 5209 aliter
2385 5166 2547 5223 quam
2590 5157 2829 5222 coeperat
2873 5157 3174 5222 percurrat.
3226 5148 3382 5219 Saepe
3425 5148 3568 5204 enim

1974 5248 2121 5302 bono
2147 5244 2301 5316 operi
2331 5243 2457 5300 dum
2487 5243 2604 5301 laus
2631 5244 2864 5305 humana
2900 5244 3122 5311 obviat,
3164 5250 3401 5301 mentem
3436 5255 3569 5311 ope-

1972 5336 2142 5391 rantis
2174 5335 2456 5390 immutat:
2485 5350 2604 5405 quae
2647 5336 2891 5406 quamvis
2937 5336 3163 5406 quaesita
3210 5351 3318 5389 non
3361 5332 3565 5399 fuerat,

1974 5438 2153 5484 tamen
2201 5428 2386 5484 oblata
2425 5428 2681 5484 delectat.
2724 5427 2892 5497 Cujus
2920 5428 3027 5500 35
3058 5426 3417 5483 delectatione
3444 5437 3569 5479 cum

1974 5539 2126 5580 mens
2141 5524 2277 5580 bene
2289 5524 2563 5594 Operantis
2575 5522 2878 5590 resolvitur,
2894 5523 2963 5577 ab
2985 5521 3133 5577 omni
3154 5518 3470 5575 intentionis
3492 5517 3568 5585 in-

1974 5620 2118 5675 timrc
2140 5618 2321 5689 vigore
2338 5617 2644 5688 dissipatur.
2672 5616 2827 5689 Saepe
2847 5631 2911 5673 se
2924 5617 3063 5673 bene
3082 5613 3349 5671 inchoatae
3370 5619 3567 5667 nostrae

2051 5790 2073 5819 ο
2092 5777 2341 5834 Plurima
2366 5775 2518 5841 edit,
2532 5776 2681 5846 quasi
2701 5774 2985 5846 recedentia
3001 5788 3235 5846 securum
3252 5769 3565 5846 reddiderit.

1978 5849 2265 5908 Redundat
2290 5842 2553 5912 securum,
2576 5855 2631 5904 et
2651 5848 2807 5901 abest
2828 5860 2859 5899 a
2881 5843 3005 5900 Mss.
3035 5843 3223 5910 Corb.,
3244 5842 3587 5909 Germ..,etc.r

2049 5920 2076 5959 ἀ
2115 5920 2400 5991 Antiquior
2446 5919 2623 5982 Rem.,
2676 5916 2900 5991 Turon.,
2945 5916 3004 5991 S._
3050 5914 3231 5979 Mart.,
3276 5913 3467 5981 Corb.,
3510 5918 3568 5970 et

1979 5993 2241 6058 nonnulli,
2261 5988 2327 6063 in
2350 5994 2428 6047 via
2450 5992 2643 6059 positus
2673 5988 2879 6060 laqueos
2908 5989 3046 6060 tegit.
