4130 6470
612 500 707 556 551

1779 496 2022 553 SANCTI
2060 494 2391 552 GREGORII
2432 496 2645 555 MAGNI

3767 508 3878 561 532

611 614 839 686 iustitiae,
868 627 937 668 ex
961 612 1130 666 latere
1154 610 1232 667 ira
1260 610 1558 682 subjuugit;
1588 620 1644 668 et
1663 612 1786 669 dum
1812 613 1931 668 zelo
1953 612 2179 668 rectitu-
2204 615 2261 672 Α
2283 608 2391 665 illic
2419 620 2544 683 apte
2585 614 2923 683 subjungitur
2948 632 2960 668 :
2988 613 3177 669 Decem
3205 623 3375 669 autem
3406 618 3501 671 viri
3534 620 3724 686 reperti
3759 630 3883 673 sunt

608 706 743 759 dinis
782 703 1183 759 immoderatius
1215 712 1447 759 mentem
1476 705 1675 769 turbat,
1712 713 1961 761 cunctam
1988 704 2185 774 quietis

606 797 807 852 intima:
852 797 1077 852 salutem
1120 796 1346 853 sauciat.
1394 797 1550 866 Saepe
1598 798 1919 866 gravitatem
1971 797 2183 863 cordis,

605 889 759 959 quasi
798 904 863 942 cx
905 887 1077 942 latere
1112 888 1394 958 subjuncta
1444 890 1657 944 tristitia
1700 890 1975 959 sequitur;
2026 899 2188 958 atque

606 994 767 1035 omne
794 994 928 1049 opus
951 979 1097 1049 quod
1124 996 1274 1037 mens
1300 982 1442 1037 bona
1474 982 1772 1037 intentione
1802 982 2037 1047 inchoat,
2069 981 2186 1037 haec

605 1075 869 1131 velamine
903 1079 1151 1133 mmroris
1187 1078 1489 1134 obumbrat.
1530 1077 1660 1145 Quae
1702 1086 1757 1133 et
1796 1092 2183 1148 nonnunquam

607 1176 756 1223 tanto
770 1169 969 1224 tardius
994 1170 1293 1241 repellitur,
1317 1179 1519 1240 quanto
1541 1178 1597 1226 et
1618 1186 1820 1241 pressae
1840 1172 2010 1226 menti
2030 1170 2185 1241 quasi

604 1260 776 1315 serior
802 1260 1108 1316 famulatur.
1141 1263 1295 1332 Saepe
1329 1278 1387 1317 se
1425 1264 1571 1318 bono
1600 1264 1750 1333 operi
1779 1263 1960 1318 lzctitia
1992 1263 2182 1318 immo-

604 1348 790 1404 derata
812 1348 1112 1419 subjungit;
1139 1366 1370 1420 cumque
1411 1350 1532 1421 plus
1552 1362 1790 1407 mentem
1813 1365 1975 1419 quam
2004 1349 2182 1414 decet,

604 1440 928 1497 hilarescere
953 1441 1137 1511 exigit,
1162 1442 1230 1496 ab
1252 1442 1465 1497 actione
1488 1440 1631 1497 bona
1656 1456 1818 1497 omne
1836 1440 2045 1510 pondus
2064 1452 2184 1507 gra-

602 1530 786 1585 vitatis
822 1531 1051 1601 repellit.
1095 1532 1230 1598 Quia
1259 1532 1402 1586 enim
1432 1532 1570 1586 bene
1608 1532 1773 1585 etiam
1810 1530 2186 1585 inchoantibus

601 1625 822 1680 subesse
868 1624 921 1678 in
963 1624 1157 1680 itinere
1198 1624 1422 1693 laqueos
1467 1622 1748 1678 Psalmista
1795 1629 2182 1693 conspexerat,

600 1723 748 1771 recte
777 1716 1089 1785 prophetico
1117 1716 1305 1787 plenus
1340 1715 1529 1785 spiritu
1568 1715 1783 1770 dicebat
1807 1732 1821 1767 :
1850 1713 1915 1769 In
1944 1714 2026 1767 via
2063 1714 2178 1778 hac,

599 1822 698 1874 qua
722 1805 1066 1873 ambulabant,
1095 1806 1471 1861 absconderant
1500 1815 1527 1843 ι
1564 1806 1800 1876 laqueum
1833 1804 1962 1858 mihi
1995 1802 2180 1874 (Psal.

600 1912 742 1961 cxu,
774 1896 850 1961 4).
889 1896 1039 1963 Quod
1073 1898 1212 1953 bene
1238 1913 1303 1952 ac
1332 1896 1600 1953 subtiliter
1626 1895 1888 1952 Jeremias
1917 1895 2181 1963 insinuat,

2284 702 2419 755 inter
2443 720 2528 757 eos
2556 706 2641 775 qui
2670 705 2910 760 dixerunt
2955 707 3025 759 ad
3071 705 3265 761 Ismael
3285 723 3304 761 :
3347 705 3473 762 Noli
3502 709 3735 763 occidere
3761 728 3880 771 nos,

2286 794 2406 865 quia
2434 794 2678 849 habemus
2709 797 2973 851 thesauros
3003 797 3059 850 in
3088 814 3213 868 agro
3244 796 3487 867 frumenti
3516 809 3564 851 et
3596 799 3795 863 hordei,
3832 813 3883 853 et

2287 885 2410 951 olei,
2456 894 2506 938 et
2534 886 2733 952 mellis;
2775 897 2826 941 et
2851 904 2955 941 non
2985 886 3174 941 occidit
3202 903 3285 942 eos
3318 886 3447 957 (Jer.
3484 904 3597 956 xu,
3628 888 3708 957 8).
3739 889 3881 945 The-

2286 990 2477 1032 saurus
2523 978 2722 1049 quippe
2751 980 2805 1034 in
2834 995 2965 1049 agro
2995 988 3079 1036 est
3106 995 3230 1050 spes
3258 981 3315 1035 in
3358 981 3672 1051 poenitentia
3699 1025 3713 1049 ,
3760 999 3884 1054 quae

2285 1068 2411 1137 quia
2437 1083 2543 1124 non
2570 1070 2831 1140 cernitur,
2856 1071 3010 1141 quasi
3037 1072 3091 1127 in
3119 1080 3264 1127 terra
3293 1071 3471 1127 cordis
3501 1072 3728 1128 suffossa
3752 1090 3883 1130 con-

2284 1159 2507 1215 tinetur.
2542 1160 2641 1228 Qui
2671 1176 2800 1232 ergo
2828 1164 3110 1219 thesauros
3138 1162 3192 1218 in
3220 1176 3349 1233 agro
3378 1163 3633 1230 habuere,
3680 1166 3885 1219 servati

2284 1260 2443 1319 sunt;
2474 1254 2601 1322 quia
2629 1254 2720 1323 qui
2751 1263 2875 1325 post
2903 1255 3183 1311 incautelae
3203 1271 3316 1313 sure
3339 1255 3547 1323 vitium,
3575 1257 3644 1312 ad
3669 1257 3885 1313 lamen-

2286 1352 2396 1399 tum
2423 1346 2531 1417 36
2556 1348 2886 1417 poenitentiae
2906 1349 3157 1419 redeunt,
3186 1366 3286 1407 nec
3312 1352 3453 1422 capti
3476 1354 3807 1408 moriuntur.

2356 1432 2444 1490 55.
2484 1434 2618 1491 Cum
2668 1453 2797 1495 vero
2845 1440 3099 1511 antiquus
3129 1441 3301 1499 hostis
3330 1458 3504 1513 neque
3550 1445 3604 1499 in
3651 1446 3883 1501 exordio

2283 1526 2597 1586 intentionis
2635 1529 2778 1597 ferit,
2812 1548 2988 1603 neque
3013 1534 3067 1588 in
3099 1534 3291 1591 itinere
3320 1538 3548 1593 actionis
3576 1539 3879 1609 intercipit,

2284 1615 2528 1674 duriores
2556 1620 2611 1675 in
2640 1620 2748 1677 ﬁne
2774 1622 3001 1692 laqueos
3028 1625 3219 1680 tendit.
3250 1626 3421 1693 Quem
3453 1637 3604 1685 tanto
3647 1631 3881 1700 nequius

2283 1705 2513 1772 obsidet,
2538 1718 2741 1778 quanto
2762 1712 2937 1767 solum
2957 1714 3057 1770 sibi
3070 1716 3395 1773 remansisse
3409 1718 3475 1773 ad
3496 1717 3880 1789 decipiendum

2280 1796 2451 1854 videt.
2492 1799 2603 1856 Hos
2638 1817 2871 1872 namque
2900 1805 2995 1860 ﬁni
3024 1822 3122 1862 suo
3159 1809 3437 1878 appositos
3465 1810 3697 1881 laqueos
3747 1810 3878 1866 Pro-

2282 1889 2443 1958 pheta
2492 1904 2891 1964 conspexerat,
2939 1912 3060 1952 cum
3104 1898 3315 1953 dicebat
3357 1916 3370 1951 :
3414 1899 3528 1970 Ipsi
3574 1902 3877 1954 calcaneum

598 1985 687 2053 qui
719 1985 843 2043 dum
872 1994 1023 2056 gesta
1052 1986 1183 2042 foris
1220 1987 1423 2042 referre
1450 1987 1684 2053 studuit,
1723 2002 1844 2057 qua:
1870 1987 2014 2042 intus
2040 1985 2180 2057 apud
2213 1977 2255 2037 Β
2283 2000 2449 2037 meum
2477 1984 2817 2041 obseruabant
2845 1988 3018 2056 (Psal.
3051 2006 3137 2055 Lv,
3172 1989 3247 2058 '7).
3282 1989 3416 2056 Quia
3445 1990 3589 2044 enim
3619 1991 3673 2044 in
3705 1991 3876 2046 calca-

595 2076 957 2145 nosmetipsos
993 2085 1313 2145 gererentur
1347 2076 1628 2143 iudicavit,
1666 2076 1887 2132 dicens:
1918 2076 2182 2131 Venerunt

595 2166 855 2237 octoginta
881 2169 978 2221 viri
1004 2168 1067 2221 de
1094 2167 1304 2222 Sic/tem
1321 2209 1337 2234 ,
1367 2176 1417 2221 et
1444 2168 1509 2222 de
1538 2168 1652 2223 Silo
1674 2210 1690 2236 ,
1730 2178 1779 2221 et
1808 2168 1871 2221 de
1899 2166 2177 2231 Samaria,

595 2256 621 2295 ι’
650 2261 755 2311 rasi
783 2258 964 2324 barba,
995 2270 1043 2314 et
1071 2261 1247 2315 scissis
1291 2260 1527 2327 vestibus,
1565 2272 1585 2299 ε
1619 2262 1936 2331 squalentes;
1967 2275 2182 2313 munera

595 2358 640 2401 et
672 2349 784 2401 thus
815 2348 1067 2404 habebant
1110 2352 1163 2404 in
1202 2368 1389 2414 manu,
1436 2358 1491 2403 ut
1535 2350 1781 2419 offerrent
1809 2353 1863 2405 in
1893 2351 2043 2404 domo
2072 2348 2182 2403 Do-

595 2438 740 2492 mini.
772 2437 1027 2510 Egressus
1068 2450 1239 2494 autem
1286 2440 1481 2494 Ismael
1524 2442 1667 2511 [ilius
1697 2440 1985 2495 Nathanice
2011 2442 2064 2494 in
2095 2457 2181 2493 oc-

594 2556 795 2594 cursum
833 2557 1009 2597 eorum
1052 2542 1114 2596 de
1158 2541 1382 2613 Maspha
1404 2583 1420 2608 ,
1461 2542 1705 2597 incedens
1734 2553 1782 2596 et
1810 2542 2021 2611 plorans
2048 2541 2176 2597 ibat.

594 2631 816 2702 Cumque
844 2634 1145 2687 occurrisset
1192 2636 1287 2700 eis,
1319 2634 1451 2688 dixit
1493 2635 1563 2688 ad
1598 2651 1684 2688 eos
1714 2652 1731 2691 :
1763 2632 1944 2687 Venite
1973 2634 2041 2686 ad
2070 2630 2177 2687 Go-

593 2722 783 2776 doliam
812 2723 979 2793 ﬁliam
1016 2725 1254 2778 Aie/iam.
1289 2724 1391 2789 Qui
1416 2741 1531 2779 cum
1570 2725 1825 2779 venissent
1851 2723 1921 2777 ad
1950 2724 2177 2777 medium

592 2811 829 2879 civitatis,
856 2814 1113 2881 interfecit
1137 2832 1223 2869 eos
1253 2814 1463 2885 (Jerem.
1491 2832 1599 2874 xu.
1626 2813 1703 2886 5).
1730 2815 1959 2869 Barbam
1979 2816 2177 2884 quippe

591 2904 805 2970 radunt,
842 2907 933 2975 qui
962 2907 1064 2962 sibi
1094 2907 1163 2963 de
1193 2898 1424 2977 propriis
1453 2908 1655 2963 viribus
1686 2907 1930 2963 ﬁduciam
1961 2907 2176 2961 subtra-

592 2994 745 3051 hunt.
773 2996 964 3052 Vestes
991 2998 1278 3064 scindunt,
1318 2999 1409 3070 qui
1437 2998 1783 3067 sibimetipsis
1812 2998 1865 3053 in
1892 2997 2178 3053 exterioris

592 3086 801 3143 decoris
840 3088 1169 3145 laceratione
1200 3105 1308 3145 non
1346 3098 1592 3160 parcunt.
1625 3087 1867 3143 Oblaturi
1916 3089 1968 3141 in
2013 3087 2176 3143 domo

590 3173 800 3232 Domini
832 3178 955 3234 thus
994 3186 1053 3234 et
1080 3196 1303 3235 munera
1344 3180 1605 3247 veniunt;
1626 3180 1717 3249 qui
1748 3179 2003 3235 exhibere
2032 3194 2090 3234 se
2119 3179 2172 3232 in

589 3266 683 3324 Dei
728 3270 995 3327 sacriﬁcio
1036 3274 1336 3328 orationem
1380 3289 1499 3327 cum
1545 3273 1799 3343 operibus
1828 3272 2164 3342 pollicentur.

2282 2091 2387 2131 neo
2416 2076 2535 2133 ﬁnis
2580 2088 2662 2134 est
2704 2080 2983 2150 corporis,
3029 2081 3156 2151 quid
3188 2096 3286 2152 per
3311 2082 3454 2136 hunc
3483 2082 3586 2137 nisi
3614 2081 3876 2137 terminus

2281 2167 2525 2236 signatur
2568 2170 2837 2226 actionis?
2877 2170 3004 2227 Sive
3044 2187 3173 2242 ergo
3203 2173 3420 2241 maligni
3461 2173 3714 2242 spiritus,
3762 2174 3876 2229 sive

2281 2262 2433 2331 pravi
2480 2262 2678 2332 quique
2708 2264 2985 2329 homines,
3021 2264 3233 2320 illorum
3263 2266 3526 2335 superbia:
3571 2281 3871 2335 sequaces,

2281 2354 2591 2409 calcaneum
2624 2355 2932 2421 observant,
2981 2372 3102 2411 cum
3133 2356 3363 2411 actionis
3391 2357 3546 2411 bona:
3599 2355 3761 2411 ﬁnem
3794 2357 3873 2411 vi-

2282 2444 2418 2499 tiare
2439 2443 2761 2499 desiderant.
2789 2444 2940 2501 Unde
2962 2455 3015 2501 et
3036 2446 3207 2501 eidem
3230 2446 3465 2516 serpenti
3496 2447 3692 2501 dicitur
3711 2464 3725 2499 :
3747 2446 3874 2515 Ipsa

2282 2544 2420 2589 tuum
2467 2537 2756 2591 obseruabit
2803 2548 2987 2609 caput,
3020 2547 3069 2593 et
3098 2548 3150 2592 tu
3179 2540 3477 2593 calcaneum
3504 2539 3615 2609 ejus
3646 2538 3868 2608 (Cenes.

2281 2641 2356 2691 ιιι,
2388 2624 2473 2692 15,
2503 2643 2605 2680 sec.
2638 2626 2737 2680 LX
2744 2626 2789 2679 Χ
2796 2628 2834 2697 ).
2860 2628 3034 2698 Caput
3053 2629 3252 2699 quippe
3271 2629 3536 2699 serpentis
3555 2629 3867 2694 observare,

2280 2728 2361 2773 est
2388 2720 2537 2774 initia
2567 2722 2922 2791 suggestionis
2950 2723 3066 2793 ejus
3094 2725 3360 2794 aspicere,
3391 2734 3446 2779 et
3475 2734 3498 2763 ο
3527 2739 3695 2779 manu
3723 2724 3869 2780 solli-

2278 2810 2397 2865 citzn
2420 2812 2867 2868 considerationis
2881 2830 2911 2867 a
2927 2816 3105 2870 cordis
3126 2815 3271 2869 aditu
3293 2815 3530 2871 funditus
3544 2816 3867 2886 exstirpare.

2278 2899 2379 2966 Qui
2430 2910 2609 2958 tamen
2639 2919 2760 2959 cum
2790 2906 2857 2959 ab
2886 2905 3041 2961 initio
3083 2907 3540 2976 deprehenditur,
3586 2916 3868 2978 percutere

2276 2992 2588 3048 calcaneum
2619 2996 2840 3051 molitur
2862 3036 2876 3062 ,
2923 2998 3047 3066 quia
3076 2999 3178 3054 etsi
3207 3001 3550 3068 suggestione
3577 3001 3750 3071 prima
3781 3002 3866 3055 iu-

2276 3082 2573 3161 tentionem
2616 3101 2724 3141 non
2774 3089 3027 3157 percutit,
3075 3088 3325 3160 decipere
3351 3090 3407 3145 in
3436 3090 3542 3147 ﬁne
3571 3092 3765 3147 tendit.
3808 3090 3864 3146 Si

2275 3181 2457 3227 autem
2488 3176 2655 3230 semel
2685 3192 2778 3232 cor
2802 3178 2855 3232 in
2886 3178 3188 3237 intentione
3217 3182 3598 3253 corrumpitur,
3629 3180 3859 3254 sequen-

2276 3262 2341 3317 tis
2370 3264 2597 3319 actionis
2627 3266 2888 3323 medietas
2913 3310 2929 3338 ,
2980 3278 3036 3325 et
3079 3272 3336 3328 terminus
3372 3272 3439 3327 ah
3485 3273 3641 3329 hoste
3670 3273 3862 3329 callido

590 3362 694 3417 Sed
728 3373 907 3420 tamen
936 3367 981 3420 si
1009 3381 1065 3421 se
1096 3368 1149 3420 in
1181 3368 1292 3436 ipsa
1332 3373 1531 3421 sancta:
1568 3366 1870 3421 devotionis
1898 3366 1982 3419 via
2013 3374 2171 3420 caute
2200 3343 2246 3405 (ἶ
2276 3369 2466 3411 secure
2494 3359 2829 3427 possidetur;
2859 3362 3113 3431 quoniam
3144 3371 3310 3419 totam
3341 3363 3439 3420 sibi
3468 3365 3721 3420 arborum
3750 3365 3863 3420 fruo

590 3455 1002 3526 circumspicere
1024 3456 1287 3523 nesciunt,
1310 3456 1503 3513 Ismael
1532 3457 1809 3511 Nathaniae
1832 3458 1969 3511 ﬁlius
1996 3458 2049 3511 in
2078 3473 2172 3512 co-

590 3559 705 3600 rum
728 3560 1011 3602 occursum
1030 3548 1207 3615 venit;
1238 3548 1364 3618 quia
1392 3548 1641 3605 nimirum
1666 3550 1889 3618 quilibet
1908 3549 2171 3618 malignus

589 3639 838 3709 spiritus,
880 3641 1077 3711 prioris
1118 3642 1220 3707 sui,
1254 3641 1467 3697 Satanae
1503 3642 1754 3698 videlicet
1782 3642 2069 3711 exemplo,
2115 3642 2166 3695 in

590 3731 853 3803 superbia
882 3748 1066 3787 errore
1092 3741 1399 3803 generatus,
1432 3748 1491 3789 se
1519 3733 1587 3788 ad
1615 3734 1865 3802 laqueum
1895 3733 2169 3804 deceptio-

591 3823 671 3875 nis
719 3824 962 3893 opponit.
1012 3822 1090 3879 De
1133 3839 1243 3893 quo
1290 3833 1347 3881 et
1392 3825 1525 3880 bene
1562 3823 2079 3880 dicitur:lncedens
2119 3833 2168 3877 et

588 3917 799 3984 plorans
829 3913 975 3981 ibat;
1006 3916 1132 3984 quia
1160 3926 1218 3970 ut
1247 3916 1469 3972 devotas
1496 3924 1704 3971 mentes
1734 3914 2045 3970 interimere
2085 3914 2165 3969 fe-

586 4006 774 4061 riendo
822 4005 1140 4076 przevaleat,
1182 4008 1529 4077 semetipsum
1571 4007 1725 4076 quasi
1765 4006 1864 4061 sub
1903 4006 2166 4061 velamine

586 4097 799 4153 virtutis
837 4100 1103 4161 occultat;
1135 4109 1191 4155 et
1217 4100 1343 4155 dum
1374 4100 1705 4155 concordare
1733 4115 1791 4155 se
1820 4116 1947 4155 vere
1975 4100 2164 4169 lugen-

588 4189 732 4243 tibus
760 4190 1006 4255 simulat,
1051 4190 1116 4245 ad
1163 4191 1341 4246 cordis
1385 4191 1569 4245 intima
1600 4192 1839 4246 securius
1867 4191 2162 4256 admissus,

588 4278 721 4347 hoc,
761 4280 905 4349 quod
948 4280 1089 4335 intus
1116 4280 1183 4335 dc
1210 4283 1408 4337 virtute
1436 4282 1596 4347 latet,
1624 4279 1651 4319 τι
1676 4281 1893 4337 occidit.
1923 4282 2023 4347 Qui
2051 4282 2166 4352 ple-

588 4386 814 4441 rumque
855 4387 913 4427 se
957 4371 1187 4443 spondet
1231 4372 1298 4426 ad
1342 4372 1533 4428 altiora
1564 4374 1879 4443 provehere.
1912 4370 2066 4426 Unde
2111 4380 2166 4427 et

586 4463 785 4520 dixisse
828 4465 1167 4535 perhibetur,
1220 4463 1399 4519 Venite
1442 4465 1511 4519 ad
1556 4465 1829 4520 Godoliam
1868 4466 2035 4535 ﬁlium
2072 4465 2165 4518 Ai-

585 4556 774 4623 cham;
823 4564 985 4624 atque
1028 4555 1154 4610 dum
1194 4554 1398 4625 majora
1426 4556 1723 4626 promittit,
1756 4555 1915 4611 etiam
1945 4556 2163 4610 minima

582 4651 866 4709 subtrahit.
900 4649 1053 4706 Unde
1083 4657 1136 4705 et
1165 4658 1311 4706 recte
1337 4650 1538 4706 dictum
1568 4657 1651 4705 est
1681 4667 1693 4702 :
1724 4648 1823 4713 Qui
1853 4666 1967 4702 cum
1995 4650 2163 4702 venis-

2276 3458 2393 3502 ctus
2423 3447 2562 3504 ferre
2588 3452 2868 3521 conspicit,
2899 3468 3060 3524 quam
3084 3457 3279 3511 veneni
3302 3455 3462 3511 dente
3490 3456 3544 3510 in
3573 3456 3752 3512 radice
3775 3457 3858 3511 vi-

2275 3539 2446 3595 tiavit.
2476 3541 2611 3607 Quia
2644 3558 2773 3613 ergo
2802 3560 3012 3601 summa
3040 3562 3167 3602 cura
3196 3547 3521 3618 vigilandum
3548 3558 3647 3613 est,
3679 3564 3746 3602 ne
3774 3550 3859 3603 vel

2272 3631 2429 3687 bonis
2476 3635 2731 3703 Operibus
2779 3636 3019 3693 serviens
3060 3653 3230 3705 mens,
3280 3639 3510 3708 reproba
3559 3639 3859 3693 intentione

2272 3722 2562 3791 polluatur,
2585 3736 2733 3781 recte
2755 3726 2986 3782 dicitur:
3011 3727 3096 3782 Ne
3118 3731 3251 3800 forte
3273 3730 3593 3801 peccaverint
3614 3730 3711 3798 ﬁlii
3732 3731 3855 3795 mei,

2269 3824 2318 3868 et
2348 3815 2701 3872 benedixerint
2728 3819 2840 3874 Deo
2872 3821 2925 3875 in
2957 3820 3194 3875 cordibus
3222 3824 3347 3875 suis.
3380 3822 3459 3877 Ac
3488 3822 3533 3877 si
3562 3829 3748 3891 aperte
3777 3821 3857 3876 di-

2270 3905 2761 3962 ceretur-.Nullum
2799 3917 2881 3963 est
2917 3909 3156 3977 bonum,
3204 3909 3348 3978 quod
3389 3908 3518 3965 foris
3546 3912 3758 3980 agitur,
3809 3910 3852 3963 si

2268 4013 2377 4052 non
2405 4014 2505 4069 pro
2532 4014 2599 4054 eo
2630 4000 2772 4055 intus
2797 4010 2921 4055 ante
2952 4000 3045 4056 Dei
3074 4000 3261 4056 oculos
3286 4002 3608 4057 innocentia;
3637 4002 3850 4056 victima

2269 4088 2322 4142 in
2350 4104 2441 4143 ara
2471 4090 2647 4145 cordis
2668 4092 2995 4147 immolatur.
3028 4091 3171 4165 [Vet.
3198 4091 3488 4167 XXXIX].
3513 4092 3648 4149 Tota
3673 4096 3852 4164 itaque

2266 4180 2465 4236 virtute
2494 4182 2899 4253 perspiciendus
2938 4191 3022 4238 est
3049 4181 3242 4238 ﬂuvius
3275 4185 3482 4256 operis,
3522 4184 3569 4240 si
3597 4202 3765 4257 purus
3794 4201 3851 4240 e-

2266 4282 2450 4328 manat
2490 4287 2559 4327 ex
2601 4273 2751 4330 fonte
2780 4274 3141 4345 cogitationis.
3186 4274 3344 4331 Omni
3385 4292 3513 4333 cura
3556 4278 3849 4333 servandus

2265 4371 2348 4419 est
2374 4379 2403 4417 a
2434 4364 2650 4419 malitiae
2677 4364 2900 4435 pulvere
2924 4365 3112 4423 oculus
3140 4367 3346 4434 cordis;
3375 4384 3444 4423 ne
3471 4369 3594 4433 hoc,
3626 4370 3769 4439 quod
3792 4369 3844 4423 in

2264 4457 2477 4511 actione
2498 4464 2707 4510 rectum
2726 4455 3031 4512 hominibus
3060 4465 3313 4524 ostentat,
3338 4459 3480 4529 apud
3499 4461 3841 4530 semetipsum

2264 4563 2362 4617 per
2390 4548 2577 4602 vitium
2609 4563 2787 4617 pravae
2815 4549 3130 4605 intentionis
3156 4550 3481 4619 intorqueat.

2336 4637 2424 4692 54.
2469 4637 2596 4694 Ideo
2638 4640 2952 4705 curandum,
2988 4657 3052 4694 ne
3092 4640 3229 4695 bona
3278 4658 3435 4711 opera
3474 4650 3651 4696 nostra
3680 4658 3841 4711 pauci

584 4752 696 4799 sent
738 4744 804 4797 ad
848 4744 1071 4798 medium
1110 4742 1361 4808 civitatis,
1406 4740 1667 4812 interfecit
1693 4757 1799 4794 eos.
1837 4738 1991 4794 Viros
2034 4752 2162 4807 ergo
2194 4735 2243 4794 D
2264 4731 2389 4799 sint,
2416 4742 2506 4786 aut
2532 4731 3258 4788 inﬁnitum—Curandum
3287 4734 3469 4802 itaQue
3498 4743 3581 4789 εει
3608 4749 3678 4788 ne
3704 4733 3843 4788 bona

586 4835 653 4889 ad
681 4834 948 4890 oll‘erenda
981 4835 1092 4890 Deo
1121 4850 1344 4889 munera
1370 4834 1665 4899 venientes,
1699 4833 1753 4886 in
1779 4831 1958 4886 medio
1983 4831 2164 4886 civita-

588 4926 653 4979 tis
693 4924 972 4991 interﬁcit;
1013 4925 1138 4997 quia
1176 4924 1368 4980 divinis
1403 4923 1617 4980 deditze‘
1636 4923 1888 4994 operibus
1930 4932 2162 4990 utentes,

585 5018 688 5072 nisi
718 5032 909 5087 magna
938 5033 999 5073 se
1026 5016 1505 5088 circumspectione
1531 5015 1854 5081 custodiant,
1887 5015 2043 5071 hoste
2072 5030 2163 5070 su-

584 5109 847 5179 bripiente
868 5148 883 5174 ,
932 5107 1054 5163 dum
1096 5108 1397 5165 devotionis
1424 5116 1639 5179 portant
1666 5106 1895 5164 hostiam
1915 5146 1931 5173 ,
1962 5106 2017 5161 in
2045 5106 2161 5176 ipso

582 5200 777 5255 itinere
822 5200 1055 5270 perdunt
1093 5200 1277 5255 vitam.
1324 5200 1403 5256 De
1446 5200 1599 5270 cujus
1642 5198 1815 5255 hostis
1861 5213 2023 5254 manu
2050 5212 2157 5253 non

581 5291 845 5362 evaditur,
875 5292 977 5348 nisi
995 5291 1152 5350 citius
1172 5292 1239 5349 ad
1262 5291 1635 5364 paenitentiam
1653 5296 1983 5347 recurratur.
2009 5286 2161 5345 Unde

653 5531 678 5558 ι
716 5520 1033 5589 Remenses,
1053 5519 1081 5574 1
1106 5520 1340 5592 Remig.,
1362 5517 1550 5584 Corb.,
1565 5513 1751 5573 Germ.
1770 5523 1827 5574 et
1848 5516 1939 5573 alii
1958 5517 2159 5575 habent

576 5590 966 5718 ὢτωῧὲιῖἜὶ
994 5662 1152 5719 Rem.
1184 5669 1240 5719 et
1266 5660 1303 5715 ε
1330 5660 1561 5733 Remig.,
1592 5661 1728 5718 rasis
1758 5658 1949 5715 barbis.
1981 5660 2017 5715 5
2045 5660 2157 5716 Re-

576 5732 728 5784 mis!”
757 5734 866 5784 rasi
893 5733 1125 5784 barbam.

576 5735 728 5803 mig.,
757 5735 866 5787 rasi
893 5735 1125 5788 barbam.

580 5870 611 5873 __
653 5816 675 5840 ο
715 5802 949 5867 Ibidem,
995 5820 1114 5872 pro,
1163 5804 1453 5873 squalentes
1494 5820 1730 5869 munera,
1786 5812 1918 5869 etc.,
1969 5818 2159 5859 omnes

580 5870 823 5946 Rein_._et
852 5870 1057 5946 R_em_ig.
1088 5870 1287 5946 habent
1316 5876 1604 5946 squalentes
1632 5880 1855 5946 pulvere,
1889 5882 1993 5946 etc.

650 5895 733 5923 5111.
767 5895 823 5927 ει
852 5895 1057 5941 11611118.
1089 5895 1287 5927 nauem
1316 5895 1604 5946 squalentes
1668 5895 1855 5935 utvere,
1889 5895 1993 5927 CIC.

650 5937 678 5979 ά
716 5940 842 5996 Mss.
873 5942 1031 5998 Corb.
1066 5953 1119 5998 et
1146 5941 1350 6003 Germ.
1384 5947 1600 6000 occidat.
1632 5895 1790 5999 {Inde
1822 5945 1967 6007 prius
1996 5943 2155 6000 forsi-

2268 4832 2449 4878 nostra
2477 4838 2649 4893 pauca
2677 4822 2815 4887 sint;
2867 4823 3163 4879 curandum
3191 4839 3258 4878 ne
3285 4823 3586 4880 indiscussa
3612 4841 3625 4890 ;
3660 4840 3728 4878 ne
3755 4831 3845 4877 aut

2264 4930 2435 4985 pauca
2479 4923 2731 4983 agentes,
2772 4914 3108 4971 inveniamur
3149 4916 3393 4982 steriles;
3435 4925 3529 4971 aut
3554 4917 3843 4971 indiscussa

2264 5008 2649 5077 relinquentes,
2680 5008 2959 5065 vecordes.
2992 5007 3176 5078 Neque
3198 5008 3339 5062 enim
3366 5024 3703 5077 unaquaeque
3722 5022 3848 5063 vero

2263 5101 2433 5156 virtus
2461 5109 2574 5167 est,
2624 5101 2669 5156 si
2710 5100 2871 5156 mista
2907 5101 3027 5157 aliis
3054 5101 3339 5156 virtutibus
3386 5118 3494 5156 non
3542 5110 3645 5156 est.
3694 5098 3844 5154 Unde

2262 5203 2411 5251 recte
2438 5195 2504 5250 ad
2534 5194 2756 5266 Moysen
2782 5193 3016 5249 dicitur:
3041 5194 3202 5249 Sume
3229 5192 3320 5247 tibi
3348 5205 3615 5259 aromata,
3648 5202 3845 5247 stacten

2259 5295 2311 5341 et
2352 5286 2573 5357 onycha,
2617 5285 2637 5324 τ
2680 5284 2959 5357 galbanum
2996 5285 3115 5340 boni
3153 5286 3357 5355 odoris,
3386 5294 3435 5340 et
3455 5286 3571 5340 thus
3591 5284 3847 5340 lucidissi-

2259 5516 2351 5565 tan
2381 5509 2485 5579 leg.
2516 5517 2571 5561 ut
2599 5507 2739 5569 dum,
2771 5522 2881 5579 non
2909 5512 2957 5561 et
2986 5506 3128 5560 dum.

2335 5592 2357 5618 θ
2396 5570 2557 5635 υέεδι
2584 5580 2637 5634 in
2664 5579 2737 5649 pl.
2772 5577 2898 5649 mss.
2926 5585 2976 5631 et
2998 5592 3283 5649 manu"...
3306 5577 3614 5649 exstirpare,
3640 5570 3735 5628 sed
3762 5580 3845 5627 est

2259 5654 2314 5709 in
2336 5651 2492 5709 Colb.
2520 5644 2739 5718 Legitur
2762 5648 2923 5702 etiam
2945 5647 3088 5718 apud
3111 5646 3381 5718 Paterium
3406 5644 3702 5718 infGenes._
3720 5657 3842 5712 cap.

2258 5741 2384 5780 xxv.
2416 5722 2473 5777 In
2500 5713 3119 5775 MsfMichaelensfhmc
3140 5716 3353 5786 quidem
3376 5723 3591 5771 exstant
3610 5713 3705 5770 sed
3736 5727 3843 5771 non

2258 5809 2667 5940 ἔξω..
2701 5858 2979 5940 galbanen,
3013 5856 3574 5940 scr'ltegllltemig”
3614 5854 3837 5913 Turou..

2256 5939 2443 6002 Corb.,
2475 5926 2667 6001 quibus
2695 5926 3040 5985 consentiunt
3066 5928 3182 5983 Vet.
3218 5926 3357 5985 Edit.
