4130 6450
284 371 395 436 553

1220 379 1575 443 MORALIUM
1613 383 1742 441 LIB.
1780 381 1846 442 Il:
1883 382 2031 442 -ΙΝι
2051 382 2289 443 ICAPUT
2327 383 2449 443 ιιι.
2490 385 2635 444 .lOB.

3460 388 3568 448 554

282 511 461 562 mum;
494 504 521 535 ἰ
544 494 757 569 aqualis
781 494 1025 565 ponderis
1053 504 1204 552 erunt
1235 500 1436 566 omnia',
1472 501 1730 574 faciesque
1761 500 1877 572 thy-
1906 502 1959 564 Λ
1980 500 2153 557 ticiem
2175 500 2389 556 virtutis
2420 516 2749 557 amovemus.
2778 499 2943 572 Cujus
2981 506 3130 560 artus
3155 502 3212 561 in
3238 501 3409 562 frusta
3433 520 3566 563 con-

284 591 482 653 miuma
510 592 846 661 compositum
870 605 1021 658 opere
1039 593 1386 662 unguentarii,
1417 593 1624 647 mistum
1653 592 1874 664 diligen-

285 689 367 740 ter
393 691 445 738 et
468 698 655 753 purum
686 680 878 752 (Exod.
912 697 1041 748 xxx,
1070 680 1183 751 54).
1228 682 1543 755 Thymiama
1582 686 1783 756 quippe
1811 701 1880 741 ex

286 773 622 829 aromatibus
649 772 1003 844 compositum
1032 773 1259 831 facimus
1282 814 1298 839 ,
1326 790 1448 830 cum
1478 776 1531 830 in
1562 776 1715 831 altari
1749 776 1877 832 boni

288 864 491 936 operis,
521 863 779 918 virtutum
807 863 1205 936 multiplicitate
1234 866 1558 921 redolemus.
1592 865 1746 935 Quod
1772 869 1877 923 mi-

285 967 433 1017 stum
453 966 510 1014 et
534 973 725 1030 purum
747 958 835 1026 ﬁt;
860 958 983 1029 quia
1004 966 1209 1029 quanto
1228 959 1395 1015 virtus
1409 961 1595 1016 virtuti
1612 961 1875 1030 jungitur,

286 1060 443 1112 tanto
466 1040 745 1109 incensum
766 1053 893 1108 boni
916 1053 1094 1123 operis
1115 1053 1376 1108 sincerius
1396 1054 1700 1109 exhibetur.
1727 1054 1880 1112 Unde

288 1153 347 1202 et
365 1146 505 1201 bene
524 1143 863 1213 subjungitur
889 1162 901 1197 ε
926 1142 1153 1216 Cumque
1172 1145 1226 1198 in
1251 1145 1600 1199 tenuissimum
1621 1145 1878 1213 pulverem

286 1239 531 1294 universa
558 1238 871 1301 contuderis,
902 1255 1064 1308 pones
1095 1254 1162 1293 ea:
1191 1254 1250 1293 eo
1280 1254 1455 1293 coram
1485 1240 1765 1293 testimonii
1791 1247 1878 1293 ta-

287 1331 566 1388 bernaculo
595 1329 784 1402 (Ibid,
815 1330 927 1401 '56).
958 1330 1016 1384 In
1045 1330 1417 1385 tenuissimum
1446 1329 1726 1400 pulverem
1755 1346 1879 1386 aro-

287 1430 432 1477 mata
456 1422 706 1477 universa
735 1422 1083 1491 conterimus,
1115 1437 1235 1477 cum
1260 1422 1401 1477 bona
1430 1429 1615 1477 nostra
1644 1422 1797 1493 quasi
1824 1423 1879 1479 in

289 1514 316 1555 δ
339 1515 452 1586 pilo
482 1515 679 1581 cordis,
702 1515 915 1571 occulta
944 1514 1279 1571 discussione
1304 1514 1609 1581 tundimus;
1640 1522 1697 1571 et
1722 1514 1767 1569 si
1793 1528 1881 1571 ve-

289 1608 490 1665 raciter
523 1608 667 1664 bona
702 1608 812 1665 sint
835 1647 849 1673 ,
901 1609 1169 1665 subtiliter
1215 1616 1591 1665 retractamus.
1624 1607 1879 1663 Aromata

287 1716 417 1771 ergo
456 1702 512 1759 in
550 1702 827 1774 pulverem
858 1703 1122 1771 redigere,
1154 1712 1239 1759 est
1267 1704 1493 1759 virtutes
1528 1701 1880 1771 recogitando

289 1802 488 1858 terere,
520 1804 577 1850 et
604 1809 776 1863 usque
805 1794 872 1849 ad
902 1795 1252 1851 subtilitatem
1284 1794 1482 1851 occulti
1510 1794 1773 1850 examinis
1801 1808 1883 1848 re-

1981 593 2237 661 cidimus,
2285 609 2408 650 cum
2457 594 2846 664 distinguentes
2891 596 3159 653 subtiliter
3196 597 3314 667 ejus
3345 599 3567 667 intima,

1979 684 2425 753 membratimque
2472 684 2787 752 cogitamus.
2838 684 3146 741 Curandum
3176 702 3306 756 ergo
3357 696 3469 753 est,
3500 704 3571 744 ne

1980 791 2101 832 cum
2132 776 2271 830 mala
2300 775 2563 831 vincimus
2585 815 2600 841 ,
2633 775 2787 830 bonis
2814 776 3219 833 lascivientihus
3254 781 3569 849 supplante-

1979 883 2128 934 mur;
2168 881 2235 922 ne
2264 866 2495 921 fortasse
2524 863 2666 920 ﬂuxa
2696 867 2991 937 prodeant,
3024 883 3093 924 ne
3122 870 3571 941 incircumSpecta

1980 960 2297 1029 capiantur,
2332 972 2403 1013 ne
2429 972 2529 1028 per
2557 972 2834 1026 errorem,
2871 959 3014 1013 viam
3040 958 3325 1023 deserant,
3367 976 3435 1015 ne
3474 976 3571 1031 per

1978 1049 2348 1105 lassitudinem
2369 1048 2560 1118 fracta,
2574 1049 2807 1105 anteacti
2832 1049 3031 1105 laboris
3052 1052 3301 1106 meritum
3318 1052 3568 1122 perdant.

1978 1144 2037 1201 In
2068 1146 2276 1205 cunctis
2304 1147 2449 1201 enim
2475 1146 2758 1214 vigilanter
2787 1145 2948 1200 debet
2973 1160 3032 1200 se
3064 1160 3218 1201 mens
3248 1147 3567 1216 circumspi-

1980 1250 2123 1304 cere,
2154 1243 2317 1307 atque
2342 1236 2395 1291 in
2426 1237 2540 1307 ipsa
2570 1235 3069 1307 circumspectionis
3098 1238 3209 1308 38
3242 1251 3353 1291 suae
3382 1236 3569 1307 provi-

1981 1327 2161 1384 dentia
2190 1342 2558 1399 perseverare.
2590 1326 2742 1382 Unde
2771 1336 2826 1383 et
2854 1334 3004 1382 recte
3042 1326 3387 1396 subjungitur
3411 1344 3425 1381 :

2351 1420 2577 1477 CAPUT
2615 1419 2856 1475 XXXVII
2883 1419 3031 1494 mea.
3061 1418 3211 1489 XXI.

2050 1512 2179 1571 Iulo.
2210 1548 2282 1559 —
2311 1514 2401 1571 Sic
2431 1516 2655 1587 faciebat
2681 1516 2781 1571 Job
2812 1518 3007 1571 cunctis
3034 1515 3212 1571 diebus
3237 1527 3282 1572 ε.

2055 1610 2144 1667 55.
2175 1610 2585 1666 Perseverantia
2628 1610 2952 1665 necessaria.
2978 1640 3050 1651 -—
3071 1607 3347 1665 Incassum
3374 1608 3573 1679 quippe

1981 1702 2182 1759 bonum
2213 1704 2388 1774 agitur
2412 1702 2514 1771 (De
2534 1703 2740 1771 paenit.,
2764 1700 2888 1757 dist.
2913 1700 2964 1767 5,
2998 1717 3118 1755 can.
3146 1700 3234 1766 l7,
3264 1702 3575 1772 incassum),

1982 1800 2029 1855 si
2058 1808 2184 1855 ante
2214 1806 2503 1855 terminum
2549 1800 2673 1853 vitae
2725 1796 3035 1863 deseratur;
3091 1798 3215 1869 quia
3270 1806 3325 1852 et
3378 1798 3574 1852 frustra

291 1902 504 1942 vocare.
536 1884 603 1941 Et
632 1886 957 1955 notandum,
990 1887 1136 1958 quod
1164 1887 1231 1941 de
1270 1886 1464 1943 eodem
1494 1887 1717 1957 pulvere
1742 1885 1877 1941 dici-
1913 1901 1955 1958 Β
1987 1894 2245 1949 velociter
2299 1894 2500 1962 currit,
2543 1894 2636 1964 qui
2672 1894 2820 1963 prius
2863 1908 3023 1963 quam
3065 1894 3132 1946 ad
3176 1901 3348 1947 metas
3394 1894 3576 1947 veniat

290 1985 374 2032 tur
398 1995 411 2031 :
436 1977 611 2034 Pones
651 1996 716 2033 ex
745 1995 804 2033 eo
833 1995 1008 2033 coram
1040 1980 1318 2034 testimonii
1352 1979 1680 2033 tabernaculo
1704 1997 1721 2044 ;
1751 1979 1876 2048 quia

290 2078 417 2126 tunc
464 2070 717 2124 nimirum
766 2070 909 2126 bona
956 2078 1143 2125 nostra
1192 2070 1459 2125 veraciter
1486 2070 1538 2124 in
1583 2077 1877 2139 conspectu

291 2161 478 2228 Iudicis
506 2161 739 2232 placent,
773 2177 898 2218 cum
925 2162 1039 2218 haec
1065 2178 1218 2218 mens
1246 2162 1491 2218 subtilius
1530 2162 1879 2231 recogitando

291 2252 539 2318 conterit,
567 2259 622 2308 et
643 2254 796 2323 quasi
824 2254 892 2310 de
917 2255 1249 2310 aromatibus
1268 2254 1547 2325 pulverem
1573 2254 1781 2322 reddit;
1811 2268 1880 2309 ne

293 2345 393 2417 37
425 2359 673 2415 gressum
700 2346 1001 2419 durumque
1020 2347 1091 2402 sit
1111 2347 1312 2403 bonum
1337 2348 1480 2419 quod
1510 2349 1715 2419 agitur;
1745 2363 1815 2402 ne
1833 2348 1880 2403 si

294 2437 396 2494 hoc
425 2446 574 2495 arcta
598 2440 1001 2496 retractationis
1026 2456 1220 2497 manus
1242 2457 1350 2497 non
1376 2443 1722 2506 comminuat,
1748 2441 1881 2496 odo-

294 2545 407 2587 rem
429 2530 500 2587 de
518 2547 578 2588 se
601 2532 852 2589 subtilius
880 2550 989 2591 non
1011 2545 1279 2607 aspergat.
1306 2536 1443 2591 Hinc
1464 2546 1547 2594 est
1567 2537 1708 2592 enim
1738 2535 1881 2607 quod

294 2638 504 2695 sponsa:
528 2625 699 2681 virtus
720 2667 737 2694 ,
785 2627 970 2697 sponsi
995 2643 1132 2684 voce
1160 2628 1409 2683 laudatur
1432 2671 1447 2696 ,
1494 2645 1615 2684 cum
1646 2628 1842 2683 dicitur
1866 2647 1879 2681 :

296 2715 425 2783 ρυω
452 2727 529 2773 est
554 2719 686 2783 ista,
719 2736 832 2790 qua:
862 2720 1096 2775 ascendit
1117 2738 1208 2792 per
1229 2721 1504 2787 desertum,
1529 2722 1661 2775 sicut
1686 2722 1885 2793 virgula

297 2810 429 2882 fumi
455 2827 520 2865 ea:
549 2812 865 2866 aromatibus
892 2812 1119 2884 myrrha:
1144 2821 1193 2866 et
1222 2814 1407 2878 thuris,
1438 2822 1487 2866 et
1511 2814 1736 2866 universi
1764 2812 1885 2881 pul-

296 2904 427 2957 veris
451 2904 781 2975 pigmentarii
811 2902 988 2973 (Cant.
1019 2920 1100 2973 ιιι,
1131 2901 1223 2975 6)?
1252 2903 1449 2958 Sancta
1478 2906 1677 2973 quippe
1704 2900 1887 2957 Eccle-

296 2995 377 3055 sia
417 2996 556 3052 sicut
591 2996 721 3051 fumi
765 2996 970 3065 virgula
997 3011 1067 3052 ex
1094 2995 1425 3051 aromatibus
1454 2994 1729 3060 ascendit;
1760 2994 1887 3062 quia

297 3100 368 3142 ex
410 3086 534 3142 vitae
575 3102 685 3143 sua:
725 3087 1011 3143 virtutibus
1056 3088 1111 3143 in
1159 3088 1359 3142 interni
1406 3087 1646 3157 quotidie
1684 3086 1888 3141 incensi

297 3179 679 3237 rectitudinem
708 3180 939 3252 proﬁcit,
970 3197 1071 3238 nec
1097 3197 1281 3252 sparsa
1304 3198 1401 3253 per
1421 3182 1779 3252 cogitationes
1804 3182 1891 3236 de-

1981 1983 2179 2041 deﬁcit.
2210 1985 2346 2040 Hinc
2384 1993 2468 2039 est
2493 1986 2637 2040 enim
2663 1985 2808 2054 quod
2835 1985 2903 2040 de
2929 1986 3173 2055 reprobis
3203 1986 3397 2040 dicitur
3429 2003 3442 2038 :
3483 1985 3574 2039 Vtz

1982 2080 2059 2134 his
2088 2080 2176 2151 qui
2218 2080 2552 2151 perdiderunt
2577 2078 2939 2133 sustinentium
2983 2077 3172 2151 (Eccli.
3206 2095 3262 2142 ιι,
3292 2078 3401 2149 16).
3436 2078 3576 2135 Hinc

1981 2172 2171 2227 electis
2199 2172 2309 2226 suis
2350 2171 2562 2227 Veritas
2595 2171 2725 2225 dicit
2754 2190 2767 2226 :
2814 2171 2916 2225 Vos
2941 2171 3063 2227 estis
3092 2173 3177 2245 qui
3208 2160 3574 2243 permansistis

1982 2280 2177 2317 mecum
2207 2264 2259 2317 in
2288 2260 2650 2317 tentationibus
2678 2264 2803 2317 meis
2835 2261 2985 2333 (Luc.
3016 2279 3148 2328 xm,
3178 2261 3291 2334 ‘28).
3322 2260 3459 2317 Hinc
3483 2261 3576 2318 Jo—

1981 2356 2138 2427 seph,
2160 2355 2251 2424 qui
2282 2356 2423 2409 inter
2443 2354 2634 2411 fratres
2651 2370 2820 2425 usque
2848 2355 2916 2409 ad
2946 2353 3105 2409 finem
3121 2354 3296 2424 justus
3325 2368 3577 2424 perseve-

1982 2462 2131 2502 rasse
2176 2446 2521 2512 describitur,
2572 2447 2722 2503 solus
2776 2447 3003 2502 talarem
3044 2448 3280 2502 tunicam
3324 2446 3579 2504 habuisse

1984 2539 2285 2610 perbibitur
2315 2536 2527 2611 (Cenes.
2562 2554 2763 2604 xxxvn,
2795 2538 2881 2603 24,
2912 2555 3012 2594 sec.
3044 2537 3241 2609 LXX).
3286 2538 3419 2593 Nam
3449 2540 3579 2611 quid

1985 2639 2070 2685 est
2090 2630 2271 2685 talaris
2288 2631 2490 2696 tunica,
2516 2631 2619 2685 nisi
2642 2632 2784 2686 actio
2805 2633 3209 2687 consummata?
3242 2630 3404 2699 Quasi
3435 2632 3579 2687 enim

1988 2722 2013 2760 ά
2036 2731 2289 2795 protensa
2308 2723 2489 2778 tunica
2509 2723 2678 2779 talum
2698 2723 2938 2797 corporis
2953 2725 3146 2794 operit,
3172 2740 3294 2779 cum
3322 2725 3463 2780 bona
3488 2740 3580 2780 ac-

1989 2814 2066 2869 tio
2096 2822 2222 2869 ante
2246 2814 2342 2870 Dei
2381 2814 2568 2870 oculos
2598 2831 2767 2885 usque
2807 2816 2872 2871 ad
2899 2817 3023 2871 vitae
3051 2832 3151 2871 nos
3178 2818 3466 2871 terminum
3496 2824 3580 2872 te-

1990 2907 2085 2977 git.
2116 2907 2252 2963 Hinc
2280 2915 2363 2962 est
2382 2907 2526 2977 quod
2540 2923 2637 2978 per
2651 2907 2872 2981 Moysen
2896 2909 3119 2964 caudam
3138 2909 3327 2963 hostiae
3349 2909 3400 2961 in
3424 2907 3582 2962 altari

1992 2999 2187 3056 offerre
2214 3000 2521 3071 praecipitur
2552 2998 2750 3071 (Exod.
2796 3016 2945 3065 χχιι,
2974 2999 3073 3066 22;
3104 2998 3268 3055 Leuit.
3297 3016 3372 3065 ιιι,
3406 2998 3493 3071 9);
3524 3003 3585 3055 ut

1992 3091 2248 3147 videlicet
2276 3106 2436 3146 omne
2463 3091 2663 3147 bonum
2692 3092 2835 3162 quod
2864 3092 3169 3163 incipimus,
3197 3092 3357 3147 etiam
3394 3103 3585 3161 perse-

1994 3185 2205 3239 veranti
2236 3184 2341 3240 line
2368 3186 2757 3255 compleamus.
2803 3184 2949 3241 Bene
2978 3186 3138 3254 igitur
3162 3193 3339 3256 empta
3378 3183 3587 3240 cunctis

300 3268 439 3339 ﬂuit,
491 3274 585 3330 sed
630 3290 750 3331 sese
794 3276 935 3331 intra
979 3292 1176 3332 arcana
1206 3276 1385 3333 cordis
1432 3276 1484 3331 in
1523 3275 1715 3344 rigoris
1741 3274 1890 3344 virga
1922 3295 1967 3357 ρ
1996 3276 2183 3332 diebus
2211 3276 2417 3345 agenda
2446 3286 2601 3345 sunt;
2630 3286 2691 3332 ut
2712 3294 2833 3333 cum
2862 3278 3062 3332 malum
3090 3278 3380 3349 pugnando
3408 3276 3587 3348 repel-

299 3364 635 3435 constringit.
669 3364 800 3433 Quae
826 3382 891 3423 ea
920 3382 1040 3437 quas
1069 3369 1209 3437 agit,
1243 3369 1369 3422 dum
1398 3368 1702 3435 recogitare
1746 3381 1892 3421 sem-

301 3469 401 3527 per
429 3470 493 3511 ac
519 3465 817 3513 retractare
842 3474 951 3514 non
999 3460 1235 3525 desinit,
1272 3460 1547 3531 myrrham
1592 3458 1811 3528 quidem
1840 3466 1897 3513 et

304 3547 429 3602 thus
464 3548 628 3605 habet
657 3551 710 3605 in
741 3566 939 3622 opere,
986 3552 1079 3608 sed
1118 3553 1394 3625 pulverem
1440 3552 1494 3607 in
1540 3552 1892 3621 cogitatione.

302 3637 439 3695 Hinc
462 3648 565 3707 est,
593 3641 738 3711 quod
761 3641 829 3697 de
858 3643 1193 3699 oblatoribus
1222 3644 1411 3698 hostias
1441 3643 1509 3697 ad
1536 3642 1758 3713 Moysen
1790 3642 1894 3696 ite-

301 3745 423 3787 rum
464 3733 971 3788 diciturzDetracta
1018 3736 1148 3806 pelle
1195 3737 1396 3799 hostire,
1436 3744 1579 3788 artus
1624 3737 1679 3788 in
1729 3737 1895 3805 frusta

303 3824 585 3878 concidant
608 3824 792 3895 (Leuit.
825 3842 865 3893 ι,
893 3826 969 3895 6).
996 3827 1142 3899 [γει.
1171 3826 1288 3898 xL.]
1320 3827 1523 3881 Pellem
1544 3842 1777 3895 namque
1803 3827 1899 3881 ho-

304 3914 422 3970 stia:
450 3916 836 3975 subtrahimus.
867 3932 988 3970 cum
1011 3932 1041 3971 a
1064 3917 1259 3971 mentis
1285 3924 1482 3971 nostrae
1511 3917 1682 3971 oculis
1708 3931 1898 3984 supcr-

381 4056 405 4083 ³¹
446 4046 591 4122 Haec,
623 4049 836 4122 (aqualis
866 4048 1109 4121 ponderis
1147 4056 1294 4103 erunt
1324 4048 1526 4113 omnia,
1565 4046 1618 4101 in
1648 4047 1723 4118 pl.
1768 4045 1895 4101 Mss.

308 4132 417 4173 non
448 4120 733 4175 habentur.

381 4188 408 4262 β
447 4189 571 4246 Mss.
604 4191 811 4259 Anglic.
844 4199 901 4246 et
928 4193 1118 4257 nostri,
1161 4199 1390 4262 excepto
1419 4198 1600 4244 tamen
1628 4188 1812 4254 Corb.,
1844 4188 1901 4242 in

311 4259 419 4329 pila
434 4262 639 4332 _cordis.
672 4262 750 4316 Ita
787 4263 951 4317 etiam
980 4264 1108 4332 legit
1136 4259 1401 4318 Paterius.

390 4342 410 4369 ε
433 4329 490 4387 ln
510 4333 737 4402 vulgatis
758 4333 977 4390 additur
1002 4329 1120 4391 vita:
1140 4351 1266 4391 sum.
1294 4332 1423 4402 Quae
1450 4334 1615 4389 verba
1647 4332 1901 4388 nesciunt

1998 3368 2146 3434 litur,
2179 3369 2291 3436 ipsa
2319 3368 2447 3423 boni
2476 3369 2701 3423 victoria
2730 3370 3047 3425 constantiae
3072 3385 3235 3424 manu
3263 3377 3527 3424 teneatur.

2072 3456 2159 3512 56.
2190 3457 2314 3513 Ilmc
2344 3460 2524 3528 itaque
2553 3460 2652 3514 sub
2690 3460 2968 3515 intellectu
3007 3460 3203 3532 triplici
3237 3460 3488 3527 diximus,
3531 3467 3592 3515 ut

1998 3546 2289 3605 fastidienti
2308 3550 2500 3604 anima:
2520 3550 2665 3605 varia
2685 3550 2938 3606 alimenta
2962 3560 3343 3620 proponentes,
3368 3549 3589 3619 aliquid,

2001 3640 2147 3709 quod
2170 3640 2418 3708 eligendo
2447 3647 2642 3707 sumat,
2676 3639 2983 3696 offeramus.
3008 3640 3125 3697 Hoc
3156 3651 3331 3695 tamen
3365 3655 3592 3708 magno-

2003 3745 2133 3801 pere
2180 3730 2429 3799 petimus,
2482 3737 2542 3783 ut
2590 3730 2681 3799 qui
2727 3730 2794 3783 ad
2839 3731 3137 3799 spiritalem
3186 3730 3591 3798 intelligentiam

2001 3828 2237 3875 mentem
2267 3820 2541 3883 sublevat,
2580 3835 2611 3875 a
2648 3821 2997 3876 veneratione
3037 3826 3060 3853 ο
3092 3821 3331 3876 historiae
3367 3836 3477 3875 non
3507 3834 3592 3875 re-

2003 3911 2178 3967 cedat.

2003 4043 2131 4117 Mss.
2165 4044 2317 4101 Colb.
2345 4088 2359 4113 ,
2393 4045 2545 4099 Rem.
2575 4085 2589 4111 ,
2637 4046 2848 4117 Rcmig.
2876 4089 2890 4112 ,
2925 4046 3221 4117 Compend.
3247 4086 3263 4111 ,
3323 4047 3506 4103 Germ.
3538 4054 3595 4103 et

2004 4116 2133 4190 alii;
2168 4132 2341 4190 neque
2374 4117 2534 4190 etiam
2573 4116 2818 4190 superius
2848 4116 3115 4173 habentur
3168 4120 3223 4173 in
3262 4134 3449 4190 expos.
3478 4118 3594 4173 sive

2004 4186 2267 4257 historici,
2301 4188 2412 4243 sive
2443 4186 2719 4257 allegorici
2746 4205 2954 4244 sensus.

2074 4254 2101 4294 ά
2126 4258 2410 4332 {Antiquior
2431 4254 2587 4314 Rem.
2616 4262 2723 4332 etii
2761 4259 2965 4329 Remig.
2985 4277 3105 4316 cum
3134 4261 3292 4315 Corb.
3312 4277 3592 4332 propensa.

2079 4338 2103 4367 ο
2129 4327 2188 4383 In
2203 4328 2227 4382 1
2246 4328 2479 4398 Remig..
2499 4331 2735 4386 secunda
2748 4327 2976 4395 manu,a
2996 4349 3115 4386 vera
3128 4327 3329 4387 ratione
3342 4327 3593 4387 historia.

313 4472 3593 4498 Μ

1415 4572 1768 4655 LIBER
1806 4569 2481 4659 SECUNDUS.

401 4731 639 4813 Capitis
672 4716 867 4816 primi
894 4755 933 4797 α
974 4750 1160 4798 versu
1200 4742 1377 4797 sexto
1430 4733 1512 4795 ad
1564 4736 1745 4814 ﬁnem
1777 4748 2012 4816 usque,
2065 4728 2399 4789 secundum
2451 4729 2767 4808 triplicem
2822 4745 3065 4790 sensum
3112 4728 3517 4807 prosequitur

1713 4811 2197 4873 enarrationem.

830 4994 1059 5057 CAPUT
1096 5000 1389 5059 PRIMUM.

387 5096 437 5151 1.
485 5095 547 5152 8.
597 5097 856 5169 scriptura
907 5094 1185 5166 Speculum
1220 5105 1319 5151 est.
1344 5126 1413 5137 --
1436 5096 1713 5167 Scriptura
1745 5108 1899 5149 sacra

314 5186 511 5244 mentis
553 5188 722 5243 oculis
769 5188 923 5258 quasi
976 5186 1247 5258 quoddam
1286 5189 1560 5260 speculum
1610 5187 1902 5259 opponitur

317 5280 469 5353 (Vid.
500 5281 719 5352 August.
747 5282 801 5335 in
835 5279 983 5335 Psal.
1014 5294 1135 5343 Clll,
1166 5295 1268 5333 ser.
1304 5283 1357 5349 Ι,
1389 5299 1443 5335 n.
1474 5282 1551 5349 4),
1584 5288 1643 5335 ιιι
1692 5280 1900 5333 interna

314 5378 503 5428 nostra
530 5370 695 5428 facies
722 5372 776 5427 in
806 5372 921 5444 ipsa
950 5374 1217 5431 videatur.
1258 5372 1334 5427 lbi
1372 5371 1570 5427 etenim
1619 5370 1780 5435 fmda,
1826 5368 1900 5423 ibi

318 5461 543 5534 pulchra
570 5471 757 5519 nostra
786 5467 1178 5537 cognoscimus.
1219 5464 1296 5520 lbi
1340 5462 1618 5529 sentimus,
1643 5470 1906 5531 quantum

316 5554 650 5628 proﬁcimus,
674 5557 748 5613 ibi
769 5573 801 5613 a
827 5568 1087 5630 provectu
1110 5574 1270 5631 quam
1291 5558 1448 5627 longe
1474 5555 1751 5611 distamus.
1776 5553 1910 5609 Nar-

317 5656 405 5705 rat
429 5658 611 5707 autem
639 5656 791 5721 gesta
818 5660 844 5689 ι
871 5661 1199 5719 sanctorum,
1226 5657 1283 5708 et
1310 5650 1377 5706 ad
1405 5650 1759 5705 imitationem
1788 5664 1907 5705 cor-

394 5792 421 5820 ·
449 5784 586 5840 Rem
610 5790 670 5857 et
698 5783 942 5857 plurimi,
982 5793 1127 5857 gesta
1166 5788 1393 5857 fortium.
1446 5782 1623 5854 Aliqui
1675 5782 1903 5857 addunt,

324 5861 470 5931 gesta
496 5856 708 5929 fortium
726 5855 956 5911 heroum.
981 5855 1231 5913 Nonnulli
1259 5857 1461 5915 habent
1487 5864 1631 5930 gesta
1658 5856 1901 5913 virorum.

611 5950 884 6011 PATBOL.
929 5948 1188 6011 LXXV.

2008 4993 2075 5049 da
2097 5002 2359 5064 provocat
2408 4994 2766 5052 infirmorum.
2808 4994 3054 5066 Dumque
3100 4995 3313 5052 illorum
3362 4998 3602 5057 victricia

2008 5083 2146 5140 facta
2169 5096 2590 5157 commemorat,
2626 5096 2817 5144 contra
2845 5089 3095 5144 vitiorum
3143 5090 3360 5160 praelia,
3406 5092 3603 5149 debilia

2010 5188 2191 5236 nostra
2243 5181 2559 5247 confirmat;
2604 5182 2768 5252 fitque
2818 5182 2998 5237 verbis
3044 5182 3216 5250 illius,
3269 5192 3329 5239 ut
3353 5199 3420 5239 eo
3451 5201 3603 5241 mens

2011 5273 2187 5327 minus
2218 5272 2358 5327 inter
2380 5274 2675 5328 certamina
2715 5273 2967 5344 trepidet,
3006 5290 3114 5345 quo
3155 5284 3282 5332 ante
3308 5292 3366 5332 se
3397 5279 3604 5347 positos

2010 5374 2093 5422 tot
2111 5368 2350 5423 virorum
2400 5365 2618 5423 fortium
2664 5368 2967 5438 triumphos
3008 5369 3173 5441 videt.
3206 5370 3605 5438 Nonnunquam

2016 5474 2144 5513 vero
2186 5474 2295 5513 non
2336 5458 2509 5514 solum
2556 5458 2713 5514 nobis
2755 5473 2941 5514 eorum
2988 5460 3213 5513 virtutes
3254 5459 3465 5525 asserit,
3507 5462 3605 5519 sed

2015 5554 2177 5609 etiam
2199 5569 2356 5609 casus
2386 5554 2704 5620 innotescit;
2733 5562 2790 5608 ut
2813 5562 2866 5608 et
2892 5552 2945 5606 in
2970 5553 3194 5608 victoria
3216 5551 3437 5609 fortium
3463 5555 3607 5623 quod

2016 5647 2276 5704 imitando
2305 5649 2575 5719 arripere,
2620 5655 2675 5703 et
2704 5662 2915 5743 rursum
2958 5645 3238 5702 videamus
3269 5644 3328 5703 in
3369 5648 3607 5719 lapsibus

2012 5784 2199 5857 Corb.,
2230 5800 2260 5839 a
2300 5784 2533 5857 secunda
2559 5799 2761 5857 _manu,
2790 5792 3107 5852 sanctorum,
3138 5799 3171 5841 a
3196 5784 3365 5857 prima
3394 5800 3603 5851 eorum;

2009 5856 2151 5927 quod
2174 5857 2334 5912 etiam
2362 5856 2523 5912 habet
2548 5854 2731 5911 Germ.

3003 5944 3078 6005 18
