4130 6466
528 444 639 504 555

1688 425 1931 490 ssncrr
1965 399 2294 483 GREGORII
2334 427 2546 485 nsum

3717 444 3825 502 536

526 561 674 635 quod
694 557 984 615 debeamus
1001 549 1368 609 timere.Ecce
1380 550 1523 606 enim
1535 548 1639 606 Job
1652 550 1973 605 describitur
1995 561 2114 604 ten-
2143 551 2199 611 Α
2225 556 2487 606 moratur.
2520 547 2655 606 Hinc
2677 560 2757 607 est
2783 553 2927 623 quod
2951 553 3232 625 Salomon,
3252 558 3343 628 qui
3366 560 3688 630 sapientiam
3713 579 3824 620 non

526 657 734 713 talione
762 658 981 715 auctus,
1033 646 1126 703 sed
1172 644 1339 702 David
1368 645 1669 700 tentatione
1698 652 2031 714 prostratus;
2064 649 2121 698 ut

528 758 585 808 et
610 746 874 818 majorum
906 743 1075 799 virtus
1097 756 1248 812 spem
1275 748 1511 795 nostram
1540 739 1742 804 foveat,
1775 746 1829 793 et
1856 740 2123 807 majorum

527 856 684 900 casus
710 838 778 894 ad
803 835 1066 894 cautelam
1088 850 1186 890 nos
1214 832 1532 889 humilitatis
1557 832 1832 903 accingat;
1860 841 2125 901 quatenus

439 939 481 1009 ff
530 934 656 991 dum
703 930 795 986 illa
843 927 1140 999 gaudentes
1168 926 1468 993 sublevant,
1515 925 1613 980 ista
1654 932 1956 979 metuentes
1998 939 2127 995 pre-

536 1033 711 1091 mant;
744 1030 801 1079 et
846 1021 1113 1077 audientis
1153 1020 1363 1074 animus
1402 1018 1547 1073 illinc
1592 1016 1707 1087 spei
1740 1016 1955 1083 liducia,
1999 1016 2125 1071 hinc

527 1118 831 1175 humilitate
862 1115 1068 1171 timoris
1085 1112 1347 1178 eruditus,
1374 1126 1472 1166 nec
1495 1109 1797 1165 temeritate
1825 1107 2123 1177 superbiat,

526 1213 652 1283 quia
681 1210 968 1267 lormidine
985 1208 1264 1281 premitur,
1288 1222 1385 1263 nec
1404 1221 1621 1277 pressus
1639 1206 1832 1260 timore
1853 1203 2123 1273 desperet,

526 1304 658 1375 quia
693 1304 760 1359 ad
789 1303 906 1374 spei
940 1299 1193 1355 ﬁduciam
1223 1302 1436 1357 virtutis
1463 1302 1715 1375 exemplo
1745 1302 2050 1358 roboratur.
2134 1376 2157 1385 μ’

1165 1393 1395 1450 CAPUT
1436 1394 1500 1450 ll.

607 1492 765 1547 Vens.
798 1489 849 1544 6.
882 1522 955 1534 —-
984 1493 1223 1555 Quadam
1252 1489 1335 1544 die
1365 1506 1480 1543 cum
1507 1490 1761 1543 venissent
1791 1486 1890 1559 filii
1922 1484 2040 1552 Dei,
2069 1493 2125 1539 ut

528 1589 829 1643 assisterent
848 1601 1023 1640 coram
1041 1582 1285 1649 Domino,
1308 1583 1479 1655 adfuit
1502 1585 1635 1637 inter
1656 1600 1743 1637 eos
1765 1583 1919 1636 etiam
1935 1580 2124 1634 Satan.

598 1678 653 1732 2.
697 1676 1013 1732 lltsromeus
1052 1691 1259 1731 sensus.
1288 1673 1457 1741 Quam
1493 1686 1737 1728 accurate
1768 1673 1828 1729 S.
1855 1672 2129 1742 Scriptura

533 1771 677 1824 ’acta
708 1768 985 1823 describat.
1012 1799 1083 1809 —
1114 1768 1314 1823 Intueri
1357 1768 1486 1823 libct
1519 1766 1791 1837 quomodo
1821 1779 1974 1818 sacra
2016 1763 2127 1817 elo-

533 1868 658 1939 quia
687 1868 743 1921 in
772 1865 1007 1921 exordiis
1047 1865 1418 1920 narrationum
1459 1864 1745 1934 qualitates
1798 1859 2124 1930 esprimant,

2229 653 2670 712 perseveraturus
2700 647 2929 715 accepit,
2964 648 3018 700 in
3045 650 3247 705 somnis
3276 652 3418 706 hanc
3456 662 3511 708 et
3536 662 3696 709 nocte
3724 670 3821 710 ae-

2228 738 2436 809 cepisse
2457 738 2777 793 describitur
2823 738 2947 811 (Ill
2978 739 3109 813 Reg.
3142 759 3219 808 ιιι,
3250 742 3360 816 11).
3403 744 3540 801 Hinc
3566 748 3825 818 estquod

2230 830 2407 900 angeli
2434 829 2499 885 ad
2526 831 2795 886 Abraham
2836 834 3062 888 meridie
3094 835 3339 902 veniunt;
3370 837 3609 907 punituri
3638 848 3829 896 autem

2229 921 2540 991 Sodomam,
2565 925 2630 980 ad
2653 941 2772 979 eam
2799 942 3022 997 vespere
3045 929 3254 985 venisse
3276 940 3641 987 memorantur
3666 932 3827 1000 (Gen.

2230 1030 2381 1084 xvm,
2423 1016 2475 1081 1,
2507 1016 2572 1083 2;
2600 1034 2710 1082 ιιι,
2736 1018 2811 1087 1).
2844 1017 2979 1086 Quia
3010 1022 3170 1090 igitur
3199 1021 3344 1077 beati
3370 1021 3469 1078 Job
3500 1028 3730 1082 teutatio
3753 1026 3827 1083 ad

2229 1111 2513 1165 victoriam
2542 1112 2853 1180 deducitur,
2905 1129 2936 1168 a
2983 1115 3070 1171 die
3106 1125 3283 1187 empta
3323 1118 3660 1189 perhibetur,
3693 1138 3823 1177 cum

2231 1201 2423 1257 dicitur
2448 1221 2460 1255 :

2862 1296 3091 1355 CAPUT
3129 1298 3216 1353 ΙΙΙ.

2300 1388 2427 1445 late.
2458 1423 2529 1432 —
2560 1386 2801 1454 Quadam
2831 1392 2935 1461 die,
2967 1410 3079 1447 cum
3110 1396 3365 1450 venissent
3393 1396 3493 1464 filii
3526 1394 3641 1463 Dei,
3668 1410 3722 1452 ut
3744 1417 3836 1454 as-

2233 1483 2471 1537 sisterent
2495 1500 2668 1539 coram
2694 1484 2937 1554 Domino,
2970 1488 3137 1559 adfuit
3168 1497 3301 1542 mter
3328 1506 3413 1544 eos
3439 1492 3595 1544 etiam
3636 1491 3832 1547 Satan.

2305 1576 2357 1629 ’5.
2402 1574 2671 1641 Quomodo
2717 1580 2900 1651 .«ingeli
2939 1578 3047 1634 Deo
3080 1582 3291 1647 adsunt,
3323 1584 3478 1636 etiam
3508 1585 3562 1637 in
3597 1586 3835 1640 ministe-

2233 1668 2367 1721 rium
2397 1670 2559 1723 missi.
2597 1668 2818 1734 Quanta:
2845 1672 3145 1728 subtilitatis
3170 1675 3270 1727 sint
3294 1676 3488 1745 angeli.
3519 1708 3591 1718 —
3612 1676 3716 1743 Qui
3744 1696 3838 1732 au-

2237 1770 2342 1816 tem
2372 1763 2464 1818 Dei
2495 1764 2605 1829 lilii,
2637 1765 2737 1819 nisi
2768 1766 2926 1821 electi
2965 1768 3141 1836 angeli
3180 1772 3480 1825 vocantur?
3525 1772 3603 1826 De
3631 1773 3833 1841 quibus

2235 1868 2359 1907 cum
2385 1865 2617 1921 constet,
2655 1859 2798 1926 quod
2838 1860 3116 1915 obtutibus
3164 1861 3464 1930 majestatis
3511 1862 3835 1927 inserviant,

455 1941 463 1954 ’
530 1958 897 2026 terminosque
925 1972 1226 2011 causarum.
1277 1956 1575 2027 Aliquando
1626 1968 1857 2023 namque
1906 1968 1937 2006 a
1974 1950 2123 2021 posi-
2152 1946 2201 2007 B
2231 1950 2390 2006 valde
2416 1953 2763 2020 qumrendum
2796 1962 2879 2007 est
2904 1954 3046 2009 unde
3076 1956 3316 2023 veniant,
3346 1965 3403 2010 ut
3432 1972 3615 2013 coram
3646 1957 3836 2011 Domi-

530 2049 683 2104 tione
711 2047 840 2115 loci,
872 2048 1159 2117 aliquando
1192 2063 1221 2101 a
1254 2048 1521 2118 positione
1543 2046 1809 2117 corporis,
1833 2042 2124 2112 aliquando

530 2158 563 2197 a
592 2141 853 2213 qualitate
883 2141 1043 2207 aeris,
1091 2140 1378 2211 aliquando
1410 2156 1439 2194 a
1467 2139 1725 2208 qualitate
1755 2135 2013 2207 temporis
2047 2135 2124 2190 si-

530 2241 720 2300 gnant,
739 2232 864 2301 quid
889 2232 956 2285 de
975 2239 1200 2284 ventura
1225 2230 1439 2283 actione
1458 2228 1762 2297 subjiciant.
1791 2228 1834 2280 A
1856 2226 2128 2297 positione

531 2326 732 2395 quippe
762 2324 1001 2378 locorum
1019 2323 1197 2377 divina
1223 2322 1497 2392 Scriptura
1526 2322 1778 2391 exprimit
1798 2321 2128 2390 subsequen-

532 2419 672 2473 tium
701 2417 894 2471 merita
927 2415 1167 2485 ﬁnesque
1194 2431 1500 2482 causarum,
1523 2416 1662 2470 sicut
1691 2415 1758 2468 de
1796 2413 1959 2469 Israel
1998 2414 2130 2468 dicit

536 2511 664 2581 quia
696 2509 859 2565 verba
893 2509 988 2564 Dei
1020 2510 1073 2562 in
1103 2518 1287 2564 monte
1316 2509 1501 2564 audire
1523 2526 1629 2564 non
1661 2510 1853 2579 potuit,
1878 2508 1970 2563 sed
1989 2524 2127 2579 pra:-

539 2610 697 2672 cepta
730 2601 785 2655 in
814 2600 1206 2669 campestribus
1236 2602 1446 2671 accepit
1471 2619 1483 2654 :
1526 2601 1944 2670 subsequentem
1970 2602 2130 2656 nimi-

533 2710 653 2748 rum
685 2691 1055 2747 inlirmitatem
1080 2692 1262 2763 populi
1294 2692 1555 2759 indicans,
1600 2693 1691 2765 qui
1722 2693 2015 2749 ascendere
2061 2693 2130 2747 ad

533 2803 740 2843 summa
767 2804 875 2842 non
905 2787 1091 2853 valuit,
1127 2788 1220 2842 sed
1258 2788 1605 2857 semetipsum
1631 2788 1684 2842 in
1716 2786 1913 2842 inlimis
1942 2787 2129 2854 negle-

532 2891 618 2937 cte
663 2881 891 2937 vivendo
922 2880 1143 2937 laxavit.
1176 2883 1220 2933 A
1256 2881 1527 2950 positione
1553 2881 1796 2950 corporis
1828 2880 2005 2934 lutura
2032 2880 2129 2934 de-

532 2975 773 3039 nuntiat,
823 2972 965 3027 sicut
1013 2972 1065 3026 in
1119 2972 1488 3042 apostolorum
1551 2972 1773 3027 Actibus
1827 2970 2132 3039 Stephanus

531 3064 745 3131 Jesum,
793 3066 886 3135 qui
929 3081 960 3118 a
1007 3064 1212 3119 dextris
1240 3064 1452 3121 virtutis
1480 3063 1576 3118 Dei
1606 3064 1780 3130 sedet,
1811 3072 2045 3116 stantem
2074 3076 2133 3116 se

532 3160 733 3217 vidisse
778 3159 1086 3215 manifestat
1136 3158 1271 3230 (Act.
1315 3174 1407 3225 vn,
1456 3156 1546 3222 55,
1599 3156 1708 3227 56).
1752 3156 1909 3211 Stare
1935 3155 2134 3225 quippe

538 3252 844 3323 adjuvantis
887 3260 990 3306 est.
1032 3250 1101 3304 Et
1140 3259 1287 3306 recte
1326 3259 1473 3305 stare
1501 3249 1759 3313 cernitur,
1792 3247 1881 3315 qui
1909 3248 1959 3300 in
1987 3246 2131 3301 bello

2230 2059 2303 2097 no
2334 2044 2603 2109 assistant.
2637 2046 2712 2099 De
2742 2045 2824 2100 his
2862 2047 3062 2117 quippe
3102 2064 3239 2104 voce
3292 2049 3547 2106 Veritatis
3593 2051 3830 2107 dicitur:

2231 2137 2415 2208 Angeli
2435 2155 2608 2193 eorum
2628 2140 2682 2193 in
2704 2140 2846 2193 caelis
2872 2156 3072 2211 semper
3092 2142 3259 2196 vident
3288 2146 3479 2215 faciem
3502 2144 3683 2199 Patris
3708 2147 3833 2213 mei,

2232 2228 2321 2297 qui
2340 2230 2392 2281 in
2414 2230 2552 2283 cwlis
2574 2239 2648 2283 est
2679 2229 2893 2297 (Matth.
2919 2248 3067 2297 xvut,
3089 2232 3198 2305 10).
3225 2235 3300 2289 De
3325 2236 3409 2291 his
3436 2238 3702 2307 propheta
3722 2238 3830 2293 ait:

2234 2318 2407 2374 Millia
2439 2320 2654 2376 millium
2684 2324 3048 2379 ministrabant
3078 2327 3150 2394 ei,
3178 2338 3228 2381 et
3254 2328 3423 2383 decies
3446 2332 3636 2385 millies
3654 2340 3834 2386 cente-

2234 2430 2303 2467 na
2356 2415 2520 2467 millia
2568 2416 2880 2470 assistebant
2924 2418 2970 2471 ei
3020 2416 3256 2483 (Daniel.
3308 2436 3400 2487 \‘ﬂ,
3438 2420 3548 2491 10).
3584 2422 3639 2476 Si
3671 2424 3835 2492 igitur

2234 2523 2449 2579 semper
2475 2509 2677 2575 vident,
2723 2520 2778 2565 et
2826 2527 3042 2581 semper
3087 2514 3367 2581 assistunt,
3413 2515 3657 2584 vigilanti
3698 2533 3831 2572 cura

2236 2602 2582 2671 quierendnm
2600 2613 2682 2659 est
2706 2604 2845 2658 unde
2869 2606 3108 2672 veniunt,
3133 2605 3226 2677 qui
3250 2624 3525 2677 nunquam
3545 2610 3831 2665 recedunt.

2235 2693 2340 2748 Sed
2372 2710 2491 2749 cum
2531 2695 2597 2751 de
2630 2697 2733 2750 illis
2771 2712 2867 2768 per
2897 2697 3121 2753 Paulum
3160 2700 3357 2755 dicitur
3388 2720 3401 2755 :
3435 2700 3628 2759 Nonne
3658 2721 3837 2760 omnes

2234 2794 2353 2839 sunt
2384 2786 2814 2843 administratorii
2845 2790 3054 2859 spiritus
3079 2792 3132 2843 in
3152 2791 3499 2846 ministerium
3526 2794 3694 2857 missi,
3720 2813 3836 2865 pro-

2236 2887 2349 2949 pter
2377 2895 2461 2932 eos
2480 2880 2564 2951 qui
2588 2880 2944 2935 [nereditatem
2965 2892 2985 2921 ε
3012 2884 3221 2952 capiunt
3246 2884 3427 2938 salutis
3454 2884 3616 2955 (Ueb.
3648 2903 3689 2953 ι,
3720 2887 3836 2955 id)?

2237 2971 2341 3029 Per
2369 2975 2494 3041 hoc,
2524 2976 2665 3045 quod
2691 2976 2886 3032 missos
2914 2978 3309 3046 cognoscimus,
3342 2980 3484 3035 unde
3510 2981 3733 3035 veniant
3754 2982 3836 3035 in-

2235 3064 2503 3119 venimus.
2532 3064 2678 3137 [VeL
2706 3064 2850 3138 111.]
2879 3066 2986 3122 Sed
3014 3082 3141 3123 ecce
3169 3069 3451 3138 queestioni
3478 3070 3837 3142 qumstionem
3882 3060 3887 3063 ’

2232 3155 2527 3225 iungimus,
2560 3164 2614 3211 et
2642 3156 2791 3225 quasi
2812 3154 2837 3191 ἀ
2864 3156 2987 3211 dum
3012 3174 3199 3213 ansam
3229 3159 3441 3215 solvere
3471 3161 3714 3227 nitimur,
3735 3178 3835 3217 uo-

2239 3249 2367 3303 dum
2398 3249 2644 3319 ligamus.
2675 3248 2961 3316 Quomodo
2989 3252 3133 3305 enim
3171 3262 3265 3308 aut
3312 3271 3527 3326 semper
3554 3257 3832 3321 assistere,

534 3346 849 3403 certaminis
891 3345 1205 3415 Opitulatur.
1254 3344 1299 3398 A
1342 3343 1604 3413 qualitate
1647 3341 1788 3396 aeris
1830 3356 1915 3394 res
1942 3340 2133 3395 subsc-
2158 3337 2207 3399 C
2241 3350 2334 3397 aut
2365 3341 2550 3396 videre
2578 3356 2792 3411 semper
2838 3340 3027 3396 faciem
3074 3340 3250 3398 Patris
3290 3353 3533 3414 possunt,
3560 3346 3606 3400 si
3632 3346 3699 3400 ad
3730 3347 3836 3400 mi-

537 3452 709 3508 quens
736 3435 1154 3499 demonstratur,
1200 3434 1340 3489 sicut
1386 3433 1737 3500 evangelista,
1779 3447 1899 3488 cum
1937 3432 2129 3502 praedi-

538 3538 699 3587 cante
724 3528 975 3596 Domino,
1007 3526 1183 3583 nullos
1212 3536 1340 3584 tunc
1368 3541 1435 3582 ex
1461 3526 1643 3584 Judma
1664 3525 1960 3581 credituros
1982 3526 2132 3579 dice-

534 3632 641 3690 ret,
666 3622 922 3694 przemisit
941 3621 1159 3678 dicens:
1186 3619 1371 3676 Hiems
1393 3631 1565 3674 autem
1585 3628 1699 3674 erat
1726 3618 1908 3690 (Joan.
1934 3635 1991 3688 x,
2014 3617 2129 3689 22).

535 3718 810 3789 Scriptum
823 3731 1054 3785 namque
1076 3724 1159 3770 est
1183 3732 1195 3770 :
1224 3724 1249 3751 τι
1271 3712 1532 3779 Quoniam
1552 3712 1833 3767 abundabit
1860 3711 2132 3781 iniquitas,

535 3809 836 3882 refrigescet
856 3809 1085 3862 charitas
1104 3805 1611 3880 multorumﬂiatth.
1628 3821 1771 3871 χειν,
1797 3804 1903 3874 12).
1926 3803 2132 3859 Idcirco

538 3917 672 3971 ergo
696 3900 889 3957 hiemis
918 3900 1125 3954 curavit
1154 3908 1365 3967 tempus
1394 3897 1716 3967 exprimere,
1752 3905 1808 3949 ut
1836 3895 2013 3949 inesse
2034 3910 2133 3949 au-

538 3994 773 4048 ditorum
805 3991 1057 4047 cordibus
1085 3989 1303 4043 malitiae
1344 3989 1511 4058 frigus
1556 3988 1839 4042 indicaret.
1884 3984 2022 4040 Hinc
2052 3993 2135 4039 est

538 4088 681 4158 quod
723 4087 791 4140 de
838 4093 1097 4154 negaturo
1141 4083 1303 4137 Petro
1335 4082 1677 4150 praemittitur
1724 4098 1737 4133 :
1789 4078 1922 4143 Quia
1968 4080 2134 4150 frigus

538 4190 673 4245 erat,
721 4185 769 4231 et
801 4187 945 4231 stans
978 4176 1045 4229 ad
1084 4192 1280 4245 prunas
1317 4172 1654 4245 calefaciebat
1685 4190 1737 4226 se
1770 4170 1949 4241 (Joan.
1983 4186 2134 4237 xvm,

539 4270 657 4333 18).
679 4268 799 4321 Jam
829 4282 1057 4336 namque
1086 4266 1232 4321 intus
1258 4282 1289 4320 a
1317 4265 1596 4320 charitatis
1626 4264 1806 4319 calore
1833 4272 2128 4332 torpuerat,

540 4362 678 4416 etad
706 4375 949 4415 amorem
976 4360 1253 4429 praesentis
1279 4358 1427 4425 vitae,
1452 4357 1602 4426 quasi
1632 4356 1698 4409 ad
1728 4365 2136 4425 persecutorum

541 4472 742 4529 prunas
770 4453 1082 4509 inﬁrmitate
1122 4459 1385 4505 aestuante
1433 4449 1725 4504 recalebat.
1776 4446 1823 4500 A
1875 4447 2141 4515 qualitate

540 4564 758 4621 quoque
784 4547 1042 4617 temporis
1070 4544 1191 4601 linis
1219 4543 1531 4614 exprimitur
1565 4540 1823 4609 actionis,
1862 4550 2000 4597 sreut
2027 4557 2138 4596 non

539 4643 812 4699 rediturus
850 4641 916 4694 ad
939 4640 1172 4705 veniam,
1214 4636 1281 4691 ad
1313 4634 1615 4690 traditionis
1653 4632 1930 4706 perﬁdiam
1977 4640 2138 4689 nocte

2241 3434 2522 3490 nisterium
2573 3435 2810 3489 exterius
2876 3450 2974 3505 pro
3023 3446 3211 3491 nostra
3276 3438 3450 3494 salute
3504 3440 3831 3495 mittuntur?

2240 3526 2396 3591 Quod
2438 3535 2616 3580 tamen
2657 3526 2816 3581 citius
2859 3527 3142 3595 solvimus,
3173 3529 3218 3582 si
3257 3539 3475 3597 quanta:
3524 3531 3837 3586 subtilitatis

2240 3616 2310 3672 sit
2338 3617 2580 3686 angelica
2610 3626 2800 3681 natura
2830 3633 3137 3688 pensamus.
3164 3618 3349 3687 Neque
3392 3621 3535 3674 enim
3572 3622 3651 3676 sic
3694 3636 3723 3674 a
3751 3622 3837 3676 di-

2240 3711 2364 3765 vina
2396 3710 2603 3765 visione
2642 3709 2787 3767 foras
2816 3720 3041 3777 exeunt,
3074 3723 3131 3767 ut
3164 3714 3392 3768 interrae
3419 3714 3835 3785 contemplatio-

2239 3802 2325 3856 nis
2352 3800 2560 3871 gaudiis
2588 3800 2897 3870 priventur;
2946 3801 3071 3869 quia
3120 3800 3163 3855 si
3210 3801 3508 3856 conditoris
3554 3812 3837 3873 aspectum

2240 3901 2504 3949 exeuntes
2529 3893 2871 3959 amitterent,
2907 3907 3005 3948 nec
3031 3891 3276 3962 jacentcs
3297 3893 3527 3961 erigere,
3557 3909 3658 3949 nec
3684 3894 3836 3962 igno-

2240 3986 2486 4041 rantibus
2515 4000 2644 4040 vera
2679 3985 2927 4039 nuntiare
2957 3985 3291 4054 pctuissent;
3325 3983 3637 4054 fontemque
3681 3984 3833 4049 locis,

2240 4096 2400 4151 quem
2447 4078 2785 4147 egredientes
2826 4078 2925 4147 ipsi
2966 4076 3282 4147 perderent,
3329 4078 3487 4131 czecis
3529 4076 3833 4131 nullatenus

2238 4174 2609 4244 propinarent.
2642 4170 2699 4225 ln
2728 4172 2833 4227 hoc
2853 4171 3035 4240 itaque
3062 4179 3144 4225 est
3171 4187 3312 4227 nunc
3332 4178 3525 4225 natura
3545 4172 3785 4240 angelica
3810 4182 3831 4208 °

2241 4285 2272 4323 a
2311 4280 2517 4323 natura:
2574 4276 2771 4322 nostrae
2805 4265 3119 4322 conditione
3154 4265 3436 4332 distincta,
3477 4266 3622 4335 quod
3656 4282 3753 4320 nos
3780 4272 3835 4319 et

2240 4362 2365 4415 loco
2395 4358 2915 4424 circumscribimur,
2958 4365 3012 4412 et
3045 4356 3304 4411 caecitatis
3336 4355 3640 4424 ignorantia
3682 4371 3833 4409 coaro

2241 4462 2490 4509 ctamur:
2525 4450 2840 4519 angelorum
2880 4465 3009 4504 vero
3050 4449 3271 4518 spiritus
3300 4448 3420 4503 loco
3446 4446 3699 4516 ‘quidem
3726 4448 3831 4501 circ

2241 4544 2547 4614 cumscripti
2596 4551 2753 4607 sunt,
2798 4541 2893 4596 sed
2926 4550 3103 4595 tamen
3156 4556 3342 4593 eorum
3393 4540 3630 4608 scientia:
3676 4540 3831 4609 longe

2241 4655 2404 4709 super
2431 4654 2529 4691 nos
2557 4635 3048 4705 incomparabiliter
3076 4634 3388 4688 dilatantur.
3422 4632 3656 4687 Interius
3678 4632 3829 4702 quip-

540 4733 708 4787 Judas
729 4732 839 4803 39
858 4730 1055 4786 exiisse
1078 4726 1409 4798 perhibetur,
1434 4741 1558 4780 cum
1581 4724 1892 4794 egrediente
1921 4725 2036 4790 illo,
2068 4725 2134 4780 ab
2162 4735 2217 4796 Ῑ)
2240 4747 2310 4803 pe
2359 4730 2705 4800 exteriusque
2747 4727 2965 4783 sciendo
2992 4739 3014 4774 ις
3047 4726 3263 4782 distenti
3309 4734 3465 4792 sunt,
3506 4727 3631 4797 quia
3662 4728 3826 4797 ipsum

541 4825 871 4893 evangelista
906 4824 1103 4877 dicitur
1132 4840 1141 4872 :
1171 4820 1303 4874 Erat
1331 4828 1501 4874 autem
1532 4836 1634 4873 non:
1660 4819 1838 4890 (Joan.
1878 4838 1991 4887 xm,
2020 4821 2133 4891 50).

541 4916 677 4971 Hine
708 4916 849 4971 enim
874 4924 927 4969 et
950 4916 1132 4984 iniquo
1150 4913 1298 4968 diviti
1320 4913 1543 4969 dicitur:
1562 4911 1611 4965 Η
1620 4930 1679 4967 ac
1700 4912 1883 4968 nocteb
1908 4923 2139 4981 repetent

541 5011 774 5064 animum
796 5017 936 5061 tuam
949 5007 1041 5063 abs
1066 5015 1115 5061 te
1138 5005 1289 5078 (Luc.
1316 5023 1411 5073 xu,
1432 5006 1549 5077 ‘20).
1566 5006 1759 5061 Anima
1782 5021 1999 5078 quippe,
2017 5022 2139 5076 qua}

543 5103 610 5158 ad
629 5102 880 5157 tenebras
894 5100 1125 5168 ducitur,
1143 5115 1251 5156 non
1273 5100 1327 5155 in
1346 5100 1435 5157 die
1449 5101 1641 5171 repeti,
1661 5100 1759 5155 sed
1778 5100 2002 5157 innecte
2023 5117 2139 5157 me-

616 5273 637 5296 ει
681 5258 737 5313 ln
790 5257 967 5323 Rem.,
1018 5255 1248 5325 Remig,
1294 5255 1618 5325 Compend.,
1659 5266 1790 5324 etc.,
1848 5256 2137 5313 abundabit

540 5332 805 5402 iniquitas,
832 5338 882 5382 et
899 5328 1211 5402 refrigescit,
1236 5336 1371 5402 _etc.,
1419 5327 1569 5381 deest
1593 5329 1856 5402 quoniam.
1892 5327 2041 5383 Unus
2066 5348 2134 5385 ex

539 5398 776 5469 Reinig.,
808 5408 863 5453 et
888 5398 1076 5465 Corb.,
1109 5415 1137 5452 a
1170 5400 1340 5468 prima
1363 5413 1546 5464 manu,
1567 5398 1847 5454 abundavit
1866 5402 2134 5469 iniquitas,

541 5472 831 5544 refrigescit
850 5472 1094 5525 Charitas.
1116 5469 1344 5544 Corb.,a
1368 5470 1602 5523 secunda
1629 5484 1812 5536 manu,
1843 5479 1898 5526 et
1925 5469 2135 5541 Gerun,

544 5543 825 5599 abundabit
853 5544 1121 5613 iniquitas,
1150 5543 1466 5613 refrigescet.

545 5684 590 5744 ι
617 5615 643 5653 δ
674 5615 841 5738 Ιὶιιρῆιι
871 5612 1017 5679 Mss,
1048 5614 1144 5666 huc
1176 5612 1321 5666 nacte
1353 5612 1850 5681 repetuntanimam.
1877 5612 1951 5667 Ita
1976 5615 2137 5670 etiam

589 5701 673 5744 vr.
696 5696 749 5738 et
820 5689 890 5744 ιιι.

630 5703 673 5740 r.
696 5696 749 5738 et
778 5687 890 5740 Bia.

589 5701 962 5825 y:.Xllllli$t'|{tzl.l0l'
990 5756 1142 5809 Rem.
1169 5770 1289 5809 cum
1312 5754 1475 5809 Corb.
1506 5763 1559 5807 et
1586 5754 1791 5821 Germ.,
1817 5759 1901 5828 qui
1924 5757 2143 5811 Incredi-

549 5834 706 5884 tatem
739 5830 951 5895 capiunt
972 5828 1175 5879 salutis.

621 5896 649 5935 ἀ
675 5899 731 5951 S.
766 5899 942 5950 Albini
977 5915 1025 5948 ιιι
1063 5938 1075 5949 .
1108 5901 1229 5949 dum
1254 5897 1384 5948 hanc
1415 5914 1502 5963 per
1522 5897 1654 5950 hanc
1679 5897 1875 5953 solvere
1906 5902 2138 5956 nitimur.

549 5966 807 6033 Floriac.,
838 5977 885 6019 et
906 5968 1053 6039 quasi
1084 5969 1215 6019 hanc
1239 5982 1328 6035 per
1350 5967 1505 6034 hanc,
1537 5976 1643 6023 etc.

2244 4824 2448 4879 fontem
2501 4822 2738 4877 scientiae
2776 4818 3232 4889 contemplautur.
3283 4817 3425 4884 Quid
3467 4818 3611 4871 enim
3658 4818 3831 4871 dehis

2244 4936 2362 4991 quae
2411 4917 2625 4974 scienda
2670 4923 2793 4970 sunt
2847 4916 3123 4978 ne~ciunt,
3190 4911 3280 4981 qui
3339 4912 3597 4966 scientem
3654 4912 3831 4965 omnia

2245 5010 2452 5067 sciunt?
2470 5007 2669 5063 Eorum
2688 5007 2867 5076 itaque
2897 5004 3122 5060 scientia
3150 5002 3173 5038 δ
3203 5002 3610 5071 comparatione
3638 5010 3833 5057 nostra:

2245 5102 2402 5159 valde
2429 5101 2648 5156 dilatata
2687 5108 2800 5162 est,
2831 5097 2928 5153 sed
2967 5105 3147 5152 tamen
3194 5094 3602 5165 comparatione
3642 5094 3833 5149 divina.1

2371 5260 2551 5329 Antiq.
2580 5258 2735 5329 Rern.
2760 5265 2813 5309 et
2834 5254 2989 5321 Reg,
3016 5272 3050 5329 a_
3069 5262 3259 5305 natura
3282 5259 3480 5329 nostra:
3497 5250 3831 5329 conditionis.

2320 5332 2336 5369 ί
2373 5332 2429 5385 Ιιι
2459 5322 2555 5383 Ms.
2588 5328 2792 5390 Colb..,
2834 5340 2995 5393 super
3041 5325 3151 5377 haec
3186 5322 3349 5376 verba
3382 5323 3675 5391 ascriptum
3701 5329 3832 5377 est:

2242 5408 2316 5461 vel
2340 5410 2586 5475 quantum
2608 5398 2677 5451 ad
2681 5406 2923 5475 nostrum
2942 5396 3147 5475 auidum
3164 5395 3539 5475 circumscripti
3558 5411 3651 5475 per
3664 5394 3835 5475 sciere.

2247 5464 2369 5530 tiam
2393 5490 2495 5527 non
2517 5480 2653 5525 sunt.
2680 5468 2747 5523 Et
2769 5484 2892 5523 mox
2920 5485 2931 5520 :
2978 5464 3067 5520 Fel
3095 5466 3295 5534 diffusi,
3320 5480 3482 5535 supra
3504 5466 3725 5522 verbum
3748 5465 3834 5518 di-

2245 5548 2421 5602 stenti.
2450 5545 2527 5601 Ac
2564 5550 2687 5611 post
2736 5554 2904 5609 pauca
2936 5556 2946 5591 :
2988 5539 3404 5611 circumscripta,
3438 5552 3602 5611 supra
3640 5552 3831 5611 vocem

2246 5627 2500 5688 angusta:
2528 5607 2646 5682 qua:
2675 5607 2996 5688 glossemata
3023 5609 3146 5660 dum
3178 5609 3440 5677 arripiunt
3470 5607 3693 5673 librarii,
3725 5621 3835 5661 cor-

2246 5680 2437 5757 ruptus
2459 5680 2623 5739 libros
2651 5684 2804 5737 nobis
2834 5680 3091 5757 prtelwnt.

2322 5749 2343 5803 λς
2376 5760 2450 5812 Ita
2484 5771 2672 5808 tilllllCS
2709 5755 2874 5805 nostri
2909 5752 3032 5805 M~s.
3068 5752 3120 5803 In
3156 5751 3192 5803 E
3216 5753 3289 5804 'it.
3328 5751 3485 5805 Rom.
3519 5750 3655 5804 Sixti
3689 5749 3757 5815 γ,
3782 5755 3834 5803 et

2248 5828 2570 5887 GUSsanvill.
2601 5845 2613 5877 :
2648 5824 2870 5877 Sciendo
2894 5823 3067 5889 diffusi
3102 5834 3238 5876 sunt.

2321 5902 2346 5937 δ
2377 5901 2572 5955 Omnes
2591 5898 2765 5955 Rem,
2789 5888 3016 5961 “cling”
3046 5894 3296 5960 Vinnium,
3315 5891 3625 5958 Nortnanni,
3646 5888 3836 5957 Corb.,

2249 5973 2455 6037 Germ.,
2482 5968 2869 6038 comparatione
2892 5977 3069 6020 nostra
3096 5966 3260 6019 valde.
