4130 6444
1381 313 1405 340 ι.

312 400 413 457 557

1195 350 1557 452 MORA-LIUM
1599 395 1725 451 LIB.
1771 395 1830 448 ll.
1877 429 1949 440 —
2017 397 2086 450 ικ
2124 399 2345 459 CAPUT
2384 405 2407 462 Ι
2448 407 2504 463 Β.
2546 408 2680 464 JOB.

3480 413 3586 474 558

309 511 554 575 scientia
581 521 806 583 angusta
838 529 852 566 :
882 510 1020 568 sicut
1045 519 1098 566 et
1127 511 1225 582 ipsi
1258 504 1469 566 illorum
1495 513 1711 583 spiritus
1739 528 1885 567 com-
1917 511 1974 572 Δ
1998 513 2212 571 dacium
2236 517 2580 589 dedignatur;
2606 539 2710 577 nou
2740 540 2847 595 quo
2876 527 2918 579 si
2944 526 3158 582 mentiri
3184 527 3330 593 velit,
3355 529 3585 601 nesciat,

308 607 591 681 paratione
610 603 827 676 quidem
850 610 1153 657 nostrorum
1172 620 1482 672 corporum,
1507 605 1723 674 spiritus
1747 614 1862 656 sunt
1877 647 1890 667 ,

308 702 404 756 sed
435 698 838 769 comparatione
873 695 1066 750 summi
1097 703 1151 750 et
1180 696 1624 766 incircumscripti
1655 697 1892 765 spiritu-3

309 807 526 863 corpus.
562 790 629 844 Et
659 791 943 843 mittuntur
971 788 1150 854 igitur,
1175 796 1232 842 et
1259 789 1515 842 assistunt
1542 806 1552 838 :
1578 788 1700 856 quia
1726 797 1776 840 et
1805 803 1897 854 per

311 886 434 946 hoc,
467 881 613 952 quod
654 880 1040 948 cnrcumscripti
1087 890 1240 944 sunt,
1292 887 1523 943 exeunt;
1554 887 1609 932 et
1635 893 1730 948 per
1760 879 1892 941 hoc,

307 975 452 1046 quod
494 974 636 1028 intus
681 985 896 1039 quoque
943 979 1236 1038 praesentes
1283 980 1406 1023 sunt
1435 984 1707 1038 nunquam
1738 983 1896 1022 recc-

311 1070 461 1118 dnnt.
493 1063 554 1116 Et
585 1063 774 1117 faciem
798 1075 926 1128 ergo
956 1059 1128 1113 Patris
1159 1074 1373 1128 semper
1400 1058 1602 1121 vident,
1633 1066 1687 1112 et
1718 1068 1897 1111 tamen

308 1156 376 1209 ad
405 1171 502 1208 nos
530 1154 781 1218 veniunt;
805 1152 928 1220 quia
960 1159 1015 1204 et
1037 1150 1222 1204 adnos
1252 1149 1478 1218 Spiritali
1503 1148 1783 1216 prtesentia
1814 1147 1897 1201 fo-

309 1262 397 1301 ras
426 1251 643 1309 exeunt,
676 1253 731 1297 et
761 1251 936 1296 tamen
983 1242 1053 1294 ibi
1105 1257 1196 1303 se,
1241 1240 1383 1292 unde
1413 1247 1899 1306 recesserant,_per

316 1337 580 1390 internam
627 1334 1137 1402 contemplationem
1190 1339 1424 1384 servant.
1481 1330 1698 1384 Dicatur
1724 1343 1893 1396 ergo:

321 1428 586 1481 Venerunt
613 1426 712 1497 filii
740 1425 859 1492 Dei,
889 1435 943 1478 ut
969 1425 1076 1494 A0
1100 1423 1401 1477 assistat-ent
1447 1438 1621 1476 coram
1649 1419 1894 1486 Domino,

308 1520 432 1588 quia
479 1519 604 1574 illuc
649 1517 866 1587 spiritus
909 1515 1264 1570 conversione
1303 1511 1548 1576 redeunt,
1579 1511 1722 1566 unde
1753 1509 1896 1565 nulla

308 1612 502 1666 mentis
530 1610 817 1666 aversione
837 1606 1135 1664 discedunt.

929 1715 1159 1772 CAPUT
1199 1716 1289 1770 Ν.

379 1814 504 1868 lntn.
525 1842 596 1854 —
623 1812 784 1880 Afj'uit
805 1812 938 1865 inter
961 1826 1045 1864 eos
1073 1810 1228 1862 etiam
1253 1807 1440 1861 Satan.

2001 611 2094 665 sed
2125 627 2229 679 quo
2258 609 2389 664 falsa
2417 611 2562 680 loqui
2592 615 2831 668 veritatis
2867 632 3049 670 amore
3079 627 3412 676 contemnat.
3445 619 3587 688 Quid

2001 713 2083 756 est
2114 717 2242 772 ergo
2277 702 2344 756 ad
2370 703 2532 757 Satan
2564 704 2762 769 dicere,
2799 705 2946 762 Unde
2974 711 3134 771 renis,
3169 711 3269 764 nisi
3302 710 3414 765 vias
3445 711 3586 768 illius

1972 795 2152 863 quasi
2211 795 2508 864 incognitas
2558 797 2882 864 reprobarc?
2928 799 3182 856 Veritatis
3210 803 3370 870 igitur
3400 803 3580 858 lumen

2004 884 2273 948 tenebras,
2304 900 2437 954 quas
2463 886 2749 955 reprobat,
2781 887 3019 956 ignorat;
3048 903 3100 945 et
3129 893 3343 947 Satanae
3372 893 3586 960 itinera,

2003 977 2126 1044 quia
2153 977 2403 1044 judicans
2433 977 2669 1041 damnat,
2718 978 2934 1047 dignum
2966 991 3046 1036 est
3075 993 3134 1036 ut
3160 985 3315 1052 quasi
3346 987 3591 1043 nesciens

2004 1069 2263 1138 requirat.
2293 1068 2427 1123 Hine
2454 1077 2538 1123 est
2557 1070 2698 1139 quod
2722 1069 2848 1124 Adze
2873 1074 3118 1140 peccanti
3143 1075 3435 1131 conditoris
3456 1092 3590 1134 voce

2005 1158 2220 1226 dicitur,
2247 1160 2413 1213 Adam
2437 1160 2522 1214 ubi
2552 1179 2604 1214 es
2619 1161 2646 1214 ελ
2672 1159 2880 1232 (Cenes.
2910 1179 2988 1228 nt,
3017 1161 3095 1232 9.)
3131 1165 3314 1236 Neque
3341 1169 3483 1221 enim
3506 1169 3588 1222 di-

2006 1249 2130 1303 vina
2162 1251 2400 1320 potentia
2432 1253 2730 1320 nesciebat,
2764 1262 2885 1324 post
2923 1257 3138 1324 culpam
3167 1273 3354 1313 servus
3383 1263 3448 1314 ad
3470 1277 3588 1330 qua:

2007 1341 2226 1398 latibula
2251 1343 2490 1412 fugerat;
2514 1347 2607 1401 sed
2636 1347 2758 1414 quia
2781 1347 2913 1400 vidit
2950 1349 3002 1401 in
3032 1350 3188 1419 culpa
3219 1350 3450 1420 lapsum,
3473 1352 3584 1420 jam

2006 1435 2104 1490 sub
2133 1447 2353 1506 peccato
2402 1438 2548 1492 velut
2597 1439 2662 1492 ab
2709 1440 2879 1495 oculis
2927 1441 3166 1496 veritatis
3195 1443 3585 1510 absconditum,

2005 1527 2130 1594 quia
2163 1528 2412 1584 tenebras
2429 1530 2627 1584 erroris
2653 1531 2766 1598 ejus
2795 1547 2901 1586 non
2928 1533 3211 1602 approbat,
3236 1535 3388 1604 quasi
3412 1536 3500 1590 ubi
3521 1539 3590 1592 sit

2006 1629 2260 1688 peccator
2283 1621 2516 1689 ignorat;
2539 1637 2768 1692 eumque
2784 1632 2839 1678 et
2859 1634 3038 1693 vocat,
3053 1633 3108 1680 et
3127 1627 3368 1694 requirit,
3384 1627 3588 1694 dicens,

2007 1711 2174 1764 Adam
2205 1713 2288 1765 ubi
2336 1715 2425 1767 es?
2452 1713 2554 1768 Per
2580 1714 2683 1768 hoc
2714 1715 2856 1784 quod
2887 1723 3066 1780 vocat,
3093 1716 3302 1785 signum
3345 1717 3435 1770 dat
3464 1717 3588 1786 quia

2007 1801 2076 1855 ad
2105 1804 2475 1871 paenitentiam
2525 1814 2761 1859 revocat.
2795 1803 2897 1859 Per
2923 1807 3024 1860 hoc
3053 1807 3192 1876 quod
3241 1809 3493 1878 requirit,
3528 1825 3590 1862 a-

375 1905 427 1959 4.
470 1906 636 1960 Satan
658 1905 792 1957 inter
812 1905 1040 1972 angelos,
1069 1902 1188 1972 quia
1211 1907 1450 1952 naturam
1479 1911 1584 1949 non
1604 1896 1799 1956 amisit,
1824 1926 1894 1937 —
1926 1905 1973 1966 Β
2005 1902 2161 1962 perte
2210 1895 2474 1962 insinuat,
2525 1895 2648 1965 quia
2699 1906 3011 1966 peccatores
3055 1897 3176 1966 jure
3200 1898 3226 1936 1³
3257 1901 3590 1953 damnandos

305 1998 474 2054 Valde
501 1994 848 2066 qumrendum
868 2001 952 2047 est
979 1990 1250 2062 quomodo
1281 1990 1418 2042 inter
1441 1988 1644 2042 electos
1671 1987 1893 2055 angelos

303 2093 473 2146 Satan
500 2089 689 2144 adesse
717 2085 975 2159 potuerit,
1009 2083 1102 2153 qui
1130 2082 1196 2136 ab
1230 2095 1419 2135 eorum
1443 2087 1614 2147 sorte,
1644 2079 1894 2146 exigente

305 2182 584 2255 superbia,
603 2180 803 2236 dudum
825 2179 980 2233 damn
990 2185 1106 2230 atus
1128 2175 1311 2230 exivit.
1341 2172 1446 2228 Sed
1466 2179 1613 2226 recte
1636 2171 1773 2226 inter
1797 2186 1891 2226 eos

307 2277 541 2334 adfuisse
563 2272 903 2338 describitur,
936 2270 1061 2340 quia
1089 2269 1190 2324 etsi
1218 2265 1605 2322 beatitudinem
1640 2264 1888 2334 perdidit,

307 2380 552 2426 naturam
575 2377 752 2422 tamen
781 2366 858 2420 eis
887 2363 1118 2418 similem
1148 2377 1255 2417 non
1286 2359 1501 2427 amisit;
1530 2367 1586 2414 et
1619 2359 1663 2412 si
1688 2357 1893 2412 meritis

305 2466 686 2530 praegravatur,
714 2455 1020 2512 conditione
1043 2464 1247 2508 naturae
1269 2451 1476 2508 subtilis
1497 2450 1776 2504 attollitur.
1805 2446 1892 2502 In-

312 2565 392 2608 ter
425 2553 515 2607 Dei
544 2565 674 2620 ergo
722 2548 862 2605 filios
903 2563 1085 2604 coram
1119 2546 1344 2600 Domino
1391 2543 1624 2598 adfuisse
1667 2541 1888 2606 dicitur;

309 2645 432 2715 quia
477 2658 544 2698 eo
575 2642 787 2707 intuitu,
830 2655 938 2710 quo
969 2639 1306 2706 omnipotens
1339 2636 1476 2690 Deus
1511 2643 1705 2688 cuncta
1734 2632 1892 2701 spiri-

307 2735 434 2788 talia
475 2732 751 2803 conspicit,
784 2730 947 2786 etiam
977 2728 1141 2782 Satan
1181 2728 1232 2780 in
1266 2726 1454 2780 ordine
1491 2733 1695 2780 naturae
1721 2723 1891 2778 subti-

303 2825 453 2879 lioris
481 2823 643 2885 videt,
673 2827 964 2876 attestante
1016 2819 1316 2889 Scriptura,
1371 2831 1490 2886 qua:
1537 2816 1705 2870 dicit:
1743 2814 1896 2869 Oculi

309 2915 519 2970 Domini
569 2913 982 2982 contemplantur
1020 2911 1188 2964 malos
1210 2917 1258 2963 et
1287 2908 1447 2962 bonos
1475 2907 1657 2975 (Prov.
1691 2921 1780 2970 xv,
1812 2905 1889 2974 5).

304 3007 410 3062 Sed
441 3008 560 3071 hoc,
595 3006 737 3075 quod
758 3003 989 3058 adfuisse
1015 3002 1181 3056 Satan
1203 3015 1384 3055 coram
1416 2999 1643 3054 Domino
1673 2997 1892 3064 dicitur,

305 3101 360 3155 in
388 3099 536 3168 gravi
562 3098 713 3153 nobis
744 3097 1042 3166 quznstione
1086 3103 1351 3150 versatur.
1394 3092 1662 3162 Scriptum
1690 3089 1892 3159 quippe

306 3201 386 3247 est
411 3209 426 3244 :
460 3191 604 3245 Beati
633 3189 823 3243 mundo
853 3187 1025 3253 corde,
1050 3188 1295 3256 quoniam
1320 3186 1419 3255 ipsi
1449 3183 1618 3237 Deum
1647 3182 1888 3236 videbunt

2001 1985 2232 2053 ignorat.
2277 1984 2441 2039 Satan
2470 2001 2597 2054 ergo
2630 1986 2886 2041 Dominus
2927 2004 3034 2041 non
3073 1998 3252 2055 vocat,
3282 1990 3376 2044 sed
3409 2001 3587 2046 tamen

2000 2078 2250 2146 requirit,
2292 2078 2477 2133 dicens
2525 2094 2539 2134 :
2595 2076 2743 2132 Unde
2795 2081 2970 2134 venis?
3004 2082 3126 2149 quia
3159 2083 3412 2136 nimirum
3445 2084 3588 2139 Deus

1999 2179 2298 2240 apostatam
2343 2171 2588 2240 spiritum
2615 2170 2680 2223 ad
2710 2173 3080 2241 paenitentiam
3121 2189 3462 2244 nequaquam
3500 2192 3586 2230 re-

1999 2270 2182 2325 vocat;
2217 2263 2308 2316 sed
2345 2263 2457 2316 vias
2487 2264 2752 2332 superbiae
2774 2264 2890 2330 ejus
2920 2263 3185 2327 nesciens,
3217 2264 3454 2320 damnat.
3480 2267 3584 2338 41

1999 2351 2165 2422 Igitur
2181 2353 2304 2407 dum
2323 2351 2486 2407 Satan
2507 2352 2575 2407 de
2592 2355 2782 2408 itinere
2794 2370 2893 2408 suo
2917 2355 3216 2421 di~cutitur,
3231 2355 3386 2410 electi
3413 2359 3587 2426 angeli
3619 2353 3622 2356 ’

2000 2449 2306 2517 requirendi
2335 2449 2476 2503 unde
2505 2447 2720 2503 veniant
2747 2465 2852 2503 non
2881 2457 3041 2502 sunt:
3073 2461 3093 2488 ο
3118 2449 3242 2518 quia
3273 2465 3458 2505 eorum
3489 2452 3586 2506 vite

2001 2548 2152 2593 tanto
2183 2539 2292 2594 Deo
2342 2547 2482 2593 notae
2523 2547 2664 2604 sunt,
2698 2549 2898 2608 quanto
2930 2550 2984 2592 et
3026 2541 3141 2609 ipso
3183 2547 3406 2593 auctore
3435 2557 3586 2610 pera-

1999 2640 2225 2702 guntur;
2251 2632 2484 2700 dumque
2505 2630 2604 2686 soli
2627 2629 2741 2700 ejus
2763 2631 3026 2684 voluntati
3049 2631 3362 2697 inserviunt,
3383 2646 3448 2686 eo
3470 2647 3586 2687 esse

2000 2722 2286 2791 incognita:
2321 2729 2622 2792 nequeunt,
2671 2736 2779 2790 quo
2815 2735 2913 2790 per
2939 2720 3343 2790 approbationis
3370 2723 3585 2777 oculum

2002 2831 2069 2871 ex
2098 2814 2212 2884 ipso
2241 2829 2453 2884 semper
2481 2821 2605 2867 ante
2633 2813 2805 2882 ipsum
2836 2811 2987 2866 ﬁunt.
3016 2811 3271 2881 Sequitur
3338 2831 3350 2866 :

2604 2923 2832 2980 CAPUT
2885 2924 2973 2980 Vl.

2060 3023 2198 3077 luto.
2247 3049 2318 3061 -—
2365 3017 2699 3087 Respondeas
2727 3017 2918 3083 Satan,
2951 3026 3024 3070 ait
3053 3033 3070 3070 :
3103 3016 3324 3072 Circuivi
3372 3025 3585 3087 terram,

1998 3120 2046 3167 et
2073 3109 2423 3182 perambulavi
2446 3128 2578 3166 eam.

2072 3202 2124 3257 7.
2166 3203 2381 3258 Satanae
2420 3203 2686 3266 circuitus,
2725 3203 2835 3272 ejus
2875 3202 3158 3255 anxietatis
3197 3209 3584 3272 argumentum.

306 3283 522 3354 (Μαίίίιο
552 3298 604 3348 ν’
627 3279 706 3351 8)·
729 3279 896 3334 sam“
920 3294 1072 3343 νεῖον
1095 3279 1185 3347 qui
1215 3275 1418 3332 mundo
1441 3275 1604 3330 corde
1633 3288 1752 3329 esse
1782 3287 1892 3327 "0“
1926 3291 1972 3353 C
2001 3327 2072 3337 ——
2100 3293 2251 3348 Solet
2289 3309 2384 3362 per
2420 3307 2606 3365 gyru.n
2647 3293 2931 3358 circuitus,
2973 3293 3172 3348 laboris
3207 3294 3452 3349 anxietas
3493 3294 3585 3347 de-

307 3383 501 3445 putest,
536 3383 560 3409 η
590 3370 860 3442 quomodo
889 3370 954 3424 ad
979 3369 1271 3424 videntum
1323 3367 1608 3421 Dominum
1659 3365 1896 3420 adfuisse

348 3474 512 3520 etest.
916 3515 920 3518 .

348 3481 512 3520 DleSt.
916 3515 920 3518 .

309 3481 340 3535 Ρ
387 3555 436 3611 5.
482 3556 588 3612 Deo
607 3565 770 3620 adest,
798 3555 921 3626 quia
941 3563 1004 3607 ao
1029 3568 1087 3605 eo
1111 3550 1322 3604 videtur.
1356 3582 1423 3592 —
1453 3548 1559 3604 Sed
1585 3547 1898 3603 intuendum

305 3659 387 3704 est
417 3651 542 3718 quia
571 3648 805 3704 adfuisse
843 3662 1025 3702 coram
1078 3643 1328 3706 Domino,
1364 3658 1472 3696 non
1501 3649 1682 3693 autem
1715 3639 1896 3692 Domi-

306 3758 430 3795 num
466 3741 662 3794 vidisse
688 3739 1021 3809 perhibetur.
1072 3735 1228 3790 Venit
1253 3733 1469 3802 quippe,
1511 3746 1570 3784 ut
1601 3731 1893 3795 videretur,

303 3849 412 3889 non
441 3844 498 3886 ut
527 3832 753 3886 videret.
800 3829 919 3899 Ipse
962 3830 1016 3882 in
1057 3834 1349 3895 conspectu
1394 3823 1629 3885 Domini,
1664 3837 1769 3874 non
1798 3836 1896 3872 au-

303 3933 409 3978 tem
462 3923 514 3976 in
563 3927 853 3990 conspectu
901 3918 1016 3988 ejus
1054 3916 1314 3969 Dominus
1354 3914 1494 3967 fuit:
1539 3912 1678 3965 sicut
1723 3923 1898 3964 caecus

304 4030 424 4070 cum
448 4015 503 4070 in
520 4013 636 4069 sole
661 4010 923 4074 consistit,
949 4008 1064 4078 ipse
1087 4004 1308 4075 quidem
1337 4003 1497 4057 radiis
1526 4001 1656 4055 solis
1680 3998 1897 4069 perfun-

305 4105 466 4170 ditur,
486 4103 580 4158 sed
609 4111 789 4156 tamen
811 4099 990 4154 lumen
1019 4112 1127 4153 non
1153 4095 1299 4149 videt
1324 4109 1434 4163 quo
1463 4092 1780 4146 illustratur.
1809 4087 1887 4141 ita

304 4207 428 4261 ergo
457 4185 620 4246 etiam
650 4190 790 4244 inter
820 4186 1042 4256 angelos
1067 4187 1122 4239 in
1162 4189 1456 4253 conspectu
1488 4179 1701 4235 Domini
1721 4176 1888 4232 Satan

305 4285 498 4351 adfuit;
521 4285 646 4352 quia
673 4282 753 4337 vis
773 4282 974 4345 divina,
999 4295 1118 4350 quae
1143 4278 1400 4333 intuendo
1423 4282 1672 4348 penetrat
1692 4273 1893 4337 omnia,

306 4394 410 4431 non
455 4393 512 4432 se
561 4378 830 4431 videntem
861 4374 1191 4429 unmundum
1245 4372 1495 4442 spiritum
1549 4369 1700 4423 vidit.
1754 4367 1896 4431 Quia

306 4469 448 4523 enim
469 4475 522 4524 et
551 4468 685 4538 ipsa,
708 4481 825 4536 quae
855 4464 1024 4521 Deum
1052 4464 1278 4532 fugiunt,
1310 4463 1479 4518 latere
1516 4476 1624 4516 non
1649 4466 1892 4530 possunt,

307 4562 431 4615 dum
458 4569 648 4616 cuncta
671 4559 816 4614 nuda
841 4566 966 4614 sunt
993 4572 1226 4626 superno
1254 4555 1586 4626 conspectui,
1612 4552 1776 4608 Satan
1801 4551 1896 4606 ad-

307 4653 406 4708 fuit
431 4653 622 4709 absens
649 4651 926 4720 praesenti.
969 4649 1222 4718 Sequitur
1249 4665 1261 4698 :

625 4763 849 4822 CAPUT
892 4763 933 4818 v
976 4761 1122 4834 [νει.
1148 4759 1252 4825 1v,
1285 4757 1408 4811 Rec.
1441 4753 1586 4827 111].

436 4860 597 4916 Vens.
627 4859 681 4913 7.
711 4889 782 4898 -
820 4854 914 4911 Cui
939 4855 1070 4910 dixit
1095 4853 1373 4916 Dominus,
1418 4849 1567 4903 Unde
1597 4849 1769 4902 venis?

377 4950 431 5008 6.
476 4949 692 5006 Nescire
721 4948 820 5004 Dei
866 4955 944 5001 est
989 4944 1283 5016 reprobare.
1309 4973 1378 4983 —
1407 4940 1544 5006 Quid
1597 4948 1698 5005 est,
1753 4938 1899 5008 quod

305 5045 647 5102 venientibus
675 5041 880 5111 angelis
917 5038 1103 5094 electis
1133 5049 1472 5103 nequaquam
1501 5033 1714 5095 dicitur,
1748 5029 1900 5086 Unde

303 5135 533 5191 venitis?
590 5133 756 5187 Satan
792 5146 921 5186 vero
965 5128 1103 5183 unde
1147 5126 1332 5180 veniat
1357 5124 1742 5194 percontatur?
1786 5137 1896 5177 non

305 5227 450 5282 enim
479 5225 818 5294 requirimus,
851 5221 953 5275 nisi
987 5219 1170 5287 utique
1199 5230 1320 5286 quae
1357 5215 1643 5269 nescimus.
1678 5213 1896 5267 Nescire
1933 5243 1940 5250 -

307 5323 489 5370 autem
528 5314 642 5378 Dei,
696 5312 988 5381 reprobare
1039 5319 1139 5362 est.
1178 5305 1323 5360 Unde
1351 5306 1667 5374 quibusdam
1707 5305 1758 5358 in
1793 5305 1896 5359 line

309 5409 549 5464 dicturus
577 5416 695 5462 est:
740 5403 933 5459 Nescio
974 5418 1059 5456 vos
1094 5400 1228 5453 unde
1268 5400 1400 5462 sitis,
1443 5398 1688 5451 discedite
1725 5415 1754 5449 α
1793 5414 1892 5462 me,

305 5515 482 5557 anates
529 5498 751 5568 operarii
802 5494 1086 5566 iniquitatis
1118 5490 1280 5562 (Luc.
1327 5506 1447 5553 xm,
1494 5488 1609 5558 27).
1653 5488 1801 5542 Sicut
1840 5496 1894 5540 et

310 5592 519 5646 nescire
547 5587 760 5643 mentiri
790 5586 867 5640 vir
896 5601 1058 5640 verax
1102 5583 1294 5638 dicitur
1333 5583 1423 5650 qui
1474 5582 1580 5636 labi
1623 5596 1713 5650 per
1744 5596 1896 5634 men-

382 5776 405 5801 ιι
439 5765 614 5827 Rem.,
648 5761 853 5827 Remig.
880 5768 935 5814 et
959 5760 1095 5828 plur.
1123 5761 1235 5826 alii,
1267 5761 1520 5830 quomodo
1544 5759 1762 5813 videndo
1802 5759 1899 5811 Do-
1925 5795 1936 5815 ,

309 5835 449 5891 mino
479 5837 689 5904 affuisse
711 5839 893 5901 potest.

383 5906 410 5944 δ
444 5902 877 5968 Vindoc'inenses,
900 5904 1018 5968 jure
1041 5902 1357 5971 damnando,
1388 5904 1608 5974 ignorat.

1965 3455 1967 3458 η
2004 3389 2222 3456 signari.
2265 3388 2431 3442 Satan
2461 3401 2591 3454 ergo
2629 3387 2880 3441 laborans
2911 3394 3106 3441 terram
3137 3387 3414 3456 circuivit,
3464 3388 3586 3458 quia

2004 3482 2216 3548 quietus
2241 3481 2292 3533 in
2314 3480 2438 3535 coeli
2459 3479 2690 3534 culmine
2710 3487 2852 3534 stare
2879 3481 3228 3550 contempsit.
3258 3478 3500 3551 Cumque
3528 3497 3586 3540 se

2006 3587 2118 3626 non.
2144 3572 2376 3635 volasse,
2407 3571 2497 3625 sed
2525 3571 2924 3639 perambulasse
2943 3571 3206 3634 insinuat,
3238 3580 3439 3641 quanto
3460 3587 3586 3642 pec-

2005 3668 2114 3721 cati
2146 3666 2385 3736 pondere
2413 3665 2465 3720 in
2496 3665 2617 3719 imis
2643 3673 2938 3735 prematur,
2969 3665 3321 3720 demonstrat.
3363 3665 3584 3721 Peram-

2003 3759 2194 3812 buians
2231 3773 2359 3826 ergo
2391 3767 2589 3810 terram
2631 3757 2911 3822 circuivit;
2959 3759 3083 3826 quia
3115 3758 3182 3811 ab
3211 3757 3304 3812 illo
3332 3757 3586 3827 spiritalia

2003 3852 2257 3920 potentiae
2296 3849 2476 3903 volatu
2505 3864 2793 3913 corruens,
2844 3849 3059 3904 malitia:
3089 3864 3198 3906 sua)
3225 3864 3442 3920 pressus
3463 3865 3584 3920 gra-

2002 3940 2214 4003 vedine,
2246 3941 2390 3995 foras
2414 3939 2480 3993 ad
2509 3952 2697 4009 gyrum
2730 3939 2926 3994 laboris
2955 3941 3123 3995 venit.
3165 3939 3301 3997 Hinc
3330 3949 3412 3996 est
3441 3943 3584 3998 enim

2004 4033 2146 4101 quod
2168 4042 2224 4087 et
2250 4033 2316 4088 de
2345 4032 2459 4102 ejus
2488 4032 2741 4088 membris
2768 4048 2864 4102 per
2888 4033 3229 4090 Psalmistam
3251 4035 3449 4091 dicitur
3472 4053 3486 4089 :
3516 4034 3588 4090 In-

2005 4126 2220 4179 circuitu
2244 4125 2388 4196 impii
2418 4123 2684 4178 ambulant
2712 4123 2883 4195 (Prol.
2917 4142 2989 4189 xi,
3023 4123 3106 4197 9);
3137 4126 3263 4195 quia
3293 4125 3419 4182 dum
3448 4126 3585 4182 inte-

1992 4201 2148 4271 ‘riora
2175 4232 2284 4273 non
2313 4222 2594 4286 appetunt,
2625 4216 2678 4272 in
2705 4216 3033 4272 exteriorum
3061 4217 3246 4274 labore
3271 4216 3586 4288 fatigantur.

2003 4307 2258 4377 Sequitur
2293 4328 2304 4362 :
2439 4300 2448 4311 ’
2740 4373 2746 4378 ν

2444 4398 2671 4456 CAPUT
2700 4399 2791 4453 vn
2821 4397 2969 4472 [Rec.
3005 4397 3136 4472 IV].

2073 4490 2236 4544 Vens.
2259 4489 2310 4542 8.
2328 4489 2662 4563 —Nunquid
2685 4492 3022 4545 considerasti
3045 4508 3244 4546 servum
3267 4508 3434 4546 meum
3461 4491 3581 4558 Job,

2003 4579 2138 4650 quod
2166 4595 2267 4632 non
2289 4580 2355 4631 sit
2375 4580 2420 4632 ei
2443 4580 2628 4633 similis
2650 4581 2703 4632 in
2729 4589 2884 4643 terra,
2903 4581 3055 4634 homo
3077 4581 3298 4650 simplex
3316 4588 3365 4634 et
3393 4589 3584 4646 rectus,

1924 4675 1980 4738 1)
2004 4687 2064 4724 ac
2095 4671 2278 4724 timens
2308 4668 2492 4734 Deum,
2525 4678 2575 4724 et
2599 4671 2843 4724 recedens
2871 4688 2902 4723 a
2928 4672 3064 4724 malo
3091 4673 3115 4723 ?

2076 4761 2127 4816 8.
2169 4762 2340 4817 Varia:
2364 4762 2460 4817 Dei
2487 4763 2860 4834 spirituumque
2884 4764 3182 4815 locutiones.
3207 4792 3275 4802 —
3302 4762 3418 4819 Hoc
3439 4767 3582 4834 quod

2001 4857 2181 4910 divina
2205 4871 2336 4910 voce
2365 4857 2550 4910 beatus
2576 4854 2675 4908 .Iob
2705 4855 2932 4923 simplex
2958 4862 3014 4909 et
3040 4864 3221 4912 rectus
3239 4896 3252 4920 ,
3298 4873 3360 4912 ac
3391 4859 3582 4915 timens

2004 4948 2203 5012 Deum,
2257 4957 2312 5001 et
2353 4947 2608 5001 recedens
2647 4963 2674 4999 a
2709 4947 2849 5000 malo
2881 4946 3105 5014 tlicitur,
3149 4948 3274 5018 quia
3315 4952 3581 5007 subtiliter

2003 5038 2446 5105 membratimque
2460 5054 2618 5106 supra
2638 5039 3003 5106 exposuimus,
3029 5040 3287 5112 replicare
3308 5059 3424 5114 qua:
3444 5045 3582 5098 dixi-

2003 5148 2122 5186 mus
2149 5130 2481 5194 devitamus;
2517 5145 2582 5183 ne
2609 5129 2734 5183 dum
2763 5129 2998 5187 discussa
3028 5134 3338 5203 repetimus,
3381 5136 3582 5192 tardius

2004 5224 2070 5278 ad
2099 5223 2390 5277 indiscussa
2419 5224 2715 5278 veniamus.
2747 5224 2888 5296 lict.
2924 5224 3010 5297 V.]
3035 5225 3150 5282 Hoc
3171 5243 3299 5298 ergo
3324 5227 3478 5284 nobis
3502 5239 3582 5285 est

2003 5316 2229 5370 solerter
2257 5315 2590 5382 intuendum,
2620 5315 2744 5384 quid
2767 5317 2852 5379 sit,
2877 5318 3020 5385 quod
3050 5319 3130 5372 vel
3154 5320 3219 5372 ad
3243 5320 3406 5372 Satan
3436 5320 3580 5388 loqui

2003 5406 2259 5460 Dominus
2286 5405 2497 5471 dicitur,
2528 5406 2608 5461 vel
2632 5405 2772 5475 quod
2799 5405 2964 5462 Satan
2997 5408 3225 5463 Domino
3250 5408 3579 5478 respondere

2005 5499 2334 5569 perhibetur.
2376 5498 2718 5553 Discutienda
2757 5501 2953 5571 quippe
2982 5510 3064 5555 est
3091 5517 3335 5570 quzcnam
3371 5501 3440 5554 sit
3477 5502 3577 5556 ista

1999 5592 2221 5646 locutio.
2257 5590 2437 5646 Ncaue
2456 5591 2595 5644 enim
2618 5591 2750 5644 vela
2775 5591 3022 5658 Domino,
3047 5591 3138 5660 qui
3158 5606 3396 5644 summus
3418 5601 3579 5660 atque

2005 5839 2017 5892 |
2080 5767 2349 5847 t_l"lurinii
2385 5769 2503 5838 quia
2541 5785 2715 5821 eorum
2745 5769 2875 5821 ritw.
2913 5766 3050 5822 Utic.
3081 5767 3262 5833 habet,
3297 5777 3579 5837 utramque

2025 5848 2311 5892 cclionem.

2025 5848 2311 5893 ccltonem.
