4130 6472
487 462 597 522 559

1716 442 1962 504 SANCTI
2001 436 2332 500 GREGORll
2370 433 2587 493 MAGNI

3672 415 3784 481 560

487 577 986 649 incircumscriptus
1009 580 1093 631 est
1117 572 1355 644 spiritus,
1382 566 1525 625 vela
1549 566 1738 633 Satan,
1764 574 1792 603 ι
1814 564 1907 635 qui
1929 561 2077 617 nulla
2103 564 2158 621 Α
2180 556 2397 613 miratio
2421 553 2623 610 intimae
2647 547 3137 622 contemplationis.
3180 523 3409 602 Virtutis
3445 542 3645 599 divinae
3668 540 3782 596 mi-

488 686 577 737 θοι
614 690 809 733 carnea
856 680 1046 727 natura
1093 668 1351 733 vestitus,
1399 665 1636 719 humano
1684 660 1850 715 modo
1889 671 2083 713 aereus

487 766 654 825 ﬂatus
681 766 809 823 folle
835 764 1042 819 ventris
1069 760 1375 823 attrahitur,
1410 766 1469 812 ut
1495 772 1591 827 per
1616 768 1875 824 organum
1904 758 2085 823 guttu-

489 862 590 931 ris,
618 861 768 916 vocis
794 856 1144 928 expressione
1172 852 1445 908 reddatur.
1477 849 1583 904 Sed
1615 847 1740 902 dum
1770 855 1977 901 natura}
2004 844 2086 897 in-

488 953 689 1012 visibili
737 958 929 1005 natura
978 943 1541 1016 incomprehensibilis
1568 940 1828 1010 loquitur,
1868 938 2087 1006 dignum

486 1055 577 1109 at
613 1053 674 1103 ut
713 1059 868 1101 mens
905 1051 1090 1097 nostra
1132 1039 1448 1109 qualitatem
1488 1048 1766 1105 corporeae
1798 1028 2091 1086 locutionis

488 1138 780 1205 excedens,
814 1135 881 1191 ad
910 1134 1167 1190 sublimes
1197 1139 1359 1201 atque
1384 1129 1689 1198 incognitos
1714 1123 1907 1180 modos
1936 1122 2089 1177 locu-

490 1232 657 1290 tionis
694 1230 895 1288 intima:
936 1224 1313 1297 suspendatur.
1360 1222 1470 1277 Nos
1508 1235 1742 1290 namque
1779 1226 1841 1273 ut
1878 1232 1944 1273 ea
1972 1229 2091 1285 quae

492 1324 758 1380 sentimus
804 1320 1127 1375 intrinsecus
1172 1314 1509 1371 extrinsecus
1546 1310 1927 1381 exprimamus,
1978 1306 2093 1360 lJth

493 1430 595 1487 per
639 1427 900 1482 organum
948 1409 1202 1479 gutturis,
1254 1422 1351 1478 per
1393 1421 1585 1461 sonum
1631 1402 1779 1459 vocis
1825 1398 2089 1470 ejicimus.

496 1505 703 1563 Alienis
731 1505 930 1575 quippe
959 1501 1130 1557 oculis
1162 1501 1302 1555 intra
1346 1506 1617 1553 secretum
1666 1494 1894 1558 mentis,
1940 1490 2096 1562 quasi

497 1606 625 1672 post
644 1595 902 1667 parietem
932 1592 1177 1664 corporis
1206 1600 1445 1655 stamus;
1477 1588 1573 1645 sed
1602 1604 1724 1643 cum
1752 1584 2097 1641 manifestare

499 1689 865 1759 nosmetipsos
884 1686 1147 1756 cupimus,
1181 1684 1335 1753 quasi
1365 1698 1461 1753 per
1484 1682 1678 1751 linguae
1697 1678 1917 1748 januam
1946 1690 2098 1743 egre-

499 1781 698 1843 dimur,
730 1787 788 1833 ut
810 1777 998 1848 quales
1019 1792 1205 1831 sumus
1232 1774 1559 1829 intrinsecus
1580 1770 1947 1827 ostendamus.
1976 1765 2098 1836 Spi-

499 1873 674 1931 ritalis
702 1880 883 1926 autem
927 1877 1121 1923 natura
1164 1884 1275 1923 non
1314 1866 1388 1920 ita
1429 1873 1539 1928 est,
1590 1878 1709 1934 qum
1737 1876 1805 1916 ex
1836 1867 2017 1913 mente
2046 1864 2102 1911 et

2189 648 2373 705 racula
2402 645 2774 716 obstupuisse,
2817 642 3018 697 dixisse
3046 649 3160 706 est,
3203 638 3327 709 quia
3356 636 3622 692 excitatus
3651 647 3782 689 cum

2189 739 2493 797 reverentia
2522 746 2700 793 motus
2729 734 2908 791 cordis
2926 776 2940 800 ,
2974 747 3200 800 magnus
3227 739 3310 785 est
3337 729 3402 783 ad
3432 742 3590 782 aures
3619 726 3790 780 incir-

2191 831 2501 902 cumscripti
2530 829 2750 900 spiritus
2784 828 2990 883 clamor
3019 824 3190 880 vocis.
3235 822 3364 889 Quae
3403 837 3510 875 vox
3540 835 3600 875 se
3623 820 3788 887 quasi

2192 942 2292 998 per
2310 925 2563 981 distincta
2584 922 2746 977 verba
2775 920 3029 990 explicat,
3062 917 3189 971 dum
3213 931 3333 971 sese
3354 930 3451 985 per
3473 915 3793 969 innumeros

2194 1019 2385 1075 modos
2412 1014 2785 1071 admirationis
2812 1012 3027 1067 format.
3045 1009 3187 1064 Deus
3216 1022 3343 1077 ergo
3374 1006 3577 1075 angelis
3603 1006 3793 1078 loqui-

2196 1121 2305 1177 tur,
2340 1126 2463 1165 cum
2494 1110 2573 1165 eis
2592 1108 2843 1163 voluntas
2872 1104 2989 1174 ejus
3012 1102 3198 1157 intima
3225 1111 3248 1138 ο
3275 1098 3502 1154 videnda
3533 1097 3798 1155 manifes-

2196 1210 2363 1258 tatur.
2414 1200 2605 1270 Angeli
2655 1207 2835 1253 autem
2886 1196 3180 1264 loquuntur
3223 1191 3473 1259 Domino,
3523 1206 3645 1244 cum
3692 1204 3801 1260 per

2198 1296 2333 1359 hoc,
2380 1293 2525 1362 quod
2567 1307 2731 1362 super
2769 1288 3089 1358 semetipsos
3116 1284 3444 1355 respiciunt,
3493 1284 3547 1338 in
3582 1292 3798 1338 motum

2198 1385 2569 1441 admirationis
2598 1391 2845 1451 surgunt.

2269 1477 2414 1549 [νει.
2454 1473 2576 1546 γι.)
2603 1476 2768 1530 Aliter
2795 1474 2937 1529 Deus
2960 1472 3027 1526 ad
3049 1478 3346 1526 sanctorum
3368 1476 3592 1537 animas,
3618 1480 3669 1523 et
3690 1472 3805 1527 illa:

2201 1571 2271 1625 ad
2299 1570 2485 1625 Deum.
2513 1602 2585 1612 —
2609 1569 2776 1624 Aliter
2793 1568 2934 1623 Deus
2961 1565 3029 1621 ad
3051 1573 3361 1620 sanctorum
3384 1564 3610 1630 animas,
3640 1564 3808 1619 aliter

2202 1671 2513 1717 sanctorum
2561 1662 2754 1715 animae
2801 1660 3096 1728 loquuntur
3124 1656 3193 1711 ad
3233 1656 3423 1711 Deum.
3464 1654 3618 1709 Unde
3658 1666 3714 1710 et
3744 1657 3805 1711 in

2202 1753 2425 1810 Joannis
2446 1754 2768 1824 Apocalypsi
2790 1766 3004 1808 rursum
3027 1750 3223 1806 dicitur
3250 1766 3263 1801 :
3298 1748 3416 1801 l’idi
3438 1746 3609 1801 subter
3630 1750 3807 1802 altare

2206 1848 2407 1902 animos
2443 1849 2832 1919 interfectorum
2862 1853 3073 1917 prapter
3100 1842 3306 1897 verbum
3337 1840 3465 1906 Dei,
3498 1851 3547 1894 et
3591 1851 3808 1912 propter

499 1981 732 2037 corpore
774 1962 1074 2033 composita
1120 1959 1401 2032 dupliciter
1449 1972 1557 2011 non
1607 1961 1710 2009 est.
1763 1950 1870 2006 Sed
1914 1963 2099 2004 rursus
2129 1955 2179 2017 Β
2208 1941 2555 1994 testimonium
2581 1938 2717 2011 quod
2746 1937 3037 2001 habebant;
3062 1943 3111 1989 et
3139 1934 3435 1987 clamabant
3462 1948 3580 1986 uoce
3609 1950 3807 2003 magna

500 2059 778 2116 sciendum
807 2066 890 2112 est
917 2054 1043 2126 quia
1072 2053 1187 2123 ipsa
1218 2052 1381 2106 etiam
1410 2057 1603 2104 natura
1631 2046 1949 2113 incorporea
1975 2057 2099 2098 cum

501 2152 651 2222 loqui
704 2150 920 2213 dicitur,
975 2145 1093 2216 ejus
1143 2144 1346 2200 locutio
1394 2153 1735 2209 nequaquam
1784 2150 1890 2191 una
1939 2142 2101 2202 atque

503 2244 693 2301 eadem
724 2242 987 2311 qualitate
1019 2238 1300 2292 formatur.
1332 2234 1502 2288 Aliter
1523 2231 1667 2286 enim
1695 2228 1934 2298 loquitur
1961 2225 2103 2280 Deus

505 2336 575 2393 ad
603 2336 859 2403 angelos,
891 2333 1047 2387 aliter
1083 2329 1259 2399 angeli
1298 2327 1366 2381 ad
1408 2327 1603 2389 Deum;
1652 2323 1809 2377 aliter
1850 2322 1991 2375 Deus
2036 2318 2105 2373 ad

506 2436 823 2487 sanctorum
889 2426 1137 2488 animas,
1200 2419 1356 2474 aliter
1408 2424 1717 2472 sanctorum
1778 2414 1972 2468 animae
2037 2410 2106 2465 ad

506 2521 713 2584 Deum;
754 2518 911 2573 aliter
940 2515 1083 2570 Deus
1122 2511 1188 2566 ad
1225 2509 1529 2575 diabolum,
1579 2507 1736 2561 aliter
1766 2504 2011 2560 diabolus
2038 2501 2104 2557 ad

508 2611 703 2665 Deum.

582 2705 635 2759 9.
686 2704 850 2757 Aliter
888 2702 1027 2755 Deus
1067 2699 1291 2771 loquitur
1328 2696 1397 2750 ad
1425 2696 1657 2767 angelos.
1700 2722 1770 2734 —
1816 2691 1949 2745 Nam
1980 2690 2108 2761 quia

510 2796 742 2869 spiritali
796 2802 1003 2850 natura:
1059 2807 1126 2847 ex
1183 2803 1447 2859 corporea
1505 2787 1530 2825 δ
1583 2785 1922 2857 oppositione
1976 2781 2110 2837 nihil

512 2891 731 2954 obstat,
782 2886 1024 2956 loquitur
1064 2883 1207 2937 Deus
1236 2880 1304 2935 ad
1351 2879 1572 2948 angelos
1608 2887 1827 2933 sanctos
1865 2890 1930 2929 eo
1969 2873 2108 2943 ipso,

430 2976 435 2981 ’
512 2997 622 3052 quo
650 2994 838 3035 eorum
867 2975 1121 3032 cordibus
1150 2973 1363 3029 occulta
1393 2986 1489 3024 sua
1521 2968 1808 3023 invisibilia
1834 2972 2108 3020 ostentat:

512 3083 574 3130 ut
595 3071 852 3143 quidquid
887 3084 1047 3139 agere
1082 3067 1351 3132 debeant,
1403 3065 1457 3118 in
1506 3064 1620 3133 ipsa
1651 3059 2112 3132 contemplatione

512 3164 764 3220 veritatis
783 3162 986 3231 legant,
1020 3167 1075 3216 et
1095 3159 1243 3213 velut
1263 3158 1505 3228 qumdam
1536 3162 1805 3225 prmcepta
1826 3150 1976 3205 vocis
2005 3149 2114 3205 sint

514 3257 629 3327 ipsa
659 3254 854 3324 gaudia
882 3250 1373 3321 contemplationis.
1400 3246 1565 3313 Quasi
1595 3245 1738 3299 enim
1765 3241 2110 3297 audientibus

2206 2035 2429 2088 dicentes
2455 2048 2473 2087 :
2502 2032 2796 2103 Usquequo,
2830 2030 3072 2097 Domine,
3094 2034 3303 2081 sanctus
3328 2035 3375 2078 et
3396 2042 3573 2091 uerus,
3597 2041 3697 2077 non
3714 2025 3811 2093 ju-

2207 2126 2352 2179 dicas
2374 2133 2420 2177 et
2442 2125 2671 2178 vindicas
2695 2125 3001 2194 sanguinem
3022 2128 3255 2176 nostrum
3278 2119 3340 2171 de
3361 2119 3441 2171 Itis
3462 2118 3550 2187 qui
3572 2117 3809 2170 habitant

2207 2222 2262 2275 in
2288 2224 2463 2275 terra?
2496 2220 2591 2275 Ubi
2616 2222 2761 2275 illico
2784 2219 3113 2288 adjungitur,
3142 2217 3297 2271 Data:
3317 2224 3436 2269 sunt
3456 2215 3562 2269 illis
3585 2214 3811 2281 singuch

2208 2314 2356 2368 stola?
2380 2312 2529 2379 albw,
2562 2320 2610 2366 et
2640 2312 2835 2365 dictum
2862 2320 2937 2364 est
2965 2310 3089 2375 illis,
3120 2318 3176 2361 ut
3206 2308 3579 2379 requiescerent
3609 2314 3811 2373 tempus

2210 2407 2377 2460 adhuc
2398 2406 2675 2469 modicum,
2701 2405 2863 2458 donec
2886 2405 3161 2473 impleatur
3181 2416 3423 2454 numerus
3446 2402 3813 2453 conservorum

2211 2508 2261 2552 et
2291 2501 2512 2569 fratrum
2533 2514 2729 2553 eorum.
2764 2495 2902 2562 Quid
2930 2504 3012 2550 est
3040 2495 3181 2549 enim
3205 2494 3412 2548 animas
3439 2490 3691 2546 vindicta:
3711 2506 3813 2562 pe-

2214 2590 2464 2644 titionem
2495 2590 2696 2655 dicere,
2730 2588 2833 2642 nisi
2860 2587 3000 2641 diem
3032 2586 3260 2641 extremi
3280 2585 3465 2655 judicii
3486 2624 3500 2650 ,
3546 2592 3602 2637 et
3630 2599 3816 2637 resur-

2214 2685 2511 2739 rectionem
2523 2683 2913 2737 exstinctorum
2933 2696 3222 2751 corporum
3234 2678 3578 2734 desiderare?
3591 2676 3816 2745 Magnus

2215 2778 2417 2848 quippe
2472 2792 2657 2832 earum
2713 2777 2959 2842 clamor,
3018 2789 3271 2843 magnum
3320 2782 3403 2828 est
3455 2772 3814 2829 desiderium.

2217 2867 2392 2922 Tanto
2432 2868 2575 2922 enim
2622 2867 2851 2937 quisque
2892 2866 3069 2921 minus
3113 2866 3341 2933 clamat,
3388 2871 3593 2933 quanto
3632 2863 3815 2918 minus

2220 2959 2525 3023 desiderat;
2560 2966 2615 3013 et
2644 2968 2796 3013 tanto
2827 2958 3087 3027 majorem
3115 2971 3303 3011 vocem
3332 2956 3385 3009 in
3410 2969 3568 3010 aures
3602 2952 3619 2991 ί
3653 2954 3819 3010 incir-

2220 3051 2534 3121 cumscripti
2602 3052 2822 3121 spiritus
2880 3051 3161 3121 exprimit,
3214 3058 3415 3120 quanto
3466 3063 3525 3104 se
3583 3048 3635 3102 in
3697 3047 3819 3117 ejus

2221 3142 2549 3198 desiderium
2598 3145 2810 3213 plenius
2856 3143 3048 3199 tundit.
3092 3142 3406 3197 Animarum
3448 3141 3610 3209 igitur
3648 3141 3817 3196 verba

2221 3234 2336 3304 ipsa
2379 3244 2504 3289 sunt
2532 3235 2818 3290 desideria.
2854 3235 2985 3289 Nam
3027 3235 3073 3290 si
3114 3234 3438 3289 desiderium
3486 3249 3667 3287 sermo
3706 3248 3820 3288 non

514 3323 739 3412 dicitur,
773 3346 920 3414 quod
945 3342 1251 3398 videnﬁbus
1432 3339 1743 3409 inspiratur,
1796 3334 1949 3390 Unde
1988 3350 2111 3389 cum
2142 3338 2191 3403 ο
2222 3332 2386 3391 esset,
2410 3323 2679 3394 Propheta
2704 3341 2812 3379 non
2832 3324 3071 3379 diceret:
3097 3323 3426 3377 Desidet-ium
3449 3325 3620 3377 cordis
3643 3340 3822 3377 eorum

516 3451 707 3493 eorum
736 3433 1016 3499 cordibus,
1050 3433 1192 3489 Deus
1221 3440 1411 3487 contra
1438 3428 1731 3483 humanam
1762 3425 2068 3495 superbiam
2092 3467 2107 3491 ,

442 3540 445 3543 '
517 3525 1047 3583 animadversionem
1079 3523 1300 3578 ultionis
1328 3520 1666 3585 infunderet,
1706 3518 1841 3573 dixit
1873 3535 1885 3571 :
1928 3515 2112 3570 Venite

518 3618 916 3684 descendamus,
965 3625 1017 3672 et
1067 3614 1446 3687 confundamus
1486 3614 1557 3668 ibi
1590 3624 1611 3652 ο
1665 3614 1897 3684 linguam
1939 3627 2117 3665 eorum

521 3711 745 3785 (Cenes.
777 3726 845 3776 ιι,
883 3708 971 3782 7).
1014 3705 1265 3764 Diciturd
1296 3708 1375 3763 eis
1404 3707 1494 3777 qui
1529 3706 1808 3761 adhaerent
1832 3749 1846 3772 ,
1900 3703 2117 3769 Venite;

521 3804 649 3874 quia
680 3803 930 3858 nimirum
956 3801 1063 3856 hoc
1088 3800 1265 3869 ipsum
1297 3812 1571 3868 nunquam
1600 3811 1630 3850 a
1665 3795 1845 3849 divina
1876 3800 2121 3848 contem-

521 3894 764 3965 platione
781 3893 1120 3959 decrescere,
1149 3891 1204 3945 in
1219 3890 1398 3945 divina
1420 3886 1884 3957 contemplatione
1906 3899 2122 3954 semper

522 4002 837 4043 accrescere
864 3994 1066 4062 est;_et
1103 3999 1377 4053 nunquam
1422 3982 1587 4039 corde
1626 3980 1916 4046 recedere,
1965 3976 2122 4047 quasi

522 4077 761 4147 quodam
801 4077 981 4133 stabili
1027 4083 1176 4130 motu
1218 4082 1302 4130 est
1341 4088 1557 4143 semper
1586 4072 1789 4127 venire.
1823 4069 2027 4136 Quibus
2067 4074 2121 4121 et

523 4169 655 4224 dicit
684 4187 697 4222 :
726 4168 1110 4223 Descendamus
1153 4175 1201 4221 et
1229 4165 1612 4237 confundamus
1649 4163 1882 4234 linguam
1920 4175 2117 4214 eorum.

526 4257 841 4317 Ascendunt
860 4256 1059 4326 angeli,
1083 4257 1138 4311 in
1161 4271 1227 4311 eo
1255 4254 1400 4325 quod
1429 4260 1729 4308 creatorem
1757 4250 2116 4321 conspiciunt.

432 4426 439 4431 η
526 4347 873 4406 Descendunt
919 4347 1117 4417 angeli,
1166 4346 1221 4400 in
1262 4360 1329 4400 eo
1365 4344 1511 4414 quod
1552 4349 1858 4397 creaturam
1901 4354 2021 4394 sese
2068 4339 2121 4393 in

528 4440 734 4499 illicitis
789 4439 1086 4509 erigentem
1137 4436 1388 4492 examine
1442 4432 1795 4488 districtionis
1849 4437 2120 4500 premunt.

529 4534 719 4591 Dicere
745 4547 874 4602 ergo
908 4531 1006 4587 Dei
1036 4538 1120 4586 est
1169 4547 1181 4582 :
1227 4526 1614 4583 Descendomus
1656 4534 1705 4578 et
1746 4522 2123 4595 confundamus

528 4629 760 4701 linguam
782 4642 988 4691 eorum,
1021 4624 1075 4678 in
1101 4622 1281 4692 seipso
1309 4620 1388 4675 eis
1422 4620 1526 4674 hoc
1546 4660 1561 4685 ,
1593 4616 1738 4688 quod
1759 4624 1909 4672 recte
1935 4622 2124 4683 agatur

2220 3414 2415 3469 audivit
2442 3416 2586 3469 auris
2609 3426 2695 3469 tua
2721 3414 2893 3486 (Psal.
2921 3431 2995 3480 ιχ,
3016 3414 3127 3485 17).
3158 3414 3264 3468 Sed
3288 3429 3406 3468 cum
3436 3413 3595 3468 aliter
3614 3415 3822 3469 moveri

2220 3512 2395 3567 soleat
2440 3527 2591 3566 mens
2637 3526 2759 3583 quae
2800 3511 2964 3581 petit,
3017 3510 3281 3580 aliterque
3327 3523 3447 3578 quae
3486 3509 3714 3578 petitur,
3768 3518 3824 3564 et

2222 3614 2534 3662 sanctorum
2564 3604 2757 3658 anima:
2796 3605 2866 3657 ita
2900 3603 2953 3657 in
2986 3602 3183 3657 interni
3220 3601 3415 3656 secreti
3446 3602 3565 3655 sinu
3594 3600 3706 3655 Deo
3734 3602 3822 3655 in-

2221 3697 2499 3762 haereant,
2541 3703 2599 3749 ut
2637 3694 2948 3750 inluerendo
2995 3694 3377 3764 requiescant;
3419 3691 3693 3763 quomodo
3731 3691 3814 3746 di-

2222 3798 2417 3845 cuntur
2460 3798 2669 3859 petere,
2722 3804 2858 3858 quas
2903 3789 2970 3843 ab
3019 3789 3231 3843 interna
3280 3789 3564 3843 voluntate
3612 3796 3824 3842 constat

2224 3882 2529 3937 nullatenus
2558 3881 2907 3950 discrepare?
2954 3879 3227 3949 quomodo
3256 3879 3507 3934 dicuntur
3544 3889 3569 3925 ε
3597 3889 3784 3949 petere
3802 3919 3817 3943 ,

2225 3986 2360 4040 quas
2388 3979 2443 4025 et
2474 3970 2801 4025 voluntatem
2828 3968 2921 4022 Dei
2953 3976 3162 4024 certum
3190 3978 3293 4033 est,
3326 3976 3382 4023 et
3411 3984 3475 4023 ea
3505 3983 3624 4038 qua:
3646 3968 3821 4022 futura

2225 4071 2370 4127 sunt,
2407 4078 2514 4117 non
2544 4061 2835 4130 ignorare?
2865 4060 2973 4115 Sed
3001 4060 3055 4114 in
3086 4061 3205 4130 ipso
3235 4062 3445 4130 positte,
3478 4061 3545 4116 ab
3577 4061 3695 4130 ipso
3725 4060 3825 4113 ali-

2227 4156 2356 4226 quid
2387 4165 2572 4227 petere
2602 4155 2871 4221 dicuntur,
2906 4171 3013 4210 non
3043 4169 3150 4224 quo
3180 4154 3474 4223 quidquam
3500 4154 3823 4218 desiderent,

2227 4250 2371 4320 quod
2398 4250 2465 4305 ab
2493 4249 2599 4321 [‘3
2631 4248 2746 4318 ejus
2772 4248 3077 4315 voluntate,
3111 4263 3273 4319 quem
3302 4256 3561 4314 cernunt,
3608 4248 3819 4302 discor-

2227 4342 2320 4397 dat
2351 4359 2364 4396 :
2397 4342 2490 4397 sed
2515 4358 2622 4412 quo
2643 4353 2824 4398 mente
2854 4342 3131 4397 ardentius
3162 4342 3447 4406 inhaerent,
3476 4356 3542 4396 eo
3568 4341 3728 4395 etiam
3752 4337 3819 4393 de

2228 4433 2346 4505 ipso
2391 4435 2682 4504 accipiunt,
2728 4442 2788 4489 ut
2826 4434 2891 4489 ab
2933 4434 3049 4504 ipso
3086 4441 3294 4504 petant,
3326 4433 3471 4503 quod
3492 4448 3612 4486 eum
3639 4431 3819 4487 facere

2229 4526 2369 4580 velle
2399 4535 2684 4580 noverunt.
2724 4526 2801 4581 De
2832 4526 2949 4596 ipso
2989 4539 3117 4593 ergo
3147 4524 3370 4591 bibunt,
3420 4524 3564 4593 quod
3609 4523 3677 4577 ab
3708 4524 3822 4594 ipso

2230 4618 2447 4682 sitiunt;
2492 4627 2547 4672 et
2574 4618 2738 4673 modo
2768 4618 2925 4672 nobis
2954 4617 3128 4671 adhuc
3158 4614 3690 4685 incomprehensibili
3710 4656 3722 4679 ,
3776 4616 3827 4669 in

530 4720 848 4784 ostendere,
880 4725 936 4772 et
964 4730 1061 4786 per
1088 4714 1194 4769 vim
1226 4713 1452 4767 internae
1474 4710 1726 4776 visionis,
1760 4723 1949 4764 eorum
1977 4722 2128 4762 men-
2156 4726 2212 4787 D
2235 4711 2360 4775 hoc,
2394 4710 2538 4781 quod
2569 4710 2806 4781 petendo
2837 4711 3112 4781 esuriunt,
3164 4708 3497 4780 praesciendo
3544 4709 3828 4763 satiantur,

532 4817 676 4873 tibus
697 4814 998 4872 exhibenda
1020 4811 1221 4882 judicia
1246 4809 1474 4865 occultis
1502 4807 1740 4862 motibus
1766 4804 2051 4874 inspirare.

605 4909 692 4962 ‘IO.
734 4909 897 4962 Aliter
915 4906 1087 4978 angeli
1107 4906 1175 4959 ad
1196 4904 1382 4959 Deum.
1412 4935 1485 4947 --
1509 4901 1683 4955 Aliter
1705 4900 1999 4968 loquuntur
2028 4911 2126 4950 an-

535 4998 638 5066 geli
685 4998 753 5051 ad
801 4999 1000 5061 Deum,
1056 4997 1196 5052 sicut
1242 5005 1296 5051 et
1346 5011 1441 5065 per
1482 4992 1705 5047 Joannis
1745 4987 2128 5061 Apocalypsim

534 5089 723 5143 dicunt
747 5106 758 5140 :
786 5087 988 5158 Dignus
1010 5094 1083 5141 est
1112 5087 1309 5159 Agnus,
1335 5086 1419 5155 qui
1442 5085 1639 5139 occisus
1661 5090 1757 5149 est,
1784 5080 2132 5150 acciperevir-

535 5188 714 5261 tutent,
741 5187 790 5233 et
810 5178 1147 5243 divinitatem,
1178 5189 1226 5231 et
1245 5178 1555 5247 sapientiam
1580 5174 1765 5247 (Apoc.
1789 5189 1843 5237 ν,
1869 5170 1982 5241 12).
2005 5172 2123 5226 Vox

536 5286 771 5341 namque
803 5270 1117 5341 angelorum
1143 5278 1227 5324 est
1255 5270 1308 5323 in
1339 5267 1496 5322 laude
1526 5264 1853 5331 conditoris,
1886 5263 2002 5333 ipsa
2031 5262 2128 5316 ad-

610 5420 634 5445 ο
664 5408 791 5465 Haec
835 5408 1000 5462 verba
1033 5404 1266 5462 notanda
1308 5412 1454 5466 sunt,
1506 5410 1565 5456 ut
1611 5401 1943 5470 intelligatur
1981 5399 2129 5468 quod

536 5496 682 5551 sup.,
727 5495 847 5546 cap.
880 5479 934 5540 5.
978 5477 1135 5551 dixit,
1172 5476 1402 5551 angelos
1436 5469 1833 5551 comparatione
1870 5469 1972 5551 Dei
2019 5488 2131 5551 esse

538 5541 742 5622 corpus.
770 5541 947 5606 Habes
974 5550 1026 5604 in
1054 5541 1201 5622 prmi.
1234 5541 1470 5622 generali
1501 5541 1760 5599 asSwt-am
1783 5541 1899 5612 ejus
1924 5541 2128 5596 doctri-

539 5618 662 5677 uant
693 5623 759 5676 de
790 5630 978 5677 natura
1007 5620 1316 5688 angelorum
1348 5618 1689 5684 incorporea.

613 5693 640 5731 ὶ)
668 5692 742 5746 Ita
774 5692 900 5750 Mss.
935 5709 997 5747 ac
1023 5691 1256 5759 Vulgati,
1291 5689 1633 5759 oppositione.

616 5775 638 5802 ε
671 5762 815 5817 Penc
841 5779 1028 5816 onmes
1053 5754 1201 5824 Mss,
1235 5754 1459 5830 linguas.
1483 5758 1627 5812 Idem
1650 5754 2053 5811 observavimus
2076 5754 2130 5808 in

541 5834 1015 5900 consequentibus,
1050 5833 1136 5885 ubi
1164 5833 1316 5886 locus
1348 5829 1433 5884 hic
1458 5830 1729 5882 laudatur.

614 5894 950 6024 :‘Edigi,aqiti
982 5902 1218 5956 aderant.
1253 5899 1622 5957 Emendantur
1651 5912 1756 5969 ope
1784 5895 1911 5951 Mss.
1939 5894 2128 5964 Corb.,

542 5969 727 6030 Germ.
759 5979 813 6026 et
840 5969 911 6024 al.

2233 4801 2617 4857 Discordarent
2639 4816 2768 4870 ergo
2795 4802 3119 4856 avoluntate
3142 4800 3466 4866 conditoris,
3495 4800 3538 4854 si
3564 4814 3685 4869 quce
3708 4815 3829 4854 eum

2232 4895 2417 4950 vident
2439 4895 2599 4961 velle,
2635 4911 2742 4949 non
2774 4902 3054 4965 peterent;
3089 4894 3249 4964 eique
3279 4895 3452 4948 minus
3484 4892 3832 4957 inhaererent,

2234 4989 2278 5044 si
2301 4988 2576 5043 volentem
2601 4987 2749 5053 dare,
2775 4987 3043 5043 desiderio
3062 4987 3287 5058 pigriori
3310 4986 3604 5055 pulsarent.
3631 4982 3834 5050 Quibus

2234 5096 2554 5151 responsum
2570 5079 2823 5133 divinitus
2836 5078 3033 5134 dicitur
3060 5096 3071 5130 :
3093 5077 3411 5147 Requiescite
3441 5085 3638 5147 tempus
3663 5074 3833 5127 adhuc

2236 5172 2493 5225 modicum
2513 5211 2525 5235 ,
2568 5170 2729 5225 donec
2759 5169 3078 5240 compleatur
3116 5183 3358 5222 numerus
3396 5183 3757 5222 conservorum
3788 5174 3835 5220 et

2239 5265 2461 5335 fratrum
2508 5273 2807 5319 vestrorum.
2868 5262 3310 5318 Desiderantibus
3357 5262 3676 5329 animabus,
3728 5261 3833 5315 Re-

2265 5467 2276 5478 _
2314 5406 2336 5433 θ
2370 5396 2816 5478 Rem.._Remig.,
2866 5396 3119 5467 Longip.,
3150 5396 3271 5451 Val.
3301 5396 3470 5463 Clar.,
3518 5395 3711 5464 Corb.,
3752 5398 3832 5449 ἕης

2241 5468 2363 5522 lima
2388 5468 2623 5523 ridendo.

2328 5539 2461 5621 {Alta
2508 5537 3015 5621 Ctorbt.,.Germ._e't‘
3040 5540 3381 5621 omnes_Mss.
3417 5554 3480 5595 ac
3507 5538 3835 5621 vetustiores

2238 5610 2513 5670 Editiones
2543 5610 2862 5665 Parisiensis
2890 5619 2946 5664 et
2974 5610 3136 5665 Basil.
3169 5611 3357 5675 Gilot.,
3389 5626 3532 5664 anno
3575 5608 3730 5671 1571,
3781 5615 3837 5660 et

2236 5687 2353 5741 alia:
2382 5682 2637 5750 deinceps
2679 5680 2889 5751 habent
2918 5682 2971 5734 in
3014 5699 3163 5737 aures
3193 5682 3569 5751 circumscripti
3595 5682 3830 5749 spiritus.

2235 5752 2545 5812 Manifestus
2566 5761 2648 5805 est
2672 5766 2844 5805 error.
2873 5750 3103 5807 Sanctus
3125 5752 3418 5821 Gregorius
3441 5750 3535 5822 per
3554 5753 3833 5805 incircum-

2235 5829 2485 5897 scriptum
2509 5824 2765 5897 spiritum
2796 5822 2983 5897 Deum_
2994 5822 3264 5897 intelligit.

2312 5892 2348 5945 ε’
2369 5897 2424 5950 1η
2447 5894 2634 5957 Etlitis,
2669 5894 2920 5962 quomodo
2950 5892 3192 5948 dicuntur
3213 5897 3493 5950 vindictam
3514 5892 3838 5960 desiderare,

2241 5966 2403 6025 nullis
2430 5965 2554 6019 Mss.
2589 5963 2786 6019 nostris
2812 5964 3293 6021 consentientibus.
