4130 6444
350 376 447 435 561

1312 362 1673 423 nlORALlUM
1711 363 1841 420 LIB.
1886 362 1953 416 ll.
1992 389 2061 399 —
2100 358 2166 413 ΙΝ
2204 352 2431 413 CAPUT
2474 356 2492 410 Ι
2535 356 2592 410 Β.
2636 353 2775 410 JOB.

3509 345 3617 405 802

348 493 589 569 quiescite
610 498 804 560 tempus
834 487 1000 541 adhuc
1025 484 1302 549 modicum,
1332 482 1532 549 dicere,
1564 488 1646 538 est
1672 480 1811 535 inter
1840 493 1929 532 ar-
1963 478 2014 537 Α
2036 475 2105 530 ab
2135 472 2505 528 immoderata:
2546 469 2858 526 tentationis
2898 466 3100 537 impetu
3139 477 3262 519 eum
3299 461 3465 519 etiam
3500 476 3635 532 per-

348 588 536 643 derem
566 583 818 641 desiderii
849 598 916 638 ex
942 582 1057 652 ipsa
1096 577 1435 650 praescientia
1466 576 1717 632 solatium
1749 583 1773 611 ι
1802 588 1935 628 con-

349 678 637 737 solationis
657 677 925 747 aspirare;
950 681 1011 729 ut
1030 682 1087 729 et
1105 673 1404 728 animarum
1426 687 1531 727 vox
1551 670 1763 735 sithoc,
1794 666 1939 737 quod

349 782 597 831 amantes
641 769 982 834 desiderant;
1015 774 1071 823 et
1098 764 1475 838 respondentis
1520 762 1614 817 Dei
1652 776 1832 818 sermo
1869 759 1940 815 sit

351 868 475 935 hoc,
500 866 644 936 quod
667 879 761 921 eas
782 862 1155 919 retributionis
1175 857 1497 915 certitudine
1517 856 1658 911 inter
1673 852 1939 909 desideria

352 958 658 1018 conﬁrmat.
690 954 1037 1025 Respondere
1056 966 1185 1021 ergo
1212 950 1330 1021 ejus
1353 957 1454 1016 est,
1477 954 1538 1003 ut
1562 945 1941 1003 collectionem

352 1050 577 1108 fratrum
600 1058 917 1119 exspectare
939 1046 1190 1109 debeant,
1220 1057 1409 1098 eorum
1429 1040 1698 1095 mentibus
1713 1038 1943 1093 libenter

353 1141 704 1215 exspectandi
742 1155 924 1194 moras
966 1136 1274 1199 infundere;
1315 1139 1373 1187 ut
1403 1148 1523 1188 eum
1546 1131 1731 1186 'carnis
1760 1144 1943 1183 resur-

354 1238 654 1294 rectionem
677 1239 960 1303 appetunt,
991 1230 1157 1284 etiam
1184 1243 1253 1283 ex
1272 1224 1697 1295 colligendorum
1716 1220 1943 1277 fratrum

354 1334 644 1397 augmento
670 1324 1027 1395 gratulentur.

427 1444 571 1515 [νει.
608 1440 683 1495 γι
692 1438 766 1511 1.]
791 1439 877 1492 12.
908 1437 1070 1491 Aliter
1103 1433 1245 1489 Deus
1276 1432 1345 1486 ad
1374 1432 1657 1497 diaconum,
1690 1429 1849 1482 et‘ille
1878 1427 1947 1481 ad

357 1536 542 1591 Deum.
586 1534 757 1589 Aliter
785 1532 929 1587 Deus
955 1530 1193 1599 loquitur
1220 1527 1287 1581 ad
1315 1525 1617 1589 diabolum,
1649 1522 1806 1577 aliter
1832 1522 1948 1576 dia-

358 1628 511 1685 bolus
533 1628 601 1681 ad
625 1627 814 1681 Deum.
844 1623 1016 1694 Loqui
1041 1622 1184 1677 enim
1211 1619 1306 1674 Dei
1326 1626 1409 1675 est
1428 1618 1494 1673 ad
1515 1616 1808 1681 diabolum,
1832 1614 1948 1668 vias

358 1720 473 1790 ejus
502 1735 567 1774 ac
595 1718 813 1787 negotia
844 1712 1315 1770 animadversione
1344 1710 1568 1765 occulta:
1596 1705 1950 1764 districtionis

360 1812 658 1884 increpare,
688 1812 827 1866 sicut
853 1809 941 1865 hic
967 1809 1166 1863 dicitur
1190 1825 1202 1860 :
1240 1804 1387 1861 Unde
1407 1806 1587 1859 venis?
1616 1800 1824 1856 Diaboli
1855 1815 1951 1854 au-

361 1914 465 1960 tem
507 1882 556 1960 ei
586 1902 947 1973 respondere,
999 1907 1081 1954 est
1122 1896 1484 1968 omnipotenti
1519 1892 1793 1962 majestati
1834 1891 1950 1972 ejus
1982 1882 2030 1942 B

360 1996 486 2051 nihil
513 2010 671 2066 posse
698 1994 894 2049 celare.
934 1990 1083 2046 Unde
1111 1990 1201 2045 hic
1229 1989 1335 2057 ait,
1387 1986 1609 2042 Circuivi
1638 1993 1830 2038 terram
1854 2024 1867 2048 ,
1900 1990 1951 2035 et

361 2088 710 2145 oerambulavi
756 2103 893 2140 eam.
926 2083 1093 2150 Quasi
1139 2082 1282 2138 enim
1312 2080 1495 2135 dicere
1532 2078 1648 2147 ejus
1697 2084 1780 2131 est
1821 2075 1952 2144 quid

361 2181 557 2250 egerit,
590 2179 729 2233 scire
768 2175 915 2246 quod
943 2183 1098 2231 actus
1137 2190 1266 2231 suos
1296 2172 1439 2227 illius
1480 2170 1651 2227 oculis
1676 2168 1951 2225 occultare

363 2289 471 2328 non
502 2273 689 2342 possit.
731 2267 1026 2324 Sciendum
1054 2282 1185 2323 vero
1214 2275 1327 2335 est,
1372 2265 1497 2335 quia
1530 2265 1667 2319 sicut
1694 2263 1799 2317 hoc
1829 2261 1951 2315 loco

363 2366 643 2432 discimus,
675 2371 906 2433 quatuor
929 2360 1104 2415 modis
1127 2360 1365 2429 loquitur
1384 2357 1526 2412 Deus
1554 2356 1621 2410 ad
1644 2353 1949 2417 diabolum;

365 2457 534 2511 tribus
587 2453 762 2508 modis
810 2452 1060 2507 diabolus
1115 2449 1182 2505 ad
1239 2450 1427 2504 Deum.
1484 2448 1725 2508 Quatuor
1779 2442 1953 2498 modis

367 2548 597 2618 loquitur
628 2546 768 2600 Deus
791 2543 860 2598 ad
886 2542 1189 2605 diabolum;
1224 2540 1345 2611 quia
1378 2547 1432 2594 et
1454 2538 1681 2607 injustas
1700 2536 1816 2590 vias
1838 2534 1954 2603 ejus

366 2639 566 2709 arguit,
613 2645 668 2693 et
707 2636 1002 2691 electorum
1033 2648 1256 2688 suorum
1284 2640 1473 2687 contra
1514 2629 1664 2683 illum
1689 2627 1953 2698 justitiam

368 2730 637 2802 proponit,
668 2737 721 2784 et
743 2727 1055 2783 tentandam
1078 2740 1267 2781 eorum
1293 2722 1657 2778 innocentiam
1683 2719 1733 2774 ei
1761 2731 1956 2773 conce-

369 2822 541 2878 dendo
564 2820 849 2893 permittit,
874 2827 928 2874 et
946 2816 1235 2887 aliquando
1257 2831 1401 2876 eum,
1428 2829 1495 2868 ne
1510 2822 1719 2867 tentare
1739 2808 1955 2896 audeat,

369 2914 635 2987 prohibet.
667 2912 896 2982 lnjustas
923 2910 1066 2966 enim
1088 2909 1203 2964 vias
1226 2909 1343 2976 ejus
1371 2904 1661 2973 redarguit,
1689 2902 1826 2958 sicut
1844 2900 1957 2970 jam

371 3006 568 3061 dictum
597 3013 678 3060 est
710 3023 722 3058 :
769 3003 927 3058 Unde
954 3002 1130 3057 venis?
1169 3000 1482 3055 Electorum
1522 3012 1743 3052 suorum
1768 3003 1957 3050 contra

372 3097 516 3153 illum
536 3097 800 3163 justitiam
829 3095 1106 3163 proponit.
1136 3094 1276 3148 sicut
1298 3092 1370 3146 ait
1399 3090 1457 3145 εδ
1475 3087 1827 3145 Considerasti
1850 3102 1959 3141 ser-

372 3214 486 3253 vum
518 3214 684 3251 meum
710 3196 830 3263 Job,
861 3196 1000 3268 quod
1024 3211 1128 3249 non
1156 3197 1224 3248 sit
1253 3195 1300 3247 ei
1329 3194 1513 3247 similis
1544 3208 1697 3263 super
1723 3191 1962 3245 terram?

373 3287 709 3344 Tentandam
721 3302 910 3342 eorum
932 3285 1297 3340 innocentiam
1313 3282 1660 3339 concedendo
1682 3279 1965 3352 permittit,
1994 3270 2041 3332 C

373 3385 510 3439 sicut
552 3382 683 3438 dicit
727 3399 740 3434 :
792 3380 927 3435 Ecce
966 3381 1206 3433 universa
1251 3393 1365 3449 qua:
1410 3376 1563 3431 habet
1602 3377 1657 3429 in
1698 3390 1856 3428 manu
1882 3382 1971 3427 tua

373 3486 511 3533 sunt.
543 3476 882 3544 Rursumque
908 3488 1034 3529 eum
1058 3488 1089 3527 a
1118 3472 1420 3527 tentatione
1444 3468 1713 3540 prohibet,
1747 3484 1869 3524 cum
1890 3465 1973 3521 di-

375 3569 450 3625 cit
474 3587 486 3622 :
516 3568 737 3622 Tantum
766 3568 820 3621 in
846 3582 963 3621 eum
984 3582 1049 3619 ne
1078 3564 1328 3620 extendas
1350 3578 1563 3617 manum
1591 3571 1751 3614 tuam.
1778 3558 1972 3613 Tribus

376 3670 554 3717 autem
579 3661 753 3716 modis
770 3659 1008 3728 loquitur
1029 3657 1276 3712 diabolus
1294 3654 1363 3709 ad
1388 3655 1577 3715 Deum,
1612 3667 1735 3707 cum
1752 3651 1840 3706 vel
1856 3650 1972 3705 vias

376 3770 502 3811 suas
529 3754 795 3819 insinuat,
827 3752 914 3805 vel
944 3751 1242 3806 electorum
1287 3748 1655 3803 innocentiam
1688 3745 1825 3799 lictis
1861 3744 1972 3799 cri-

377 3848 612 3902 minibus
634 3851 876 3908 accusat,
894 3842 978 3896 vel
1001 3841 1313 3896 tentandam
1338 3838 1583 3894 eamdem
1605 3834 1974 3890 innocentiam

381 3938 636 4010 postulat.
670 3935 797 3990 Vias
821 3934 1022 4003 quippe
1050 3946 1176 3986 suas
1208 3930 1466 3997 insinuat,
1498 3929 1589 3998 qui
1612 3928 1688 3982 ait
1713 3945 1725 3980 :
1755 3925 1977 3979 Circuivi

383 4038 575 4084 terram
594 4068 609 4095 ,
649 4036 699 4081 et
727 4023 1077 4090 perambulavi
1107 4039 1240 4076 eam.
1270 4020 1579 4074 Electorum
1608 4016 1977 4073 innocentiam

383 4129 624 4187 accusat,
652 4121 743 4190 qui
765 4119 897 4173 dicit
922 4135 934 4171 :
965 4116 1143 4187 (Vers.
1171 4114 1224 4182 9,
1260 4114 1349 4180 10)
1383 4112 1635 4185 Nunquid
1660 4114 1858 4175 [rustra
1878 4110 1978 4165 Job

386 4218 527 4270 timet
558 4214 760 4267 Deum?
817 4210 1011 4266 Nonne
1036 4221 1086 4263 tu
1109 4209 1319 4265 vallasti
1348 4225 1482 4272 eum,
1515 4224 1576 4260 ac
1605 4216 1814 4261 domum
1844 4205 1979 4275 ejus,

385 4308 774 4376 universumque
794 4304 1167 4357 substantiamc
1199 4317 1292 4372 per
1314 4300 1624 4354 circuitum?
1645 4296 1982 4352 Tentandam

388 4396 631 4451 eamdem
670 4394 1035 4449 innocentiam
1068 4392 1336 4463 postulat,
1368 4405 1491 4446 cum
1519 4389 1650 4444 dicit
1683 4407 1694 4441 :
1740 4386 1978 4443 Extende

388 4506 596 4544 manum
627 4496 796 4551 tuam,
841 4495 890 4541 et
930 4495 1082 4558 tange
1112 4495 1297 4540 cuncta
1337 4500 1449 4555 qua:
1485 4483 1742 4553 possidet,
1783 4483 1887 4536 nisi
1928 4483 1981 4536 in

391 4582 577 4653 faciem
605 4580 922 4634 benedixerit
946 4577 1055 4632 tibi.
1082 4575 1188 4631 Sed
1216 4576 1396 4631 dicere
1427 4575 1521 4629 Dei
1551 4583 1633 4630 est
1664 4615 1680 4640 ,
1717 4573 1866 4628 Unde
1889 4589 1976 4627 ve-

392 4678 512 4730 nis?
539 4676 677 4730 sicut
704 4682 758 4729 et
786 4689 945 4743 supra
977 4672 1387 4743 insinuavimus,
1427 4669 1479 4723 vi
1508 4685 1618 4725 suae
1642 4668 1861 4737 justiti-se
1892 4667 1982 4722 iti-

395 4782 525 4822 nera
554 4766 769 4820 malitiac
795 4765 912 4833 ejus
940 4762 1242 4832 inerepare.
1286 4760 1478 4814 Dicere
1507 4759 1604 4813 Dei
1637 4768 1721 4813 est
1743 4796 1758 4821 ,
1795 4746 1982 4812 Consi-

394 4860 587 4914 derasti
628 4874 826 4913 servum
873 4872 1039 4909 meum
1080 4854 1207 4920 Job,
1251 4854 1385 4926 quod
1415 4870 1517 4907 non
1547 4854 1613 4906 sit
1643 4854 1690 4906 ei
1727 4850 1751 4888 ά
1801 4852 1985 4906 similis

392 4968 545 5022 super
576 4952 805 5006 terram?
847 4948 981 5003 tales
1010 4947 1212 5001 electos
1240 4962 1368 5001 suos
1393 4943 1740 5013 justiﬁcando
1772 4944 1950 4999 facere
1969 4985 1984 5010 ,

395 5044 645 5113 qualibus
682 5041 932 5096 nimirum
972 5045 1216 5110 apostata
1255 5037 1476 5107 angelus
1504 5037 1676 5107 possit
1722 5037 1982 5092 invidere.

395 5134 586 5190 Dicere
608 5134 702 5188 Dei
733 5140 837 5195 est,
863 5131 998 5186 Ecce
1026 5131 1266 5185 universa
1306 5146 1419 5199 qua:
1449 5128 1600 5184 habet
1628 5132 1684 5183 in
1712 5146 1870 5184 manu
1901 5138 1988 5183 tua

398 5236 549 5292 sunt,
592 5224 702 5297 Μ.
738 5225 806 5280 ad
834 5224 1212 5295 probationem
1240 5221 1475 5276 lidelium
1499 5264 1514 5289 ,
1557 5236 1747 5278 contra
1777 5238 1872 5277 eos
1902 5238 1994 5278 oc-

398 5321 546 5376 culta
568 5320 621 5375 vi
650 5320 923 5375 incursum
950 5319 1100 5373 illum
1121 5333 1232 5373 sua)
1258 5316 1477 5373 malitize
1501 5317 1767 5373 relaxare.
1801 5318 1996 5374 Dicere

400 5414 499 5471 Dei
525 5423 636 5481 est,
681 5415 904 5470 Tantum
933 5417 989 5468 in
1018 5430 1133 5468 eum
1163 5428 1229 5468 ne
1256 5412 1508 5467 extendas
1558 5429 1772 5467 manum
1817 5422 1957 5468 tuam
1977 5453 1994 5481 ,

476 5562 502 5591 η
524 5549 765 5619 Ebroic.,
787 5550 1017 5607 Vindoc.
1050 5558 1105 5606 et
1129 5549 1393 5616 nonnulli,
1427 5549 1800 5606 consolationis
1825 5552 1995 5622 inspi-

398 5640 541 5682 rare.

475 5696 502 5735 δ
533 5696 591 5751 In
639 5695 882 5758 Excusis,
940 5694 1172 5765 nunquid
1224 5694 1583 5748 considerasti.
1637 5691 1690 5747 In
1743 5694 1994 5765 oniuibus

406 5783 543 5851 quos
564 5766 935 5851 consumimus
959 5764 1225 5846 Mss._non
1256 5766 1450 5835 legitur
1479 5766 1730 5839 nunquid.
1761 5764 1994 5838 Ideoque

404 5835 497 5895 llic
524 5848 578 5893 et
598 5839 853 5906 deinceps
878 5835 1252 5906 cupiinxiinus.

480 5921 508 6008 ,ο
540 5910 597 5966 In
649 5904 835 5977 Gilotl,
877 5904 1078 5979 Vatic.,
1104 5904 1418 6011 ‘Cussanvu
1468 5908 1809 5967 substantiam
1857 5928 1991 5984 ejus.

2043 566 2309 622 mittendo
2339 565 2685 634 restringere.
2719 562 2910 617 Dicere
2939 568 3118 614 autem
3150 555 3351 612 diaboli
3379 562 3482 621 est,
3513 552 3634 609 Cir-

2044 658 2176 712 cuivi
2216 665 2427 719 terram,
2486 664 2536 709 et
2573 652 2921 724 perambulavi
2957 666 3093 713 eam,
3134 646 3485 716 sagacitatem
3523 657 3637 699 suae

2045 752 2265 807 malitue
2291 748 2646 804 invisibilibus
2669 747 2786 815 ejus
2817 744 2987 800 oculis
3017 740 3291 798 occultare
3314 753 3424 793 non
3453 750 3636 806 posse.

2045 844 2236 899 Dicere
2263 839 2464 898 diaboli
2490 846 2593 902 est,
2627 835 2879 906 Nunquid
2911 836 3107 905 [rustra
3127 829 3225 885 Job
3257 829 3401 883 timet
3424 824 3640 880 Deum?

2045 944 2239 992 contra
2286 933 2461 988 bonos
2516 930 2657 984 intra
2709 925 3094 993 cogitationum
3140 935 3360 977 suarum
3416 915 3641 972 latibula

2049 1023 2339 1094 conqueri;
2373 1033 2669 1088 eorumque
2698 1014 3046 1086 provectibus
3070 1011 3331 1076 invidere,
3361 1016 3525 1077 atque
3556 1006 3641 1062 in-

2047 1117 2279 1174 videndo
2295 1111 2692 1185 reprobationis
2705 1110 2871 1165 rimas
2896 1105 3202 1175 exquirere.
3228 1105 3419 1159 Dicere
3439 1099 3641 1157 diaboli

2049 1220 2159 1279 est,
2192 1209 2432 1265 Extende
2459 1206 2723 1275 paululum
2753 1218 2964 1257 manum
2995 1211 3166 1266 tuam,
3196 1206 3245 1252 et
3273 1206 3428 1266 tange
3455 1200 3643 1249 cuncta

2048 1321 2165 1377 qua:
2193 1302 2419 1371 possidet
2462 1299 2640 1371 (Vers.
2674 1296 2762 1368 ll)
2789 1337 2804 1360 ,
2853 1294 2921 1349 ad
2967 1291 3312 1347 afﬂictionem
3350 1289 3642 1353 bonorum,

2050 1394 2267 1448 malitiae
2305 1392 2526 1447 mstibus
2566 1388 2842 1444 anhelare.
2891 1384 3010 1451 Quo
3051 1383 3194 1437 enim
3226 1396 3413 1435 eorum
3462 1386 3646 1434 tenta-

2052 1483 2254 1537 tionem
2276 1481 2520 1536 invidens
2534 1478 2757 1550 appetit,
2782 1492 2848 1531 eo
2862 1475 3075 1530 illorum
3090 1470 3245 1543 quasi
3267 1469 3647 1541 probationem

2051 1574 2348 1644 deprecans
2374 1573 2530 1643 petit.
2575 1570 2709 1637 Quia
2758 1568 2921 1637 igitur
2948 1566 3283 1620 internarum
3313 1560 3650 1616 locutionum

2052 1666 2244 1722 modos
2270 1665 2542 1721 succincte
2562 1663 2828 1728 diximus,
2876 1658 2946 1713 ad
2977 1657 3342 1713 intermissum
3370 1652 3651 1725 paululum

2056 1757 2412 1829 expositionis
2442 1755 2684 1810 ordinem
2715 1758 3055 1807 revertamur

2327 1846 2555 1904 CAPUT
2594 1846 2706 1901 Vill
2733 1844 2878 1919 [Vet.
2921 1841 3089 1909 VIII,
3117 1841 3243 1896 Rea.
3279 1838 3369 1911 V].

2127 1941 2293 1995 Vens.
2338 1939 2392 1994 8.
2433 1973 2505 1983 —
2540 1936 2897 1992 Considerasti
2935 1951 3137 1989 servum
3166 1949 3337 1988 meum
3363 1931 3486 1999 Job,
3517 1928 3652 2002 quod

2054 2050 2160 2088 non
2188 2034 2256 2087 sit
2283 2032 2470 2087 similis
2502 2031 2548 2084 ei
2580 2046 2732 2099 super
2763 2037 2989 2092 terram,
3018 2027 3095 2080 vir
3124 2025 3343 2091 simplex
3373 2031 3423 2077 et
3449 2030 3650 2085 rectus,

2056 2144 2117 2181 ac
2149 2128 2332 2181 timens
2360 2123 2545 2189 Deum,
2579 2131 2628 2177 et
2657 2126 2900 2176 recedens
2930 2136 2961 2172 a
2991 2119 3170 2173 malo?

2126 2219 2213 2273 1⁵5.
2257 2216 2355 2271 Dei
2394 2214 2688 2286 diabolique
2722 2229 2925 2284 pugna,
2976 2210 3121 2280 cujus
3159 2209 3377 2263 materia
3402 2204 3500 2262 Job
3532 2205 3651 2277 fuit.

2054 2342 2127 2352 --
2155 2307 2485 2363 Prmcedenti
2512 2306 2623 2375 jam
2655 2319 2904 2359 sermone
2936 2309 3225 2357 tractatum
3251 2309 3353 2366 est,
3385 2298 3510 2368 quia
3540 2296 3656 2351 dia-

2054 2402 2213 2459 bolus
2253 2417 2362 2456 non
2404 2408 2596 2455 contra
2634 2396 2765 2463 Job,
2819 2395 2913 2451 sed
2943 2402 3132 2451 contra
3177 2392 3346 2447 Deum
3379 2399 3656 2446 certamen

2064 2496 2379 2566 proposuit;
2424 2492 2649 2547 materia
2697 2506 2827 2545 vero
2870 2488 3178 2544 certaminis
3217 2487 3407 2541 beatus
3452 2482 3555 2539 Job
3602 2484 3657 2537 in

2064 2587 2244 2642 medio
2269 2586 2386 2640 fuit.
2410 2584 2480 2638 Et
2503 2585 2547 2638 si
2574 2584 2625 2637 in
2643 2580 2983 2637 sermonibus
3011 2580 3121 2633 suis
3140 2575 3366 2632 dicimus
3392 2574 3490 2629 Job
3519 2574 3657 2627 inter

2059 2676 2270 2745 ﬂagella
2298 2674 2620 2743 deliquisse,
2653 2670 2798 2740 quod
2827 2671 3030 2724 sentire
3055 2667 3208 2724 nefas
3236 2656 3548 2727 est,‘Deum
3580 2661 3658 2717 di-

2058 2770 2229 2825 cimus
2258 2768 2309 2820 in
2340 2782 2436 2820 sua
2458 2762 2831 2835 prepositione
2864 2770 2887 2798 ο
2917 2758 3232 2830 perdidisse.
3284 2755 3419 2810 Nam
3444 2768 3574 2809 ecce
3603 2759 3661 2807 et

2062 2862 2117 2916 in
2148 2860 2257 2914 hoc
2287 2859 2410 2913 loco
2444 2854 2761 2911 intuendum
2793 2861 2879 2907 est
2901 2892 2917 2918 ,
2947 2851 3073 2920 quia
3103 2865 3211 2905 non
3242 2847 3389 2918 prius
3419 2843 3663 2899 diabolus

2061 2951 2289 3006 beatum
2318 2946 2433 3015 [Job
2456 2960 2487 2999 a
2530 2944 2759 2999 Domino
2789 2941 2973 3013 petiit,
3027 2941 3121 2995 sed
3151 2954 3273 2994 eum
3320 2934 3578 2991 Dominus
3608 2931 3665 2991 in

2063 3040 2269 3096 diaboli
2311 3038 2626 3108 despectum
2655 3033 2917 3089 laudavit.
2967 3031 3037 3085 Et
3077 3031 3181 3086 nisi
3220 3032 3275 3084 in
3320 3043 3415 3085 sua
3457 3023 3666 3097 justitia

2063 3146 2479 3204 permansurum
2502 3135 2709 3194 nosset,
2734 3142 2842 3181 non
2865 3125 3051 3194 utique
3070 3139 3171 3194 pro
3195 3121 3288 3176 illo
3315 3122 3666 3190 proponeret.

2070 3222 2183 3278 Nec
2211 3221 2513 3292 periturum
2537 3219 2592 3274 in
2621 3217 2923 3273 tentatione
2944 3212 3287 3277 concederet,
3317 3210 3384 3265 de
3405 3223 3514 3280 quo
3542 3214 3669 3261 ante

2076 3315 2466 3379 tentationeni,
2513 3327 2582 3367 ex
2621 3310 2719 3365 Dei
2762 3308 3042 3372 laudibus,
3074 3306 3127 3360 in
3158 3302 3445 3361 tentatoris
3484 3308 3670 3358 mente

2076 3407 2292 3463 invidiae
2319 3406 2532 3461 fuerant
2560 3401 2708 3459 faces
2733 3401 2999 3457 excitatae.
3428 3404 3431 3409 '

2148 3497 2236 3552 M.
2281 3497 2451 3563 Quam
2478 3505 2647 3552 astute
2685 3500 2881 3566 quwrat
2905 3490 3139 3546 diabolus
3162 3489 3297 3544 unde
3320 3505 3414 3544 nos
3443 3493 3673 3543 accuset.

2075 3625 2148 3638 ——
2170 3591 2277 3647 Sed
2310 3592 2563 3660 antiquus
2593 3588 2937 3643 adversarius
2965 3601 3087 3642 cum
3116 3597 3235 3655 quae
3263 3590 3480 3639 accuset
3508 3581 3674 3650 mala,

2080 3702 2188 3741 non
2218 3683 2453 3749 invenit,
2504 3684 2621 3751 ipsa
2649 3681 2715 3735 ad
2744 3681 2947 3735 malum
2979 3678 3251 3733 inllectere
3290 3676 3432 3730 bona
3459 3673 3676 3745 qtuerit.

2078 3774 2324 3843 Cumque
2353 3774 2421 3828 de
2450 3772 2704 3843 operibus
2734 3771 2982 3835 vincitur,
3024 3770 3092 3823 ad
3121 3766 3484 3824 accusandum
3510 3766 3677 3822 verba

2080 3873 2267 3921 nostra
2289 3871 2682 3935 perscrutatur.
2711 3861 2844 3916 Cum
2868 3876 2972 3916 nec
2998 3862 3052 3915 in
3076 3860 3255 3915 verbis
3277 3858 3679 3914 accusationem

2080 3954 2316 4024 reperit,
2364 3954 2719 4009 intentionem
2752 3952 2932 4006 cor.!is
2976 3950 3188 4006 fuscare
3216 3947 3522 4015 contendit;
3557 3958 3680 4004 tan-

2080 4063 2243 4118 quam
2287 4047 2430 4102 bona
2476 4046 2617 4101 facta
2666 4047 2810 4101 bono
2839 4044 3020 4099 animo
3051 4059 3161 4098 non
3190 4042 3341 4109 ﬁant,
3390 4050 3449 4096 et
3477 4041 3681 4098 idcirco

2082 4140 2344 4213 perpendi
2394 4156 2424 4194 a
2469 4138 2652 4209 judice
2700 4138 2841 4193 bona
2892 4153 3001 4191 non
3050 4135 3303 4191 debeant.
3352 4133 3490 4200 Quia
3538 4133 3682 4188 enim

2085 4234 2291 4289 fructus
2313 4233 2523 4288 arboris
2543 4247 2663 4287 esse
2688 4240 2741 4287 et
2770 4232 2823 4285 in
2847 4238 2979 4285 aestu
2999 4228 3197 4284 virides
3219 4226 3505 4297 conspicit,
3528 4226 3682 4296 quasi

2082 4340 2325 4381 vermem
2356 4338 2560 4394 ponere
2586 4322 2656 4378 ad
2684 4321 2921 4378 radicem
2950 4323 3156 4391 quterit.
3199 4321 3332 4376 Nam
3362 4320 3493 4376 dicit
3522 4338 3534 4373 :

2694 4414 2922 4472 CAPUT
2984 4415 3073 4471 IX.

2156 4510 2321 4567 Vens.
2366 4508 2419 4578 9,
2464 4509 2550 4564 lO.
2578 4540 2650 4553 ——
2674 4506 2928 4580 Nunquid
2959 4509 3155 4580 {rustra
3180 4504 3282 4560 Job
3311 4506 3453 4558 timet
3483 4500 3687 4556 Deum?

2089 4601 2281 4658 Nonne
2311 4614 2365 4656 tu
2404 4602 2614 4657 vallasti
2645 4618 2757 4655 eum
2788 4617 2849 4653 ac
2881 4600 3088 4653 domum
3130 4598 3263 4669 ejus,
3296 4596 3687 4666 universumque

2085 4696 2428 4751 substantiam
2461 4710 2549 4759 per
2574 4691 2885 4747 circuitum?
2914 4688 3167 4760 Oper-ibus
3193 4702 3438 4741 manuum
3459 4685 3572 4756 ejus
3603 4684 3689 4741 be-

2090 4787 2359 4849 nedixisti,
2394 4794 2441 4839 et
2463 4786 2718 4855 possessio
2740 4784 2879 4837 illius
2900 4783 3055 4835 crevit
3082 4782 3135 4834 in
3167 4790 3326 4835 terra.

2079 4920 2085 4931 .
2164 4875 2251 4930 15.
2301 4876 2385 4929 Ea
2426 4876 2702 4944 prosperis.
2728 4882 2777 4927 et
2814 4889 2879 4927 ex
2919 4873 3149 4927 adversis
3189 4881 3372 4926 tentat.
3412 4904 3485 4916 —
3528 4874 3606 4927 Ac
3645 4873 3691 4929 si

2093 4976 2280 5036 aperte
2310 4966 2453 5020 dicat
2486 4984 2497 5018 :
2530 4964 2631 5030 Qui
2661 4973 2738 5017 tot
2766 4963 2909 5018 bona
2936 4962 2987 5016 in
3015 4971 3157 5017 terra
3182 4963 3411 5033 recepit,
3442 4963 3569 5034 quid
3590 4964 3693 5017 mi-

2093 5074 2213 5111 rum
2234 5063 2337 5124 est,
2361 5056 2404 5110 si
2426 5071 2526 5125 pro
2549 5055 2627 5109 eis
2654 5070 2713 5109 se
2737 5055 3055 5110 innocenter
3076 5056 3247 5126 gerit?
3276 5054 3543 5111 lnnoccns
3566 5070 3695 5111 vere

2097 5154 2263 5212 esset,
2297 5146 2341 5201 si
2373 5145 2545 5202 bonus
2576 5146 2713 5200 inter
2742 5146 2967 5201 adversa
2997 5147 3331 5217 persisterct.
3374 5144 3483 5201 Cur
3510 5155 3692 5202 autem

2100 5252 2327 5308 magnus
2355 5235 2570 5303 dicitur,
2601 5252 2761 5307 quem
2793 5234 3099 5295 merces‘sui
3123 5239 3542 5309 uniuscujusque
3572 5256 3698 5311 ope-

2102 5327 2175 5382 ris
2226 5333 2374 5379 tanta
2422 5341 2603 5380 rerum
2651 5328 3049 5399 multiplicitate
3094 5331 3420 5386 comitatur?
3474 5330 3697 5387 Astutus

2102 5423 2302 5494 quippe
2331 5422 2690 5493 adversarius,
2732 5440 2855 5480 cuni
2893 5431 3138 5481 sanctum
3166 5424 3339 5479 virum
3368 5423 3510 5479 inter
3537 5440 3695 5495 pros-

2097 5559 2387 5687 ‘lielduénllat
2440 5562 2580 5631 ejus,
2638 5577 2742 5618 nec
2793 5561 2987 5632 legitur
3040 5562 3095 5617 in
3157 5559 3286 5617 Mss.
3344 5562 3545 5617 nostris
3601 5572 3695 5618 aut

2196 5674 2207 5685 .
2261 5648 2339 5685 ‘l.

2196 5674 2207 5685 .
2245 5648 2339 5685 bll.

2171 5702 2195 5740 ιι
2228 5702 2456 5783 Quidam
2484 5701 2635 5783 Ms_s._,
2660 5705 2850 5783 similis
2879 5704 3115 5783 in_terra_.

2174 5785 2197 5812 θ
2228 5773 2367 5828 Editi
2399 5774 2486 5829 hic
2513 5774 2737 5842 addunt,
2771 5776 3055 5840 victoriam,
3091 5774 3270 5830 invitis
3309 5774 3438 5830 Mss.
3472 5790 3537 5831 ac
3563 5775 3687 5831 Gre-

2096 5862 2317 5917 goriuna
2365 5845 2566 5917 ριν-τιεί.
2617 5844 2672 5898 ln
2724 5846 2952 5916 prvellit”
3003 5863 3056 5899 η.
3088 5845 3177 5917 _8,7
3206 5846 3433 5916 legimus
3464 5864 3478 5901 :
3510 5865 3685 5917 provo-

2096 5865 2317 5917 gonuna
2365 5865 2566 5915 pnrasn.
2617 5865 2672 5898 Ill
2724 5865 2952 5916 plu-ian,
3003 5865 3056 5899 η.
3096 5865 3162 5911 δ,
3206 5865 3433 5916 reglmus
3464 5865 3478 5901 :
3549 5867 3554 5900 λ

2093 5927 2288 5978 suerat,
2312 5916 2598 5974 verdidisse
2618 5916 2977 5989 reprehendit.
3003 5915 3137 5976 Vide
3165 5916 3203 5977 ι.
3232 5934 3385 5987 nm.
3414 5934 3470 5976 n.
3501 5865 3554 5979 ἴ.
