4130 6474
551 375 658 432 863

1763 389 2010 450 SANCTI
2048 389 2377 452 GREGORII
2420 389 2636 451 MAGNI

3734 397 3844 455 564

547 511 678 568 pera
703 497 842 554 bene
869 499 1041 568 egisse
1070 500 1394 568 considerat,
1424 503 1718 573 reprobare
1739 509 1881 580 apud
1900 508 2139 579 judicem
2166 514 2216 575 Α
2237 521 2401 582 ﬁniti.
2430 542 2496 556 —
2529 509 2819 567 Sciendum
2865 508 3115 567 vero'est
3161 509 3287 582 quia
3331 510 3544 569 Satanae
3589 514 3849 576 voluntas

547 605 645 660 per
673 589 897 647 adversa
927 591 1163 647 festinat.
1213 591 1363 651 Unde
1388 604 1538 652 recte
1568 597 1622 653 in
1652 599 1975 674 Apocalypsi
2006 617 2140 659 voce

544 683 790 752 angelica
821 683 1016 740 dicitur
1041 704 1052 739 :
1084 685 1358 757 Projcctus
1386 700 1463 744 est
1486 702 1757 747 accusator
1781 695 2000 766 fratrum
2026 711 2142 750 nos-

544 784 761 842 trorum,
794 777 882 849 qui
911 777 1189 833 accusabat
1215 781 1333 836 illos
1361 793 1483 837 ante
1505 795 1832 856 conspectum
1857 787 1954 842 Dei
1976 789 2140 844 nostri

540 865 628 922 die
649 866 879 924 ac'nocte
903 870 1083 940 (Apoc.
1116 887 1210 936 xu,
1245 873 1354 943 10).
1389 875 1534 947 [νει.
1573 876 1653 931 IX
1661 876 1700 950 .]
1731 878 2008 951 Scriptura
2037 897 2136 936 au-

538 966 652 1014 tem
697 974 852 1017 sacra
876 976 1017 1031 saepe
1043 962 1185 1018 diem
1213 981 1311 1034 pro
1352 969 1649 1038 prosperis,
1696 978 1912 1026 noctem
1955 981 2136 1028 autem

536 1069 639 1125 pro
670 1053 910 1110 adversis
940 1072 1144 1125 ponere
1182 1061 1479 1115 consuevit.
1521 1060 1704 1122 ln..dic
1733 1079 1862 1130 ergo
1893 1077 1947 1121 et
1976 1076 2136 1122 nocte

535 1159 795 1200 accusare
842 1162 950 1201 non
996 1149 1194 1204 desinit
1218 1193 1231 1216 ,
1282 1152 1407 1220 quia
1433 1153 1597 1208 modo
1627 1170 1726 1210 nos
1757 1159 1808 1210 in
1838 1159 2130 1228 prosperis,

533 1239 697 1293 modo
725 1239 778 1294 in
809 1239 1051 1297 adversis
1080 1245 1414 1301 accusabilcs
1439 1247 1724 1304 ostendere
1751 1252 2047 1306 contendit.
2076 1251 2134 1307 ln

533 1331 621 1387 die
653 1343 892 1400 accusat,
921 1352 1040 1392 cum
1069 1341 1345 1409 prosperis
1372 1342 1515 1398 male
1548 1360 1646 1400 nos
1677 1344 1754 1399 uti
1785 1345 2040 1400 insinuat.
2075 1345 2132 1402 In

532 1435 691 1479 nocte
720 1437 967 1496 accusat,
1013 1447 1132 1486 cum
1176 1433 1228 1488 in
1261 1435 1497 1491 adversis
1526 1436 1632 1508 45
1665 1454 1765 1492 nos
1796 1455 1900 1494 non
1931 1440 2134 1495 hahcrc

533 1522 853 1590 patientiam
881 1525 1240 1583 demonstrat.
1284 1529 1510 1584 Beatum
1552 1547 1680 1601 ergo
1710 1531 1810 1587 Job
1841 1535 1964 1602 quia
1999 1550 2131 1590 nec-

530 1613 658 1668 dum
703 1615 913 1686 flagella
953 1621 1272 1689 attigerant,
1324 1624 1476 1692 quasi
1504 1626 1677 1680 adhuc
1708 1627 1849 1682 unde
1881 1628 1931 1680 in
1973 1636 2132 1684 nocte

528 1719 787 1763 accusare
827 1719 1032 1779 posset,
1066 1715 1288 1768 omnino
1320 1731 1424 1769 neu
1459 1717 1708 1772 habebat.
1752 1716 1886 1784 Quia
1917 1735 2044 1774 vero
2076 1720 2128 1774 in

527 1799 803 1870 prosperis
845 1817 1039 1872 magna
1075 1813 1098 1840 ⁸
1129 1807 1417 1862 sanctitate
1446 1808 1727 1876 viguerat,
1779 1826 1878 1880 pro
1925 1811 2130 1866 eisdem

2243 620 2459 676 semper
2498 606 2682 676 iniqua
2712 614 2821 670 est,
2855 606 2948 661 sed
2999 619 3270 676 nunquam
3303 615 3544 677 potestas
3586 609 3788 677 injusta
3826 627 3843 667 :

2241 702 2369 769 quia
2411 716 2440 754 a
2471 701 2767 758 semetipso
2806 701 3138 756 voluntatem
3177 700 3376 767 habet,
3409 703 3503 758 sed
3532 719 3564 758 a
3610 703 3846 763 Domino

2243 798 2589 862 potestatem.
2635 793 2789 859 Quod
2836 793 2980 848 enim
3014 793 3128 862 ipse
3171 794 3347 848 facere
3378 794 3558 863 inique
3601 799 3842 866 appetit,

2241 882 2348 938 hoc
2377 884 2516 939 Deus
2544 882 2658 939 fieri
2691 885 2903 942 nonnisi
2928 885 3074 954 juste
3095 886 3377 957 permittit.
3435 885 3586 942 Unde.
3615 889 3755 944 bene
3787 887 3844 945 in

2241 977 2393 1031 libris
2423 976 2624 1045 Regum
2643 978 2837 1033 dicitur
2863 997 2878 1031 ς
2915 979 3144 1050 Spiritus
3174 978 3383 1044 Domini
3415 982 3581 1036 matus
3610 982 3848 1038 irruebat

2242 1070 2296 1124 in
2329 1069 2461 1123 Saul
2489 1068 2542 1140 (1
2576 1069 2704 1142 Reg.
2739 1087 2885 1132 xvlu,
2921 1071 3026 1142 ltt).
3079 1069 3216 1126 Ecce
3241 1086 3378 1126 unus
3406 1071 3654 1141 idemque
3682 1074 3850 1144 spiri-

2244 1174 2350 1226 tus,
2385 1171 2439 1218 et
2481 1163 2690 1217 Domini
2723 1164 3044 1234 appellatur,
3071 1173 3127 1218 et
3156 1164 3328 1220 malus
3360 1181 3373 1218 :
3404 1164 3614 1220 Domini
3645 1167 3844 1222 videli-

2243 1261 2331 1307 cet
2361 1269 2456 1322 per
2482 1254 2752 1309 licentiam
2798 1257 3079 1324 potestatis
3102 1255 3289 1324 justte,
3333 1257 3506 1312 malus
3531 1266 3714 1312 autem
3744 1272 3847 1329 per

2244 1343 2565 1399 desiderium
2605 1347 2898 1401 voluntatis
2943 1348 3170 1417 injustte.
3220 1349 3517 1404 Formidari
3554 1364 3689 1420 ergo
3731 1367 3846 1408 non

2241 1436 2424 1502 debet,
2449 1439 2540 1506 qui
2560 1439 2690 1493 nihil
2713 1441 2813 1495 nisi
2846 1442 3136 1510 permissus
3155 1442 3318 1498 valet.
3343 1441 3469 1499 Sola
3493 1457 3622 1512 ergo
3649 1445 3727 1502 vis
3748 1446 3842 1501 illa

2244 1529 2480 1584 timenda
2511 1541 2612 1597 est,
2644 1549 2763 1600 qua:
2803 1549 2924 1588 cum
2957 1535 3168 1590 hostem
3197 1536 3390 1591 smvire
3419 1537 3746 1606 permiserit,
3789 1539 3845 1594 ei

2242 1620 2310 1674 ad
2340 1636 2493 1676 usum
2519 1623 2647 1689 justi
2665 1621 2877 1693 judicii,
2909 1634 2964 1680 et
2993 1625 3187 1695 injusta
3217 1627 3357 1681 illius
3379 1630 3627 1682 voluntas
3648 1630 3843 1684 servit.

2243 1713 2523 1772 Paululum
2554 1734 2686 1774 vero
2714 1735 2931 1774 manum
2963 1721 3201 1790 postulat
3228 1721 3481 1789 extendi;
3521 1721 3647 1790 quia
3679 1732 3841 1778 cxte-

2243 1809 2388 1863 riora
2417 1819 2546 1865 sunt
2580 1826 2699 1880 qua:
2751 1813 2957 1882 expetit
2985 1814 3214 1868 conteri.
3248 1812 3433 1884 Neque
3477 1813 3619 1868 enim
3668 1814 3839 1869 Satan

524 1894 798 1961 prosperis
822 1894 964 1951 bona
988 1897 1138 1953 illum
1164 1902 1336 1971 egisse
1360 1903 1649 1959 simulabat
1675 1923 1688 1959 :
1716 1916 1931 1962 versuta
1958 1924 2130 1963 asser-
2155 1901 2206 1960 B
2235 1899 2421 1956 facere
2449 1916 2510 1956 se
2547 1902 2747 1971 aliqnid
2777 1902 3000 1956 multum
3045 1912 3229 1972 putat,
3259 1903 3359 1958 nisi
3402 1919 3524 1958 cum
3555 1904 3609 1958 in
3655 1905 3838 1958 anima

525 1981 673 2038 tione
702 1987 970 2043 mentiens
1009 1991 1155 2061 quod
1199 2009 1304 2048 non
1332 1995 1398 2049 ad
1430 2011 1582 2050 usum
1625 1998 1834 2053 Domini
1875 2001 2125 2057 substan—

522 2073 652 2128 tiam
683 2077 1026 2145 possideret,
1073 2083 1164 2137 sed
1197 2084 1262 2137 ad
1308 2101 1460 2140 usum
1493 2087 1804 2143 substantia.-
1835 2088 2122 2146 Dominum

521 2165 743 2223 coleret.
778 2168 918 2226 Sunt
946 2173 1090 2228 enim
1121 2178 1364 2233 nonnulli
1389 2179 1478 2250 qui
1508 2189 1565 2234 ut
1585 2180 1832 2238 fruantur
1854 2185 1985 2250 Deo,
2014 2186 2124 2242 dis-

519 2261 832 2326 pensatorie
860 2271 1086 2319 utuntur
1108 2265 1214 2322 hoc
1247 2269 1466 2324 saeculo.
1502 2269 1570 2325 Et
1598 2281 1723 2328 sunt
1754 2276 1997 2331 nonnulli
2028 2278 2123 2346 qui

521 2357 580 2403 ut
623 2349 868 2408 fruantur
896 2355 1003 2412 hoc
1043 2359 1262 2425 saeculo,
1310 2362 1621 2418 transitorie
1663 2366 1738 2420 uti
1769 2367 1954 2421 volunt
1983 2366 2118 2424 Deo.

519 2440 653 2498 Cum
682 2445 846 2514 igitur
873 2447 1013 2504 bona
1043 2450 1208 2505 divini
1255 2455 1494 2510 muneris
1540 2468 1754 2522 narrat,
1797 2468 1950 2530 putat
1977 2463 2122 2531 quod

519 2535 660 2593 facta
690 2537 846 2595 fortis
865 2543 1100 2612 operarii
1129 2544 1360 2614 leviget;
1387 2556 1446 2601 ut
1467 2548 1619 2618 cujus
1642 2551 1805 2606 vitam
1825 2555 2121 2623 reprehen—

518 2627 648 2685 dere
668 2630 735 2687 de
757 2633 1013 2702 operibus
1035 2651 1141 2690 non
1164 2637 1329 2704 valet,
1359 2638 1476 2708 ejus
1503 2649 1739 2696 mentem
1769 2645 1920 2713 quasi
1944 2660 2007 2698 ex
2035 2662 2123 2700 co-

517 2720 870 2789 gitationibus
923 2732 947 2764 υ
995 2726 1238 2795 addicat;
1290 2732 1556 2787 mentiens
1609 2734 1751 2790 quod
1798 2753 1901 2790 non
1946 2738 2118 2792 amori

517 2813 751 2886 Domini,
786 2817 879 2872 sed
908 2821 1225 2890 temporalis
1254 2826 1630 2895 prosperitatis
1661 2829 1978 2897 appelitioni
2012 2848 2120 2886 ser-

514 2905 670 2959 vierit
699 2923 885 2973 omne,
916 2911 1061 2979 quod
1091 2911 1324 2968 innocue
1353 2917 1592 2972 exterius
1620 2917 1772 2972 vixit.
1805 2919 1960 2976 Vires
1989 2937 2117 2992 ergo

513 2994 654 3052 beati
677 2998 779 3055 Job
801 3004 1070 3069 nesciens,
1097 3006 1190 3062 sed
1216 3017 1397 3064 tamen
1421 3027 1859 3082 unumquemque
1876 3013 2116 3069 adversis

512 3089 729 3160 probari
770 3094 950 3150 verius
996 3097 1194 3166 sciens,
1245 3103 1558 3157 tentandum
1599 3105 1741 3158 hunc
1782 3107 2013 3176 expetit;
2057 3115 2115 3161 ut

511 3179 601 3247 qui
631 3197 728 3250 per
757 3184 898 3240 diem
929 3190 1307 3259 prosperitatis
1347 3191 1612 3249 inoffenso
1653 3210 1840 3263 gressu
1872 3196 2113 3254 incesse—

2235 1995 2480 2059 sauciat,
2511 2004 2570 2050 ut
2599 1996 2667 2050 ab
2698 1995 2788 2049 illa
2819 1996 2992 2066 patria
3025 1994 3224 2051 feriens
3252 2007 3496 2063 revocet,
3525 2012 3557 2050 a
3583 2012 3691 2066 qua
3720 1998 3840 2069 ipse

2234 2083 2414 2152 longe,
2446 2086 2552 2140 telo
2583 2101 2693 2141 sua:
2722 2088 2987 2158 superbiae
3017 2095 3320 2159 prostratus
3342 2086 3512 2157 jacet.

2306 2177 2394 2233 18.
2437 2176 2624 2233 Facies
2662 2178 2759 2234 Dei
2801 2190 3058 2250 respectus
3087 2183 3290 2252 gratiae.
3334 2179 3540 2236 —-Sed
3583 2180 3714 2252 quid
3752 2189 3838 2236 est

2231 2269 2379 2338 quod
2407 2270 2482 2325 ait
2508 2289 2520 2323 :
2558 2269 2682 2325 Nisi
2701 2273 2756 2325 in
2789 2274 2974 2344 facient
3000 2274 3319 2328 benedixerit
3341 2273 3473 2328 tibi?
3498 2273 3610 2330 Nos
3640 2289 3838 2346 nempe

2233 2364 2378 2431 quod
2410 2379 2655 2419 amamus
2693 2365 3038 2435 respicimus;
3071 2367 3216 2433 quod
3253 2383 3381 2423 vero
3411 2368 3650 2423 aversari
3678 2368 3836 2423 voln-

2233 2471 2374 2520 mus,
2409 2455 2477 2510 ab
2503 2471 2570 2510 eo
2600 2457 2793 2514 faciem
2828 2459 2936 2528 46
2966 2457 3318 2514 declinamus.
3351 2459 3488 2527 Quid
3523 2461 3709 2531 itaque
3738 2461 3834 2517 Dei

2232 2546 2420 2615 facies,
2445 2548 2544 2604 nisi
2574 2559 2851 2619 respectus
2874 2551 2989 2619 ejus
3012 2552 3198 2620 gratia:
3224 2563 3246 2590 ε
3273 2553 3543 2620 praebetur
3571 2554 3834 2622 intelligi?

2230 2641 2320 2694 Ait
2362 2657 2490 2710 ergo
2528 2660 2540 2696 :
2577 2642 3109 2715 Extende—paululum
3142 2663 3351 2700 manum
3382 2656 3551 2709 tuam,
3597 2655 3647 2700 et
3678 2659 3832 2717 tange

2227 2743 2416 2787 ctmrta
2436 2752 2552 2806 qua:
2577 2737 2825 2807 possidet,
2859 2738 2960 2791 nisi
2982 2738 3034 2792 in
3067 2739 3253 2809 faciem
3275 2737 3595 2795 benedixerit
3618 2740 3728 2794 tibi.
3755 2741 3833 2797 Ac

2225 2824 2271 2878 si
2305 2834 2492 2892 aperte
2521 2826 2699 2881 dicat:
2732 2829 2800 2880 Ea
2825 2844 2944 2897 qua:
2974 2830 3164 2885 dedisti
3189 2831 3486 2898 subtrahe;
3511 2849 3634 2887 nam
3667 2835 3711 2889 si
3735 2849 3830 2889 ac-

2225 2922 2382 2984 cepta
2409 2916 2719 2984 perdiderit,
2753 2930 3059 2989 respectum
3088 2930 3190 2976 tute
3211 2923 3418 2989 gratiae,
3447 2924 3641 2979 ablatis
3669 2926 3829 2982 rebus

2230 3009 2640 3079 temporalibus,
2673 3027 2780 3066 non
2807 3015 3065 3082 requiret.
3095 3013 3154 3069 Si
3181 3017 3322 3070 enim
3346 3031 3409 3070 ea
3438 3017 3492 3072 in
3519 3018 3715 3086 quibus
3734 3020 3827 3073 de-

2228 3097 2463 3154 lectatur
2493 3117 2601 3156 non
2629 3102 2899 3169 habuerit,
2933 3101 3173 3159 favorem
3204 3114 3353 3160 tuum
3401 3108 3564 3162 etiam
3599 3108 3825 3164 maledi-

2228 3192 2401 3246 cendo
2431 3204 2764 3250 contemnet.
2792 3196 2956 3265 Cujus
2983 3199 3243 3266 petitione
3264 3200 3454 3253 callida
3479 3216 3823 3272 nequaquam

512 3279 619 3339 rat,
647 3274 836 3330 saltem
869 3279 920 3331 in
949 3291 1107 3335 nocte
1137 3281 1478 3341 advel-sitatis
1510 3287 1859 3358 impingeret,
1903 3301 1957 3344 ei
1985 3302 2114 3348 ante
2145 3288 2190 3349 C
2223 3299 2520 3353 provocata
2546 3286 2758 3344 Veritas
2782 3289 3027 3354 vincitur,
3053 3291 3146 3345 sed
3173 3290 3238 3345 ad
3266 3291 3642 3363 deceptionem
3671 3309 3823 3348 suam

511 3358 807 3422 laudatoris
834 3369 915 3424 sui
947 3373 1133 3427 oculos
1162 3374 1458 3433 ollensione
1490 3379 1834 3450 impatientia:
1863 3392 2109 3454 pros-tra-

513 3463 597 3512 tus
621 3456 848 3536 jaceret.
895 3459 1045 3517 Unde
1073 3465 1348 3535 subjungit
1377 3488 1388 3521 :

950 3551 1200 3610 CAPUT.
1222 3555 1270 3610 Χ
1302 3557 1451 3629 inec.
1494 3560 1613 3634 vn.

584 3639 745 3696 Vens.
771 3641 858 3698 11.
886 3643 1081 3701 —Sed
1109 3649 1328 3704 extende
1348 3653 1616 3723 paululum
1641 3674 1850 3713 manum
1875 3668 2035 3728 tuam,
2058 3675 2107 3718 et

509 3737 663 3804 tange
687 3744 872 3789 cuncta
923 3753 1040 3810 quae
1067 3740 1316 3810 possidet,
1354 3745 1458 3799 nisi
1486 3747 1540 3800 in
1571 3750 1758 3817 [aciem
1787 3750 2110 3808 benedixerit

509 3819 620 3876 tibi.

579 3913 666 3969 16.
700 3914 948 3975 Diabolus
989 3921 1123 3978 nihil
1149 3925 1255 3980 nisi
1297 3925 1407 3983 Deo
1448 3931 1777 4000 permittente
1816 3944 2000 4004 potest.
2033 3970 2108 3980 —

505 4000 638 4059 Cum
670 4018 913 4064 sanctum
943 4011 1118 4068 virum
1148 4013 1314 4071 Satan
1342 4027 1555 4075 tentare
1584 4000 1890 4092 appetit,'et
1922 4036 2103 4082 tamen

505 4095 763 4168 Domino,
795 4113 853 4157 ut
895 4121 1112 4162 manum
1143 4124 1295 4164 suam
1342 4113 1638 4169 extendere
1679 4116 1902 4184 debeat,
1935 4119 2099 4184 dicit;

505 4189 661 4242 valde
691 4193 983 4248 notandum
1015 4206 1096 4252 est
1128 4200 1253 4268 quia
1302 4201 1527 4258 feriendi
1558 4206 1696 4260 vires
1726 4223 1825 4262 nec
1857 4209 1969 4277 ipse
1998 4211 2100 4266 sibi

504 4279 714 4349 tribuit,
744 4283 834 4352 qui
859 4293 1047 4340 contra
1069 4298 1349 4346 auctorem
1381 4296 1619 4349 omnium
1649 4297 1991 4364 singulariter
2011 4317 2098 4355 su-

502 4373 700 4443 perbit.
732 4374 846 4431 Scit
889 4392 1121 4448 namque
1149 4381 1427 4450 diabolus,
1459 4385 1583 4455 quia
1616 4388 1895 4454 quodlibet
1939 4388 2099 4455 agere

502 4478 571 4519 ex
588 4466 879 4538 semetipso
901 4483 1008 4523 non
1033 4469 1253 4540 sul‘licit,
1280 4473 1401 4541 quia
1427 4491 1527 4530 nec
1553 4492 1650 4547 per
1670 4480 2016 4549 semetipsum
2042 4483 2095 4537 in

501 4568 570 4611 eo
599 4557 744 4626 quod
778 4566 860 4612 est
885 4559 1107 4629 spiritus
1137 4563 1339 4617 existit.
1378 4566 1510 4623 llinc
1540 4577 1624 4623 est
1651 4570 1796 4640 quod
1829 4571 1879 4624 in
1912 4571 2094 4628 Evan-

2217 3377 2364 3433 hosti
2398 3381 2747 3447 conceditur,
2783 3384 2926 3452 quod
2963 3384 3102 3438 lideli
3147 3385 3347 3439 fanmlo
3378 3387 3444 3442 ad
3475 3396 3822 3457 augmentum

2217 3472 2460 3527 muneris
2489 3472 2832 3539 suffragetur.
2871 3474 3026 3532 Unde
3058 3493 3177 3530 mox
3212 3477 3460 3533 subditur
3491 3496 3502 3532 :

2515 3563 2744 3620 CAPUT
2776 3565 2844 3620 Xl
2875 3569 3019 3640 [l'et.
3052 3568 3158 3632 XI,
3197 3568 3318 3623 Rcc.
3368 3569 3523 3643 VII].

2289 3656 2453 3711 Vsus.
2487 3656 2572 3711 1‘2.
2606 3686 2677 3696 —
2704 3659 2727 3695 ά
2763 3659 2898 3715 Ecce
2929 3664 3184 3726 universa,
3217 3681 3332 3736 quin
3357 3665 3528 3730 habet,
3561 3669 3615 3721 in
3658 3685 3816 3723 manu

2216 3757 2302 3800 tua
2327 3758 2446 3802 sunt
2477 3766 2493 3802 :
2522 3758 2722 3805 tantum
2748 3755 2804 3806 in
2833 3771 2947 3808 eum
2977 3773 3041 3810 ne
3063 3757 3314 3810 extendas
3345 3774 3555 3812 manum
3579 3769 3740 3814 tuam.

2287 3841 2374 3895 19.
2403 3841 2544 3896 Deus
2571 3845 2817 3900 tentatori
2842 3847 2948 3900 alia
2975 3849 3246 3918 permittit,
3269 3849 3376 3903 alia
3399 3861 3570 3922 negat.
3587 3853 3815 3909 ——Con-

2211 3933 2500 3989 sideranda
2540 3945 2624 3990 est
2668 3937 2720 3991 in
2766 3939 2940 3994 verbis
2984 3940 3195 3996 Domini
3239 3943 3572 4013 dispensatio
3613 3953 3813 4001 sanctae

2214 4025 2448 4093 pietatis,
2477 4029 2755 4096 quomodo
2773 4031 2981 4087 hostem
3002 4042 3246 4086 nostrum
3281 4037 3569 4104 permittit,
3599 4047 3652 4093 et
3684 4039 3810 4094 reti-

2212 4127 2326 4185 net;
2357 4121 2588 4188 relaxat,
2606 4131 2661 4178 et
2685 4123 2942 4180 refrenat.
2961 4125 3078 4180 Alia
3103 4127 3168 4180 ad
3195 4130 3507 4184 tentandum
3526 4132 3618 4187 dat
3636 4143 3685 4199 ο,
3713 4133 3808 4188 sed

2209 4212 2278 4265 ab
2300 4212 2418 4266 aliis
2446 4213 2656 4283 religat.
2688 4215 2945 4271 Universa
2961 4235 3076 4289 qua:
3100 4217 3268 4285 habet,
3295 4222 3348 4275 in
3376 4239 3533 4275 manu
3559 4231 3651 4276 tua
3670 4235 3808 4290 sunt,

2211 4311 2410 4358 tantum
2433 4307 2487 4359 in
2512 4324 2626 4362 eum
2649 4325 2712 4362 ne
2737 4311 2985 4364 extendas
3010 4328 3220 4367 manum
3246 4322 3406 4368 tuam.
3438 4316 3806 4371 Substanliam

2205 4381 2408 4465 prodit,
2441 4400 2535 4452 sed
2563 4408 2741 4455 tamen
2765 4417 2962 4472 corpus
2990 4419 3107 4468 ejus
3134 4407 3390 4474 protegit,
3413 4409 3559 4476 quod
3585 4409 3803 4479 quidem

2209 4490 2554 4557 postmodum
2587 4494 2843 4548 tentatori
2876 4495 3171 4550 traditurus
3213 4507 3323 4563 est;
3357 4497 3453 4553 sed
3487 4509 3665 4555 tamen
3697 4518 3803 4556 non

2205 4583 2366 4636 simul
2399 4585 2462 4635 ad
2495 4586 2674 4640 omnia
2721 4587 2931 4642 relaxat
2959 4589 3202 4654 hostem,
3232 4606 3300 4645 ne
3331 4593 3567 4661 undique
3611 4593 3806 4649 feriens

499 4647 642 4716 gelio
679 4650 999 4720 expellenda
1023 4652 1092 4709 de
1122 4654 1340 4711 homine
1372 4658 1513 4727 legio
1543 4659 1758 4717 dicebat
1792 4682 1802 4716 :
1839 4665 1899 4719 Si
1945 4667 2096 4738 ejicis
2125 4673 2174 4732 1)
2205 4673 2630 4745 frangatcivem.
2657 4677 2794 4732 Mala
2813 4681 2954 4733 enim
2979 4696 3103 4735 cum
3128 4682 3293 4737 multa
3319 4647 3508 4738 electis
3528 4686 3806 4753 eveniunt,

499 4755 614 4805 nos,
645 4743 791 4796 mitte
820 4759 913 4798 nos
942 4746 995 4798 in
1025 4763 1234 4820 gregem
1277 4767 1552 4820 porcorum
1583 4753 1797 4826 (Matth.
1831 4774 1941 4826 vui,
1978 4760 2092 4832 51).

499 4830 603 4897 Qui
635 4834 777 4887 enim
807 4852 904 4906 per
926 4839 1275 4910 semetipsum
1306 4842 1385 4898 ire
1411 4844 1463 4898 in
1495 4861 1690 4915 porcos
1720 4865 1825 4904 non
1858 4860 2095 4920 poterat,

497 4923 628 4991 quid
658 4925 851 4981 mirum
872 4929 918 4984 si
940 4930 1057 4987 sine
1079 4935 1315 4992 auctoris
1341 4952 1524 5002 manu,
1554 4941 1723 4996 sancti
1750 4943 1849 4998 viri
1876 4943 2094 5000 domum

499 5018 818 5090 contingere
847 5038 955 5078 non
988 5026 1239 5081 valebat?

569 5105 713 5179 [Vet.
749 5107 855 5182 Χ
900 5111 986 5167 17.
1031 5113 1241 5173 Diaboli
1269 5125 1502 5179 voluntas
1540 5128 1710 5193 mala,
1738 5129 1830 5182 sed
1869 5138 2098 5198 potestas

567 5229 595 5259 α
625 5220 811 5288 Corb.,
842 5225 1047 5291 Germ,
1067 5227 1288 5308 linem”
1321 5233 1555 5308 Remig.,
1579 5237 1796 5296 Ebroic.
1827 5250 1882 5298 et
1909 5237 2086 5302 caeteri

493 5289 704 5368 Noun,
731 5311 933 5368 magna
962 5289 1204 5356 sanitate.

567 5365 704 5454 b‘lt‘a,
729 5365 1179 5454 Mss._Anglicani_
1196 5382 1250 5429 et
1278 5377 1387 5454 alii.
1415 5380 1488 5454 At
1517 5379 1658 5454 Edit.
1691 5379 1880 5448 Gilot.,
1903 5384 2087 5454 Rom.,

495 5435 632 5525 Sixt'i
663 5437 816 5525 V_,pet
834 5435 1074 5525 plurima:
1095 5443 1294 5500 habent
1318 5450 1577 5525 adﬁiscat.
1611 5435 2084 5525 verliumiaadicit:

493 5514 554 5590 ut
582 5509 844 5576 signil‘tcat
871 5514 1219 5583 condemnat,
1265 5527 1348 5574 est
1371 5519 1633 5590 Gregorio
1664 5509 2085 5583 familiare.riEo:

493 5575 855 5661 dem-quoque
880 5599 1042 5667 sensu
1072 5603 1177 5667 non
1207 5575 1332 5667 raro
1360 5575 1628 5660 reperitur
1650 5575 1702 5648 in
1730 5597 2087 5667 scriptoribus

493 5657 803 5730 sacris__s_ive
829 5657 1226 5730 antiquioribus
1253 5661 1368 5715 sive
1398 5657 1806 5730 posterioribus.
1839 5657 2085 5724 'Ambro-

492 5719 819 5804 sius,-lih.ii,
853 5727 920 5804 de
949 5719 1186 5804 Virgin.,
1211 5731 1278 5804 de
1305 5719 1506 5788 san'cuc
1537 5736 1752 5804 Agnetis
1773 5719 2079 5794 ἐπί-111116ιῇ

491 5801 725 5883 cerneres
755 5797 1018 5883 trepidare
1041 5797 1366 5883 carniﬁcem,
1395 5809 1540 5883 quasi
1561 5797 1932 5883 ipse‘addictus
1957 5814 2087 5883 fuis-

489 5859 941 5950 Eernprdus,
967 5867 1132 5950 lib._|_t_
1152 5859 1220 5950 de
1247 5859 1489 5942 Consid,
1509 5859 2087 5950 ’ca'pl'tt‘:"iitu£ah?£3-

493 5935 720 5986 centium
747 5935 986 6008 frequens
1007 5943 1256 6001 addictio.

2209 4767 2346 4822 mira
2385 4769 2684 4826 conditoris
2712 4772 2884 4840 gratia
2928 4787 2993 4828 ex
3027 4781 3270 4842 tempore
3309 4775 3716 4845 dispensantur;
3751 4785 3805 4831 ut

2207 4873 2329 4927 qum
2359 4871 2676 4916 coacervata
2715 4863 3074 4933 perimerent,
3109 4867 3315 4935 possint
3353 4868 3522 4923 divisa
3564 4869 3802 4924 tolerari.

2208 4951 2347 5008 Hinc
2390 4952 2587 5010 Paulus
2617 4956 2693 5010 ait
2730 4974 2741 5009 :
2779 4955 2979 5013 Fidelis
3010 4958 3173 5024 Deus,
3205 4963 3292 5033 qui
3323 4979 3426 5017 non
3454 4966 3685 5034 patietur
3711 4981 3801 5019 eos

2209 5047 2396 5100 tentari
2432 5044 2449 5083 ί
2483 5064 2642 5117 supra
2670 5048 2726 5102 id
2753 5051 2888 5120 quod
2914 5053 3145 5120 potestis,
3181 5053 3271 5106 sed
3301 5056 3454 5126 faciet
3484 5073 3596 5110 cum
3629 5067 3795 5110 tenta-

2207 5134 2345 5190 tione
2360 5138 2518 5191 etiam
2538 5137 2756 5203 exitum,
2777 5151 2834 5193 ut
2854 5142 3062 5211 possitis
3087 5144 3340 5196 sustinere
3361 5142 3415 5214 (Ι
3439 5143 3559 5200 Cor.
3587 5162 3640 5211 ι,
3684 5145 3799 5214 15).

2282 5262 2303 5290 ο
2337 5249 2472 5304 Editi

2282 5269 2303 5290 υ
2324 5269 2494 5318 nam,
2528 5269 2842 5322 permoemr.
2874 5269 3021 5318 mss,
3057 5269 3412 5313 numeremus.

2275 5320 2300 5358 ἀ
2326 5321 2591 5411 Gussanv.
2616 5323 2948 5411 hic‘pf‘tcligit
2971 5343 2983 5378 :
3009 5325 3161 5381 Dixit
3181 5345 3301 5411 ergo
3322 5329 3579 5411 Dominus
3602 5332 3672 5386 ad
3696 5331 3801 5386 Sa-

2201 5402 2309 5458 tan,
2343 5395 2487 5462 quod
2517 5395 2670 5449 abest
2699 5393 2728 5448 is
2757 5393 2895 5450 Cod.
2928 5407 3036 5450 tum
3069 5393 3301 5466 excusis,
3335 5409 3447 5456 tum
3475 5419 3638 5458 manu
3667 5419 3800 5459 exa-

2197 5465 2351 5519 ratis.

2273 5547 2295 5573 ο
2317 5535 2382 5616 ¹1η
2403 5534 2668 5616 Edit._per
2689 5537 3163 5616 interpolationem
3194 5540 3408 5616 legitur,
3441 5546 3554 5616 alia
3572 5547 3642 5600 aut
3661 5546 3797 5616 afﬂi-

2192 5607 2436 5687 genaum,
2477 5608 2567 5660 sed
2580 5625 2604 5687 ί
2633 5619 3001 5688 sane_pr:eter
3033 5611 3191 5688 Iidem
3221 5612 3348 5688 Mss.
3391 5607 3444 5668 et
3475 5615 3634 5686 Grcg.
3669 5607 3798 5688 pro-

2190 5679 2459 5757 positutn_,
2501 5680 2592 5748 qui
2623 5678 2729 5734 duo
2776 5678 2890 5741 hic,
2936 5698 3042 5736 non
3079 5684 3177 5757 tria
3229 5685 3504 5754 probanda
3534 5678 3792 5757 sust-i'pit.

2193 5749 2401 5803 scilicet
2430 5751 2641 5807 hostem
2690 5763 2931 5806 nostrum
2965 5763 3018 5806 et
3050 5749 3282 5809 relaxari
3315 5765 3370 5811 et
3399 5759 3644 5814 retineri.
3679 5749 3794 5814 Re-

2191 5818 2406 5874 laxatur
2434 5837 2554 5876 cum
2577 5824 2906 5894 permittitur
2938 5832 3181 5891 tentare;
3215 5828 3496 5894 retinetur,
3525 5846 3648 5885 cum
3674 5831 3792 5888 haec

2193 5899 2434 5964 potestas
2464 5893 2625 5964 cert_is
2655 5893 3055 5964 conditionibus
3089 5896 3302 5964 ligatur.

2270 5960 2288 5999 τ
2317 5961 2532 6030 Rhem.,
2565 5961 2796 6033 Remig,
2827 5963 3012 6022 Norm.
3032 6008 3047 6036 ,
3081 5960 3243 6039 supra
3262 5987 3415 6042 quam
3433 5975 3673 6044 potestis.

2528 5253 2842 5322 perhibetur.
2874 5254 3021 5318 Mss.,
3057 5257 3412 5313 adlueremus.

3612 6471 3646 6474 _
3718 6469 3750 6474 ἢ
3836 6470 3853 6474 _
3936 6471 3973 6474 __.
4045 6461 4102 6474 ..ι-
