4130 6466
340 366 447 424 565
1273 358 1629 415 MORALIUM
1670 358 1798 413 [ΑΒ.
1840 354 1905 409 ll.

2013 352 2126 413 am
2164 350 2315 407 CAP.
2358 352 2378 435 ι
2416 351 2478 407 B.
2522 351 2664 409 JOB.
3504 356 3609 408 suo

342 476 656 536 Hinc-David
676 476 783 531 ait":
809 474 985 530 Proba
1006 490 1109 542 me,
1132 472 1377 539 Domine,
1398 482 1446 527 et
1474 481 1611 527 tenta
1634 490 1714 526 me
1739 472 1912 544 (Psal.
1942 473 1995 534 Α
2090 468 2178 523 21.
2205 470 2246 520 Α
2280 470 2411 539 facie
2427 467 2632 524 Domini
2660 469 2766 523 exit
2794 468 2982 536 Satan,
3016 484 3131 523 cum
3152 468 3223 522 ad
3252 466 3497 523 desiderii
3526 469 3613 523 sui

338 589 474 639 xxv,
502 572 581 643 2).
630 569 705 625 Ac
733 569 777 623 si
804 575 988 639 aperte
1017 566 1161 621 dicat
1195 583 1208 619 :
1240 563 1395 621 Prius
1424 567 1563 621 vires
1589 566 1821 635 inspice,
1865 572 1920 619 et
2022 562 2259 631 effectum
2298 561 2451 615 venit.
2483 594 2554 604 —
2579 562 2697 629 Quo
2737 560 2898 630 igitur
2935 562 3111 616 exitur
3141 561 3208 616 ab
3230 575 3318 629 eo,
3361 560 3453 629 qui
3481 560 3611 615 dum

337 676 465 722 tunc
486 673 544 720 ut
565 663 705 719 ferre
723 661 899 727 valeo,
926 659 1121 714 tentari
1143 658 1410 728 permitte.
1440 658 1549 711 lloc
1567 666 1746 711 tamen
1771 655 1918 727 quod
2021 668 2117 722 per
2146 651 2343 705 molem
2366 653 2605 721 corporis
2630 664 2890 720 nusquam
2919 660 3023 718 est,
3050 667 3149 722 per
3176 650 3612 721 incircumscrip-

334 759 531 814 dicitur
563 774 577 810 :
609 753 741 809 Ecce
768 753 1025 818 universa,
1057 767 1170 823 qua:
1195 748 1362 814 liabet,
1390 750 1444 802 in
1476 765 1631 801 manu
1662 757 1747 801 tua
1777 756 1913 813 sunt,

334 858 535 903 tantum
562 848 617 900 in
656 862 769 899 eum
796 860 860 897 ne
886 841 1135 897 extendas
1169 856 1380 895 manum
1409 849 1567 903 tuam,
1610 838 1833 907 intelligi
1862 846 1918 892 ct

332 943 487 997 aliter
514 946 712 1010 potest,
744 938 868 1006 quia
899 935 1090 991 fortem
1133 932 1346 1003 quidem
1378 938 1729 1001 pugnatorem
1760 944 1914 984 suum

334 1034 589 1089 Dominus
629 1036 879 1094 noverat,
913 1027 1007 1083 sed
1039 1033 1217 1080 tamen
1264 1022 1501 1077 dividere
1528 1021 1578 1077 ei
1620 1022 1912 1079 certamina

330 1131 516 1181 contra
542 1123 751 1177 hostem
781 1119 1030 1185 volebat;
1060 1125 1118 1171 ut
1142 1114 1384 1185 quamvis
1411 1114 1635 1169 robusto
1665 1112 1913 1167 bellatori

330 1215 555 1271 victoria
601 1214 654 1268 in
686 1210 893 1267 cunctis
936 1216 1277 1279 suppeteret,
1309 1205 1454 1277 prius
1485 1213 1664 1258 tamen
1710 1202 1775 1257 de
1803 1219 1911 1259 uno

328 1305 622 1361 certamine
648 1302 818 1358 hostis
839 1300 903 1355 ad
924 1299 1208 1354 Dominum
1230 1296 1400 1351 victus
1417 1294 1644 1349 rediret:
1676 1302 1912 1363 tuncque

326 1400 375 1454 ei
400 1397 543 1452 aliud
574 1398 768 1451 iterum
797 1392 1059 1449 vincendo
1087 1389 1428 1455 concederet,
1453 1396 1717 1459 quatenus
1741 1385 1911 1442 ﬁdelis

328 1490 557 1543 lautulus
594 1503 660 1543 eo
702 1485 999 1540 mirabilius
1040 1484 1211 1538 victor
1252 1482 1536 1547 existeret,
1585 1495 1693 1549 quo
1735 1479 1909 1534 victus

327 1580 496 1637 hostis
525 1595 582 1633 se
607 1588 794 1633 contra
824 1576 974 1630 illum
1002 1575 1197 1630 iterum
1226 1571 1291 1627 ad
1338 1586 1477 1626 nova
1519 1570 1658 1626 bella
1685 1585 1907 1641 repara-

327 1681 425 1725 ret.
454 1670 713 1740 Sequitur
740 1687 752 1723 :

560 1758 792 1817 carur
820 1758 911 1816 xu
961 1758 1106 1833 [γει.
1129 1755 1272 1823 xu,
1308 1756 1433 1811 Rec.
1461 1755 1658 1827 vm].

391 1850 516 1907 lem.
548 1876 608 1890 -—
644 1849 995 1923 Egressusque
1019 1858 1095 1904 est
1118 1848 1285 1903 Satan
1307 1863 1339 1900 a
1366 1848 1499 1917 [acie
1529 1846 1756 1901 Domini.

389 1942 476 1996 ‘20.
511 1941 650 1996 Deus
682 1950 756 1995 est
796 1943 936 1995 intra
971 1948 1019 1995 et
1061 1946 1209 1993 extra
1250 1938 1458 2005 omnia,
1488 1953 1647 2006 supra
1686 1946 1735 1991 et
1764 1938 1907 2008 infra

320 2035 515 2089 omnia.
534 2030 760 2099 —Quid
790 2040 871 2086 est
899 2030 1041 2101 quod
1072 2028 1238 2084 Satan
1267 2043 1296 2082 a
1326 2027 1465 2083 facie
1494 2028 1706 2083 Domini
1727 2042 1909 2097 egres-

319 2143 409 2182 sus
439 2125 672 2182 dicitur?
714 2123 833 2192 Quo
863 2123 1005 2178 enim
1036 2123 1215 2177 exitur
1244 2121 1310 2176 ab
1337 2136 1404 2176 eo
1443 2122 1533 2192 qui
1565 2122 1761 2191 ubique
1787 2121 1907 2175 est?

319 2216 455 2271 [line
484 2230 717 2285 namque
746 2215 820 2269 ait
853 2232 867 2269 :
898 2212 1093 2269 Caelum
1120 2222 1169 2267 et
1200 2222 1391 2267 terram
1431 2230 1524 2285 ego
1550 2212 1741 2279 impleo
1769 2212 1902 2284 (Jer.

319 2324 468 2373 χχιιι,
492 2306 607 2375 2-1).
650 2306 784 2361 liinc
810 2312 913 2371 est,
946 2305 1089 2375 quod
1118 2304 1390 2374 Sapientia
1419 2305 1561 2359 illius
1583 2305 1711 2360 dicit
1742 2322 1756 2358 :
1798 2303 1909 2375 Gy-

314 2418 431 2455 rnm
459 2400 572 2454 coeli
614 2398 826 2453 circuivi
852 2398 965 2453 sola
1006 2396 1199 2468 (Eccli.
1229 2400 1374 2463 ΠΝ,
1405 2396 1482 2468 8).
1514 2397 1651 2453 Hinc
1691 2396 1762 2453 de
1790 2397 1908 2467 ejus

317 2490 517 2563 Spiritu
539 2492 799 2560 scriptum
824 2497 905 2545 est
935 2508 948 2543 :
982 2488 1211 2559 Spiritus
1239 2490 1448 2544 Domini
1473 2490 1702 2562 implevit
1731 2492 1908 2546 orbem

319 2595 575 2643 terrarum
604 2584 758 2655 (Sap.
789 2598 827 2648 ι,
878 2583 950 2651 7).
986 2581 1121 2638 Hinc
1150 2590 1234 2638 est
1259 2582 1403 2653 quod
1432 2583 1685 2638 Dominus
1714 2584 1908 2638 iterum

318 2677 486 2733 dicit:
521 2675 715 2732 Caelum
760 2675 886 2729 mihi
914 2674 1083 2730 sedes.
1105 2683 1211 2740 est,
1240 2682 1380 2729 terra
1419 2683 1591 2730 autem
1632 2676 1911 2730 scabellum

321 2770 506 2839 pedum
551 2783 782 2822 meorum
828 2765 988 2839 (Isai.
1019 2782 1173 2833 mu,
1224 2766 1304 2837 1).
1354 2765 1695 2838 Rursumque
1737 2766 1806 2823 de
1842 2781 1911 2822 eo

322 2860 579 2929 scriptum
609 2868 693 2913 est
721 2876 735 2912 :
768 2858 964 2913 Certum
989 2860 1201 2913 metitur
1220 2860 1394 2929 palmo
1412 2868 1464 2913 et
1488 2874 1690 2913 omnem
1716 2865 1911 2912 terram

319 2954 515 3026 pugillo
551 2953 810 3010 concludit
878 2952 1012 3023 (lsa.
1056 2970 1161 3018 XL,
1215 2954 1326 3026 l2).
1384 2953 1515 3009 Sedi
1554 2956 1783 3026 quippe,
1824 2954 1911 3009 cui

322 3046 596 3116 praesidet,
622 3047 845 3102 interior
873 3055 900 3085 ι
922 3056 979 3103 et
1004 3048 1244 3103 exterior
1269 3056 1471 3104 manet.
1500 3048 1706 3104 Caelum
1730 3048 1911 3119 palmo

323 3141 579 3206 metiens,
624 3147 682 3196 et
721 3148 922 3195 terram
965 3142 1168 3210 pugillo
1210 3142 1536 3198 concludens
1576 3142 1909 3211 ostenditur,

2018 753 2129 799 tam
2159 744 2507 799 substantiam
2540 760 2799 814 nusquam
2829 746 3017 801 deest?
3040 744 3147 799 Sed
3176 745 3419 814 quandiu
3442 744 3611 799 Satan

2019 847 2238 903 pressus
2267 833 2569 902 majestatis
2609 835 2878 903 potentia,
2910 836 3206 905 appetitum
3254 850 3365 889 sua:
3393 834 3612 888 malitiae

2017 940 2272 983 exercere
2302 943 2408 982 non
2434 928 2618 990 valuit,
2647 928 2801 996 quasi
2827 935 2951 983 ante
2978 929 3169 984 faciem
3197 926 3413 983 Domini
3440 926 3612 983 stetit.

2019 1016 2164 1090 [νει.
2197 1015 2399 1089 Χ111.]
2447 1019 2489 1071 Α
2519 1017 2652 1072 facie
2697 1025 2876 1072 autem
2906 1018 3119 1073 Domini
3158 1018 3322 1085 exiit;
3368 1017 3494 1087 quia
3521 1032 3613 1072 re-

2016 1110 2227 1166 laxatus
2257 1111 2509 1165 divinitus
2540 1111 2606 1164 ab
2636 1110 2860 1164 internae
2889 1110 3207 1164 retentionis
3238 1108 3505 1178 angustia,
3540 1107 3608 1161 ad

2015 1203 2099 1259 sui
2124 1202 2374 1261 desiderii
2398 1204 2643 1259 enectum
2669 1203 2835 1257 venit.
2861 1202 2903 1256 A
2927 1202 3061 1257 facie
3084 1201 3293 1257 Domini
3316 1201 3468 1269 exiit,
3487 1200 3612 1269 quia

2023 1293 2114 1349 diu
2143 1294 2372 1350 vinculis
2410 1294 2700 1363 disciplinm
2730 1293 2951 1362 religata
2996 1291 3322 1363 quandoque
3363 1291 3614 1345 voluntas

2012 1386 2174 1440 noxia
2206 1384 2271 1439 ad
2294 1402 2431 1455 opus
2455 1386 2734 1456 processit.
2764 1383 2899 1439 Cum
2923 1385 3087 1451 enim,
3116 1383 3257 1438 sicut
3278 1383 3483 1437 dictum
3505 1389 3612 1449 est,

2011 1476 2063 1530 id
2094 1477 2239 1546 quod
2266 1477 2439 1532 voluit
2466 1477 2691 1546 implere
2720 1492 2826 1532 non
2853 1476 3054 1539 valuit,
3086 1474 3238 1543 quasi
3267 1480 3392 1527 ante
3422 1471 3612 1527 faciem

2008 1569 2222 1625 Domini
2250 1570 2428 1638 stetit;
2458 1570 2583 1640 quia
2623 1570 2771 1625 illum
2802 1570 2869 1625 ab
2908 1569 3107 1625 eli‘ectu
3137 1567 3354 1623 malitia:
3380 1572 3613 1636 superna

2007 1664 2338 1734 dispensatio
2366 1664 2655 1719 coactavit.
2686 1661 2791 1719 Sed
2813 1679 2843 1718 a
2870 1663 3008 1719 facie
3037 1664 3153 1733 ejus
3178 1663 3328 1729 exiit,
3356 1661 3482 1730 quia
3509 1676 3611 1729 po-

2012 1760 2265 1809 tcstatem
2304 1754 2615 1809 tentatiouis
2656 1753 2948 1825 accipiens,
2983 1752 3050 1809 ad
3086 1752 3310 1809 malitiae
3345 1767 3456 1809 sua:
3483 1759 3610 1807 vota

1930 1861 1982 1921 Β
2008 1847 2273 1917 pervenit.
2304 1845 2595 1916 Sequitur:

2432 1975 2660 2032 CAPUT
2710 1973 2827 2029 xm
2869 1973 3023 2048 [Rec.
3055 1971 3187 2047 1X].

2077 2110 2242 2166 Vsus.
2282 2110 2363 2177 15,
2398 2109 2604 2180 14,15.
2633 2142 2705 2154 —
2732 2109 2859 2165 Cum
2902 2119 3075 2164 autem
3116 2108 3339 2182 quadam
3379 2109 3460 2162 die
3504 2107 3603 2177 ﬁlii

2010 2210 2060 2255 et
2087 2200 2215 2271 ﬁlia:
2258 2202 2371 2272 ejus
2401 2200 2756 2266 comederent,
2802 2209 2852 2254 et
2890 2198 3119 2254 biberent
3156 2200 3328 2254 vinum
3358 2201 3413 2251 in
3454 2213 3609 2251 nomo

2012 2293 2199 2363 fratris
2228 2294 2307 2346 sui
2338 2292 2691 2363 primogeniti,
2714 2293 2927 2346 nuntius
2956 2293 3094 2345 venit
3112 2290 3183 2344 ad
3209 2289 3330 2356 Job,
3353 2291 3438 2361 qui
3469 2290 3611 2342 dice-

2009 2393 2089 2439 ret
2113 2402 2131 2436 :
2164 2384 2323 2440 Boves
2353 2384 2593 2450 orabant,
2619 2392 2668 2438 et
2698 2384 2862 2438 asina:
2882 2382 3223 2453 pascebantur
3247 2382 3402 2452 juxta
3430 2396 3539 2444 eos,
3561 2387 3611 2432 et

2006 2478 2270 2531 irruerunt
2298 2475 2496 2543 Sabaei,
2531 2476 2854 2548 tuleruntque
2882 2476 3077 2541 omnia,
3110 2484 3160 2528 et
3186 2489 3369 2545 pueros
3399 2488 3610 2543 percus-

2008 2579 2186 2625 serunt
2214 2569 2408 2643 gladio,
2435 2579 2483 2623 et
2505 2571 2643 2623 evasi
2665 2586 2758 2641 ego
2786 2570 2945 2633 solus,
2977 2575 3033 2621 ut
3053 2568 3349 2621 nuntiarem
3381 2565 3491 2620 tibi.

2082 2687 2172 2741 22.
2204 2678 2457 2743 Diabolus
2486 2686 2716 2742 tentandi
2746 2696 2977 2757 tempora
3004 2686 3164 2755 eligit.
3196 2712 3267 2723 ——-
3294 2683 3601 2739 Notandum

2013 2795 2131 2849 qua:
2160 2789 2403 2850 tempora
2437 2777 2825 2833 tentationibus
2865 2785 3185 2847 congruant.
3218 2775 3371 2829 Tunc
3410 2776 3610 2843 quippe

2015 2870 2259 2927 diabolus
2298 2870 2546 2926 tentandi
2589 2878 2804 2939 tempus
2842 2868 3025 2936 elegit,
3065 2867 3285 2938 quando
3322 2866 3464 2920 beati
3508 2865 3610 2920 Job

2016 2963 2155 3019 filios
2181 2965 2234 3019 in
2266 2964 2514 3019 convivio
2542 2962 2764 3018 invenit.
2790 2961 2975 3033 Neque
2997 2962 3140 3017 enim
3168 2958 3507 3017 solummodo
3530 2960 3611 3014 in-

2014 3065 2197 3112 tuetur
2232 3057 2404 3113 hostis
2432 3057 2561 3126 quid
2613 3056 2801 3120 faciat,
2847 3055 2942 3110 sed
2988 3056 3151 3110 etiam
3178 3054 3397 3123 quando
3424 3053 3607 3110 faciat.

2016 3149 2150 3204 Nam
2164 3151 2408 3221 quamvis
2428 3157 2753 3220 potestatem
2770 3149 3060 3217 acceperit,
3094 3156 3281 3218 aptum
3300 3155 3483 3201 tamen
3503 3145 3525 3181 d
3545 3147 3611 3203 ad

321 3232 463 3302 quod
492 3234 604 3303 ipse
630 3235 701 3288 sit
722 3234 1141 3305 circumquaque
1160 3236 1370 3292 cunctis
1388 3236 1570 3301 rebus,
1595 3250 1730 3303 quas
1752 3251 1908 3291 crea-
1931 3240 1979 3303 C
2014 3242 2420 3298 subversionem
2464 3251 2675 3312 tempus
2723 3240 3041 3312 exquisivit;
3082 3247 3142 3294 ut
3162 3239 3305 3294 videl
3328 3246 3413 3294 cet
3458 3237 3613 3292 nobis

323 3327 416 3389 vit,
449 3326 706 3382 exterior.
728 3325 785 3380 Id
816 3342 1048 3398 namque
1071 3330 1214 3397 quod
1241 3328 1466 3383 interius
1493 3328 1850 3394 concluditur,
1875 3342 1907 3383 a

320 3417 675 3471 concludente
700 3419 937 3473 exterius
954 3419 1280 3473 continetur.
1315 3419 1418 3473 Per
1437 3419 1623 3474 sedem
1644 3433 1792 3487 ergo,
1822 3418 1909 3474 cui

318 3508 606 3579 praesidet,
636 3508 743 3580 47
787 3508 815 3549 ιι
846 3510 1164 3579 intelligitur
1190 3525 1310 3566 esse
1337 3511 1564 3566 interius
1601 3526 1906 3581 supraque;

323 3615 418 3667 per
446 3599 725 3669 pugillum,
750 3615 858 3669 quo
886 3601 1150 3667 continet,
1189 3617 1312 3658 esse
1340 3603 1580 3657 exterius
1612 3602 1910 3670 subterque

317 3691 576 3759 signatur.
609 3691 745 3759 Quia
782 3692 925 3748 enim
968 3694 1083 3763 ipse
1123 3702 1307 3749 manet
1348 3694 1489 3749 intra
1535 3695 1750 3761 omnia,
1793 3693 1910 3764 ipse

318 3794 468 3839 extra
500 3786 701 3849 omnia,
732 3784 847 3853 ipse
874 3800 1034 3854 supra
1065 3786 1270 3852 omnia,
1300 3786 1414 3854 ipse
1444 3784 1579 3841 infra
1609 3786 1823 3851 omnia;
1854 3792 1912 3839 et

316 3874 568 3943 superior
595 3881 681 3927 est
709 3889 805 3942 per
830 3875 1154 3943 potentiam,
1185 3884 1240 3929 et
1268 3876 1490 3930 inferior
1515 3892 1614 3946 per
1641 3884 1911 3931 sustenta-

318 3965 557 4029 tionem;
589 3964 826 4019 exterior
857 3979 952 4033 per
993 3964 1441 4033 magnitudinem,
1475 3974 1529 4021 et
1560 3966 1786 4021 interior
1810 3982 1911 4036 per

318 4056 716 4113 subtilitatem:
757 4071 969 4111 sursum
1012 4070 1236 4124 regens,
1290 4056 1544 4112 deorsum
1582 4059 1907 4125 continens;

318 4160 469 4207 extra
511 4151 878 4216 circumdatis,
920 4150 1146 4206 interius
1190 4160 1511 4222 penetrans;
1544 4168 1647 4208 nec
1691 4153 1795 4207 alia
1840 4168 1909 4208 ex

320 4254 473 4317 parte
504 4245 773 4315 superior,
801 4245 906 4299 alia
938 4244 1180 4313 inferior,
1210 4254 1304 4299 aut
1326 4246 1434 4301 alia
1463 4261 1532 4302 ex
1571 4256 1724 4318 parte
1751 4255 1907 4303 cxte-

323 4340 452 4405 rior,
482 4346 646 4408 atque
673 4353 739 4391 ex
771 4337 875 4390 alia
919 4343 1103 4391 manet
1129 4337 1354 4393 interior
1386 4355 1399 4391 :
1446 4337 1544 4393 sed
1572 4354 1708 4393 unus
1735 4338 1908 4393 idem-

321 4445 425 4500 que
455 4437 601 4483 totus
648 4428 845 4497 ubique
874 4427 1211 4498 praesidendo
1240 4430 1549 4496 sustinens,
1591 4429 1908 4484 sustinendo

322 4521 634 4592 praesidens,
663 4518 1043 4574 circrundando
1072 4527 1383 4589 penetrans,
1427 4520 1760 4591 penetrando
1799 4520 1908 4575 cir-

322 4612 604 4677 cumdans;
636 4611 775 4664 unde
803 4609 1047 4679 superius
1074 4611 1383 4679 prtesidens,
1411 4610 1536 4667 inde
1565 4611 1786 4668 inferius
1814 4628 1904 4667 su-
1928 4632 1985 4692 ι)

322 4706 552 4767 stinens;
584 4710 638 4756 et
664 4700 803 4756 unde
829 4702 1065 4757 exterius
1091 4703 1361 4770 ambiens,
1394 4704 1517 4759 inde
1547 4705 1773 4761 interius
1816 4722 1905 4763 re-

323 4798 472 4867 piens
501 4814 514 4850 :
544 4796 657 4850 sine
678 4795 1055 4863 inquietudine
1068 4798 1314 4869 superius
1336 4812 1550 4869 regens,
1573 4800 1690 4856 sine
1720 4799 1906 4858 labore

324 4888 543 4946 inferius
572 4892 868 4955 sustinens;
903 4890 1126 4944 interius
1164 4892 1281 4947 sine
1311 4893 1699 4949 extenuatione
1741 4909 1908 4963 pene-

323 4990 487 5047 trans,
508 4983 741 5037 exterius
763 4982 879 5038 sine
904 4983 1222 5038 extensione
1242 4984 1599 5042 circumdans.
1615 4985 1709 5042 Est
1726 4988 1908 5057 itaque

325 5077 544 5132 inferior
572 5086 625 5132 et
654 5078 896 5148 superior
923 5078 1037 5133 sine
1064 5078 1219 5146 loco;
1256 5090 1277 5117 ο
1313 5088 1398 5135 est
1427 5081 1656 5151 amplior
1684 5082 1800 5139 sine
1828 5082 1905 5137 la-

322 5169 570 5230 titudine.
600 5177 682 5224 est
708 5169 955 5225 subtilior
980 5170 1098 5225 sine
1126 5171 1527 5226 extenuatione.

395 5314 417 5338 τι
448 5302 569 5357 Mss.
604 5303 765 5358 Corb.
787 5311 841 5358 et
868 5301 1073 5371 Germ.,
1099 5314 1147 5357 et
1174 5305 1406 5373 superior
1428 5312 1621 5358 manet.

396 5374 418 5410 ιι
448 5374 507 5427 In
536 5374 660 5428 Mss.
697 5374 882 5439 Corb.,
924 5373 1105 5429 Germ.
1139 5384 1194 5429 et
1220 5375 1485 5443 plurimis,
1514 5375 1684 5437 deest,
1713 5375 1910 5430 intelli-

324 5446 477 5515 gitur,
504 5453 558 5499 et
585 5446 661 5500 sic
692 5446 917 5513 legitur:
942 5445 1047 5499 Per
1067 5447 1239 5499 sedem
1259 5462 1379 5515 ergo
1403 5447 1487 5500 cui
1508 5445 1767 5515 prarsidet,
1796 5460 1909 5501 esse

321 5517 538 5589 interius
561 5532 849 5589 supraque;
879 5534 969 5585 per
993 5518 1243 5589 pugillum
1269 5533 1367 5587 quo
1398 5517 1646 5583 continet,
1679 5533 1789 5571 esse
1814 5535 1907 5572 ea:-

326 5588 483 5658 terius
502 5587 768 5658 subterque
794 5588 1051 5657 signatur.

401 5672 417 5692 ν
460 5657 930 5729 Biaetn.,Reutig.,
966 5658 1268 5725 Vindocin.,
1302 5658 1489 5729 Corb.,
1535 5657 1743 5726 Gerun,
1775 5667 1906 5726 etc.,

326 5728 545 5791 habent,
572 5740 647 5780 est
675 5728 876 5795 amplus
897 5730 1010 5783 sine
1039 5732 1329 5795 latitudine,
1355 5740 1431 5784 est
1455 5728 1673 5794 subtilis,
1705 5737 1807 5785 etc.

397 5800 419 5835 ιι
452 5799 731 5867 Antiquior
760 5799 951 5852 Rheni.
983 5809 1039 5855 et
1064 5800 1269 5868 Germ.,
1289 5801 1358 5854 ad
1372 5803 1804 5868 submersionem;
1834 5802 1908 5858 ita

329 5870 487 5926 etiam
519 5869 683 5940 antiq.
721 5869 1015 5940 Compcud.
1050 5870 1145 5928 Val
1172 5871 1285 5944 CL,
1309 5871 1522 5929 Belvac.
1878 5878 1881 5881 ’

2014 3335 2127 3390 Deo
2158 3335 2503 3406 dispensante
2533 3333 2877 3404 proderetur,
2899 3334 3027 3402 quia
3055 3331 3356 3402 praenuntia
3390 3330 3611 3384 tribula-

2012 3427 2177 3481 tionis
2206 3435 2287 3480 est
2316 3425 2501 3480 laztitia
2521 3424 2807 3480 satietatis.
2831 3422 3149 3477 Intuendum
3175 3436 3304 3477 vero
3325 3428 3425 3486 est,
3448 3434 3610 3489 quam

2012 3519 2203 3575 callide
2234 3520 2346 3589 ipsa
2370 3518 2587 3587 damna,
2614 3533 2733 3587 quae
2762 3518 2909 3572 illata
2936 3524 3097 3583 sunt,
3134 3516 3465 3571 nuntiantur.
3492 3511 3609 3567 Non

2014 3610 2156 3663 enim
2197 3609 2410 3675 dicitur,
2445 3610 2611 3664 boves
2642 3618 2663 3645 ε
2695 3624 2725 3661 a
2756 3606 2959 3663 Sabaeis
2985 3607 3154 3662 ablati
3182 3614 3310 3660 sunt
3341 3623 3355 3659 :
3396 3604 3490 3658 sed
3518 3603 3610 3672 qui

2014 3701 2178 3756 ablati
2217 3709 2375 3765 sunt,
2417 3684 2584 3755 boves
2623 3701 2882 3766 arabanl;
2929 3709 2989 3753 ut
3014 3699 3267 3753 videlicet
3308 3703 3611 3750 memorato

2014 3790 2191 3844 fructu
2241 3791 2452 3859 operis,
2486 3805 2656 3845 causa
2700 3796 2908 3843 crescat
2932 3788 3156 3843 doloris.
3197 3786 3349 3841 Unde
3378 3796 3433 3839 et
3471 3786 3610 3853 apud

2013 3880 2232 3935 Graecos
2264 3896 2371 3934 non
2401 3880 2786 3937 solum‘asinm.
2812 3879 2909 3934 sed
2933 3879 3055 3934 fetae
3082 3879 3247 3933 asina:
3280 3886 3448 3948 rapta
3480 3875 3610 3931 refr-

2012 3977 2237 4036 runtur;
2269 3977 2328 4025 ut
2362 3969 2490 4024 dum
2521 3970 2744 4025 minima
2784 3969 3035 4024 animalia
3068 3968 3334 4023 audientis
3371 3969 3608 4022 animum

2013 4062 2192 4116 minus
2210 4077 2280 4116 ex
2300 4062 2381 4117 sui
2404 4062 2669 4132 qualitate
2697 4069 3058 4131 percuterent,
3085 4059 3312 4130 amplius
3337 4074 3405 4113 ex
3426 4058 3609 4113 fecun-

2012 4152 2182 4208 d’itate
2201 4155 2568 4209 vulnerarent.
2600 4152 2668 4207 Et
2686 4153 2813 4223 quia
2835 4167 2903 4208 eo
2925 4151 3098 4221 magis
3123 4151 3348 4205 adversa
3371 4150 3608 4204 animum

2013 4246 2244 4310 feriunt,
2274 4262 2381 4316 quo
2423 4262 2543 4302 cum
2574 4247 2741 4301 multa
2782 4254 2933 4314 sunt,
2965 4248 3127 4302 etiam
3152 4245 3328 4301 subita
3357 4244 3608 4300 nuntian-

2016 4348 2124 4408 tur,
2157 4349 2323 4394 aucta-
2343 4349 2425 4395 est
2452 4356 2703 4396 mensura
2742 4341 3057 4409 gemituum,
3089 4340 3252 4396 etiam
3288 4338 3306 4377 τ
3337 4354 3437 4410 per
3474 4338 3606 4394 arti-

2013 4431 2135 4486 eula
2163 4432 2493 4487 nuntiorum.
2528 4431 2662 4486 Nam
2692 4432 2937 4494 sequitur
2969 4449 2983 4485 :

2425 4562 2655 4626 CAPUT
2682 4568 2798 4626 xrv
2831 4567 2980 4642 [νει.
3010 4566 3196 4639 XIV].

2084 4704 2249 4761 Vens.
2294 4703 2382 4759 16.
2433 4733 2506 4744 —
2544 4704 2653 4775 ξε
2690 4705 2916 4775 Cumque
2953 4702 3120 4756 adhuc
3155 4701 3244 4754 ille
3283 4707 3605 4772 .oqueretur,

2009 4801 2310 4865 venitalius,
2338 4809 2385 4854 et
2414 4800 2582 4854 dixit:
2613 4797 2762 4869 Ignis
2785 4797 2883 4851 Dei
2911 4796 3095 4850 cecidit
3117 4796 3179 4848 de
3198 4796 3343 4862 celo,
3368 4804 3417 4850 et
3442 4807 3605 4851 tactos

2013 4910 2129 4949 oves
2158 4908 2441 4964 puerosque
2470 4891 2815 4960 consumpsit,
2841 4898 2890 4943 et
2910 4887 3067 4960 e/fugi
3089 4904 3182 4959 ego
3202 4887 3361 4956 solus,
3394 4899 3450 4942 ut
3471 4906 3606 4943 nitn-

2011 4988 2195 5041 tiarem
2233 4986 2341 5038 tibi.

2087 5077 2173 5131 25.
2208 5075 2425 5132 Casibus
2454 5076 2732 5145 repentinis
2759 5076 3106 5131 constantiam
3133 5076 3233 5133 Job
3260 5087 3486 5134 evertere
3506 5095 3603 5134 eo-

2014 5181 2189 5226 natur.
2221 5202 2291 5213 ——
2320 5169 2396 5224 Ne
2424 5169 2584 5223 rebus
2622 5166 2846 5239 perditis
2872 5168 3138 5225 minorem
3175 5169 3413 5225 audienti
3451 5169 3605 5224 dolo-

3329 4487 3347 4513 ι

2090 5319 2111 5345 ι’
2149 5308 2450 5381 Vindocin”
2482 5323 2510 5381 a
2536 5307 2741 5381 qutcis
2765 5307 2955 5381 ablata:
2972 5317 3123 5375 sunt;
3151 5308 3244 5363 sed
3270 5324 3385 5381 quae
3412 5306 3604 5361 ablata:

2012 5389 2152 5435 sunt.
2184 5380 2261 5433 lta
2289 5379 2345 5433 S.
2382 5378 2654 5433 Michaelis
2675 5388 2727 5433 ct
2748 5379 2856 5434 alii.

2093 5452 2109 5487 ί
2132 5450 2462 5519 Siclegimus
2483 5450 2533 5503 in
2552 5449 2673 5505 Mss.
2694 5448 2910 5518 Rhem.,
2934 5449 3168 5518 Remig.,
3184 5448 3373 5509 Corb.,
3388 5444 3600 5511 Germ,

2009 5521 2344 5591 Compend,
2375 5520 2597 5591 ValﬁCl.
2646 5519 2842 5575 Eadem
2884 5538 3021 5576 voce
3064 5530 3315 5591 tanquam
3359 5519 3603 5591 neutrius

2011 5589 2228 5663 generis
2257 5600 2438 5663 utetur
2466 5590 2776 5657 Gregorius,
2810 5592 2899 5646 lib.
2934 5608 3043 5655 vm,
3071 5607 3189 5659 cap.
3222 5589 3350 5644 olim
3376 5590 3426 5663 7.
3460 5604 3604 5642 nunc

2014 5662 2134 5733 cap.
2170 5663 2254 5727 1-1,
2283 5679 2337 5717 n.
2362 5662 2452 5730 27,
2484 5663 2876 5733 ηιιιιαηιναάιιηε
2900 5664 3079 5716 mortis
3094 5662 3383 5733 articulum
3406 5662 3598 5733 irrum-

2012 5730 2107 5807 pit.
2141 5734 2237 5807 Hic
2257 5744 2435 5807 autem
2458 5736 2667 5807 variant
2687 5732 2825 5807 Edit.
2852 5732 3019 5807 Paris.
3049 5730 3203 5785 M95.
3230 5732 3402 5807 Habet
3425 5732 3600 5807 etiam,

2014 5800 2292 5876 particula.
2326 5804 2467 5859 Edit.
2502 5803 2659 5858 Basil.
2696 5803 2852 5869 1514,
2884 5802 3038 5857 etiam
3080 5819 3170 5876 per
3200 5803 3455 5857 auricula.
3491 5800 3598 5856 Rc-

2018 5875 2135 5954 liq.,
2168 5900 2258 5955 per
2287 5882 2613 5955 particulam,
2648 5878 2726 5932 vel
2751 5891 2841 5947 per
2866 5875 3168 5945 particulas.
