4130 6478
570 430 671 484 567

1785 408 2027 470 SANCTI
2068 408 2395 468 GREGORH
2433 411 2647 472 MAGNI

3740 408 3853 473 568

566 556 681 597 rem
710 543 942 601 moveat,
988 533 1106 604 ejus
1146 530 1385 587 animum
1416 529 1483 586 ad
1512 539 1539 568 ει
1585 528 1954 595 excedendum
1993 524 2155 580 etiam
2186 524 2239 585 Α
2262 523 2388 592 sint,
2411 528 2645 585 latenter
2663 534 2889 584 mertur
2907 526 3053 599 quod
3067 540 3180 598 .pse
3199 534 3386 582 contra
3407 527 3558 583 illum
3574 528 3851 588 elementa

566 630 697 702 ipsis
734 627 1047 682 nuntiorum
1096 622 1277 678 verbis
1320 620 1556 691 instigat.
1595 618 1913 674 Intuendum
1958 615 2157 684 quippe

564 730 665 786 est,
694 735 855 790 quam
882 716 1077 773 callide
1107 716 1301 772 dicitur
1329 733 1342 768 :
1367 713 1519 787 Ignis
1541 712 1659 776 Dei,
1688 726 1752 766 ac
1771 711 1816 766 si
1844 709 2115 765 diceretur
2140 723 2153 759 :

562 812 711 871 Illius
732 809 1259 867 animadversionem
1282 808 1538 876 sustines,
1559 821 1718 877 quem
1740 813 1823 859 tot
1844 803 2030 857 hostiis
2050 799 2159 871 pla-

568 921 696 962 care
714 902 925 960 voluisti
947 920 961 969 ;
993 902 1134 957 illius
1156 902 1291 957 iram
1316 901 1531 965 toleras,
1555 899 1641 955 cui
1663 896 1901 969 quotidie
1920 893 2158 950 serviens

563 998 876 1054 insudabas.
910 994 1048 1050 Dum
1088 996 1232 1049 enim
1262 993 1429 1049 Deum
1449 1034 1463 1058 ,
1497 992 1581 1046 cui
1610 990 1901 1056 servierat,
1932 986 2157 1040 adversa

563 1084 808 1139 intulisse
838 1084 1060 1147 indicat,
1084 1080 1111 1119 δ
1135 1081 1318 1135 lmsum
1345 1085 1752 1139 commemorat,
1788 1074 1841 1127 in
1863 1087 1970 1143 quo
1999 1084 2155 1125 exce-

563 1177 690 1241 dat;
722 1184 988 1245 quatenus
1011 1181 1261 1228 anteacta
1292 1170 1549 1239 obsequia
1578 1168 1644 1222 ad
1674 1174 1907 1221 mentem
1932 1163 2159 1218 reduce-

565 1277 668 1337 ret,
702 1277 757 1323 et
783 1266 981 1321 frustra
1010 1280 1068 1320 se
1098 1264 1326 1320 servisse
1353 1261 1645 1325 aestimans,
1674 1258 1727 1313 in
1753 1256 1991 1311 auctoris
2020 1252 2159 1323 inju-

562 1362 699 1418 t'iain
723 1360 1046 1429 superbirct.
1074 1356 1166 1410 Pia
1189 1356 1386 1411 etenim
1411 1369 1582 1415 mens,
1609 1367 1732 1407 cum
1756 1366 1815 1405 se
1837 1349 2059 1403 adversa
2089 1347 2157 1402 ab

567 1451 873 1506 hominibus
899 1448 1108 1519 perpeti
1134 1446 1413 1516 conspicit,
1449 1446 1502 1499 in
1526 1444 1718 1498 divina:
1746 1442 1934 1510 gratia:
1965 1453 2161 1494 conso-

567 1546 770 1599 latione
817 1541 1144 1612 requiescit;
1199 1554 1431 1608 cumque
1480 1536 1841 1591 tentationum
1896 1531 2163 1602 procellas

566 1650 869 1691 increscere
900 1634 1240 1688 extrinsecus
1270 1630 1487 1697 viderit,
1518 1642 1788 1683 secessum
1832 1624 1948 1694 spei
1977 1620 2160 1677 Domi-

566 1729 693 1782 nicn
714 1734 995 1796 appetens,
1012 1725 1147 1778 intra
1170 1721 1510 1779 conscientia:
1533 1727 1745 1792 portum
1766 1716 1923 1786 fugit.
1943 1714 2015 1771 Ut
2035 1729 2166 1769 vero

566 1827 814 1874 versutus
858 1818 1030 1872 hostis
1074 1832 1183 1870 uno
1223 1812 1521 1881 eodemque
1563 1819 1811 1879 tempore
1851 1806 2023 1864 sancti
2065 1804 2165 1859 viri

2259 623 2510 689 moverit,
2542 622 2633 693 qui
2663 622 2869 679 moveri
2896 621 3163 692 permisit;
3194 621 3437 692 quamvis
3466 621 3636 679 Satan
3675 624 3850 681 semel

2260 723 2482 784 accepta
2511 730 2542 769 a
2585 714 2815 771 Domino
2854 723 3123 786 potestate
3151 713 3216 768 ad
3256 730 3409 769 usum
3450 728 3561 770 sum
3590 717 3853 787 nequitia

2260 804 2421 859 etiam
2452 806 2718 861 elementa
2747 816 3036 862 concutere
3065 806 3339 876 praevalet.
3368 806 3478 861 Nec
3505 822 3729 864 movere
3750 809 3853 865 de-

2258 896 2370 963 bet,
2396 897 2441 951 si
2467 898 2685 968 spiritus
2709 898 2776 953 de
2797 898 3022 954 summis
3042 898 3315 968 projectus
3336 898 3555 955 turbare
3576 899 3631 954 in
3654 910 3854 957 ventos
3870 888 3885 897 ’

2261 1002 2440 1041 aerem
2471 988 2675 1057 potuit;
2709 1005 2833 1043 cum
2862 989 3115 1043 nimirum
3144 995 3354 1044 constet
3380 990 3502 1058 quia
3530 998 3586 1045 et
3616 989 3853 1046 damna-

2261 1079 2330 1133 tis
2368 1078 2476 1149 [ιθ
2504 1080 2557 1134 in
2599 1081 2901 1147 metallum,
2935 1081 3001 1136 ad
3032 1097 3185 1135 usum
3233 1095 3370 1151 aqua
3399 1090 3454 1135 et
3482 1082 3617 1151 ignis
3660 1084 3854 1137 servit.

2263 1172 2554 1239 Quazsitum
2584 1182 2668 1226 est
2697 1172 2859 1241 igitur
2888 1180 2946 1225 ut
2974 1171 3349 1227 nuntiarentur
3374 1172 3535 1241 mala,
3564 1174 3856 1243 qumsitum

2262 1272 2321 1317 ut
2347 1265 2531 1329 multa,
2564 1264 2845 1335 quzesitum
2875 1271 2932 1317 ut
2956 1263 3150 1319 subita.
3176 1262 3283 1318 Sed
3309 1279 3431 1318 cum
3456 1266 3601 1334 prius
3625 1266 3859 1321 adversa

2264 1356 2549 1422 nuntiavit,
2580 1356 2867 1424 tranquillo
2896 1354 3070 1410 adhuc
3098 1356 3307 1426 pectori
3332 1357 3485 1428 quasi
3509 1358 3657 1415 sanis
3684 1373 3860 1412 mem-

2263 1444 2373 1499 bris
2395 1445 2584 1501 vulnus
2606 1445 2828 1512 inllixit;
2852 1461 2972 1501 cum
3002 1461 3129 1501 vero
3152 1462 3463 1516 percussum
3484 1463 3579 1503 cor
3607 1448 3860 1504 feriendo

2264 1542 2497 1611 repetiit,
2530 1551 2587 1596 ut
2616 1541 2682 1595 ad
2712 1541 3056 1609 impatientia:
3088 1540 3250 1598 verba
3279 1542 3661 1614 compelleret,
3692 1558 3861 1615 super

2266 1635 2484 1690 vulnera
2514 1635 2706 1691 vulnus
2734 1634 3011 1705 irrogavit.

2339 1747 2424 1801 26.
2452 1746 2637 1819 Plagw
2663 1746 2761 1801 Job
2800 1747 2983 1802 subitae
3008 1756 3059 1801 et
3087 1747 3413 1818 multiplices.
3441 1747 3856 1803 —lntuendum

2268 1856 2396 1896 vero
2443 1848 2527 1896 est
2572 1856 2731 1910 quam
2777 1840 2969 1895 callide
3014 1841 3224 1895 curavit
3248 1842 3419 1895 hostis
3442 1842 3717 1910 antiquus,
3749 1856 3858 1897 non

566 1903 1032 1966 robustissimum”
1046 1916 1234 1980 pectus
1264 1914 1319 1961 et
1348 1904 1604 1959 humanis
1643 1900 2080 2001 adversitatilius,
2110 1905 2166 1952 et
2194 1914 2243 1975 Β
2270 1940 2378 1986 tam
2405 1900 2612 2001 jactur;
2657 1947 2836 1986 rerum
2867 1932 3043 1987 sane“
3072 1932 3171 1987 viri
3218 1931 3531 2001 patientiam
3572 1900 3858 2001 um’pem’

566 2003 743 2058 divina
792 2013 813 2041 ο
856 2001 1233 2071 desperatione
1271 2003 1616 2057 concuteret,
1663 2001 1717 2049 et
1759 1992 1907 2063 prius
1945 1990 2163 2043 Sabaeos

566 2093 788 2151 irruisse
831 2093 1028 2160 intulit,
1062 2100 1117 2147 et
1145 2107 1274 2145 mox
1302 2090 1478 2158 ignem
1509 2086 1603 2141 Dei
1644 2085 1711 2140 de
1739 2084 1877 2139 cmlo
1906 2080 2165 2138 cecidisse

565 2185 862 2250 nuntiavit;
919 2192 982 2240 ut
1043 2183 1197 2253 quasi
1247 2194 1462 2245 omnem
1516 2177 1720 2232 aditum
1776 2171 2164 2231 consolationis

565 2276 911 2340 excluderet,
941 2276 1069 2331 dum
1098 2283 1153 2329 et
1197 2274 1372 2343 ipsum
1403 2270 1780 2326 adversantem
1824 2265 2162 2334 ostenderet,

567 2370 659 2439 qui
690 2367 961 2423 consolari
992 2366 1228 2421 animum
1262 2365 1402 2418 inter
1431 2362 1656 2417 adversa
1686 2360 1953 2432 potuisset
1986 2376 1998 2411 :
2032 2370 2165 2425 qua-

568 2468 726 2513 tenus
748 2458 874 2513 dum
897 2472 955 2512 se
982 2465 1219 2512 tentatus
1241 2455 1476 2523 undique
1497 2453 1715 2509 destitui
1741 2460 1902 2521 atque
1926 2447 2167 2517 undique

568 2550 742 2621 premi
789 2540 1121 2615 considerat,
1173 2549 1227 2603 in
1271 2547 1653 2603 contumeliam
1684 2553 1836 2600 tanto
1875 2542 2163 2611 audacius,

568 2650 771 2713 quanto
800 2650 857 2697 et
885 2641 1220 2713 desperatius
1252 2648 1520 2712 erumpat.
1553 2638 1810 2710 Sequitur
1844 2655 1855 2689 :

1181 2754 1410 2811 CAPUT
1440 2752 1556 2809 XV.

638 2852 804 2911 Vnus.
839 2853 927 2907 i7.
957 2881 1027 2892 —
1058 2850 1165 2906 Sed
1190 2858 1241 2904 et
1268 2848 1360 2903 illo
1386 2847 1554 2901 adhuc
1582 2847 1842 2915 loquente,
1874 2842 2011 2898 venit
2030 2841 2165 2896 alius

567 2955 615 3001 et
642 2947 819 3002 dixit:
853 2948 1084 3003 Chaldazi
1122 2948 1352 3018 fecerunt
1386 2953 1488 2999 tres
1520 2952 1748 3007 turmas,
1792 2950 1840 2995 et
1870 2940 2167 2994 invaserunt

566 3040 812 3108 cantelos,
838 3050 887 3094 et
908 3041 1133 3095 tulerunt
1159 3054 1269 3106 eos,
1293 3053 1490 3091 necnon
1518 3045 1568 3089 et
1597 3050 1781 3105 pueros
1804 3040 2166 3104 percusserunt

567 3135 765 3206 gladio,
797 3144 847 3191 et
876 3135 1034 3207 effugi
1057 3151 1151 3205 ego
1181 3133 1338 3199 solus,
1367 3140 1423 3185 ut
1452 3130 1748 3184 nuntiarem
1779 3127 1887 3181 tibi.

636 3225 727 3282 24.
770 3226 997 3281 Vulnera
1033 3218 1440 3296 ingeminat.'——
1466 3219 1607 3277 Ecce
1653 3220 1879 3282 iterum,
1930 3232 1998 3272 ne
2038 3214 2167 3287 quid

2267 2041 2427 2095 quam
2450 2027 2567 2085 ipso
2585 2026 2772 2082 ordine
2788 2027 3119 2081 nuntiorum.
3140 2025 3241 2093 Qui
3262 2026 3484 2083 studens
3504 2025 3651 2096 prius
3665 2042 3856 2097 parva,

2267 2127 2323 2174 et
2371 2126 2492 2189 post
2536 2119 2785 2173 nuntiare
2832 2118 3058 2187 majora,
3090 2118 3144 2172 in
3172 2125 3417 2173 extremo
3448 2116 3681 2172 ﬁliorum
3709 2132 3856 2172 mor-

2270 2219 2378 2267 tem
2404 2211 2613 2276 intulit,
2652 2227 2721 2265 ne
2748 2211 2872 2267 vilia
2904 2221 3059 2281 pater
3101 2210 3180 2265 rei
3208 2209 3487 2265 familiaris
3524 2210 3723 2265 damna
3760 2210 3857 2266 du-

2267 2311 2439 2372 ceret,
2466 2303 2512 2358 si
2536 2302 2625 2356 illa
2648 2304 2760 2372 jam
2802 2303 3023 2359 orbatus
3047 2303 3293 2370 audiret;
3321 2311 3377 2359 et
3406 2304 3584 2358 minus
3608 2311 3855 2372 percute-

2267 2410 2351 2457 ret
2376 2416 2554 2455 rerum
2580 2400 2816 2463 amissio,
2850 2400 3177 2469 praecognita
3225 2408 3402 2454 morte
3444 2398 3704 2467 ﬁliorum,
3733 2398 3857 2469 quia

2267 2494 2519 2550 videlicet
2561 2492 2707 2547 nulla
2738 2501 2881 2549 esset
2911 2492 3216 2561 haereditas,
3248 2492 3295 2548 si
3322 2493 3444 2549 illos
3468 2493 3620 2564 prius
3646 2493 3855 2548 subtra-

2268 2590 2424 2645 heret
2442 2584 2469 2624 ά
2496 2588 2588 2659 qui
2616 2586 2970 2641 servabantur
2998 2585 3258 2642 heredes.
3312 2585 3420 2641 Sed
3448 2600 3481 2641 a
3522 2585 3759 2640 minimis
3785 2586 3855 2640 in-

2267 2681 2497 2752 cipiens,
2525 2680 2579 2733 in
2603 2679 2848 2734 ultimum
2872 2679 3120 2751 graviora
3160 2678 3469 2745 nuntiavit;
3500 2688 3560 2733 ut
3580 2679 3711 2734 dum
3731 2692 3855 2748 gra-

2270 2776 2437 2831 datim
2483 2774 2754 2830 deteriora
2780 2781 3155 2844 cognosceret,
3206 2772 3261 2828 in
3300 2772 3417 2844 ejus
3442 2773 3609 2830 corde
3656 2772 3857 2829 doloris

2271 2867 2449 2923 locum
2479 2882 2640 2923 omne
2665 2866 2861 2922 vulnus
2889 2866 3175 2922 inveniret.
3205 2865 3514 2922 Notandum
3553 2880 3716 2937 quam
3745 2863 3857 2920 cal-

2270 2960 2377 3016 lide
2405 2968 2486 3016 tot
2526 2960 2789 3016 malorum
2817 2959 3085 3030 pondera,
3125 2968 3180 3015 et
3206 2958 3399 3027 divisa,
3425 2966 3483 3015 et
3510 2958 3688 3014 subita
3716 2972 3855 3013 nun-

2271 3053 2493 3119 tiantur,
2522 3060 2583 3107 ut
2624 3059 2680 3107 et
2715 3060 2959 3122 repente,
2990 3061 3046 3109 et
3070 3052 3431 3122 particulatim
3467 3066 3722 3107 crescens
3744 3093 3763 3120 ,
3806 3050 3856 3105 in

2272 3142 2538 3197 audientis
2564 3141 2731 3198 corde
2752 3157 2872 3198 sese
2892 3142 3046 3199 dolor
3063 3143 3178 3213 ipse
3202 3159 3310 3198 non
3334 3151 3588 3214 caperet;
3626 3151 3684 3198 et
3711 3150 3857 3197 tanto

2272 3237 2546 3293 ardentius
2574 3236 2629 3292 in
2654 3236 3046 3307 blasphemiam
3072 3235 3415 3303 accenderet,
3433 3243 3639 3307 quanto
3669 3234 3857 3290 subitis

568 3317 745 3373 minus
773 3317 840 3372 de
861 3316 1097 3370 humana
1118 3314 1443 3369 δδνθτείιδίθ
1462 3310 1722 3366 “luisset
1743 3351 1758 3377 ν
1787 3308 2163 3363 Chaldaeorum
2193 3300 2242 3367 α
2273 3347 2338 3388 ac
2358 3329 2744 3401 multiplicibus
2773 3300 2974 3384 nuntiis
2997 3328 3051 3383 in
3074 3344 3136 3385 se
3168 3338 3191 3365 °
3214 3300 3493 3398 angustius
3517 3336 3796 3384 aestuaret.

570 3420 775 3466 turmas
805 3410 1025 3464 irruisse
1046 3407 1359 3474 denuntiat;
1390 3414 1445 3461 et
1464 3420 1531 3460 ne
1560 3405 1707 3459 illum
1732 3404 1909 3459 minus
1931 3404 2165 3476 desuper

570 3502 793 3558 veniens
834 3499 1131 3556 adversitas
1156 3498 1334 3567 feriat,
1366 3498 1620 3554 iteratam
1649 3496 1786 3551 iram
1828 3496 1883 3551 in
1912 3510 2039 3553 aere
2065 3496 2163 3553 de-

570 3602 855 3652 monstrat.
888 3594 1025 3650 Nam
1051 3592 1298 3662 sequitur
1329 3614 1343 3647 ;

995 3684 1225 3742 CAPUT
1259 3684 1377 3740 xv1
1409 3683 1551 3756 [Vet.
1584 3682 1737 3755 XV].

638 3782 802 3838 Vnus.
833 3780 923 3849 18,
956 3780 1042 3833 l9.
1071 3810 1143 3822 —
1170 3776 1503 3850 Loquebatur
1541 3778 1650 3846 ille,
1680 3784 1730 3831 et
1755 3791 1871 3831 ecce
1918 3778 2054 3831 alius
2084 3777 2168 3830 in-

567 3878 746 3945 trarit,
777 3886 825 3931 et
865 3876 1049 3929 dixit:
1079 3872 1127 3926 F
1130 3874 1236 3929 iliis
1279 3873 1377 3927 tuis
1418 3880 1467 3926 et
1504 3871 1713 3942 ﬁliabus
1758 3869 2077 3926 vescentibus
2115 3877 2167 3924 et

567 3966 854 4022 bibentibus
885 3968 1057 4021 vinum
1096 3967 1150 4019 in
1196 3964 1347 4019 domo
1378 3964 1559 4035 fratris
1587 3963 1671 4017 sui
1696 3963 2047 4035 primogeniti,
2079 3977 2165 4016 re—

566 4068 920 4131 pente'ventus
949 4058 1214 4113 vehemens
1239 4057 1392 4111 irruit
1419 4072 1451 4107 a
1479 4054 1688 4125 regione
1718 4054 1929 4121 deserti,
1955 4062 2006 4106 et
2034 4069 2165 4108 con-

566 4154 723 4206 cussit
752 4161 972 4223 quatuor
998 4151 1215 4221 angulos
1245 4149 1446 4213 domus,
1479 4163 1594 4217 qua:
1634 4162 1880 4200 corruens
1910 4145 2168 4215 oppressit

567 4241 755 4296 liberos
781 4250 914 4305 tuos,
936 4247 985 4295 et
1005 4240 1198 4295 mortui
1227 4247 1363 4305 sunt,
1396 4245 1445 4291 et
1473 4236 1632 4307 effugi
1653 4253 1747 4307 ego
1771 4236 1931 4301 solus,
1953 4244 2009 4289 ut
2030 4252 2167 4290 nun-

571 4336 755 4389 tiarem
777 4333 893 4389 tibi.

640 4421 727 4477 25.
760 4423 843 4509 ᾼά
872 4423 1049 4479 odium
1084 4421 1184 4477 Dei
1228 4435 1506 4491 provocare
1549 4426 1786 4475 conatur.
1818 4447 1888 4459 —-
1916 4416 2019 4484 Qui
2054 4433 2164 4474 uno

570 4516 794 4572 vulnere
824 4531 933 4571 non
962 4512 1359 4585 prosternitur,’
1379 4510 1578 4565 idcirco
1609 4510 1712 4576 bis,
1745 4516 1936 4576 terque
1966 4525 2161 4581 percu-

571 4609 720 4675 titur,
749 4616 809 4663 ut
839 4621 1009 4677 usque
1052 4605 1120 4660 ad
1149 4604 1337 4659 intima
1381 4602 1706 4673 quandoque
1733 4602 1975 4658 feriatur.
2009 4600 2161 4656 Nun-

567 4703 700 4756 tiata
730 4702 912 4771 itaque
940 4698 1115 4754 fuerat
1141 4697 1439 4753 adversitas
1464 4697 1531 4751 de
1558 4694 1784 4765 Sabaeis,
1816 4696 2059 4750 nuntiata
2082 4694 2165 4751 di-

567 4797 693 4846 vina
733 4789 1129 4846 animadversio
1159 4803 1256 4860 per
1284 4787 1462 4859 ignem
1490 4786 1558 4842 de
1596 4786 1757 4853 coelo,
1789 4786 2068 4842 nuntiatur
2095 4788 2163 4843 ab

568 4881 875 4937 hominibus
903 4882 1098 4937 iterum
1128 4881 1458 4936 camelorum
1486 4887 1692 4949 raptus,
1725 4879 2006 4949 caedesque
2026 4894 2162 4950 pue-

566 4990 783 5041 rorum,
812 4983 869 5030 et
912 4974 1104 5029 divinae
1144 4971 1527 5043 indignationis
1569 4970 1650 5025 ira
1692 4972 1982 5042 repetitur,
2032 4970 2162 5026 dum

565 5074 765 5122 ventus
804 5068 1011 5121 irruens
1064 5065 1398 5121 concussisse
1444 5064 1636 5120 domus
1682 5064 1939 5133 angulos,
1998 5072 2163 5133 atque

566 5161 890 5217 exstinxisse
932 5161 1131 5215 liberos
1160 5160 1444 5215 indicatur.
1476 5159 1612 5226 Quia
1642 5159 1788 5213 enim
1834 5165 2023 5213 notum
2053 5164 2161 5226 est,

564 5252 715 5327 quod
734 5252 939 5324 absque
959 5267 1193 5323 superno
1218 5262 1349 5308 nutu
1378 5252 1581 5308 moveri
1604 5250 1875 5306 elementa
1902 5265 2014 5306 non
2040 5264 2167 5321 pos-

636 5442 666 5472 ι
693 5389 843 5489 Editl
863 5448 987 5489 cum
1016 5446 1124 5487 uno
1140 5430 1264 5487 Mss.
1296 5430 1453 5499 Reg.,
1486 5435 1553 5483 ad
1576 5428 1935 5483 exercendum.
1970 5427 2164 5485 Rhem.

564 5510 623 5574 et
649 5503 863 5574 Remig.
888 5518 1077 5559 omnes
1104 5518 1229 5559 cum
1251 5502 1472 5574 aliguib.
1497 5500 1706 5574 No_rm_,
1732 5500 1802 5574 ad
1823 5500 2164 5574 exedendum.

564 5570 855 5647 Sequier
881 5576 1007 5630 Mss.
1041 5574 1283 5638 Belvac.;
1314 5570 1637 5640 Compend..
1667 5570 1893 5636 Corbo.,
1930 5571 2042 5627 Val.
2074 5572 2159 5629 Cl.

636 5645 666 5685 δ
694 5647 878 5702 Antia.
909 5645 1029 5702 Ed..
1062 5645 1345 5699 lwsionem.
1380 5641 1530 5702 Coc.,
1561 5639 1752 5702 Gilot..
1776 5641 1977 5702 Vatic..
2012 5644 2159 5699 lazso.

638 5662 666 5685 ⁸³
694 5662 878 5716 Anttq.
909 5662 1029 5712 ιαο,
1062 5662 1345 5699 ιωειοηεηι.
1380 5662 1530 5705 ωοη
1561 5662 1752 5708 υιιοῑ.,
1787 5662 1977 5708 νυιιρη
2012 5662 2159 5699 ιαῑδο.

565 5716 856 5781 Gussanv.,
900 5715 965 5770 ab
992 5733 1053 5772 eo
1094 5716 1293 5772 lazsum.
1326 5714 1396 5767 At
1437 5711 1560 5767 Mss.
1595 5715 1913 5780 simpliciter
1957 5715 2158 5769 (rasum.

640 5799 659 5824 ο
694 5786 773 5841 lta
803 5786 937 5842 'Mss.
968 5802 1138 5857 prope
1174 5800 1379 5842 omnes.
1415 5785 1481 5837 At
1523 5784 1630 5838 duo
1673 5783 1832 5853 Reg,
1881 5800 2002 5837 cum
2034 5785 2158 5852 Ed.,

566 5855 743 5928 divina
774 5855 1177 5928 dispensatione.

638 5922 665 5961 ιι
691 5922 975 5984 Antiquior
1004 5926 1183 5993 ἣρω,
1216 5942 1336 5982 cum
1359 5926 1547 5995 Corb.,
1566 5926 1747 5985 Germ.
1774 5934 1825 5981 ct
1849 5926 2031 5994 Coll»,
2058 5928 2164 5998 qui-

2345 3444 2490 3517 [νει.
2513 3442 2565 3498 Χ
2580 3442 2678 3510 γι,
2710 3443 2833 3498 Rec.
2864 3440 2958 3514 X].
2996 3441 3085 3496 27.
3119 3441 3425 3514 Praepositis
3470 3443 3725 3511 voluptati
3749 3458 3858 3497 scr-

2270 3534 2540 3602 vientibus,
2583 3533 2800 3589 subditis
2840 3535 2988 3605 (rena
3016 3533 3283 3587 laxantur.
3323 3532 3390 3588 In
3428 3533 3678 3588 conviviis
3706 3534 3858 3588 etiam

2268 3630 2553 3685 moderatis
2576 3628 2744 3683 locum
2780 3625 3018 3682 diabolus
3052 3626 3267 3681 invenit.
3298 3625 3407 3681 Sed
3432 3640 3613 3696 neque
3632 3624 3739 3681 hoc
3768 3639 3859 3681 ne-

2272 3721 2447 3791 glecte
2474 3717 2907 3790 praetereundum
2936 3726 3096 3788 puto,
3128 3717 3274 3787 quod
3302 3717 3394 3771 lilii
3418 3718 3470 3773 in
3501 3718 3726 3787 majoris
3746 3718 3858 3771 ira-

2273 3813 2373 3868 tris
2400 3812 2562 3868 domo
2586 3810 3029 3876 convivabantur,
3062 3825 3184 3865 cum
3203 3816 3452 3881 pereunt.
3477 3809 3691 3864 Dictum
3710 3823 3858 3863 nam.

2272 3920 2379 3975 que
2398 3912 2483 3960 est
2510 3903 2782 3975 superius,
2802 3901 2947 3972 quod
2968 3900 3211 3957 convivia
3235 3900 3421 3971 peragi
3445 3899 3563 3955 sine
3583 3900 3745 3970 culpa
3773 3898 3857 3953 vix

2272 4005 2518 4071 possunt.
2568 3995 2640 4052 Ut
2687 4008 2818 4066 ergo
2863 4002 3067 4060 nostra,
3106 3991 3125 4031 τ
3166 4007 3277 4047 non
3306 3992 3521 4047 illorum
3552 3992 3858 4060 loquamur,

2272 4092 2557 4149 sciendum
2606 4090 2764 4147 nobis
2810 4096 2894 4145 est
2935 4088 3062 4159 quia
3111 4086 3256 4158 quod
3284 4100 3316 4140 a
3344 4086 3645 4141 minoribus
3674 4084 3859 4155 volup-

2273 4192 2430 4242 tuose
2474 4186 2682 4256 agitur,
2733 4183 3001 4254 majorum
3047 4181 3328 4253 disciplina
3377 4181 3693 4249 cohibetur;
3741 4195 3859 4236 cum

2269 4304 2402 4345 vero
2431 4286 2668 4357 majores
2706 4284 2808 4354 ipsi
2832 4281 3098 4354 voluptati
3120 4280 3453 4346 deserviunt,
3484 4280 3741 4335 nimirum
3763 4279 3860 4334 mi-

2268 4383 2493 4439 noribus
2521 4379 2751 4436 lasciviae
2768 4377 2918 4433 frena
2946 4377 3214 4432 laxantur.
3239 4372 3372 4441 Quis
3393 4373 3537 4429 enim
3566 4372 3669 4428 sub
3697 4372 3860 4428 disci-

2268 4475 2431 4546 plina:
2472 4488 2529 4529 se
2557 4470 2946 4528 constrictione
2966 4467 3220 4533 retineat,
3267 4465 3483 4536 quando
3512 4473 3568 4521 et
3596 4464 3723 4536 ipsi,
3771 4466 3861 4535 qui

2267 4577 2355 4649 jus
2376 4574 2776 4632 constrictionis
2803 4571 3094 4642 accipiunt,
3142 4582 3264 4625 sese
3304 4566 3677 4639 voluptatibus
3718 4566 3859 4621 rela-

2186 4694 2244 4757 n
2270 4673 2433 4728 xant?
2454 4670 2588 4725 Dum
2619 4681 2747 4738 ergo
2771 4667 2825 4722 in
2846 4664 3065 4735 majoris
3088 4662 3453 4719 fratris-domo
3480 4660 3859 4725 convivantur,

2268 4770 2527 4838 pereunt,
2557 4762 2684 4832 quia
2734 4768 2865 4815 tunc
2909 4765 3099 4814 contra
3137 4770 3237 4811 nos
3282 4752 3457 4810 hostis
3483 4751 3863 4807 vehementius

2268 4868 2413 4924 vires
2437 4862 2657 4933 accipit,
2683 4857 2898 4930 quando
2927 4864 2984 4913 et
3004 4858 3152 4922 ipsos
3180 4854 3271 4926 qui
3299 4868 3398 4924 pro
3425 4849 3675 4908 custodia
3704 4850 3865 4906 disci-

2269 4961 2428 5034 plina:
2447 4956 2656 5030 praelati
2684 4961 2809 5011 sunt
2838 4962 2863 5001 ε
2893 4950 3092 5007 lzetitize
3118 4948 3323 5009 servire
3350 4943 3654 5014 cognoscit.
3684 4940 3863 4998 Tanto

2268 5056 2413 5112 enim
2435 5050 2683 5109 licentius
2711 5047 2780 5104 ad
2798 5044 3097 5102 feriendum
3118 5047 3366 5111 occupat,
3392 5045 3598 5108 quanto
3623 5036 3751 5093 ethi
3769 5034 3865 5106 qui

2267 5148 2603 5207 intercedere
2622 5161 2723 5218 pro
2749 5142 2921 5214 culpis
2942 5144 3195 5212 poterant
3219 5133 3483 5205 voluptati
3504 5140 3725 5187 vacant.

2268 5243 2341 5300 sit
2364 5250 2545 5298 autem
2572 5217 2643 5295 ne
2672 5235 2808 5291 tanti
2838 5232 2937 5290 viri
2965 5227 3103 5286 ﬁlios
3140 5242 3237 5300 per
3263 5222 3638 5283 conviviorum
3683 5217 3867 5278 studia

2268 5426 2362 5480 bus
2388 5422 2690 5479 servabatur
2711 5414 3015 5472 hereditas.

2343 5505 2366 5533 ο
2396 5494 2564 5549 [idem
2596 5489 2747 5555 Mss.,
2776 5485 3050 5560 angustiis.
3109 5550 3160 5560 __
3196 5550 3231 5560 η
3360 5548 3394 5560 υ

2343 5566 2362 5605 τ
2396 5546 2688 5627 ῧίιέεθηνη
2712 5546 2817 5614 non
2839 5546 3081 5627 ειεοηιηι.
3109 5550 3300 5627 uenus
3327 5548 3417 5627 alii
3441 5546 3719 5627 libri,_non
3740 5546 3864 5601 illo-

2266 5618 2510 5702 ruszc;
2543 5618 2772 5687 ﬁliorum
2796 5627 2914 5702 Job,
2949 5625 3015 5680 de
3035 5623 3230 5695 quibus
3257 5620 3399 5677 male
3418 5618 3607 5676 sentiri
3635 5633 3750 5675 non
3775 5632 3867 5690 ps-

2269 5700 2399 5765 titur
2426 5712 2645 5761 sanctus
2672 5700 2985 5767 Gregorius.

2343 5759 2481 5833 s'Sic
2511 5776 2671 5838 Mss.;
2723 5759 2862 5824 Editi
2913 5784 3061 5829 vero,
3094 5766 3277 5820 ventri.
3311 5763 3437 5817 Mox
3458 5771 3610 5838 _post_._
3634 5759 3867 5838 verbum

2270 5830 2485 5919 occupat
2515 5830 2743 5919 Coccius
2774 5839 2991 5919 adjecit,
3019 5838 3251 5919 subditos
3269 5830 3484 5919 :“quod
3502 5833 3682 5889 nullus
3709 5830 3869 5886 dein—

2271 5904 2407 5994 ceps'
2428 5917 2706 5990 expunxit,
2731 5904 2962 5969 etsi'non
2984 5916 3160 5967 exstet
3188 5907 3247 5965 in
3273 5904 3398 5962 Mss.
