4130 6440
295 348 401 411 569

1219 344 1584 405 MORALIUM
1626 346 1757 404 LIB.
1801 345 1871 402 ll.
1912 372 1985 388 —-
2021 344 2087 402 IN
2127 345 2282 402 CAP.
2325 346 2346 404 1
2386 348 2445 403 Β.
2489 346 2627 404 JOB.

3465 353 3571 411 5'70

292 461 676 537 ingurgitando
710 460 888 519 ventri
915 474 1139 519 vacasse
1164 462 1530 534 suspicemur;
1562 461 1659 519 sed
1702 468 1886 519 tamen
1910 466 1962 526 Α
1990 462 2210 518 omnino
2239 470 2417 518 motus
2460 469 2562 527 est,
2605 476 2674 517 ne
2702 464 2862 517 nimis
2885 462 3119 519 dolendo
3156 473 3425 535 peccaret.
3463 465 3573 524 Sed

293 561 563 619 veraciter
588 560 837 617 novimus
878 559 1003 630 quia
1051 559 1152 616 etsi
1191 575 1291 630 per
1337 560 1633 632 disciplina:
1659 561 1888 632 quisque

294 652 599 711 custodiam
620 650 960 709 necessitatis
980 658 1152 708 metas
1177 651 1390 709 edendo
1414 668 1523 709 non
1550 654 1764 722 transit,
1794 668 1887 709 ae-

295 759 461 803 censa
480 752 660 801 tamen
688 744 883 801 mentis
904 744 1133 800 intentio
1154 744 1296 817 inter
1315 745 1564 801 convivia
1590 745 1884 817 torpescit;

293 846 354 897 et
377 838 557 895 minus
584 836 641 891 in
668 842 871 906 quanto
899 835 970 890 sit
996 835 1359 891 tentationum
1387 834 1531 891 bello
1558 834 1888 901 considerat,

299 938 329 970 ι
355 945 477 1002 quae
520 944 579 986 se
603 943 702 999 per
728 927 1075 985 securitatem
1098 927 1327 983 relaxat.
1356 925 1417 981 In
1458 926 1548 982 die
1575 940 1704 997 ergo
1725 923 1888 997 primi

295 1019 477 1077 fratris
502 1019 643 1075 ﬁlios
671 1019 870 1086 obruit,
901 1020 1028 1089 quia
1055 1018 1308 1088 antiquus
1333 1017 1507 1075 hostis
1536 1018 1589 1073 in
1619 1018 1890 1073 minorum

296 1122 478 1171 morte
526 1112 890 1169 subversionis
930 1112 1135 1167 aditum
1182 1127 1279 1182 per
1316 1110 1697 1180 negligentiam
1727 1110 1893 1179 majo-

297 1221 421 1260 rum
467 1204 677 1275 quterit.
745 1203 853 1258 Sed
906 1203 1033 1273 quia
1082 1202 1298 1272 quantis
1346 1202 1656 1257 nuntiorum
1699 1199 1893 1270 jaculis

299 1295 371 1349 sit
394 1309 698 1365 percussus,
724 1294 1073 1364 agnovimus;
1097 1294 1180 1348 vir
1200 1291 1358 1348 fortis
1378 1301 1583 1363 noster,
1605 1292 1780 1364 qualis
1804 1292 1891 1348 iu—

301 1394 386 1443 ter
412 1387 634 1443 vulnera
660 1387 944 1453 consistat,
974 1386 1276 1442 audiamus.
1304 1386 1558 1469 Sequitur
1582 1404 1596 1440 :

743 1498 973 1556 CAPUT
992 1498 1114 1554 xv1
1137 1499 1290 1574 [Rec.
1321 1498 1453 1572 XI].

376 1591 535 1648 Vens.
557 1591 646 1647 20.
674 1624 747 1636 —
776 1590 921 1645 Tunc
946 1591 1174 1645 surrexit
1196 1590 1318 1659 Job,
1349 1600 1399 1645 et
1419 1590 1574 1645 scidit
1594 1591 1895 1646 uestimenta

302 1700 399 1739 sua
424 1725 439 1751 ,
469 1692 520 1739 et
553 1692 702 1740 tonso
732 1684 898 1753 capite
919 1700 1160 1738 corruens
1184 1684 1239 1737 in
1274 1693 1464 1737 terram
1493 1684 1750 1739 adoravit.

372 1774 461 1831 28.
490 1776 733 1849 Flagella
758 1775 857 1831 Dei
886 1786 975 1830 aut
1003 1793 1107 1831 non
1136 1779 1348 1843 sentire,
1379 1787 1469 1831 aut
1514 1777 1691 1844 nimis,
1719 1778 1897 1832 uitium

1990 553 2115 624 quia
2162 553 2269 609 duo
2317 564 2443 608 sunt
2487 561 2756 623 przecepta
2805 554 3113 623 charitatis,
3168 555 3264 611 Dei
3319 555 3575 616 videlicet

1989 661 2164 716 amor,
2210 655 2264 702 et
2305 646 2575 716 proximi;
2609 654 2667 701 ut
2695 647 3041 704 dilectionem
3072 650 3303 719 proximi
3330 650 3576 706 exsolve-

1990 747 2094 807 ret,
2122 739 2382 812 impendit
2411 738 2535 794 ﬂliis
2562 739 2792 806 luctum;
2828 756 2896 797 ne
2923 741 3268 797 dilectionem
3298 741 3393 797 Dei
3418 742 3577 798 dese-

1990 834 2164 888 reret,
2220 825 2457 895 explevit
2502 826 2644 880 inter
2689 827 2916 896 gemitus
2948 825 2968 864 ί
3014 830 3335 885 orationem.
3391 828 3581 886 Solent

1991 918 2235 975 nonnulli
2262 920 2315 973 in
2358 918 2631 988 prosperis
2660 916 2830 972 Deum
2856 919 3095 988 diligere,
3128 920 3182 974 in
3211 920 3450 976 adversis
3478 936 3579 975 au-

1992 1019 2103 1067 tem
2132 1011 2293 1081 positi
2318 1009 2676 1079 ﬂagellantem
2716 1011 2893 1065 minus
2919 1027 3123 1068 amare.
3174 1014 3373 1071 Beatus
3398 1022 3579 1069 autem

1992 1104 2094 1161 Job
2121 1122 2221 1176 per
2245 1106 2370 1171 hoc,
2405 1104 2549 1174 quod
2579 1113 2757 1160 motus
2784 1106 3024 1160 exterius
3050 1106 3314 1177 exhibuit,
3345 1108 3581 1164 ostendit

1994 1197 2119 1268 quia
2167 1195 2375 1265 ﬂagella
2422 1196 2589 1266 patris
2636 1197 2889 1265 agnovit;
2920 1212 3018 1267 per
3056 1198 3163 1253 hoc
3193 1206 3392 1266 autem,
3435 1198 3581 1270 quod

1996 1288 2275 1344 adorando
2301 1288 2519 1343 humilis
2546 1288 2764 1355 mansit,
2797 1289 3034 1345 ostendit
3060 1288 3187 1359 quia
3215 1306 3455 1346 amorem
3477 1306 3577 1362 pa-

1994 1383 2094 1438 tris
2120 1397 2223 1437 nec
2258 1382 2313 1436 in
2342 1381 2531 1437 dolore
2568 1382 2821 1437 deseruit.
2853 1381 2931 1438 Ne
2962 1382 3122 1451 igitur
3150 1383 3412 1454 superbus
3439 1390 3584 1439 esset

1996 1489 2106 1529 non
2135 1473 2404 1541 sentiens,
2448 1473 2501 1527 iu
2532 1473 2881 1543 percussione
2908 1474 3149 1539 corruit;
3202 1489 3269 1529 ne
3300 1482 3479 1530 autem
3525 1489 3585 1531 se

1996 1566 2209 1623 ferienti
2256 1575 2572 1623 extraneum
2600 1566 2827 1632 faceret,
2860 1567 2928 1622 ad
2954 1567 3061 1623 hoc
3117 1567 3321 1623 corruit
3342 1575 3405 1622 ut
3448 1568 3584 1623 ado-

1995 1665 2161 1713 raret.
2193 1657 2308 1714 Mos
2351 1667 2533 1713 autem
2561 1668 2811 1714 veterum
2845 1657 2966 1728 fuit,
2997 1666 3058 1713 ut
3083 1659 3321 1731 quisquis
3349 1659 3585 1729 speciem

1998 1750 2079 1805 sui
2109 1752 2352 1820 corporis
2372 1751 2595 1821 capillos
2622 1751 2907 1807 nutriendo
2929 1760 3189 1817 servaret,
3216 1767 3314 1808 eos
3343 1760 3588 1823 tempore

298 1876 395 1925 est.
419 1901 490 1912 —
514 1844 768 1923 Nonnulli
807 1881 1013 1936 magna:
1036 1867 1353 1923 constantiae
1379 1868 1778 1939 philosophiam
1806 1884 1897 1937 pus
1927 1864 1972 1924 Β
2001 1844 2305 1901 amicum“
2332 1844 2671 1939 θδξθίδθῗθίξ
2698 1854 2770 1939 ᾲθι
2802 1860 3034 1939 rursum,
3054 1846 3147 1915 qui
3186 1845 3589 1939 ινδιηααίιιίιξιξῑε

298 1965 437 2026 tant,
467 1958 513 2012 si
539 1956 831 2026 disciplinae
859 1956 1150 2026 asperitate
1176 1955 1431 2026 correpti,
1458 1956 1600 2011 ictus
1632 1956 1660 1995 ι)
1701 1956 1897 2012 verbe-

297 2063 421 2103 rum
452 2046 776 2116 doloresque
804 2060 913 2101 non
942 2046 1201 2100 sentiant.
1233 2044 1487 2101 Nonnulli
1517 2061 1648 2102 vero
1674 2054 1782 2101 tam
1819 2046 1900 2101 ni-

300 2140 408 2196 mis
442 2139 853 2210 percussionum
897 2137 1107 2208 ﬂagella
1138 2138 1396 2207 sentiunt,
1442 2148 1502 2193 ut
1542 2139 1899 2196 immoderato

310 2231 502 2288 dolore
529 2231 812 2299 commoti,
855 2230 1018 2286 etiam
1050 2230 1103 2285 in
1126 2246 1406 2287 excessum
1434 2231 1629 2300 lingua:
1657 2232 1899 2287 dilaban-

297 2328 405 2379 tur.
464 2321 573 2378 Sed
619 2321 862 2393 quisquis
902 2335 1084 2376 veram
1134 2328 1322 2376 tenere
1350 2321 1750 2392 philosophiam
1784 2322 1893 2394 50

299 2414 508 2479 nititur,
540 2428 766 2469 necesse
806 2420 891 2469 est
918 2421 979 2467 ut
1010 2412 1154 2468 inter
1180 2424 1408 2484 utraque
1452 2412 1749 2482 gradiatur.
1780 2413 1899 2468 Non

301 2514 385 2563 est
411 2504 554 2560 enim
583 2503 794 2576 pondus
821 2519 962 2559 vera:
989 2504 1224 2571 virtutis,
1258 2503 1643 2561 insensibilitas
1672 2504 1850 2561 cordis
1883 2523 1895 2560 :

302 2599 429 2671 quia
479 2606 534 2654 et
577 2597 732 2654 valde
780 2598 967 2655 insana
1013 2615 1111 2670 per
1138 2608 1415 2670 stuporem
1463 2601 1705 2656 membra
1751 2609 1897 2668 sunt,

302 2704 422 2759 qua:
451 2696 506 2745 et
546 2688 715 2744 incisa
746 2700 768 2728 ο
800 2688 986 2744 dolere
1024 2704 1368 2760 nequaquam
1408 2698 1651 2761 possunt.
1694 2690 1901 2747 Rursus

304 2780 521 2836 virtutis
550 2779 855 2836 custodiam
904 2779 1129 2847 deserit,
1179 2781 1273 2850 qui
1317 2781 1560 2837 dolorem
1609 2781 1900 2838 verberum

301 2873 444 2929 ultra
473 2888 636 2944 quam
656 2887 882 2929 necesse
908 2880 993 2929 est
1035 2873 1236 2940 sentit;
1261 2875 1384 2943 quia
1407 2873 1534 2929 dum
1564 2874 1733 2929 nimia
1758 2874 1898 2931 afﬂi-

302 2968 483 3024 ctione
510 2983 606 3023 cor
635 2967 892 3037 tangitur,
925 2981 1095 3036 usque
1120 2966 1188 3022 ad
1216 2966 1569 3038 impatientia;
1609 2974 1899 3023 contume-

302 3059 405 3116 lias
433 3061 717 3129 excitatur,
746 3068 802 3116 et
827 3060 919 3130 qui
940 3074 1040 3131 per
1065 3058 1276 3130 ﬂagella
1307 3060 1582 3131 corrigere
1610 3059 1898 3116 malefacta

303 3153 581 3223 debuerat,
613 3155 723 3224 agit
740 3161 802 3209 ut
826 3153 1065 3223 nequitia
1087 3168 1185 3226 per
1209 3151 1477 3224 ﬂagellum
1498 3162 1728 3211 crescat.
1757 3153 1900 3210 Con-

2004 1946 2250 2008 tempore
2277 1938 2500 2010 capillos
2529 1937 2853 2003 abscideret,
2901 1953 2996 1993 eos
3022 1938 3078 1991 in
3107 1938 3418 1993 ostensione
3447 1934 3588 1991 allii-

2002 2031 2197 2086 ctionis
2250 2030 2534 2085 enutriret.
2588 2028 2786 2084 Beatus
2837 2029 3019 2098 itaque
3057 2027 3157 2084 Job
3190 2028 3590 2099 tranquillitatis

2002 2134 2245 2197 tempore
2273 2124 2499 2194 capillos
2526 2138 2773 2180 servasse
2802 2124 3124 2190 ostenditur,
3150 2139 3271 2180 cum
3298 2123 3366 2178 ad
3386 2122 3590 2178 doloris

2000 2232 2155 2273 usum
2182 2224 2344 2287 caput
2370 2216 2670 2272 tetendisse
2696 2225 3063 2284 memoratur;
3087 2224 3352 2287 quatenus
3389 2232 3509 2271 cum
3536 2215 3591 2273 in

2000 2309 2209 2366 cunctis
2236 2323 2359 2363 eum
2381 2308 2544 2371 rebus
2572 2323 2765 2363 manus
2806 2323 3043 2378 superna
3073 2315 3399 2378 percuteret,
3430 2307 3593 2362 etiam

2000 2410 2193 2472 sponte
2230 2401 2381 2457 illum
2432 2401 2762 2471 paenitentiae
2810 2400 3020 2471 species
3072 2399 3285 2455 diversa
3335 2398 3591 2454 fuscaret.

2001 2492 2107 2549 Sed
2135 2494 2236 2549 iste
2265 2502 2458 2550 exutus
2485 2494 2667 2559 rebus,
2714 2491 2836 2547 ﬁliis
2865 2491 3106 2558 orbatus,
3139 2491 3233 2561 qui
3270 2490 3592 2548 vestimenta

2000 2584 2179 2650 scidit,
2237 2582 2329 2655 q'ui
2385 2592 2549 2655 caput
2597 2583 2848 2651 totondit,
2908 2583 3000 2654 qui
3042 2584 3098 2639 in
3129 2592 3327 2641 terram
3366 2583 3594 2651 corruit,

2000 2674 2131 2745 quid
2153 2674 2319 2740 dicat,
2350 2674 2651 2731 audiamus.

2391 2784 2621 2841 CAPUT
2658 2785 2803 2841 xvu
2833 2785 2982 2857 [Rem
3021 2784 3191 2860 XII].

2074 2876 2238 2962 Vens.
2282 2877 2370 2931 21.
2410 2909 2483 2920 --
2511 2876 2700 2933 Nudus
2742 2895 2978 2951 egressus
3006 2895 3122 2935 sum
3148 2877 3213 2933 de
3238 2887 3385 2935 utero
3413 2879 3595 2934 matris

2004 2987 2150 3039 mete,
2181 2971 2349 3025 nudus
2374 2981 2603 3026 revertar
2628 2972 2774 3027 illuc.

2073 3063 2161 3117 '50.
2196 3062 2525 3134 Temporalia
2553 3065 2698 3134 parvi
2731 3064 2972 3133 facienda
2990 3107 3006 3133 ,
3055 3065 3192 3139 quod
3220 3081 3281 3120 ea
3310 3062 3594 3134 aliquando

2005 3172 2107 3211 non
2155 3154 2498 3219 habuerimus,
2533 3173 2625 3210 nec
2647 3156 2873 3212 habituri
2911 3159 3090 3212 simus.
3118 3189 3185 3200 —
3214 3154 3259 3211 Ο
3286 3171 3451 3226 quam
3474 3155 3595 3210 alia:

304 3251 388 3299 tra
416 3245 880 3301 insensibilitatem
901 3246 1102 3315 quippe
1128 3259 1507 3315 percussorum
1534 3262 1631 3317 per
1657 3247 1894 3318 prophe-
1920 3243 1967 3308 C
1997 3252 2114 3309 sedi
2135 3252 2333 3307 interni
2361 3252 2571 3307 consilii
2593 3252 2845 3322 praesidet
2873 3252 2996 3317 iste,
3030 3252 3123 3322 qui
3144 3252 3327 3307 scissis
3354 3250 3595 3305 vestibus

305 3346 415 3393 tam
441 3338 635 3394 dicitur
667 3355 680 3393 :
715 3338 1030 3393 Percussisti
1058 3354 1163 3404 eos,
1198 3354 1291 3392 nec
1316 3338 1623 3405 doluerunt;
1654 3339 1899 3393 attrivisti

306 3447 413 3499 eos,
444 3438 495 3485 et
534 3440 815 3486 renuerunt
842 3431 1077 3499 accipere
1105 3430 1438 3501 disciplinam
1470 3430 1686 3502 (Jerem.
1718 3448 1773 3498 v,
1804 3430 1891 3502 5).

306 3522 506 3579 Contra
560 3522 1060 3594 pusillanimitatem
1098 3518 1477 3591 percussorum
1526 3538 1621 3593 per
1672 3520 1899 3577 Psalmi-

306 3621 447 3671 stam
466 3614 662 3670 dicitur
692 3631 706 3667 :
733 3611 800 3668 In
824 3612 1048 3668 miseriis
1071 3628 1175 3666 non
1194 3612 1473 3667 subsistent
1497 3611 1673 3683 (Psal.
1701 3628 1900 3667 cxxxrx

307 3708 421 3781 ll).
451 3708 509 3763 in
530 3708 759 3765 miseriis
789 3722 1023 3775 namque
1046 3705 1420 3772 subsisterent,
1452 3706 1498 3760 si
1526 3706 1902 3775 aequanimiter

308 3801 534 3857 adversa
562 3802 881 3855 tolerarent.
912 3800 985 3852 At
1006 3807 1292 3868 postquam
1316 3806 1500 3853 mente
1527 3798 1669 3852 inter
1692 3796 1902 3866 ﬂagella

310 3901 593 3959 corruunt,
626 3892 778 3961 quasi
800 3891 939 3946 inter
957 3891 1135 3947 illatas
1159 3891 1407 3947 miserias
1427 3890 1751 3946 subsistendi
1773 3906 1903 3946 con-

309 3984 565 4042 stantiam
589 3984 840 4055 perdunt.

386 4078 513 4153 [Vet
536 4075 689 4149 ηιμ]
713 4077 803 4133 29.
831 4076 931 4133 Job
953 4086 1226 4150 utrumque
1247 4079 1398 4132 cavit.
1418 4074 1811 4132 Mosnutriendi
1830 4078 1907 4133 vel

313 4169 615 4224 abscidendi
636 4170 852 4240 capillos
877 4179 1103 4237 tempore
1125 4170 1449 4241 afflictionis.
1479 4201 1551 4212 —
1579 4167 1776 4224 Beatus
1804 4169 1906 4224 ita-

312 4278 417 4333 que
444 4260 565 4329 Job,
598 4261 724 4332 quia
744 4276 885 4317 verae
907 4261 1260 4333 philosophice
1279 4262 1520 4330 regulam
1550 4262 1739 4328 tenuit,
1771 4277 1904 4317 con-

314 4363 398 4409 tra
426 4365 654 4425 utraque
681 4355 816 4409 mira
844 4370 904 4411 se
931 4356 1201 4425 aequitatis
1236 4364 1351 4411 arte
1372 4355 1637 4421 servavit;
1671 4363 1853 4410 utnec
1877 4354 1905 4391 τι

314 4447 555 4504 dolorem
578 4464 686 4503 non
709 4448 970 4513 sentiens,
998 4448 1210 4519 ﬂagella
1230 4457 1540 4521 sperneret;
1569 4464 1671 4505 nec
1691 4464 1903 4504 rursum

314 4539 455 4595 ultra
484 4539 705 4595 modum
736 4539 980 4595 dolorem
1007 4542 1265 4609 sentiens,
1303 4538 1774 4609 contrajudicium
1806 4537 1904 4594 ﬂa-

2004 3344 2059 3400 in
2089 3353 2233 3401 terra
2263 3351 2565 3415 prostratus
2590 3344 2764 3414 jacet!
2819 3344 2956 3413 Quia
3002 3345 3144 3400 enim
3184 3343 3461 3415 judicante
3489 3342 3597 3398 Do-

2003 3440 2172 3504 mino,
2216 3447 2411 3495 cuncta
2442 3440 2723 3506 amiserat,
2774 3455 2874 3510 pro
2915 3438 3179 3496 servanda
3209 3439 3313 3510 51
3340 3436 3598 3510 patientia

2004 3532 2133 3587 illud
2164 3540 2375 3603 tempus
2400 3530 2466 3586 ad
2495 3532 2813 3587 memoriam
2834 3533 3068 3600 reduxit,
3100 3548 3208 3602 quo
3241 3531 3471 3587 necdum
3499 3529 3599 3585 ista

2004 3641 2123 3696 quae
2149 3626 2385 3696 perdidit
2433 3626 2697 3693 habebat;
2749 3635 2810 3680 ut
2860 3626 2988 3682 dum
3038 3626 3278 3682 intuetur
3327 3626 3470 3695 quod
3500 3624 3597 3680 alis

2005 3717 2221 3788 quando
2244 3718 2335 3772 illa
2362 3733 2471 3773 non
2498 3718 2706 3786 habuit,
2730 3717 2975 3772 dolorem
2999 3723 3268 3786 temperet
3288 3714 3435 3784 quod
3466 3713 3598 3768 ami-

2005 3809 2093 3863 sit.
2128 3808 2318 3878 Magna
2368 3809 2513 3864 enim
2543 3809 2844 3863 consolatio
2873 3816 2957 3863 est
2984 3810 3039 3862 in
3080 3822 3261 3863 rerum
3290 3805 3599 3873 amissione,

2006 3900 2098 3955 illa
2132 3908 2380 3970 tempora
2408 3899 2478 3953 ad
2506 3907 2744 3954 mentem
2782 3899 3072 3964 reducere,
3117 3897 3311 3968 quibus
3340 3911 3440 3952 nos
3469 3912 3599 3951 con-

2010 3990 2127 4058 tigit
2171 4005 2260 4045 res
2288 4005 2422 4059 quas
2449 3988 2781 4060 perdidimus
2811 4005 2920 4044 non
2968 3989 3237 4044 habuisse.
3288 3986 3423 4054 Quia
3470 4001 3600 4043 vero

2008 4095 2197 4136 omnes
2223 4096 2323 4135 nos
2352 4088 2494 4135 terra
2524 4080 2737 4149 genuit,
2772 4080 2911 4136 hanc
2937 4095 3045 4135 non
3075 4078 3345 4134 immerito
3371 4085 3600 4132 matrem

2009 4189 2282 4230 vocamus.
2320 4173 2471 4229 Unde
2500 4174 2757 4244 scriptum
2779 4182 2866 4230 est
2899 4192 2911 4227 :
2945 4172 3111 4227 Grave
3140 4172 3327 4245 jugum
3347 4188 3503 4243 super
3527 4170 3599 4240 ﬁ-

2010 4271 2107 4324 lios
2146 4268 2312 4323 Adam
2340 4286 2372 4323 a
2403 4272 2485 4324 die
2515 4271 2683 4323 exitus
2714 4270 2777 4324 de
2797 4278 2973 4324 ventre
2993 4279 3177 4323 matris
3208 4286 3402 4333 eorum,
3443 4283 3600 4339 usque

2009 4361 2062 4415 in
2100 4360 2237 4414 diem
2277 4359 2552 4430 sepulturae
2577 4360 2632 4413 in
2672 4368 2888 4414 matrem
2917 4360 3145 4415 omnium
3187 4358 3376 4433 (Eccli.
3406 4375 3496 4421 XL,
3526 4358 3597 4428 l).

2009 4454 2210 4510 Beatus
2239 4454 2400 4522 igitur
2421 4452 2542 4518 Job,
2579 4462 2638 4508 ut
2667 4454 3142 4523 patienterilugeat
3168 4453 3312 4522 quod
3342 4451 3430 4505 hic
3470 4450 3599 4504 alui-

2010 4546 2102 4613 sit,
2152 4545 2441 4613 vigilanter
2480 4543 2711 4599 attendit
2760 4545 3070 4614 qualishuc
3099 4542 3324 4598 venerit.
3358 4540 3438 4594 Ad
3469 4554 3598 4610 aug-

315 4633 564 4701 gellantis
583 4633 861 4689 insaniret.
895 4631 1114 4689 Cunctis
1143 4633 1285 4688 enim
1314 4633 1477 4688 rebits
1505 4632 1747 4703 perditis,
1772 4647 1904 4687 cun—
1931 4638 1983 4698 D
2008 4642 2249 4690 mentum
2282 4642 2467 4690 autem
2496 4635 2771 4691 servandac
2798 4634 3091 4704 patientiae,
3123 4632 3303 4687 adhuc
3348 4630 3600 4687 solertius

314 4727 416 4783 ctis
444 4727 629 4782 liberis
658 4728 892 4794 amissis,
942 4728 1197 4792 surrexit,
1244 4726 1403 4782 scidit
1432 4727 1753 4781 vestimenta
1783 4740 1900 4792 sua,

315 4827 371 4875 et
392 4829 549 4875 tonso
579 4820 755 4890 capite
784 4834 1045 4875 corruens
1092 4820 1146 4874 in
1186 4827 1405 4885 terram,
1440 4818 1705 4873 adoravit.
1752 4817 1906 4884 Quod

316 4914 635 4970 vestimenta
664 4913 839 4978 scidit,
880 4913 1024 4982 quod
1063 4920 1221 4967 tonso
1251 4912 1431 4981 capite
1472 4911 1527 4965 in
1554 4919 1755 4966 terram
1785 4926 1906 4965 cor-

316 5008 441 5074 ruit,
466 5014 734 5062 monstrat
780 5006 1033 5061 nimirum
1068 5006 1192 5075 quia
1217 5003 1415 5073 ﬂagelli
1443 5004 1685 5060 dolorem
1715 5004 1904 5060 sensit.

313 5099 471 5168 Quod
484 5116 613 5156 vero
628 5100 896 5169 adjicitur,
919 5098 1175 5162 adoravit,
1193 5104 1378 5167 aperte
1395 5096 1718 5161 ostenditur,
1742 5106 1762 5132 ε’
1778 5095 1905 5165 quia

314 5203 371 5248 et
423 5193 479 5247 in
535 5192 724 5249 dolore
779 5192 987 5262 positus
1041 5197 1232 5246 contra
1280 5188 1599 5257 ﬂagellantis
1645 5187 1905 5256 judicium

316 5301 428 5342 non
451 5286 698 5343 excessit.
753 5285 865 5341 Nec
913 5284 1133 5340 omnino
1162 5297 1291 5351 ergo
1324 5298 1430 5336 non
1460 5290 1637 5335 motus
1686 5288 1785 5345 est,
1838 5294 1909 5334 ne

318 5376 488 5434 Deum
528 5378 644 5450 ipsa
672 5377 1082 5435 insensibilitate
1111 5380 1511 5438 contemneret;
1552 5387 1653 5427 nec
1696 5384 1908 5426 rursum

393 5538 421 5569 ι
448 5529 665 5597 Excusi,
697 5531 813 5601 qui;
852 5538 907 5585 et
933 5544 1082 5601 mox,
1113 5529 1168 5601 in
1208 5526 1358 5601 domo
1393 5542 1533 5597 ergo.
1580 5524 1910 5601 Reponirnus

320 5615 390 5658 ex
410 5601 537 5657 Mss.
568 5595 804 5674 quce,fsc.
837 5616 1008 5674 mens.
1035 5598 1121 5666 Et,
1144 5600 1197 5674 in
1228 5598 1308 5674 die
1332 5595 1592 5674 ergolsuo.
1639 5595 1909 5674 Allu_dit_ur

322 5665 669 5728 uiiuirum'ad
691 5665 758 5726 id
787 5671 929 5741 quod
956 5685 1117 5739 supra
1147 5671 1357 5737 legitur,
1389 5665 1490 5722 Job
1516 5684 1552 5734 ι,
1578 5682 1720 5723 vers.
1745 5665 1797 5731 4,
1828 5668 1911 5738 {ao

326 5746 529 5798 ciebant
561 5761 704 5798 conv.
736 5784 748 5796 .
779 5740 1173 5812 {unusquisque
1200 5742 1253 5793 in
1284 5740 1370 5812 die
1389 5757 1501 5794 suo.

397 5815 425 5855 ιι
456 5815 605 5885 Apud
634 5814 923 5885 Gussan_v._,
956 5810 1236 5885 mendose,
1267 5810 1552 5885 uerborum.

402 5899 423 5927 ε
454 5879 582 5945 Coc.
606 5895 659 5943 et
686 5899 805 5956 seq.
829 5882 953 5954 Ed.,
981 5882 1176 5939 sentire
1202 5883 1455 5949 dolorem,
1484 5879 1910 5954 repugnantibus

2012 4727 2230 4798 inspicit
2254 4726 2379 4782 hinc
2408 4727 2581 4796 qualis
2608 4725 2836 4792 recedit,
2868 4734 2923 4779 et
2951 4724 3080 4778 dicit
3113 4740 3126 4775 :
3158 4720 3347 4777 Nudus
3368 4740 3600 4795 egressus

2014 4836 2128 4873 sum
2154 4818 2218 4872 de
2246 4827 2391 4873 utero
2418 4820 2599 4872 matris
2629 4833 2775 4881 meas,
2800 4815 2969 4868 nudus
2999 4821 3227 4869 revertar
3262 4814 3404 4869 illuc.
3455 4815 3534 4869 Ac
3559 4815 3600 4871 si

2015 4910 2161 4968 dicat
2192 4929 2205 4963 :
2239 4909 2449 4964 Nudum
2474 4924 2560 4962 me
2601 4909 2707 4963 huc
2737 4907 3027 4961 intrantem
3060 4914 3203 4961 terra
3233 4906 3475 4977 protulit,
3507 4923 3597 4961 nu-

2014 5002 2142 5056 dum
2164 5016 2250 5055 me
2273 5000 2399 5054 hinc
2427 5006 2713 5054 exeuntem
2738 5005 2882 5051 terra
2904 4996 3147 5067 recipiet.
3170 4997 3314 5071 [Vet.
3344 4995 3398 5051 X
3410 4995 3524 5051 VII
3535 4994 3600 5050 l.l

2018 5092 2119 5159 Qui
2143 5106 2271 5161 ergo
2301 5099 2541 5161 accepta,
2567 5089 2661 5145 sed
2688 5089 3037 5159 relinquenda
3067 5088 3302 5161 perdidi,
3326 5090 3454 5182 quid
3476 5107 3601 5160 pro-
3684 5156 3687 5161 ν

2012 5185 2188 5255 prium
2220 5184 2417 5240 amisi?
2441 5181 2591 5257 [Rea
2622 5181 2823 5256 XIIL]
2847 5183 2979 5250 Quia
3008 5199 3138 5240 vero
3168 5181 3470 5241 consolatio
3500 5200 3601 5237 non

2011 5278 2185 5333 solum
2226 5293 2295 5333 ex
2346 5276 2779 5333 consideratione
2819 5276 3143 5333 conditionis
3173 5276 3472 5332 adhibenda
3502 5282 3600 5339 est,

2013 5368 2108 5424 sed
2128 5367 2291 5425 etiam
2320 5382 2389 5423 ex
2405 5366 2614 5437 justitia
2645 5368 2968 5436 conditoris,
2997 5376 3148 5425 recte
3176 5366 3448 5437 subjungit
3482 5382 3495 5418 :

2018 5522 2145 5579 Mss.

2088 5594 2113 5631 ἀ
2146 5594 2470 5667 Particulam
2520 5596 2667 5667 quasi
2715 5598 3065 5666 removimus,
3110 5594 3433 5651 auctoritate
3473 5590 3586 5652 Mss

2017 5665 2177 5735 Reg.
2210 5668 2372 5722 Corb.
2403 5666 2493 5735 G.,
2516 5665 2620 5721 etc.

2090 5748 2113 5808 ἐ
2145 5738 2261 5791 Duo
2288 5738 2481 5792 Rheni.
2511 5753 2632 5792 cum
2664 5754 2772 5793 uno
2800 5738 3037 5805 Remig.,
3067 5738 3194 5806 quia
3221 5752 3312 5805 per
3339 5736 3573 5808 ﬂagella.

2090 5806 2110 5846 τ
2145 5808 2309 5863 Corb.
2358 5809 2564 5877 Germ,
2610 5809 3004 5878 adorationem;
3034 5808 3113 5866 sic
3153 5806 3496 5868 etiam'olim
3522 5808 3598 5869 le-

2014 5888 2160 5937 ctum
2183 5881 2237 5937 in
2271 5879 2412 5937 Utic.

3641 5986 3659 6027 κ
