4130 6462
589 339 691 399 ΒῊ

589 547 816 606 Domine
845 547 1056 617 placuit,
1085 549 1158 601 ita
1181 548 1371 619 factum
1399 557 1496 604 est.

661 642 749 696 5|.
783 639 922 696 Deus
947 642 1096 695 bonis
1126 658 1218 698 nos
1243 642 1494 712 spoliatis,
1536 659 1640 698 non
1665 653 1845 698 nostra
1867 645 2058 714 aufert,
2081 643 2172 697 sed

589 752 702 791 sua.
728 764 800 774 —
821 734 1053 790 Sanctus
1079 735 1178 802 vir,
1209 742 1454 791 tentante
1475 737 1810 801 adversario,
1832 745 2024 792 cuncta
2050 751 2172 806 per-

587 828 824 893 diderat;
853 827 948 883 sed
969 835 1149 882 tamen
1177 829 1376 892 sciens,
1405 832 1531 900 quia
1561 841 1830 888 contrase
1859 831 2023 887 Satan
2053 839 2174 886 ten-

590 919 735 973 tandi
775 919 936 982 vires,
979 919 1081 974 nisi
1107 921 1452 989 permittente
1493 922 1742 991 Domino,
1765 941 1874 979 non
1913 923 2170 992 habebat,

587 1027 697 1066 non
725 1011 830 1066 ait:
863 1010 1123 1068 Dominus
1149 1014 1324 1078 dedit,
1352 1016 1599 1072 diabolus
1627 1018 1877 1083 abstulit;
1906 1018 2032 1073 sed;
2063 1018 2173 1072 Do-

589 1107 759 1159 minus
801 1105 963 1172 dedit,
995 1106 1249 1162 Dom’nus
1277 1110 1520 1176 abstulit;
1567 1111 1795 1167 fortasse
1821 1111 1966 1167 enim
1999 1112 2175 1166 luerat

587 1194 897 1263 dolendum,
937 1197 983 1252 si
1011 1198 1158 1268 quod
1181 1201 1430 1255 conditor
1457 1201 1682 1257 dederat
1705 1204 1876 1260 hostis
1914 1204 2171 1260 abstulis-

587 1293 707 1341 set:
738 1296 795 1342 at
825 1296 1109 1358 postquam
1160 1307 1267 1346 non
1315 1293 1538 1348 abstulit
1575 1295 1676 1350 nisi
1725 1297 1839 1365 ipse
1887 1297 1974 1366 qui
2005 1297 2171 1364 dedit,

586 1393 686 1434 sua
708 1381 933 1451 recepit,
963 1397 1071 1436 non
1099 1393 1284 1440 nostra
1323 1387 1566 1441 abstulit.
1611 1389 1666 1442 Si
1703 1391 1848 1443 enim
1877 1390 1945 1444 ab
1969 1390 2060 1444 illo
2083 1404 2176 1445 ac-

587 1469 835 1539 cipimus,
867 1473 1059 1543 quibus
1086 1475 1138 1529 in
1171 1475 1274 1531 hac
1303 1477 1408 1532 vita
1445 1480 1664 1543 utimur,
1698 1496 1796 1536 cur
1821 1481 2004 1536 doleat
2030 1481 2174 1552 quod

590 1560 708 1632 ipso
729 1561 1005 1633 judicante
1052 1567 1336 1638 exigimur,
1375 1585 1486 1638 quo
1531 1571 1794 1640 largiente
1832 1572 2174 1629 leneramur?

588 1653 698 1710 Nec
743 1654 1033 1726 aliquando
1062 1658 1292 1728 injustas
1332 1669 1418 1717 est
1438 1663 1692 1728 creditor,
1741 1673 1834 1735 qut
1883 1667 2007 1720 dum
2038 1681 2174 1736 pra-

588 1741 698 1798 lixo
751 1745 1012 1802 reddendi
1062 1756 1302 1819 tempore
1365 1768 1475 1808 non
1528 1755 1904 1825 constrigitur;
1955 1760 2174 1827 quando

1799 335 2049 396 SANCTI
2089 332 2416 392 GBEGORII
2454 330 2674 390 MAGNI

657 455 788 511 leto.
835 485 908 501 -—
949 451 1205 508 Dominus
1264 452 1426 520 dedit,
1479 453 1728 510 Dominus
1755 453 1988 520 abstulit,
2041 453 2173 508 sicut
2201 453 2254 514 Α

3759 331 3876 386 5'13

2683 445 2912 504 CAPUT
2934 446 3055 504 XIX
3081 447 3232 520 [ιιεε.
3261 447 3350 503 .rt
3365 449 3446 519 γι.

2347 543 2509 600 Vens.
2557 542 2646 598 22.
2693 577 2764 587 ——
2812 544 2876 597 In
2911 543 3143 598 omnibus
3184 543 3260 597 liis
3303 560 3404 598 non
3441 545 3672 614 peccauit
3709 543 3824 600 Job
3854 563 3873 602 :

2277 633 2302 672 δ
2341 653 2504 708 neque
2529 638 2740 690 stultum
2771 635 2966 707 aliquid
2993 644 3175 689 contra
3197 633 3359 688 Deum
3387 635 3586 688 locutus
3606 643 3706 689 est.

2347 727 2435 782 55.
2467 727 2566 783 Job
2587 747 2620 780 α
2651 728 3060 782 murmuratione
3089 729 3195 781 oris
3234 738 3283 781 et
3303 728 3475 781 cordis
3501 729 3776 784 abstinuit.
3797 761 3876 774 —

2276 819 2409 887 Quia
2452 821 2808 874 tentationum
2841 820 3276 875 tribulationibus
3311 820 3655 890 deprehensi,
3701 823 3880 878 etiam

2277 913 2440 966 tacito
2483 913 2869 980 cogitationum
2919 923 3071 967 motu
3123 927 3410 982 possumus
3438 927 3544 967 non
3589 913 3874 983 loqnendo

2274 1018 2521 1074 peccare,
2550 1004 2707 1058 beato
2725 1002 2827 1058 Job
2855 1011 2911 1059 et
2929 1004 3040 1060 oris
3062 1004 3426 1060 testimonium
3453 1005 3788 1074 perhibetur,
3819 1017 3876 1060 et

2273 1097 2471 1154 cordis.
2521 1095 2673 1149 Prius
2718 1096 2862 1150 enim
2909 1095 3106 1150 dicitur
3135 1111 3153 1150 :
3186 1093 3311 1149 Non
3345 1097 3606 1167 peccarit;
3646 1105 3706 1150 et
3743 1107 3875 1152 tunc

2275 1188 2489 1242 deruunt
2517 1185 2762 1239 subditur
2795 1203 2806 1237 :
2841 1181 3025 1254 Neque
3043 1185 3258 1239 stultum
3278 1185 3474 1257 aliquid
3492 1196 3678 1239 contra
3702 1186 3873 1240 Deum

2277 1279 2477 1332 locutus
2499 1283 2597 1330 est.
2628 1275 2729 1341 Qui
2757 1275 2898 1329 enim
2921 1275 3144 1328 stultum
3167 1275 3378 1330 locutus
3398 1292 3506 1330 non
3528 1287 3631 1340 est,
3654 1277 3874 1346 culpam

2279 1386 2308 1423 a
2342 1371 2520 1438 lingua
2549 1369 2912 1438 compescuit;
2937 1369 3032 1424 sed
3060 1386 3181 1424 cum
3213 1370 3568 1440 prazmittitur,
3599 1368 3727 1424 Non
3747 1387 3874 1440 pec-

2277 1464 2438 1527 carit,
2490 1469 2703 1516 constat
2745 1460 2893 1532 quod
2937 1463 3380 1518 murmurationis
3407 1463 3595 1517 vitium
3625 1464 3795 1518 etiam
3844 1480 3874 1517 τι

2277 1555 2602 1624 cogitatione
2631 1555 2925 1611 restrinxit.
2963 1555 3071 1611 Nec
3095 1556 3337 1627 peccavit
3366 1573 3515 1627 ergo.
3563 1574 3667 1612 nec
3709 1559 3878 1614 stulto

2279 1653 2490 1704 locutus
2512 1657 2615 1717 est,
2646 1649 2769 1719 quia
2792 1665 2893 1704 nec
2917 1665 3013 1720 per
3033 1651 3415 1706 conscientiam
3441 1652 3630 1707 tacitus
3654 1653 3876 1722 tumuit,

2279 1758 2380 1798 nec
2414 1743 2648 1813 linguam
2685 1745 2736 1798 in
2767 1746 3166 1801 contumaciam
3203 1746 3482 1802 relaxavit.
3522 1747 3699 1804 Stulte
3725 1750 3875 1804 enim

589 1835 721 1906 vult,
747 1837 916 1906 exigit
935 1840 1080 1909 quod
1101 1839 1393 1898 feneratur.
1429 1843 1530 1900 Ubi
1549 1854 1604 1900 et
1623 1847 1762 1902 bene
1787 1849 2130 1919 subjungitur
2157 1869 2172 1909 :

2285 1845 2468 1890 contra
2510 1836 2678 1892 Deum
2709 1837 2966 1906 loquitur,
2997 1839 3088 1908 qui
3117 1837 3260 1893 inter
3293 1839 3487 1894 divintc
3523 1841 3874 1896 animadver—

588 1925 739 1982 Sicut
788 1928 1013 1987 Domino
1054 1934 1270 2003 placuit,
1300 1937 1374 1990 ita
1403 1939 1596 2007 factum
1642 1949 1738 1994 est.
1785 1938 1922 1996 Cum
1949 1943 2091 1997 enim
2121 1943 2174 1998 in

588 2019 688 2075 hac
709 2021 818 2076 vita
849 2038 912 2079 ea
939 2039 1063 2094 qua:
1090 2026 1362 2097 nolumus,
1387 2031 1644 2099 patimur,
1675 2048 1896 2089 necesse
1927 2041 2083 2090 estut
2109 2033 2177 2090 ad

584 2130 711 2170 eum
741 2117 833 2186 qui
857 2117 1114 2188 injustam
1141 2122 1282 2178 velle
1312 2124 1387 2178 nil
1418 2135 1620 2195 potest,
1644 2119 1818 2184 studia
1846 2137 2047 2187 nostra:
2073 2147 2175 2188 vo-

588 2203 809 2264 luntatis
836 2209 1174 2268 inclinemus.
1221 2213 1412 2285 Magna
1454 2219 1653 2289 quippe
1683 2231 1767 2275 est
1794 2223 2092 2279 consolatio
2121 2226 2176 2279 in

587 2314 655 2356 eo
683 2303 828 2371 quod
871 2305 1140 2375 displicet,
1171 2309 1314 2378 quod
1347 2310 1439 2366 illo
1466 2313 1752 2368 ordinante
1789 2331 1914 2385 erga
1943 2332 2043 2372 nos
2073 2319 2179 2387 agi-

591 2400 697 2456 tur,
725 2395 810 2450 cui
834 2399 1044 2454 nonnisi
1061 2399 1263 2469 justum
1289 2403 1486 2472 placet.
1531 2405 1587 2460 Si
1617 2407 1780 2475 igitur
1794 2409 1939 2477 justa
1965 2411 2177 2481 placere

590 2481 821 2539 Domino
847 2487 1071 2554 scimus,
1104 2492 1216 2560 pati
1253 2503 1436 2549 autem
1466 2497 1632 2566 nulla,
1677 2498 1776 2552 nisi
1805 2515 1925 2570 quae
1947 2501 2177 2559 Domino

591 2572 914 2644 placuerint,
963 2596 1283 2650 possumus;
1308 2585 1452 2654 justa
1481 2597 1610 2644 sunt
1650 2600 1847 2646 cuncta
1873 2608 1992 2661 qua:
2040 2596 2180 2665 pati-

589 2679 730 2731 mur,
762 2675 819 2723 et
839 2671 991 2728 valde
1013 2674 1268 2746 injustum
1299 2687 1400 2746 est,
1439 2681 1483 2736 si
1506 2680 1573 2737 de
1590 2682 1735 2753 justa
1765 2686 2016 2755 paSsione
2041 2705 2180 2744 mur-

590 2774 884 2819 mutamus.

662 2851 750 2907 52.
776 2853 1027 2914 Diabolus
1053 2877 1150 2917 nos
1179 2867 1500 2936 aggrediens,
1535 2867 1822 2924 humilitate
1841 2887 1902 2924 ac
1924 2875 2180 2940 patientia

591 2957 769 3002 nostra
793 2953 1110 3023 confoditur.
1135 2989 1205 2998 —
1224 2957 1332 3013 Sed
1360 2961 1487 3029 quia
1509 2969 1696 3016 orator
1725 2959 1878 3020 fortis
1905 2966 2180 3034 quomodo

591 3041 943 3098 assertionem
969 3048 1139 3114 partis
1160 3064 1270 3103 sua:
1291 3060 1478 3106 contra
1502 3053 1872 3110 adversaritun
1904 3057 2179 3126 allegavit,

592 3130 920 3200 audivimus;
961 3152 1105 3194 nunc
1131 3141 1404 3210 quomodo
1430 3143 1484 3197 in
1514 3147 1775 3201 orationis
1812 3164 1921 3202 sua:
1950 3151 2181 3204 termino

2284 1927 2453 1983 sionis
2479 1925 2689 1998 ﬂagella
2732 1932 2960 1999 positus,
2986 1930 3283 2001 justiticare
3318 1934 3672 2004 semetipsum
3703 1951 3872 1990 cona-

2287 2028 2390 2076 tur.
2412 2018 2468 2075 Si
2499 2021 2643 2076 enim
2671 2022 3014 2077 innocentem
3036 2039 3094 2078 se
3123 2041 3367 2080 asserere
3394 2026 3626 2096 superbe
3653 2028 3870 2094 audeat,

2284 2114 2411 2184 quid
2443 2113 2583 2168 aliud
2613 2128 2776 2182 quam
2799 2115 3064 2184 justitiam
3104 2116 3344 2173 ferientis
3371 2121 3628 2174 accusat?
3655 2118 3874 2175 ﬂuens-

2283 2220 2390 2275 que
2435 2221 2535 2261 nos
2561 2205 2725 2261 verba
2758 2205 2998 2262 historiae
3035 2210 3417 2266 transcurrisse
3443 2211 3676 2267 suﬂiciat
3708 2229 3722 2264 :
3759 2211 3875 2281 jam

2285 2316 2428 2356 nunc
2475 2300 2542 2356 ad
2589 2299 2890 2368 indaganda
2942 2300 3214 2369 allegoria:
3262 2303 3516 2374 mysteria
3575 2304 3875 2376 expositio-

2285 2393 2369 2450 nis
2411 2409 2472 2450 se
2501 2407 2680 2449 sermo
2727 2401 3030 2448 convertat.
3061 2393 3171 2448 Sed
3199 2395 3254 2448 in
3301 2394 3405 2450 hoc
3438 2395 3584 2465 quod
3609 2395 3876 2466 scriptum

2285 2499 2424 2546 est:

2569 2582 2795 2640 CAPUT
2817 2583 2915 2638 xx
2941 2583 3092 2656 [Vet.
3114 2583 3240 2651 xx,
3267 2583 3393 2639 Rec.
3423 2583 3576 2656 XV].

2359 2674 2522 2729 Vnus.
2553 2674 2608 2730 6.
2639 2704 2710 2715 -—
2738 2674 2979 2740 Quadam
3007 2676 3092 2728 die
3119 2693 3233 2730 cum
3265 2687 3286 2714 ε
3318 2677 3573 2730 venissent
3623 2676 3726 2748 ﬁlii
3771 2674 3876 2732 Dei

2285 2784 2461 2822 coram
2495 2766 2753 2830 Domino;
2788 2768 2958 2839 adfuit
2986 2769 3123 2822 inter
3149 2784 3236 2823 eos
3257 2770 3412 2823 etiam
3441 2767 3614 2823 Satau
3639 2786 3661 2823 :

2357 2859 2446 2914 54.
2489 2857 2628 2914 Deus
2669 2868 2898 2930 tempora
2931 2859 3043 2912 sine
3082 2867 3310 2929 tempore
3345 2859 3594 2930 disponit.
3623 2893 3698 2904 —
3750 2861 3876 2916 Dis-

2285 2950 2598 3006 cutiendum
2645 2951 2794 3021 prius
2832 2959 2935 3016 est,
2984 2967 3081 3006 cur
3123 2951 3356 3021 quadam
3402 2951 3490 3006 die
3528 2950 3732 3007 factum
3777 2953 3876 3009 ali-

2285 3045 2414 3113 quid
2460 3057 2647 3098 coram
2694 3042 2922 3096 Domino
2965 3043 3196 3107 dicitur,
3242 3059 3364 3098 cum
3405 3043 3545 3113 apud
3583 3044 3737 3099 illum
3777 3060 3877 3102 ne-

2287 3150 2555 3204 quaquam
2598 3150 2788 3189 cursus
2833 3135 3129 3205 temporis,
3181 3136 3482 3190 mutatione
3525 3137 3632 3190 diei
3676 3138 3880 3192 noctis-

590 3223 821 3291 judicem
845 3228 1213 3288 benedicendo
1246 3234 1427 3291 laudet
1452 3238 1748 3294 audiamus.
1777 3241 2031 3311 Sequitur
2057 3262 2069 3297 :
2097 3245 2181 3299 Sit

2286 3241 2392 3294 que
2423 3225 2676 3280 varietur.
2721 3224 2907 3294 Neque
2951 3226 3091 3280 enim
3133 3227 3186 3280 in
3217 3241 3280 3280 ea
3308 3226 3449 3292 luce,
3480 3242 3601 3296 qua:
3646 3228 3765 3281 sine
3788 3243 3881 3282 ac-

593 3331 776 3369 nomen
822 3317 1032 3375 Domini
1061 3322 1402 3382 benedictum.
1431 3327 1572 3384 Ecce
1618 3349 1778 3386 omne
1801 3333 1944 3402 quod
1972 3344 2182 3391 rectum

593 3407 780 3469 sensit,
830 3409 1042 3467 Domini
1087 3415 1468 3474 benedictione
1495 3423 1791 3491 conclusit;
1837 3435 1895 3479 ut
1925 3427 2049 3482 hinc
2089 3429 2186 3484 ad-

592 3499 859 3556 versarius
877 3502 1148 3574 inspiciat,
1175 3517 1229 3562 et
1247 3510 1315 3564 ad
1345 3527 1557 3579 poenam
1589 3530 1738 3569 suam
1762 3516 1935 3585 victus
1965 3519 2184 3574 erubes-

591 3597 699 3656 cat,
741 3593 866 3662 quia
918 3594 1032 3666 ipse
1071 3595 1301 3656 Domino
1347 3615 1638 3660 contumax
1677 3608 1836 3662 etiam
1867 3609 1920 3663 in
1952 3610 2186 3666 beatitu-

591 3678 718 3737 dine
767 3683 1018 3743 conditus
1067 3690 1304 3760 exstitit,
1344 3693 1428 3747 cui
1478 3694 1644 3750 homo
1691 3698 1950 3770 hymnum
1999 3701 2184 3770 glorise

590 3773 752 3830 etiam
783 3792 1070 3847 percussus
1090 3779 1237 3836 dicit.
1297 3782 1438 3856 [γει.
1470 3783 1613 3840 XIX
1621 3787 1658 3859 .]
1689 3787 2007 3844 intuendum
2053 3808 2184 3847 vero

590 3876 694 3935 est,
739 3870 863 3940 quia
895 3871 1063 3929 hostis
1090 3886 1276 3931 nOSYer
1305 3884 1384 3932 tot
1410 3894 1510 3932 nos
1533 3879 1724 3947 jaculis
1754 3884 2021 3952 percutit,
2053 3893 2186 3955 quot

591 3963 977 4022 tentationibus
1027 3966 1234 4039 aﬂiigit.
1285 3971 1535 4038 Quotidie
1571 3992 1802 4045 namque
1831 3978 1884 4032 in
1929 3979 2046 4034 acie
2075 3987 2186 4034 sta-

592 4066 731 4120 mus,
775 4059 1016 4126 quotidie
1047 4064 1404 4119 tentationum
1436 4065 1551 4135 ejus
1581 4068 1684 4122 tela
1725 4069 2043 4140 excipimus.
2078 4070 2186 4126 Sed

591 4153 647 4198 et
692 4161 790 4200 nos
820 4158 1009 4204 contra
1036 4151 1183 4207 illum
1225 4154 1404 4223 jacula
1437 4157 1716 4225 mittimus,
1747 4160 1792 4214 si
1820 4162 2054 4217 conl'ossi
2086 4163 2184 4217 tri-

593 4233 976 4305 bulationibus,
1002 4242 1224 4299 humilia
1247 4248 1656 4317 respondemus.
1683 4250 1885 4306 Beatus
1906 4254 2067 4322 igitur
2085 4252 2187 4310 Job

595 4339 884 4394 percussus
911 4331 1108 4388 damno
1149 4351 1351 4403 rerum,
1385 4354 1671 4407 percussus
1721 4350 1898 4397 morte
1927 4343 2186 4411 ﬁliorum,

594 4419 719 4489 quia
745 4423 849 4476 vim
882 4423 1087 4482 doloris
1114 4433 1273 4484 vertit
1302 4433 1355 4485 in
1384 4432 1596 4487 laudem
1622 4434 1938 4502 conditoris,
1971 4439 2076 4509 52
2102 4440 2186 4493 di-

595 4528 755 4570 cens:
781 4514 1036 4572 Dominus
1064 4518 1224 4588 dedit,
1246 4520 1502 4577 Dominus
1532 4524 1774 4592 abstulit;
1805 4527 1940 4581 sicut
1963 4529 2186 4584 Domino

2288 3333 2445 3373 cessu
2479 3333 2541 3372 ea
2576 3332 2695 3387 quae
2734 3318 2881 3386 eligit
2914 3317 3161 3381 illustrat,
3197 3327 3251 3372 et
3279 3319 3395 3389 sine
3424 3334 3640 3375 recessu
3671 3334 3738 3375 ea
3757 3333 3879 3390 qua

2287 3411 2491 3480 respuit
2519 3409 2738 3477 deserit,
2777 3410 3018 3466 defectus
3057 3412 3430 3467 mutabilitatis
3462 3414 3638 3474 venit;
3677 3414 3802 3482 quia
3827 3415 3880 3468 in

2287 3503 2574 3573 semetipsa
2619 3503 2885 3558 manendo
2935 3504 3316 3570 immutabilis,
3350 3505 3626 3559 mutabilia
3684 3513 3881 3560 cuncta

2287 3595 2556 3665 disponit;
2589 3595 2772 3664 sicque
2802 3596 2854 3649 in
2884 3611 2943 3651 se
2989 3597 3322 3650 transeuntia
3353 3598 3617 3664 condidit,
3651 3608 3708 3650 ut
3733 3598 3880 3666 apud

2287 3701 2347 3740 se
2389 3687 2617 3741 transire
2647 3702 2985 3756 nequaquam
3011 3688 3246 3757 possint;
3281 3704 3380 3744 nec
3417 3698 3624 3760 tempus
3656 3693 3801 3744 intus
3827 3691 3878 3743 in

2287 3788 2580 3848 conspectu
2609 3778 2725 3848 ejus
2753 3780 2960 3846 debuit,
2987 3781 3131 3850 quod
3154 3782 3295 3851 apud
3325 3799 3424 3838 nos
3451 3784 3601 3838 foras
3619 3784 3876 3838 decurrit.

2291 3870 2441 3926 Unde
2467 3872 2528 3926 lit
2557 3880 2616 3926 ut
2643 3873 2697 3926 in
2728 3875 3034 3928 aeternitate
3076 3874 3193 3944 ejus
3243 3875 3343 3929 hxa
3371 3887 3626 3930 maneant
3667 3893 3730 3931 ea
3760 3893 3882 3947 qua:

2288 3978 2396 4018 non
2427 3963 2531 4017 lixa
2562 3964 2799 4019 exterius
2827 3965 3146 4020 sccaulorum
3169 3967 3442 4022 volumina
3467 3977 3742 4023 emanant.
3776 3969 3882 4023 Cur

2289 4068 2417 4124 ergo
2439 4055 2580 4124 apud
2601 4070 2723 4110 eum
2747 4056 2962 4125 dicitur,
2989 4056 3226 4122 Quadam
3248 4059 3349 4125 die,
3376 4060 3464 4114 cui
3493 4060 3740 4116 nimirum
3767 4061 3884 4115 dies

2289 4162 2394 4200 una
2441 4157 2525 4202 est
2580 4151 2854 4204 aeternitas
2901 4153 3038 4206 sua?
3087 4169 3244 4221 quam
3299 4153 3550 4209 videlicet
3606 4171 3707 4209 nec
3775 4156 3878 4208 line

2289 4239 2483 4305 claudi,
2518 4256 2615 4294 nec
2646 4242 2798 4296 initio
2829 4244 2960 4296 vidit
2989 4245 3187 4314 aperiri
3217 4243 3521 4314 Psalmista,
3553 4264 3675 4302 cum
3705 4247 3834 4302 dicit
3864 4265 3878 4299 :

2293 4329 2480 4386 Melior
2514 4343 2590 4386 est
2621 4334 2731 4388 dies
2772 4352 2877 4390 una
2907 4337 2960 4391 in
3001 4340 3149 4393 atriis
3177 4341 3279 4394 tuis
3314 4357 3469 4411 super
3492 4343 3662 4396 millia
3706 4341 3876 4408 (Psal.

2290 4440 2512 4490 Lxxxut,
2545 4425 2652 4495 1-1).

2363 4515 2447 4569 55.
2482 4516 2725 4571 Assuetos
2757 4520 3123 4589 temporalibus
3162 4526 3352 4578 sensim
3393 4525 3462 4578 ad
3489 4534 3690 4580 interna
3715 4525 3878 4581 dedu-

594 4604 809 4676 placuit,
841 4610 916 4662 ita
935 4610 1134 4682 [actum
1154 4622 1258 4679 est;
1287 4615 1357 4669 sit
1380 4631 1565 4670 nomen
1588 4615 1801 4673 Domini
1825 4620 2179 4688 benedictum;

2290 4609 2377 4662 cit.
2409 4640 2479 4651 —
2499 4609 2603 4663 Sed
2623 4626 2745 4665 cum
2776 4610 3048 4681 Scriptura
3079 4630 3230 4670 sacra
3263 4618 3283 4651 ί¹
3323 4620 3697 4688 temporaliter
3725 4621 3883 4677 editis

596 4699 885 4768 superbum
924 4702 1132 4758 hostem
1165 4704 1469 4762 humilitate
1498 4710 1749 4778 perculit,
1781 4712 2051 4769 crudelem
2083 4729 2182 4784 pa-

598 4787 784 4843 tientia
827 4795 1038 4850 stravit;
1069 4795 1180 4853 Nec
1226 4801 1534 4870 credamus,
1565 4802 1711 4872 quod
1741 4803 1971 4859 bellator
2001 4814 2184 4863 noster

598 4881 805 4950 accepit
828 4885 1068 4953 vulnera,
1100 4896 1155 4943 et
1176 4906 1285 4947 non
1309 4889 1522 4948 inﬂixit.
1553 4893 1697 4961 Quot
1724 4895 1867 4950 enim
1898 4911 2060 4952 voces
2089 4913 2184 4968 pa-

601 4971 800 5060 tientiae
831 4976 880 5030 in
905 4977 997 5032 Dei
1020 4980 1232 5038 laudem
1254 5002 1540 5055 percussus
1567 4989 1818 5058 reddidit,
1841 4992 1994 5060 quasi
2019 5001 2100 5047 tot
2128 4993 2182 5048 in

599 5059 890 5119 adversarii
945 5080 1166 5137 pectore
1203 5074 1380 5143 jacula
1429 5079 1662 5147 intorsit,
1710 5091 1765 5136 et
1792 5059 1999 5139 acriora
2027 5085 2186 5142 valde

599 5165 760 5220 quam
805 5158 1056 5215 sustinuit
1087 5174 1109 5199 ιδ
1145 5165 1333 5224 inﬁxit.
1368 5170 1609 5228 Alllictus
1637 5174 1782 5229 enim
1816 5183 2026 5231 terrena
2065 5193 2188 5246 per-

600 5243 766 5313 didit,
809 5247 904 5302 sed
942 5249 1289 5314 amictionem
1331 5259 1604 5319 humiliter
1633 5265 1905 5322 sustinens
1947 5243 2186 5323 coelestia

598 5339 996 5414 multiplicavit.
1029 5345 1318 5420 Sequitur:

673 5511 696 5586 ξ’
727 5501 980 5586 Sicblss.
1006 5506 1449 5586 _l_l_egii,__Corb.,_
1467 5512 1674 5586 Germ,
1706 5515 1969 5586 Colhert.,
1996 5533 2185 5577 emen-

597 5570 756 5656 datus
775 5574 938 5656 Uti_t_:.,
970 5570 1374 5656 aliique'lﬂorm.
1410 5570 1548 5656 Editi
1580 5570 1729 5651 vero,
1757 5570 1972 5656 inﬂixit:

671 5642 697 5682 δ
742 5645 796 5700 In
830 5642 946 5730 δ’.
971 5642 1166 5730 _Gil(_3t.,
1207 5654 1396 5730 vatie.,
1427 5642 1934 5730 Qttssanv.,'qu'ibus
1982 5664 2190 5730 prativit

599 5712 750 5794 Cum,
777 5713 990 5794 additur
1017 5712 1168 5778 labiis
1190 5724 1318 5792 suis,
1342 5712 1395 5779 in
1425 5726 1553 5782 Mss.
1583 5712 1936 5794 incognitum:

516 5848 522 5854 ,
607 5800 710 5873 μί.
731 5787 1010 5873 [Υξηέθρ.
1054 5803 1106 5848 et
1151 5787 1339 5873 Cor.b.',
1370 5797 1590 5873 Germ.._
1609 5787 1833 5873 quadam
1855 5801 1939 5855 die
1966 5818 2083 5873 cum
2102 5822 2186 5860 es-

602 5865 712 5909 sent
743 5859 840 5924 (itii
867 5860 967 5916 Dei
1019 5881 1194 5921 coram
1233 5859 1477 5925 Domino.
1532 5859 1701 5940 Alter,
1758 5873 1916 5942 quad.
1947 5872 2033 5929 die
2071 5859 2188 5935 cum

2294 4702 2552 4772 loquitur,
2583 4705 2800 4774 dignum
2832 4717 2913 4761 est
2945 4715 3002 4761 ut
3032 4709 3210 4764 verbis
3257 4713 3648 4780 temporalibus
3677 4723 3877 4776 utatur,

2293 4804 2557 4865 quatenus
2588 4798 3072 4856 condescendendo
3103 4802 3272 4868 levet;
3313 4812 3368 4859 et
3396 4804 3520 4859 dum
3553 4806 3619 4860 de
3665 4807 3883 4862 :eterni-

2294 4897 2406 4944 tate
2427 4891 2628 4960 aliquid
2652 4894 3023 4962 temporaliter
3047 4905 3253 4963 narrat,
3287 4908 3534 4954 assuetos
3564 4901 3885 4971 temporali-

2291 4982 2392 5037 bus
2421 4983 2619 5037 sensim
2666 4985 2734 5040 ad
2778 4993 2978 5042 aeterna
3009 4991 3268 5058 trajiciat;
3309 5007 3475 5062 seque
3499 4992 3640 5048 bene
3686 4995 3886 5050 nostris

2291 5074 2560 5129 mentibus
2600 5079 2874 5134 aeternitas
2918 5080 3207 5149 incognita,
3255 5082 3383 5137 dum
3430 5086 3602 5139 verbis
3650 5088 3883 5156 cognitis

2288 5166 2581 5237 blanditur,
2612 5169 2873 5225 infundat.
2907 5171 3043 5238 Quid
3073 5185 3252 5230 autem
3292 5177 3507 5239 mirum,
3541 5178 3582 5232 si
3628 5179 3681 5233 in
3721 5196 3884 5235 sacro

2287 5260 2502 5330 eloquio
2531 5263 3126 5320 inconnnutabilitatem
3167 5284 3318 5322 suam
3367 5269 3510 5324 Deus
3536 5286 3888 5341 pratpropere

2287 5353 2534 5411 humana:
2561 5358 2728 5412 menti
2767 5373 2876 5412 non
2904 5361 3113 5430 aperit;
3142 5363 3359 5430 quando
3381 5370 3436 5417 et
3466 5364 3889 5420 resurrectionis

2293 5513 2611 5569 assisterent.
2667 5514 2903 5582 Ehem”,
2931 5517 3178 5590 Remig.,
3210 5519 3501 5588 German.,
3550 5537 3670 5576 cum
3714 5521 3887 5577 unis-

2291 5597 2402 5640 881ιί
2411 5625 2422 5637 .

2365 5654 2638 5730 “_Excusi,
2670 5659 2733 5712 de
2752 5661 3024 5730 temporal.
3057 5661 3389 5728 Emendandi
3419 5679 3484 5718 ex
3517 5661 3645 5720 Mss.
3678 5673 3734 5719 et
3760 5679 3886 5718 san—

2290 5731 2362 5785 cti
2393 5725 2635 5796 Gregorii
2658 5747 2824 5801 scopo
2841 5725 2863 5795 ;’
2885 5748 3063 5789 sermo
3092 5725 3292 5805 quippe
3313 5745 3398 5791 est
3423 5737 3491 5789 de
3518 5737 3760 5800 attentis,
3785 5735 3884 5791 sed

2290 5818 2408 5871 quae
2453 5815 2573 5925 noxi.
2591 5812 2946 5871 assequamur
2976 5807 3362 5876 temporalibus
3389 5808 3610 5876 assueti,
3645 5809 3752 5865 nisi
3778 5822 3884 5879 per

2293 5885 2536 5930 tempora
2559 5888 2630 5926 ra.

2401 5885 2630 5942 poraua.
