4130 6444
270 352 377 410 575

1227 352 1582 411 ΜοΒΑιΑωι
1622 351 1752 408 LIB.
1790 349 1855 406 ll.
1884 372 1962 395 -ι
1997 349 2064 406 IN
2105 349 2257 407 CAP.
2298 354 2317 408 1
2358 354 2418 408 Β.
2460 354 2595 411 JOB.

3437 354 3540 415 574

269 485 381 527 sure
411 469 753 525 solemnitate
780 468 1072 534 celebrata,
1102 470 1420 539 quibusdam
1443 468 1851 541 provectionum
1880 470 1933 529 Α
1957 466 2178 537 exsequi
2219 470 2615 537 reprobationis
2662 479 2909 530 conatur.
2961 470 3120 545 [Rea
3142 470 3195 525 Χ
3206 466 3337 545 γι]
3387 471 3541 529 Unde

268 564 577 620 accessibus
620 564 883 627 innotuit,
926 564 1386 634 incorruptionem
1413 564 1679 633 corporis,
1708 560 1854 631 quod

268 659 594 728 resumpsit?
625 658 769 713 Luca
793 659 991 729 quippe
1012 667 1302 712 attestante
1333 657 1481 729 (Luc.
1515 673 1660 724 xxiv,
1689 655 1743 723 4)
1769 654 1850 708 di-

271 750 500 804 dicimus
524 748 669 819 quod
708 750 1026 818 quibusdam
1063 767 1123 807 se
1152 752 1204 804 in
1231 758 1583 805 monumento
1611 763 1851 817 quiereno

270 842 413 897 tibus
434 844 579 912 prius
596 843 812 911 angelos
838 843 1008 909 misit;
1037 852 1093 898 et
1114 859 1323 897 rursum
1354 844 1457 914 53
1486 841 1761 910 discipulis
1784 839 1854 895 de

268 950 329 990 se
360 935 411 989 in
453 936 537 989 via
568 934 909 1003 loquentibus
939 937 1053 1006 ipse
1080 936 1321 1005 quidem,
1363 934 1455 989 sed
1486 951 1591 989 non
1622 948 1852 1001 cognos-

271 1024 472 1079 cendus
503 1026 750 1094 apparuit
795 1026 981 1096 (Ibid.,
1031 1026 1139 1093 15),
1170 1028 1262 1096 qui
1294 1036 1415 1095 post
1458 1024 1855 1079 exhortationis

270 1132 470 1181 moras,
518 1118 951 1185 cognoscendum
1000 1135 1059 1174 se
1110 1120 1162 1172 in
1208 1118 1360 1188 panis
1388 1117 1652 1173 fractione
1699 1132 1855 1171 mon-

270 1208 490 1273 st'avit;
542 1208 609 1261 ad
638 1219 936 1263 extremum
968 1226 1095 1263 vero
1124 1218 1347 1278 repente
1378 1209 1699 1277 ingrediens,
1744 1222 1853 1261 non

270 1298 442 1352 solum
472 1315 529 1353 se
570 1301 1009 1369 cognoseibilem,
1039 1301 1133 1357 sed
1160 1302 1321 1355 etiam
1358 1302 1681 1371 palpabilem
1714 1315 1851 1370 prte-

272 1389 403 1445 bnit.
440 1391 572 1457 Quia
594 1393 737 1446 enim
760 1392 968 1448 inﬁrma
1000 1394 1174 1448 adhuc
1201 1394 1484 1461 gestabant
1509 1393 1673 1447 corda
1696 1393 1854 1448 disci-

271 1481 400 1550 puli,
454 1483 503 1535 in
554 1485 860 1552 cognitione
891 1486 1024 1539 tanti
1054 1485 1293 1555 mysterii
1325 1496 1348 1521 ει
1382 1486 1481 1539 ista
1512 1483 1723 1539 fuerant
1745 1485 1856 1539 dis-

271 1576 589 1643 pensatione
616 1578 906 1645 nutriendi,
941 1587 999 1633 ut
1023 1579 1296 1650 paulisper
1324 1579 1522 1648 aliquid
1551 1590 1856 1649 qumrentes

272 1666 610 1736 invenirent;
659 1672 995 1727 invenientes
1042 1680 1388 1737 crescerent,
1439 1680 1495 1726 et
1548 1680 1856 1726 crescentes

272 1758 484 1825 cognita
513 1760 787 1816 robustius
815 1771 1081 1816 tenerent.
1112 1762 1246 1828 Quia
1288 1763 1449 1831 igitur
1478 1779 1584 1818 non
1609 1770 1853 1832 repente,

1955 558 2093 613 bene
2138 560 2189 614 in
2232 561 2381 615 libris
2424 561 2627 633 Regum
2664 579 2762 633 per
2780 553 3099 635 prophetam
3129 566 3363 621 dicitur:
3418 566 3541 621 Vidi

1958 649 2231 705 Dominum
2260 654 2514 708 sedentem
2556 673 2708 727 super
2736 659 2921 713 solium
2951 677 3125 726 suum,
3168 670 3217 714 et
3260 662 3541 715 exercimm

1955 745 2067 798 caeli
2088 763 2119 798 a
2142 747 2338 801 dextris
2364 758 2412 800 et
2440 748 2663 803 sinistris
2700 752 2836 821 ejus,
2866 762 2917 806 et
2943 754 3134 808 dictum
3162 764 3238 808 est
3280 772 3297 808 :
3342 755 3404 809 In
3444 772 3542 826 quo
3626 766 3631 767 ⁷

1955 839 2207 905 decipiam
2235 852 2254 875 ο
2284 840 2476 903 Achab,
2510 851 2565 893 ut
2590 843 2836 897 ascendat
2854 854 2903 897 et
2927 847 3083 899 cadat
3105 849 3159 900 in
3190 846 3410 902 Ramotlt
3434 847 3545 901 Ca-

1959 929 2103 981 luath
2122 930 2147 982 .9
2189 928 2259 983 Et
2289 932 2421 985 dixit
2451 932 2586 986 alius
2616 935 2719 998 ita,
2762 944 2811 987 et
2849 937 2985 990 alius
3014 938 3181 992 aliter.
3220 938 3287 993 Et
3312 958 3544 1009 egressus

1954 1029 2031 1072 est
2059 1038 2209 1088 unus,
2234 1032 2281 1075 et
2301 1023 2431 1075 dixit
2458 1040 2475 1076 :
2499 1023 2611 1093 Ego
2631 1025 2883 1095 decipiam
2909 1028 3101 1084 Achab.
3132 1029 3196 1082 Et
3218 1033 3409 1086 dictum
3426 1041 3501 1087 est
3523 1050 3542 1088 :

1956 1109 2021 1163 In
2050 1129 2149 1182 quo
2177 1115 2436 1183 decipies?
2465 1112 2565 1178 Qui
2594 1118 2892 1186 respondit,
2930 1119 3110 1173 dicens
3139 1137 3155 1174 :
3190 1121 3464 1192 Egredior,
3498 1133 3546 1178 et

1953 1220 2043 1256 ero
2074 1204 2302 1271 Spiritus
2331 1208 2557 1261 mendax
2584 1209 2634 1262 in
2666 1225 2756 1264 ore
2781 1227 3011 1265 omnium
3040 1217 3405 1282 prophetarum
3436 1219 3546 1289 ejus

1957 1292 2095 1364 (III
2120 1294 2248 1365 Reg.
2292 1314 2427 1365 xm,
2461 1298 2527 1353 19
2549 1303 2706 1371 seq.).
2743 1303 2877 1368 Quid
2900 1305 3043 1358 enim
3074 1305 3266 1361 solium
3296 1307 3503 1364 Domini
3530 1353 3544 1377 ,

1956 1385 2055 1439 nisi
2081 1388 2352 1455 angelicas
2374 1399 2671 1458 potestates
2688 1394 3002 1463 accipimus,
3024 1412 3253 1466 quarum
3277 1400 3548 1455 mentibus

1955 1477 2117 1532 altius
2164 1479 2485 1547 prazsidcns,
2533 1482 2756 1539 inferius
2785 1497 2978 1541 cuncta
3014 1488 3294 1557 disponit?
3332 1489 3395 1544 Et
3420 1493 3549 1559 quid

1958 1567 2227 1623 exercitus
2254 1570 2399 1633 coeli,
2432 1571 2532 1626 nisi
2565 1574 2981 1630 ministrantium
3014 1578 3331 1646 angelorum
3366 1582 3548 1635 multi-

1959 1658 2087 1714 tudo
2115 1659 2475 1718 describitur?
2503 1664 2643 1731 Quid
2671 1675 2756 1721 est
2783 1680 2936 1737 ergo,
2964 1670 3109 1737 quod
3139 1672 3407 1727 exercitus
3427 1672 3549 1726 (τωιί

1957 1763 1987 1801 a
2029 1749 2233 1804 dextris
2281 1762 2338 1807 et
2386 1755 2617 1810 sinistris
2658 1756 2776 1824 ejus
2828 1765 2974 1812 stare
3017 1760 3364 1827 perhibetur?
3412 1761 3551 1817 Deus

272 1845 364 1901 sed
392 1864 677 1904 causarum
702 1852 1488 1921 verborumqueincrementis,
1537 1854 1690 1923 quasi
1733 1853 1854 1921 qui-

1967 1840 2121 1905 enim,
2154 1842 2263 1913 5!.
2289 1845 2381 1913 qui
2410 1845 2483 1899 ita
2512 1854 2597 1901 est
2625 1847 2765 1901 intra
2794 1850 2999 1917 omnia,
3027 1859 3089 1904 at
3114 1851 3278 1905 etiam
3306 1853 3377 1907 sit
3396 1861 3550 1906 extra

270 1939 491 1999 busdam
517 1945 583 1999 ad
600 1948 956 2001 atteruitatem
987 1948 1231 2016 passibus
1255 1948 1517 2013 ducimur,
1550 1948 1694 2003 intus
1715 1946 1858 2016 apud

270 2051 392 2091 eum
416 2038 647 2106 quadam
670 2038 759 2093 die
780 2040 978 2108 aliquid
1002 2039 1199 2095 factum
1222 2042 1435 2108 dicitur,
1466 2043 1557 2111 qui
1587 2042 1701 2113 ipsa
1723 2056 1858 2112 quo-

270 2141 374 2197 que
406 2136 647 2199 tempora
677 2130 793 2184 sine
822 2140 1065 2200 tempore
1094 2141 1398 2188 contuetur.

341 2220 485 2295 [Vet.
518 2219 705 2292 XXI]
738 2220 825 2276 36.
859 2220 928 2277 In
947 2223 1058 2277 luce
1086 2225 1320 2280 tenebras
1349 2226 1501 2280 videt.
1534 2259 1603 2270 --
1628 2226 1708 2281 An
1731 2227 1857 2297 quia

271 2314 430 2370 etiam
458 2312 622 2367 Satan
655 2314 849 2381 adfuit,
886 2317 1013 2371 dum
1042 2318 1272 2386 quadam
1300 2319 1386 2374 die
1414 2322 1519 2375 hoc
1547 2320 1743 2376 factum
1774 2322 1857 2376 di-

272 2409 443 2477 citur,
488 2407 727 2463 indicare
768 2425 922 2464 sacra
957 2410 1233 2480 Scriptura
1261 2412 1467 2467 studuit
1494 2413 1616 2482 quia
1647 2415 1699 2468 in
1738 2414 1859 2469 luce

274 2498 414 2553 Deus
442 2498 690 2554 tenebras
719 2498 885 2553 vidit?
910 2500 1019 2555 Nos
1047 2502 1245 2571 quippe
1274 2517 1381 2557 uno
1410 2502 1708 2571 eodemque
1730 2519 1860 2558 eon-

275 2592 412 2645 tuitu
441 2591 615 2646 lucem
645 2601 700 2646 et
729 2593 979 2647 tenebras
1011 2593 1207 2649 intueri
1236 2611 1343 2649 non
1375 2611 1657 2664 possumus
1690 2614 1699 2648 :
1731 2596 1859 2665 quia

273 2698 396 2737 eum
428 2683 479 2737 in
508 2684 758 2739 tenebras
792 2684 981 2738 oculus
1024 2685 1231 2753 ﬁgitur,
1265 2686 1356 2740 lux
1385 2686 1625 2753 fugatur;
1654 2695 1710 2741 et
1737 2702 1858 2741 cum

275 2774 343 2828 ad
372 2774 506 2829 lucis
532 2790 590 2829 se
618 2776 1047 2831 coruscationem
1077 2779 1333 2845 verterit,
1372 2780 1714 2833 tenebrarum
1744 2794 1860 2833 um-

276 2867 372 2923 bra
418 2867 667 2923 discedit.
707 2867 799 2921 [lla
830 2877 1009 2923 autem
1038 2871 1151 2938 vis,
1194 2885 1314 2938 quae
1341 2879 1533 2925 cuncta
1584 2871 1859 2925 mutabilia

276 2962 683 3016 immutabiliter
709 2962 876 3029 videt,
901 2964 1052 3032 quasi
1077 2964 1130 3016 in
1157 2962 1243 3017 die
1265 2964 1315 3017 ei
1338 2963 1501 3018 Satan
1525 2962 1711 3029 adfuit,
1736 2964 1861 3032 quia

278 3058 537 3120 apostatae
553 3053 725 3121 angeli
749 3053 999 3108 tenebras
1019 3054 1135 3109 sine
1155 3054 1483 3109 obscuritate
1506 3056 1861 3125 comprehen-

279 3141 377 3196 dit.
411 3142 551 3209 Nos,
580 3151 637 3197 ut
663 3144 864 3199 dictum
902 3154 1011 3209 cst,
1044 3162 1152 3200 uno
1180 3145 1482 3215 eodemque
1513 3147 1704 3201 intuitu
1731 3164 1861 3201 con-

1963 1933 2162 1998 omnia,
2213 1950 2314 1990 nec
2365 1936 2573 2000 dextra,
2626 1955 2725 1994 nec
2771 1941 2987 1996 sinistra
3035 1943 3392 1999 concluditur.
3440 1944 3549 1999 Sed

1962 2021 2150 2077 dextra
2182 2024 2304 2091 Dei,
2358 2028 2673 2097 angelorum
2716 2046 2844 2101 pars
2871 2033 3076 2099 electa;
3124 2035 3340 2090 sinistra
3372 2045 3551 2092 autem

1964 2116 2058 2172 Dei
2083 2159 2097 2182 ,
2142 2135 2267 2189 pars
2296 2122 2611 2190 angelorum
2642 2127 2872 2195 reproba
2901 2127 3229 2196 designatur.
3262 2126 3378 2184 Non
3408 2130 3552 2187 enim

1962 2208 2273 2263 ministrant
2312 2210 2424 2266 Deo
2451 2212 2790 2271 solummodo
2831 2216 2979 2282 boui,
3012 2219 3103 2289 qui
3141 2217 3427 2287 adiuvent;
3456 2218 3552 2274 sed

1966 2298 2131 2354 etiam
2173 2302 2319 2365 mali,
2355 2301 2377 2338 ά
2420 2304 2512 2372 qui
2543 2304 2802 2372 probent;
2839 2320 2947 2360 non
2980 2308 3156 2361 solum
3183 2308 3277 2379 qui
3317 2324 3348 2363 a
3397 2309 3554 2379 culpa

1961 2391 2252 2447 redeuntes
2280 2393 2598 2459 sublevent,
2650 2395 2745 2449 sed
2774 2396 2938 2451 etiam
2965 2397 3057 2466 qui
3096 2398 3274 2454 redire
3308 2399 3555 2455 nolentes

1963 2493 2209 2551 gravent.
2240 2485 2352 2540 Nec
2378 2486 2523 2554 quod
2551 2487 2671 2541 caeli
2697 2490 2968 2544 exercitus
2992 2489 3207 2559 dicitur,
3239 2491 3553 2559 angelorum

1962 2591 2089 2645 pars
2129 2577 2360 2647 reproba
2400 2580 2453 2632 in
2495 2595 2561 2634 eo
2591 2582 2816 2649 intelligi
2845 2599 3002 2652 posse
3033 2584 3368 2654 prohibetur.
3411 2584 3555 2651 Quas

1962 2671 2104 2725 enim
2128 2672 2381 2742 suspendi
2414 2673 2467 2726 in
2510 2689 2635 2729 aere
2683 2692 2961 2743 novimus,
2993 2692 3119 2731 aves
3148 2677 3271 2732 caeli
3305 2678 3548 2731 nomina.

1963 2776 2100 2816 mus.
2151 2761 2218 2815 Et
2244 2763 2312 2817 de
2353 2765 2556 2819 eisdem
2586 2767 2860 2835 spiritibus
2903 2767 3101 2822 Paulus
3130 2768 3259 2824 dicit
3301 2783 3315 2825 :
3364 2766 3557 2822 Contra

1961 2852 2233 2920 spiritalia
2262 2858 2502 2926 nequitia:
2531 2859 2585 2910 in
2616 2858 2897 2913 caelestibus
2922 2859 3139 2927 (Ephes.
3168 2874 3243 2929 v1,
3276 2858 3384 2931 η).
3413 2858 3557 2926 Quo-

1962 2959 2083 2997 rum
2110 2955 2273 3015 caput
2311 2950 2599 3004 enuntians
2620 2992 2634 3016 ,
2666 2951 2743 3004 ait
2774 2968 2786 3004 ε
2821 2951 3121 3007 Secundum
3147 2954 3432 3024 principem
3463 2968 3557 3021 po-

1964 3041 2162 3094 testatis
2184 3042 2316 3094 aeris
2344 3042 2457 3112 ejus
2489 3041 2708 3116 (Ephes.
2739 3060 2795 3109 u,
2820 3043 2899 3115 2).
2932 3045 2979 3099 Α
3002 3046 3193 3100 dextra
3225 3058 3354 3113 ergo
3382 3043 3474 3098 Dei
3502 3050 3556 3096 et

1964 3131 2181 3185 sinistra
2224 3134 2537 3201 angelorum
2577 3137 2847 3191 exercitus
2884 3144 2993 3192 stat
3030 3154 3044 3193 :
3076 3137 3201 3208 quia
3227 3146 3282 3192 et
3308 3137 3557 3191 voluntas

282 3238 530 3308 templari
553 3254 659 3294 non
681 3255 987 3309 possumus,
1012 3250 1066 3296 et
1086 3257 1205 3310 qua:
1226 3244 1574 3312 approbando
1597 3244 1865 3313 eligimus,
1894 3222 1939 3282 C
1975 3226 2269 3280 electorum
2296 3228 2577 3297 spirituum
2602 3228 2791 3283 divina:
2821 3231 3007 3300 pietati
3038 3230 3366 3295 concordat;
3398 3235 3454 3284 et
3478 3244 3558 3283 re-

283 3338 337 3382 et
359 3345 477 3397 quae
499 3331 837 3399 reprobando
853 3332 1201 3388 damnamus:
1227 3336 1351 3404 quia
1372 3352 1492 3390 cum
1509 3336 1575 3391 ad
1598 3338 1737 3393 hanc
1758 3342 1873 3392 ani-

284 3436 403 3475 mus
424 3422 669 3489 vertitur,
697 3424 765 3477 ab
789 3424 877 3478 illa
901 3425 1228 3493 cogitatione
1256 3442 1570 3498 separatur;
1596 3447 1719 3485 cum
1740 3447 1871 3487 vero

285 3512 351 3565 ad
379 3513 523 3567 illam
545 3514 837 3582 reducitur,
870 3518 939 3571 ab
968 3517 1070 3573 hac
1094 3519 1181 3573 cui
1208 3520 1417 3577 inhaesit
1446 3530 1775 3578 removetur.

354 3604 445 3658 '57.
489 3603 704 3659 Diversa
750 3608 1001 3662 ordinans
1049 3626 1152 3662 non
1191 3621 1267 3663 est
1314 3611 1563 3666 diversus.
1614 3644 1685 3655 -—
1734 3613 1875 3669 Deus

285 3709 444 3760 vero,
490 3698 614 3765 quia
654 3697 770 3750 sine
800 3699 1155 3754 mutabilitate
1192 3701 1352 3755 simul
1393 3712 1583 3758 cuncta
1624 3705 1870 3774 respicit,

284 3783 403 3838 sine
424 3783 751 3839 distentione
771 3787 1200 3855 comprehendit,
1227 3791 1475 3846 videlicet
1502 3802 1559 3847 et
1587 3793 1727 3847 bona
1754 3810 1875 3862 quae

282 3872 456 3941 juvat,
487 3882 541 3926 et
562 3874 702 3928 mala
723 3891 841 3945 quae
860 3876 1081 3944 judicat,
1116 3888 1171 3933 et
1191 3895 1310 3948 qua:
1332 3881 1514 3950 adjuta
1542 3895 1872 3952 remunerat,

285 3971 342 4017 et
366 3978 487 4032 qua:
515 3963 755 4031 judicans
780 3966 1029 4031 damnat,
1067 3969 1120 4021 in
1148 3970 1230 4024 his
1254 3969 1281 4009 δ
1306 3988 1425 4041 rpite
1453 3972 1667 4028 diverso
1693 3974 1877 4049 dispo-

288 4056 367 4108 nit
396 4055 604 4123 ordine,
636 4056 880 4113 diversus
903 4076 1009 4113 non
1039 4070 1139 4115 est.
1168 4060 1225 4115 In
1257 4062 1343 4117 die
1365 4078 1493 4131 ergo
1520 4066 1567 4117 ei
1596 4065 1758 4120 Satan
1783 4069 1878 4123 ad-

286 4144 449 4201 fuisse
487 4147 839 4216 describitur,
874 4152 998 4221 quia
1030 4152 1210 4208 lumen
1236 4157 1555 4211 teternitatis
1586 4158 1700 4227 ejus
1731 4161 1875 4216 nulla

287 4240 657 4297 mutabilitatis
688 4242 985 4300 fuscatione
1017 4247 1279 4316 tangitur;
1314 4256 1368 4301 et
1399 4249 1449 4303 in
1482 4250 1617 4315 hoc,
1652 4255 1793 4321 quod
1823 4254 1874 4310 ei

289 4336 522 4390 tenebrat
552 4348 843 4405 priesentes
874 4339 1038 4404 ﬁunt,
1072 4341 1305 4398 adfuisse
1334 4344 1475 4398 inter
1504 4345 1639 4399 ﬁlios
1670 4347 1762 4400 Dei
1796 4350 1875 4401 di-

287 4432 425 4485 citur
467 4449 479 4484 :
524 4433 647 4513 quia
676 4450 737 4487 ea
768 4436 819 4488 vi
846 4436 1065 4504 justitize
1093 4440 1400 4497 immundus
1439 4444 1659 4512 spiritus
1704 4461 1872 4515 pene-

290 4530 489 4586 tratur,
541 4510 643 4591 qua
695 4527 944 4582 videlicet
1002 4534 1320 4587 mundorum
1377 4537 1659 4603 spirituum
1709 4539 1872 4594 corda

1978 3316 2272 3385 proborum
2303 3330 2493 3375 sensus
2533 3337 2643 3375 sua:
2672 3322 2887 3377 malitia:
2915 3324 3187 3387 serviens,
3247 3322 3449 3392 judicio
3480 3320 3559 3376 di-

1976 3408 2271 3463 strictionis
2286 3412 2771 3483 ejus,obtemperat.
2792 3412 2945 3470 Unde
2963 3423 3018 3470 et
3031 3431 3158 3470 mox
3173 3414 3334 3469 fallax
3349 3415 3562 3487 spiritus

1978 3502 2031 3555 in
2070 3504 2303 3557 medium
2346 3507 2641 3575 prosiliisse
2670 3507 3020 3578 describitur,
3066 3524 3162 3581 per
3190 3524 3350 3580 quem
3380 3508 3562 3565 Achab

1975 3613 2093 3666 rex,
2126 3601 2459 3669 exigentibus
2479 3604 2589 3657 suis
2612 3606 2833 3672 meritis,
2864 3606 3186 3676 decipiatur.
3214 3606 3400 3677 Neque
3422 3607 3562 3662 enim

1979 3689 2058 3745 fas
2080 3701 2162 3745 est
2186 3692 2405 3749 credere
2430 3695 2630 3750 bonum
2656 3699 2905 3767 Spiritum
2929 3698 3151 3755 fallacia:
3173 3700 3445 3755 deservire
3469 3716 3561 3756 vo-

1978 3780 2161 3846 luisse,
2190 3790 2249 3835 ut
2277 3784 2480 3839 diceret
2506 3803 2518 3838 :
2546 3786 2823 3857 Egredior,
2854 3798 2901 3842 et
2918 3807 3005 3843 ero
3027 3792 3238 3861 spiritus
3263 3792 3487 3846 mendax
3508 3793 3563 3847 in

1978 3889 2069 3927 ore
2104 3877 2331 3929 omnium
2370 3879 2736 3949 prophetarum
2778 3881 2909 3951 ejus.
2952 3882 3057 3937 Sed
3103 3884 3227 3953 quia
3259 3884 3441 3940 Achab
3470 3901 3561 3941 rex

1980 3967 2222 4033 peccatis
2253 3970 2677 4037 przccedentibus
2705 3972 2896 4040 dignus
2926 3984 3065 4045 erat,
3098 3986 3157 4030 ut
3182 3977 3272 4031 tali
3297 3977 3563 4035 debuisset

1980 4059 2297 4128 deceptione
2326 4063 2567 4117 damnari
2602 4083 2612 4117 :
2649 4074 2915 4134 quatenus
2941 4068 3030 4136 qui
3060 4083 3201 4138 saepe
3221 4069 3407 4125 volens
3427 4073 3556 4127 ccci.

1979 4153 2131 4206 derat
2178 4154 2229 4207 in
2281 4156 2517 4226 culpam,
2566 4159 2890 4231 quandoque
2940 4161 3131 4218 nolens
3175 4173 3458 4234 caperetur
3497 4164 3565 4219 ad

1979 4258 2230 4313 pinnam,
2266 4248 2475 4302 occulta
2512 4247 2719 4318 justitia
2758 4250 2969 4307 licentia
3011 4253 3255 4324 malignis
3296 4257 3568 4326 spiritibus

1982 4335 2012 4388 d
2034 4344 2156 4403 itur,
2182 4347 2241 4392 ut
2264 4355 2398 4408 quos
2418 4342 2665 4398 volentes
2687 4344 2739 4397 in
2763 4348 2971 4415 peccati
2994 4346 3188 4418 laqueo
3210 4351 3565 4420 strangulant,

1981 4429 2032 4483 in
2084 4432 2295 4500 peccati
2343 4449 2559 4503 prunam
2606 4437 2770 4490 etiam
2823 4439 3066 4494 nolentes
3120 4441 3357 4496 trahant.
3414 4440 3567 4507 Quod

1980 4538 2109 4593 ergo
2140 4527 2249 4579 illic
2272 4544 2301 4581 a
2328 4528 2531 4582 dextris
2560 4538 2720 4600 atque
2748 4532 2978 4588 sinistris
3004 4532 3119 4599 Dei,
3150 4534 3421 4587 exercitus
3447 4531 3566 4587 caeli

286 4616 652 4684 complentur;
697 4634 871 4688 eoque
919 4624 1070 4678 radio
1111 4626 1324 4683 luminis
1369 4630 1469 4685 iste
1518 4631 1866 4703 transﬁgilur,
1906 4629 1950 4689 ο
1986 4619 2220 4675 astitisse
2242 4620 2581 4689 describitur,
2615 4624 2721 4679 hoc
2745 4625 2831 4681 hic
2852 4627 2991 4680 inter
3018 4624 3151 4680 ﬁlios
3174 4626 3265 4679 Dei
3292 4624 3453 4679 Satan
3478 4624 3564 4678 ad-

285 4722 393 4777 quo
424 4710 498 4763 illi
529 4720 585 4764 ut
612 4711 825 4767 luceant
857 4714 1265 4783 perfunduntur.

356 4801 443 4855 58.
471 4802 581 4859 Deo
611 4809 834 4860 serviunt
863 4810 1033 4878 angeli
1056 4809 1174 4863 boni
1202 4813 1269 4865 ad
1291 4814 1626 4885 adjutorium,
1657 4819 1783 4873 mali
1805 4820 1874 4873 ad

283 4893 656 4963 probationem.
700 4931 769 4941 —
799 4900 943 4955 Inter
975 4901 1110 4956 ﬁlios
1141 4904 1234 4958 Dei
1266 4905 1432 4960 adfuit
1454 4948 1466 4965 .
1512 4911 1633 4979 quia
1667 4912 1764 4964 etsi
1798 4914 1872 4967 illi

283 4984 397 5041 Deo
439 4988 505 5042 ad
550 4990 844 5045 electorum
876 4992 1197 5061 adjutorium
1223 5039 1237 5063 ,
1271 4998 1371 5051 iste
1402 5001 1463 5051 ad
1499 5004 1870 5069 probationem

282 5081 468 5135 servit.
501 5081 647 5137 Inter
673 5084 809 5139 ﬁlios
832 5086 927 5141 Dei
954 5087 1139 5152 adfuit,
1171 5090 1293 5158 quia
1326 5091 1426 5145 etsi
1455 5093 1520 5145 ab
1552 5094 1657 5149 illis
1688 5096 1738 5149 in
1773 5098 1873 5154 hac

282 5172 391 5225 vita
432 5172 799 5231 laborantibus
844 5178 1098 5231 auxilium
1130 5180 1345 5248 pietatis
1377 5181 1735 5251 impenditur,
1774 5186 1873 5243 iste

282 5266 508 5322 occultae
527 5268 647 5337 ejus
669 5254 899 5338 iustitiae
914 5272 1205 5328 nesciendo
1228 5276 1489 5344 serviens,
1516 5279 1871 5337 ministerium

354 5428 378 5455 α
421 5419 513 5475 Sic
565 5420 689 5477 Mss.
744 5421 942 5503 gero,
1002 5424 1183 5503 Germ.
1213 5470 1237 5503 ,7
1280 5429 1471 5485 Rheni.
1502 5474 1516 5496 ,
1567 5434 1775 5503 Rcmig.
1809 5454 1873 5496 ac

282 5488 470 5573 Norm.
503 5508 711 5549 omnes.
746 5494 889 5551 Editi
917 5488 1068 5566 vero,
1098 5499 1171 5554 ita
1213 5488 1421 5573 fuerant
1450 5488 1625 5559 divina
1657 5488 1868 5579 disjien:

278 5570 506 5617 satione.

354 5634 381 5716 δ’
414 5634 448 5685 ‘2
486 5634 767 5719 Rhem.et
800 5637 823 5691 1
859 5638 1093 5711 Remig.,
1123 5645 1412 5716 quiediviso
1429 5650 1657 5719 disponit
1675 5652 1859 5708 ordine

279 5702 471 5758 divisus
502 5723 605 5762 non
634 5716 728 5761 est.

355 5787 375 5811 ε
401 5778 744 5860 .tii'_tluo_l.)us
772 5778 983 5860 R_hcp_1._
1013 5785 1321 5860 et__du_obus
1359 5789 1565 5860 Reinig.
1616 5794 1869 5851 scribitur

283 5845 447 5904 Ahab.
485 5848 562 5904 lta
603 5850 764 5906 etiam
805 5848 857 5906 in
889 5852 1005 5907 Val.
1048 5854 1131 5911 Cl.
1178 5857 1235 5914 In
1280 5861 1441 5917 Corb.
1482 5845 1868 5935 expunctaest

1984 4710 2145 4766 fuisse
2167 4713 2493 4782 perhibetur.
2521 4714 2663 4772 Ecce
2685 4732 2713 4771 a
2738 4718 2941 4772 dextris
2966 4716 3060 4773 Dei
3082 4725 3349 4773 steterunt
3370 4720 3566 4787 angeli,

1982 4803 2103 4871 quia
2138 4807 2487 4861 nominantur
2515 4806 2608 4862 ﬁlii
2638 4808 2767 4870 Dei;
2810 4824 2936 4863 ecce
2972 4824 3001 4862 a
3038 4807 3270 4864 sinistris
3303 4814 3451 4865 stant
3474 4824 3562 4867 an-

1981 4917 2103 4983 geli,
2134 4920 2259 4986 quia
2290 4919 2461 4973 adfuit
2492 4920 2634 4974 inter
2662 4935 2757 4975 eos
2780 4921 2944 4976 etiam
2972 4921 3158 4977 Satan.

2054 5010 2210 5080 [νει.
2252 5009 2449 5083 XXII.]
2490 5011 2580 5065 39.
2630 5011 2737 5067 Sed
2776 5014 2897 5083 quia
2927 5024 2949 5052 ⁸
3000 5014 3270 5084 allegoria:
3316 5016 3567 5087 mysteria

1980 5101 2239 5172 indagare
2267 5104 2625 5172 decrevimus,
2671 5123 2777 5162 non
2808 5108 3249 5165 inconvenienter
3276 5098 3570 5183 accipimus

1979 5196 2124 5263 quod
2160 5197 2212 5251 in
2252 5197 2339 5253 die
2380 5198 2641 5256 Dominus
2667 5198 2834 5256 Satan
2862 5202 3012 5269 vidit,
3045 5203 3170 5273 quia
3201 5203 3314 5259 vias
3352 5202 3469 5274 ejus
3515 5204 3567 5259 in

1979 5286 2265 5357 Sapientiae
2308 5305 2420 5346 sua:
2462 5291 2833 5351 incarnatione
2860 5294 3153 5367 corripuit;
3200 5293 3221 5333 τ
3251 5294 3406 5366 quasi
3445 5307 3567 5350 eum

1978 5442 2058 5496 lit.
2094 5460 2141 5498 c.

2050 5512 2163 5587 {in
2199 5517 2516 5585 quibusdam
2556 5518 2718 5587 Edit.,
2764 5522 2999 5576 maxime
3041 5522 3093 5575 in
3137 5519 3309 5575 Paris.
3347 5516 3486 5583 1619
3514 5527 3565 5576 et

1978 5584 2134 5661 1649,
2168 5584 2254 5661 qui
2280 5590 2569 5657 reprobent.
2601 5591 2677 5646 Ita
2706 5584 2869 5646 etiam
2901 5594 2950 5646 in
2976 5592 3133 5645 Rom.
3163 5591 3300 5645 Sixti
3331 5590 3393 5645 V.

2053 5676 2069 5735 μ
2103 5659 2159 5735 l_n
2182 5659 2478 5735 nonnullis,
2507 5663 2784 5735 allegorice
2808 5665 3053 5734 mysteria
3081 5661 3353 5731 indagare,
3386 5672 3495 5720 etc.

1972 5726 2069 5853 ἀί
2106 5729 2230 5853 Law.
2262 5740 2317 5787 et
2356 5733 2499 5805 Big.,
2546 5726 2692 5805 quasi
2731 5726 2882 5789 enim'
2910 5749 3015 5788 non
3056 5726 3245 5789 vidisse
3272 5735 3417 5806 fuit,
3448 5743 3563 5790 ια.

2011 5816 2083 5853 ιιι.
2115 5815 2146 5853 e
2173 5817 2221 5853 e.

2011 5803 2083 5866 iu,
2115 5809 2221 5856 etc.
