4130 6476
653 353 760 413 675

1874 361 2113 420 SANC’I‘I
2150 356 2473 419 GREGORII
2512 365 2728 423 MAGNI

3829 383 3935 446 576

652 493 763 534 non
788 480 983 538 vidisse
1004 482 1184 554 fuerit,
1207 486 1394 541 tandiu
1422 487 1745 556 pravitatem
1768 488 1910 544 illius
1930 489 1983 543 in
2008 486 2229 543 humani
2254 485 2311 546 Δ
2333 492 2594 559 repressit.
2624 524 2695 535 —
2722 492 2876 559 Quod
2914 490 3016 549 Job
3058 494 3443 567 interpretetur
3489 499 3712 570 dolens,
3761 507 3932 576 paulo

650 572 861 637 generis
889 574 1189 644 perditione
1218 576 1499 634 tolerasse.
1536 578 1688 636 Unde
1729 587 1785 637 et
1816 580 1867 636 ei
1896 579 2074 636 divina
2100 594 2235 635 voce

650 670 776 714 mox
804 660 1035 720 dicitur:

1238 762 1467 820 CAPUT
1505 754 1643 820 XXI.

725 844 885 903 Vens.
928 849 980 904 7.
1028 851 1176 909 Unde
1202 858 1382 913 venis?

718 935 805 992 40.
850 940 1055 997 Diaboli
1083 945 1305 1003 insidias
1349 949 1488 1006 Deus
1514 952 1802 1007 incarnata:
1829 951 2098 1022 sapientia:
2124 949 2234 1004 luce

647 1027 862 1087 detexit.
888 1066 963 1077 —
985 1034 1043 1091 In
1072 1037 1158 1094 die
1185 1039 1351 1097 Satan
1380 1042 1447 1098 de
1477 1044 1576 1099 viis
1604 1045 1715 1099 suis
1745 1044 2066 1114 requiritur,
2109 1044 2233 1112 quia

644 1119 701 1174 in
733 1120 849 1178 luce
884 1127 1235 1185 manifestata:
1267 1134 1543 1202 sapientia:
1576 1136 1773 1191 occulti
1811 1136 1981 1192 hostis
2026 1135 2233 1191 insidiae

645 1211 984 1282 deteguntur.
1015 1218 1148 1285 Quia
1174 1236 1302 1291 ergo
1325 1224 1605 1280 incarnato
1632 1226 1861 1281 Domino
1886 1225 2131 1281 diabolus
2152 1226 2234 1280 in-

642 1314 914 1374 crepatur,
959 1317 1014 1363 et
1048 1327 1079 1364 a
1108 1327 1204 1367 sua
1234 1313 1488 1383 pestifera
1530 1316 1882 1373 eﬂ'renatione
1922 1317 2228 1386 corripitur,

642 1408 792 1455 recte
830 1404 1167 1475 subjungitur
1202 1426 1213 1462 :
1247 1407 1342 1463 Cui
1363 1410 1497 1464 dixit
1536 1410 1787 1466 Dominus
1815 1429 1832 1466 :
1868 1411 2017 1466 Unde
2046 1412 2233 1465 venis?

644 1485 795 1546 Tunc
823 1495 965 1548 enim
996 1495 1210 1554 Satanas
1238 1500 1351 1555 vias
1388 1503 1710 1573 requirendo
1739 1504 1943 1573 arguit,
1984 1519 2106 1559 cum
2135 1517 2233 1573 per

640 1585 953 1646 Mediatoris
990 1594 1277 1650 adventum
1308 1600 1672 1668 persuasionis
1697 1600 1814 1669 ejus
1843 1601 2108 1669 nequitias
2140 1614 2222 1653 re-

637 1679 877 1748 primens
904 1683 1221 1755 increpavit.
1256 1689 1366 1745 Nec
1385 1690 1659 1746 immerito
1684 1692 1738 1747 in
1765 1693 1870 1748 hoc
1897 1692 1985 1747 die
2020 1691 2110 1745 ﬁlii
2134 1689 2230 1746 Dei

638 1783 822 1826 coram
867 1773 1099 1832 Domino
1143 1780 1380 1837 astitisse
1423 1782 1759 1850 referuntur;
1807 1785 1933 1854 quia
1980 1783 2231 1838 videlicet

644 1860 710 1913 ad
734 1871 952 1921 aeterna:
976 1870 1165 1937 patria:
1194 1873 1536 1927 vocationem
1563 1875 1723 1929 electi
1751 1892 1958 1941 omnes,
1991 1876 2111 1930 luce
2138 1891 2229 1929 sa-

641 1952 858 2022 pientiae
887 1971 948 2013 se
976 1960 1280 2017 illustrante
1302 2006 1317 2032 ,
1362 1966 1576 2021 collecti
1605 1976 1749 2021 sunt.
1796 1967 1944 2034 Quos
1985 1968 2228 2038 quamvis

638 2040 918 2101 incarnata
949 2048 1225 2118 Sapientia
1254 2067 1545 2123 aggregare
1569 2066 1595 2093 ιι
1626 2055 1821 2112 eil‘ectu
1856 2058 2037 2127 operis
2064 2073 2228 2113 vene-

637 2145 750 2203 rat,
792 2138 1059 2198 divinitati
1087 2153 1268 2201 tameu
1300 2148 1442 2204 illius
1464 2148 1575 2218 jam
1604 2156 1701 2219 per
1731 2150 1847 2220 ejus
1877 2150 1904 2189 δ
1936 2152 2225 2221 prmscien-

638 2228 767 2283 tiam
808 2231 1131 2291 intrinsecus
1170 2240 1514 2295 assistebant.
1564 2241 1670 2297 Sed
1711 2244 1835 2313 quia
1872 2243 1938 2299 de
1977 2244 2074 2299 viis
2114 2245 2226 2299 suis

634 2321 886 2390 antiquus
909 2324 1079 2382 hostis
1108 2328 1473 2401 Redemptore
1494 2334 1742 2389 veniente
1764 2334 2069 2402 discutitur,
2097 2336 2225 2405 quid

606 2468 607 2471 η
634 2408 778 2466 dicat
799 2414 1094 2474 audiamus.

988 2530 1216 2588 CAPUT
1254 2533 1411 2590 XXII.
1468 2536 1623 2610 [Rec.
1678 2538 1864 2613 XVII.]

702 2638 829 2696 Inlo.
860 2675 931 2686 —
957 2642 1175 2703 Circuivi
1198 2657 1409 2719 terram,
1442 2659 1492 2705 et
1508 2652 1864 2726 perambulavi
1893 2672 2027 2711 eam.

701 2750 791 2806 41.
824 2754 1075 2813 Diabolus
1106 2769 1296 2816 terram
1320 2764 1551 2818 circuiuit
1571 2807 1586 2831 ,
1634 2783 1755 2838 quia
1785 2785 1958 2824 omnes
1990 2770 2221 2851 homines

631 2844 958 2902 circumvenit
980 2891 994 2913 ,
1027 2860 1076 2904 et
1105 2854 1350 2922 possedit.
1390 2888 1463 2899 —-
1509 2856 1591 2913 Ab
1624 2859 1797 2914 Adam
1824 2863 2052 2933 quippe,
2090 2844 2221 2919 ante

630 2933 919 2994 adventum
958 2940 1189 3011 Domini,
1224 2962 1411 3003 onmes
1448 2956 1572 3019 post
1611 2966 1671 3006 se
1699 2954 1942 3020 gentium
1972 2955 2220 3012 nationes

629 3030 812 3084 traxit.
844 3031 1102 3091 Circuivit
1144 3046 1344 3095 terram
1385 3050 1439 3097 et
1477 3045 1904 3115 perambulavit,
1955 3048 2079 3117 quia
2124 3052 2221 3119 per

628 3121 791 3177 corda
821 3127 1061 3193 gentium
1086 3129 1383 3201 iniquitatis
1407 3151 1518 3191 sua:
1544 3139 1769 3208 vestigia
1792 3140 2083 3211 impressit.
2116 3140 2217 3196 Ca«

628 3207 759 3266 dens
800 3217 941 3270 enim
986 3233 1017 3272 a
1058 3221 1374 3280 sublimibus
1421 3228 1525 3298 55
1571 3230 1832 3287 humanas
1861 3242 2069 3289 mentes
2094 3233 2217 3303 jure

628 3306 888 3372 possedit,
920 3310 1046 3377 quia
1076 3312 1130 3366 in
1158 3315 1327 3385 culpae
1364 3334 1474 3373 suae
1500 3321 1714 3378 vinculo
1742 3324 1987 3381 volentes
2015 3327 2213 3381 astrin-

629 3392 745 3459 xit;
778 3402 1037 3467 tantoque
1070 3400 1227 3459 latius
1257 3406 1311 3461 in
1338 3409 1542 3465 mundo
1572 3420 1796 3481 vagatus
1824 3424 1926 3484 est,
1955 3428 2155 3485 quanto
2185 3437 2217 3477 a

629 3496 785 3540 reatu
811 3488 1040 3559 quisque
1060 3492 1203 3551 illius
1225 3496 1362 3553 liber
1382 3515 1481 3569 per
1504 3505 1683 3558 omnia
1711 3505 1961 3564 inventus
1982 3520 2210 3568 nonest.

628 3573 727 3630 Cui
754 3582 909 3648 quasi
935 3597 1001 3637 ex
1022 3595 1290 3656 potestate
1311 3593 1569 3650 mundum
1590 3597 1847 3656 circuisse
1876 3610 1977 3667 est,
2009 3605 2215 3662 nullum

628 3662 900 3726 hominem
923 3674 1015 3743 qui
1044 3676 1146 3732 sibi
1173 3679 1331 3749 plene
1359 3685 1637 3743 resisteret
1658 3688 1946 3750 invenisse.
1976 3693 2079 3752 Sed
2102 3696 2217 3767 jam

626 3754 792 3816 Satan
820 3764 1025 3834 redeat,
1056 3769 1109 3825 id
1138 3780 1239 3841 est,
1265 3774 1333 3830 ab
1357 3775 1553 3835 etfectu
1581 3797 1692 3837 suae
1714 3785 1932 3842 malitia:
1959 3789 2036 3845 vis
2066 3754 2214 3846 illum

627 3849 805 3908 divina
835 3860 1189 3932 constringat,
1220 3866 1344 3936 quia
1370 3866 1484 3938 jam
1514 3874 1764 3944 apparuit
1819 3878 1872 3931 in
1903 3894 2066 3936 carne
2122 3882 2215 3952 qui

631 3951 655 3981 ο
669 3942 725 3997 ἱιι
740 3949 952 4015 peccati
968 3955 1291 4025 contagione
1307 3974 1376 4015 ex
1386 3964 1565 4019 carnis
1587 3942 1717 4021 nihil
1736 3968 1971 4025 habebat
1989 3942 2216 4030 inﬁrmi-

623 4038 757 4090 tate.
802 4035 962 4094 Venit
990 4043 1204 4100 humilis
1224 4088 1238 4113 ,
1281 4064 1441 4118 quem
1468 4062 1524 4109 et
1552 4058 1815 4126 superbus
1842 4060 2013 4118 hostis
2042 4063 2217 4121 admi-

624 4132 807 4193 retur;
839 4139 1106 4197 quatenus
1126 4138 1218 4205 qui
1242 4139 1402 4196 fortia
1424 4144 1718 4205 divinitatis
1739 4150 1857 4220 ejus
1870 4154 2211 4226 despexerat,

627 4215 791 4269 etiam
820 4220 1167 4281 humanitatis
1194 4228 1309 4298 ejus
1338 4233 1547 4292 inﬁrma
1575 4215 1942 4308 pertimescat.
1970 4215 2133 4306 -Unde
2161 4215 2215 4307 ei

625 4321 755 4362 mox
783 4310 1173 4378 signiﬁcatione
1201 4322 1457 4394 miriﬁca,
1505 4340 1695 4387 contra
1724 4349 1844 4391 eum
1875 4339 1991 4409 ipsa
2024 4341 2214 4399 huma-

626 4401 809 4462 nitatis
850 4406 1131 4470 inﬁrmitas
1167 4415 1595 4490 obstupescenda
1634 4401 1987 4502 proponitur,
2041 4446 2099 4493 ut
2133 4440 2214 4496 di-

623 4502 778 4552 catur
797 4514 814 4555 3

1189 4599 1419 4660 CAPUT
1460 4605 1643 4666 XXIII.

694 4704 857 4765 Vnus.
908 4709 962 4765 8.
1014 4741 1083 4753 —
1124 4714 1378 4791 Nunquid
1405 4726 1749 4784 considerasti
1803 4748 2003 4790 servum
2039 4754 2209 4794 meum

620 4796 742 4870 Job,
772 4805 907 4875 quod
938 4823 1041 4862 non
1067 4809 1135 4864 sit
1164 4814 1209 4866 ei
1237 4815 1420 4870 similis
1449 4819 1505 4871 in
1545 4825 1721 4878 terra?

692 4892 781 4949 42.
816 4895 991 4953 Donec
1021 4905 1213 4958 veniret
1242 4906 1473 4964 Christus
1512 4912 1576 4966 de
1602 4932 1701 4983 quo
1732 4935 1910 4975 rursus
1936 4925 2209 4995 explican-

624 4992 705 5037 tur
738 4985 877 5040 dicta
917 4989 980 5044 de
1017 4991 1134 5048 Job.
1158 4998 1469 5071 \Assumpsit
1500 5002 1844 5065 humilitatem
1874 4985 2067 5084 carnis,
2096 5021 2209 5076 sine

620 5076 815 5155 injuria
862 5082 1169 5152 majestatis.
1212 5088 1495 5150 Virtutibus
1525 5100 1634 5153 suis
1682 5100 1872 5159 diaboli
1911 5076 2204 5178 superbiam

694 5208 1383 5315 ttlthnnostcri-gis‘srqmon
1409 5228 1626 5301 a/j‘ectu,
1672 5243 1729 5289 ut
1760 5240 1905 5307 prius
1946 5243 2120 5315 legeb.
2151 5250 2205 5306 in

617 5276 947 5357 Ed_it._l{on_i._
979 5285 1115 5343 sua
1144 5276 1389 5357 v,'erhi.

690 5351 717 5390 δ
750 5353 865 5435 Duo
888 5353 1103 5463 Rhem;2
1134 5351 1319 5463 edi-9.,
1363 5367 1549 5451 Germ.
1577 5384 1633 5431 et
1662 5395 1797 5436 unus
1819 5383 2051 5457 Remig.,
2088 5391 2208 5463 jam

690 5440 709 5463 Ρ
728 5440 841 5463 θυι(
865 5443 1058 5463 ηνωαρη
1084 5448 1186 5463 an“:
1267 5444 1315 5463 ιιι
1352 5448 1504 5463 AI--_-
1552 5461 1560 5463 .
1619 5448 1629 5458 ⁸
1654 5448 1665 5463 I
1790 5453 1827 5463 -ε
1849 5455 1880 5463 .-
1914 5457 1925 5463 -

616 5438 709 5492 per
728 5432 841 5549 ecta
861 5432 1207 5509 prtesentiam.
1242 5435 1509 5519 I_ta.etiam
1541 5432 1946 5515 quidm};

694 5506 716 5533 ο
798 5496 1031 5549 mdocm.
1059 5512 1111 5549 et
1132 5505 1361 5549 nlnrimr
1400 5514 1485 5549 mi;
1507 5515 1558 5549 in
1586 5525 1780 5549 αιηηηηιι
1810 5537 1946 5549 --μμ

645 5563 657 5576 .
694 5506 716 5533 c
741 5495 1031 5600 'VIIMIIIOI‘CII].
1059 5512 1111 5556 et
1128 5505 1399 5600 plurimi,”
1399 5514 1485 5582 qui
1506 5495 1573 5567 iul
1585 5525 1780 5586 peccati
1802 5495 2061 5600 εδῖτίᾶρίο.
2094 5532 2206 5590 An-

645 5580 821 5600 ......,...
949 5584 1029 5600 οη.
1178 5592 1235 5600 -_
1418 5597 1450 5600 -,
1635 5598 1641 5600 _
1855 5596 1885 5600 _

617 5566 821 5645 tiquior
861 5566 1051 5650 lihem.
1082 5616 1096 5639 ,
1128 5566 1291 5631 Corb.
1314 5619 1329 5644 ,
1354 5566 1543 5639 Cerm.
1585 5566 1649 5642 Et
1686 5566 2205 5677 unusvlie‘iiiingqiii

617 5650 668 5677 In
689 5646 883 5677 "prnnh
918 5646 1156 5677 ρηιιιηηέη
1189 5664 1250 5677 ,ηε
1291 5653 1460 5677 ........:-
1506 5656 1633 5677 --ειη
1670 5662 1682 5677 ι
1740 5664 1751 5677 .
1883 5670 1893 5677 .
1950 5671 1970 5677 Α
2024 5668 2027 5669 ν
2066 5676 2071 5677 ,

614 5633 668 5739 gn
680 5639 885 5739 pacati
903 5633 1250 5739 Sonthgﬁoea
1287 5633 1460 5739 obruis
1502 5656 1633 5712 nihil
1661 5662 1849 5739 habeat
1877 5633 2199 5739 5515;735:132:

1071 5701 1096 5715 υ
1380 5701 1457 5706 η--
1503 5701 1632 5712 ..ν-.-
1661 5701 1847 5721 "avgur
1877 5701 1989 5739 ιημι
2003 5701 2199 5731 "suate.

615 5701 1231 5808 alﬁillel;neluln9621‘l§.
1255 5764 1266 5785 ,
1492 5735 1690 5808 peccati
1706 5741 2036 5808 contagio....
2072 5747 2205 5802 nihil

621 5773 826 5871 ἡαρεει.
856 5777 939 5871 1:11“
945 5778 1069 5836 Mss.
1103 5773 2125 5871 Νοῆηίίιρβίίμῖ⁷ἑὺἒῖἕιξ”ἱῖἕὶἷῆἰὶιᾉὸὲᾶἶ

688 5842 715 5883 ἀ
740 5845 863 5903 Mss.
895 5847 1103 5922 Norm.,
1132 5860 1253 5926 quia
1279 5842 2200 5955 conubia}?!bdiiﬁe'jiiiﬁfl...

1749 6022 1775 6036 ο.
1849 6028 1859 6036 ι

2339 590 2464 637 ante
2500 584 2611 653 jam
2663 585 2916 643 diximus.
2968 587 3166 646 Dolens
3209 606 3339 647 vero
3377 592 3492 663 ipse
3529 599 3803 655 veraciter
3830 616 3933 671 per

2339 673 2563 745 ﬁguram
2601 681 2824 747 dicitur,
2867 681 2957 752 qui
3003 690 3222 752 portare
3248 683 3464 743 dolores
3493 698 3741 760 nostros,
3794 694 3934 751 Pro-

2336 768 2499 839 pheta
2524 780 2831 843 attestante,
2856 775 3190 844 perhibetur.
3219 776 3316 833 Cui
3343 780 3396 834 in
3420 790 3567 838 terra
3594 786 3792 843 similis
3820 805 3930 846 non

2337 870 2452 931 est,
2502 865 2626 932 quia
2655 865 2829 923 omnis
2854 866 3017 923 homo
3048 872 3417 928 tantummodo
3443 874 3608 932 homo
3636 888 3755 948 est,
3811 882 3929 951 ipse

2336 961 2515 1008 autem
2554 954 2693 1011 Deus
2721 966 2776 1013 et
2802 957 2984 1014 homo.
3019 959 3077 1014 In
3110 969 3252 1017 terra
3293 963 3345 1018 ei
3386 966 3574 1023 similis
3613 986 3727 1026 non
3760 972 3788 1009 τι
3823 984 3929 1043 est,

2335 1044 2461 1113 quia
2498 1047 2598 1101 etsi
2634 1048 2914 1119 adoptivus
2957 1051 3184 1121 quisque
3228 1053 3367 1111 ﬁlius
3415 1057 3481 1112 ad
3519 1063 3931 1133 percipiendam

2334 1136 2666 1193 divinitatem
2698 1138 2937 1210 proﬁcit,
2971 1159 3315 1213 nequaquam
3352 1155 3531 1204 tamen
3561 1162 3619 1206 ut
3661 1153 3811 1211 Deus
3836 1172 3934 1211 ua-

2334 1228 2582 1285 turalitec
2616 1232 2685 1286 sit
2725 1233 2938 1303 accipit.
2991 1234 3092 1301 Qui
3131 1238 3271 1292 bene
3318 1241 3479 1295 etiam
3526 1258 3717 1300 servus
3752 1247 3932 1305 dictus

2334 1328 2438 1387 est,
2467 1323 2592 1391 quia
2617 1323 2841 1379 formam
2864 1327 3007 1387 servi
3035 1330 3309 1401 suscipere
3337 1333 3655 1403 dedignatus
3686 1355 3800 1393 nm:
3825 1348 3929 1397 est.

2332 1414 2442 1471 Nec
2478 1418 2748 1488 majestati
2796 1421 3045 1491 injuriam
3095 1424 3273 1481 intulit
3323 1440 3595 1502 assumpta
3646 1434 3929 1493 humilitas

2331 1508 2539 1573 carnis;
2590 1510 2714 1579 quia
2756 1520 2810 1565 et
2847 1521 2905 1567 ut
2944 1516 3205 1571 servanda
3252 1521 3571 1591 susciperet,
3603 1540 3710 1580 nec
3740 1535 3927 1584 tamen

2332 1598 2513 1654 habita
2554 1612 2909 1671 permutaret,
2955 1622 3053 1661 nec
3100 1607 3278 1663 divina
3329 1610 3667 1668 humanitate
3710 1617 3925 1684 minuit,

2332 1706 2433 1746 nec
2485 1692 2718 1749 humana
2767 1695 3047 1755 divinitate
3090 1702 3459 1771 consumpsit;
3510 1704 3634 1775 quia
3676 1709 3783 1762 etsi
3833 1727 3928 1780 per

2332 1779 2555 1837 Paulum
2577 1784 2772 1840 dicitur
2803 1805 2816 1841 :
2853 1784 2951 1850 Qui
2973 1804 3087 1843 cum
3115 1790 3169 1843 in
3191 1793 3362 1863 [arma
3390 1792 3490 1848 Dei
3517 1808 3671 1861 esset,
3706 1817 3812 1854 non
3837 1820 3924 1854 ra-

2259 1879 2306 1938 B
2334 1873 2511 1943 pinam
2540 1875 2823 1932 arbitratus
2846 1888 2923 1933 est
2943 1898 3054 1934 esse
3078 1899 3131 1935 se
3159 1885 3409 1953 mqualem
3435 1885 3544 1942 Deo
3568 1930 3582 1954 ,
3616 1896 3714 1944 sed
3740 1906 3925 1947 semet-

2329 1963 2497 2033 ipsum
2525 1967 2808 2023 exinanivit
2846 1973 3068 2039 formam
3096 1977 3228 2029 servi
3257 1978 3513 2048 accipiens
3546 1982 3564 2049 (
3587 1980 3823 2054 Philipp.
3858 2003 3922 2055 ιι,

2332 2052 2417 2124 6),
2459 2056 2509 2111 ei
2536 2058 2884 2129 semetipsum
2913 2063 3249 2135 exinanisse,
3298 2076 3381 2123 est
3420 2070 3487 2124 ab
3532 2071 3921 2131 invisibilitatis

2329 2163 2440 2203 sum
2467 2151 2831 2218 magnitudine
2859 2170 2918 2210 se
2942 2157 3208 2213 visibilem
3237 2159 3661 2233 demonstrasse,
3693 2177 3751 2221 ut
3780 2172 3922 2226 servi

2326 2238 2500 2296 forma
2540 2251 2747 2312 tegeret
2792 2247 2897 2303 hoc
2934 2250 3077 2319 quod
3125 2252 3586 2327 incircumscripte
3625 2263 3813 2317 omnia
3853 2280 3920 2320 ex

2326 2333 2607 2391 divinitate
2632 2348 2959 2408 penetraret.
3005 2344 3099 2399 Dei
3132 2356 3313 2402 autem
3353 2350 3420 2404 ad
3456 2351 3619 2408 Satan
3650 2372 3749 2425 per
3782 2357 3917 2426 ﬁgu-

2322 2441 2441 2481 ram
2471 2426 2649 2484 dicere
2678 2439 2761 2485 est
2796 2451 2807 2485 :
2859 2431 3111 2507 Nunquid
3139 2439 3481 2495 considerasti
3510 2460 3711 2499 servum
3747 2465 3915 2503 meum

2324 2518 2461 2574 Job?
2498 2521 2829 2590 unigenitum
2858 2526 3024 2581 ﬁlium
3066 2537 3255 2584 contra
3298 2548 3421 2587 eum
3465 2536 3519 2590 in
3560 2536 3733 2593 forma
3774 2544 3920 2597 servi

2323 2611 2698 2669 admirabilem
2724 2614 3121 2675 demonstrare.
3148 2619 3227 2675 Eo
3256 2624 3419 2690 enim,
3451 2642 3559 2696 quo
3580 2628 3728 2684 illum
3754 2640 3919 2687 tanta:

2324 2702 2537 2759 virtutis
2565 2704 2619 2758 in
2649 2721 2811 2763 carne
2848 2709 3112 2778 innotuit,
3159 2714 3312 2783 quasi
3352 2718 3680 2787 superbienti
3720 2724 3918 2779 adver-

2324 2791 2467 2852 sario
2487 2835 2503 2861 ,
2530 2795 2674 2864 quod
2703 2797 2891 2854 dolens
2917 2802 3310 2873 consideraret,
3343 2806 3614 2865 indicavit.
3649 2810 3758 2867 Sed
3789 2817 3915 2885 quia

2322 2883 2524 2938 bonum
2550 2886 2694 2955 quod
2732 2890 3019 2947 miraretur
3044 2893 3330 2964 intulerat,
3362 2908 3531 2955 restat
3560 2910 3616 2955 ut
3646 2903 3715 2958 ad
3742 2883 3917 2975 repri-

2322 2976 2573 3030 mendam
2596 2978 2712 3048 ejus
2736 2984 3041 3053 superbiam
3073 2986 3296 3045 virtutes
3318 2990 3459 3048 illius
3485 2994 3662 3052 adhuc
3690 3012 3916 3055 enume-

2321 3068 2491 3125 rando
2519 3071 2821 3143 subjungat.
2850 3076 3124 3146 Sequitur.

2680 3166 2906 3223 CAPUT
2945 3169 3129 3226 XXIV.
3147 3173 3317 3247 '[Vet.
3339 3175 3549 3251 XXIII].

2242 3266 2292 3335 ρ
2393 3255 2519 3310 lein.
2549 3289 2621 3299 —
2646 3258 2820 3315 Homo
2847 3263 3068 3334 simplex
3093 3273 3143 3319 et
3178 3276 3372 3338 rectus,
3414 3288 3476 3325 ac
3505 3274 3692 3331 timens
3720 3276 3908 3346 Deum,

2319 3354 2369 3400 et
2398 3348 2637 3402 recedens
2659 3367 2692 3405 a
2718 3352 2873 3407 malo.

2389 3438 2478 3494 4⁸5.
2507 3439 2622 3505 Qua
2650 3446 2853 3501 ratione
2874 3447 3104 3506 Christus
3130 3454 3370 3525 simplex,
3412 3469 3599 3528 rectus,
3642 3472 3749 3518 etc.
3782 3463 3912 3518 Dia-

2320 3531 2434 3587 bolo
2463 3533 2780 3590 divinitatem
2808 3555 2953 3594 suam
2972 3584 2985 3608 ,
3017 3542 3078 3597 ob
3108 3561 3169 3597 ea
3208 3563 3322 3617 qua:
3358 3565 3543 3617 passus
3571 3563 3667 3619 est,
3696 3555 3910 3611 dubiam

2320 3624 2462 3693 fecit.
2490 3656 2563 3667 ——
2588 3624 2749 3681 Venit
2770 3644 2999 3702 namque
3020 3634 3160 3690 inter
3180 3637 3425 3696 homines
3448 3643 3714 3700 mediator
3734 3647 3831 3702 Dei
3858 3656 3914 3704 et

2319 3711 2636 3783 hominum,
2691 3718 2856 3775 homo
2908 3721 3153 3782 Christus
3198 3726 3393 3801 Jesus,
3444 3734 3512 3789 ad
3559 3737 3911 3806 praebendum

2319 3805 2624 3875 exemplum
2644 3808 2765 3863 vita:
2795 3811 3122 3885 hominibus,
3162 3819 3423 3891 simplex;
3458 3824 3523 3879 ad
3551 3805 3658 3882 non
3682 3845 3913 3900 parcen-

2317 3894 2445 3949 dum
2473 3897 2720 3967 malignis
2744 3902 3041 3972 spiritibus,
3072 3917 3287 3978 rectus;
3319 3913 3387 3968 ad
3412 3894 3788 3975 debellandam
3820 3938 3912 3977 su-

2318 3988 2586 4057 perbiam,
2642 3990 2836 4048 timens
2882 3995 3077 4063 Deum;
3127 4001 3195 4056 ad
3245 4002 3627 4075 detergendam
3678 4026 3813 4067 vero
3853 4014 3910 4068 in

2317 4079 2503 4135 electis
2531 4081 2643 4138 suis
2672 4084 2795 4140 vitae
2824 4086 3248 4160 immunditiam,
3282 4098 3545 4157 recedens
3573 4117 3602 4156 a
3633 4105 3802 4159 malo.
3835 4106 3912 4161 De

2316 4172 2434 4243 ipso
2473 4176 2615 4230 enim
2653 4192 2752 4249 per
2787 4179 2977 4237 Isaiam
3007 4187 3374 4259 principaliter
3397 4192 3593 4250 dicitur
3622 4214 3635 4248 :
3666 4195 3739 4250 Et
3772 4209 3794 4235 ε
3824 4216 3913 4253 re~

2317 4265 2474 4336 plebit
2488 4284 2602 4323 eum
2625 4271 2835 4339 spiritus
2856 4275 3057 4330 timoris
3082 4276 3293 4335 Domini
3317 4281 3471 4354 (Isai.
3498 4301 3573 4351 ιι,
3594 4284 3675 4357 ὅ).
3702 4286 3773 4342 Et
3798 4290 3915 4359 ipse

2317 4373 2350 4413 a
2378 4360 2521 4415 malo
2549 4361 2888 4430 singulariter
2916 4371 3141 4425 recessit
3174 4389 3187 4426 :
3228 4375 3353 4442 quia
3382 4376 3522 4432 tacta
3562 4378 3766 4436 imitari
3816 4398 3915 4437 no.

2315 4449 2433 4513 luit,
2482 4467 2599 4521 quae
2636 4453 2689 4507 in
2727 4456 3032 4515 hominibus
3060 4462 3282 4533 invenit,
3318 4469 3573 4536 quoniam
3612 4481 3913 4531 attestante

2318 4538 2479 4597 Petro
2509 4561 2521 4595 :
2554 4544 2825 4602 Peccatum
2856 4566 2957 4605 non
2988 4554 3136 4619 fecit,
3171 4571 3263 4608 nec
3292 4556 3439 4612 dolus
3478 4562 3713 4617 inventus
3752 4576 3831 4618 est
3856 4568 3911 4620 in

2238 4653 2294 4715 ι)
2317 4651 2405 4690 ονε
2434 4636 2545 4708 ejus
2576 4636 2632 4709 (Ι
2656 4638 2766 4693 Pet.
2802 4658 2864 4707 ll,
2896 4642 3007 4713 22).
3040 4643 3293 4715 Sequitur
3322 4667 3333 4701 :
3368 4649 3709 4723 Respondeas
3736 4656 3911 4713 Satan

2316 4730 2428 4785 ait:
2462 4728 2714 4802 Nunquid
2734 4735 2926 4805 frustra
2953 4735 3053 4793 Job
3085 4741 3226 4794 timet
3251 4740 3462 4798 Deum?
3488 4744 3685 4802 Nonne
3716 4760 3769 4804 tu
3802 4754 3913 4806 ral-

2314 4824 2437 4877 lasti
2462 4840 2575 4878 eum
2592 4866 2607 4891 ,
2640 4844 2701 4879 ac
2727 4828 2932 4883 domum
2954 4831 3065 4902 ejus
3088 4872 3103 4897 ,
3145 4832 3535 4909 universumque
3563 4841 3913 4899 substantiam

2318 4932 2409 4982 per
2436 4918 2745 4972 circuitum?
2791 4917 3043 4991 Operibus
3071 4941 3314 4980 manuum
3344 4928 3457 4998 ejus
3487 4929 3836 5003 benedixisti,
3866 4946 3917 4991 et

2316 5010 2568 5076 possessio
2602 5010 2741 5065 illius
2781 5015 2935 5067 crevit
2982 5016 3037 5068 in
3079 5025 3233 5072 terra.
3283 5018 3550 5089 Antiquus
3582 5024 3761 5083 hostis
3810 5029 3917 5084 Be~

2317 5098 2650 5171 demptorem
2681 5104 2788 5174 56
2816 5105 3032 5161 humani
3058 5110 3299 5179 generis,
3331 5111 3727 5177 debellatorem
3754 5138 3914 5179 suum

2314 5265 2372 5310 ut
2421 5256 2565 5347 Deus
2606 5260 2912 5317 naturaliter
2950 5274 3102 5332 esset,
3151 5270 3366 5340 accepit.
3407 5269 3572 5330 Corb.
3617 5274 3907 5347 Germam,

2316 5328 2624 5383 naturaliter
2651 5347 2779 5385 esse.

2393 5409 2414 5435 ο
2444 5397 2671 5484 Quidam
2700 5401 2850 5470 Mss.,
2882 5414 2932 5459 et
2959 5408 3188 5484 replevit.
3210 5412 3586 5484 iSuspicamur
3607 5426 3791 5474 autem
3823 5422 3915 5477 hic

2313 5468 2917 5552 interpolationem,er
2952 5468 3379 5552 antiquariorth
3408 5468 3629 5552 errore,
3666 5498 3911 5547 textoru-

2312 5555 2420 5662 que
2448 5544 2620 5596 sancti
2663 5543 2907 5615 Gregorii
2948 5550 3025 5604 sic
3064 5543 3182 5606 esse
3210 5543 3653 5613 restituendum}
3688 5543 3912 5618 Timens

2361 5626 2504 5662 eum.
2536 5613 2598 5662 do
2627 5614 2737 5662 insn
2767 5621 2902 5662 enim
2933 5637 3023 5662 npr
3057 5620 3246 5662 lminm
3278 5627 3637 5662 ην;..ρ;ηη1;οο-
3667 5633 3860 5662 Αέρὲοιι..
3896 5652 3910 5662 .

2361 5626 2504 5695 eum,
2536 5613 2598 5695 de
2627 5614 2737 5681 ipso
2767 5613 3023 5695 enim‘per
3051 5620 3247 5695 Isaiam
3276 5627 3637 5695 principaliter
3664 5633 3860 5687 dicitur
3889 5652 3910 5689 :

2311 5690 2364 5774 elt
2388 5685 2615 5767 replebit
2637 5703 2758 5774 eum
2782 5685 3014 5773 Spiritus
3043 5692 3249 5774 timoris
3274 5685 3504 5774 Domini.
3536 5700 3619 5752 Ad
3638 5685 3915 5774 detergeri;

2310 5752 2434 5837 dam
2456 5770 2570 5837 ver‘o
2592 5756 2643 5837 in
2674 5752 2847 5812 electis
2869 5763 3122 5837 suisvita:
3145 5766 3545 5837 immunditiam,
3580 5752 3843 5829 recedeiis
3875 5792 3909 5829 ει

2306 5823 2572 5905 ιῃειιοεβι
2601 5828 2710 5895 ipse
2730 5846 2761 5880 a
2788 5836 2924 5905 malo
2948 5833 3284 5905 singulariter
3311 5823 3545 5901 recessit:
3562 5823 3907 5903 etc:

2307 5894 2428 5951 sine
2453 5894 2579 5953 Mss.
2612 5894 2935 5960 auctoritate
2961 5894 3094 5963 nihil
3121 5908 3409 5969 immutare
3432 5894 3726 5975 voluimus.
