4130 6440
248 404 355 462 577

1194 396 1557 454 MOBALIUM
1594 395 1723 452 LIB.
1764 393 1901 450 11-
1941 392 2007 449 IN
2044 393 2194 451 CAP.
2236 394 2255 449 Ι
2294 394 2354 449 Β.
2393 394 2532 451 JOB.

3405 401 3510 461 578

248 516 307 576 in
328 513 592 573 mundum
614 511 827 571 venisse
853 510 1104 582 cognovit
1130 528 1146 569 :
1177 513 1319 569 unde
1348 492 1404 568 et
1428 527 1526 584 per
1553 512 1829 568 obsessum
1856 509 1908 570 Α
1933 507 1999 562 ad
2028 524 2242 564 crucem
2271 510 2444 575 venit,
2477 512 2630 581 quasi
2664 511 2811 581 prius
2844 512 3028 568 habita
3065 511 3271 579 amisit,
3301 519 3357 569 et
3381 521 3511 585 post

248 608 521 668 hominem
550 608 602 662 in
630 606 915 675 Evangelio
944 606 1176 662 dicitur:
1212 605 1349 672 Quid
1388 606 1565 673 nobis,
1606 615 1656 659 et
1695 602 1822 671 tibi,

248 700 355 756 Fili
374 699 509 754 Dei?
542 698 737 753 Venisti
758 700 855 751 huc
876 708 995 753 ante
1017 708 1212 769 tempus
1237 709 1470 771 torquere
1492 715 1584 753 nos
1607 696 1822 767 (Matth.

247 806 355 858 nn,
386 790 499 860 20).
533 789 634 857 Qui
660 797 840 845 tamen
867 791 1016 859 prius
1046 806 1167 845 cum
1197 791 1341 845 hunc
1370 789 1679 860 passibilem
1708 802 1824 844 cer‘

248 891 423 949 neret,
452 898 575 938 cum
600 898 760 953 posse
788 883 1031 937 mortalia
1063 884 1270 953 perpeti
1300 881 1648 936 humanitatis
1675 880 1825 935 vide-

248 982 361 1045 ret,
399 989 560 1030 omne
583 974 725 1044 quod
751 974 819 1029 de
843 974 959 1045 ejus
982 975 1261 1030 divinitate
1290 975 1593 1044 suspicatus
1621 981 1730 1040 est,
1772 972 1823 1028 ei

248 1063 387 1121 fastu
414 1080 524 1120 sua:
551 1065 814 1135 superbiae
843 1066 897 1119 in
927 1064 1145 1120 dubium
1176 1065 1337 1120 venit.
1382 1064 1465 1119 Nil
1494 1065 1691 1134 quippe
1720 1062 1823 1117 nisi

248 1157 535 1229 superbum
562 1155 773 1226 sapiens
794 1197 809 1223 ,
857 1155 983 1211 dum
1008 1171 1129 1211 esse
1156 1156 1299 1211 hunc
1323 1156 1578 1210 humilem
1609 1155 1821 1224 conspi-

247 1246 339 1312 cit,
373 1246 537 1301 Deum
565 1261 683 1301 esse
709 1246 990 1301 dubitavit.
1024 1244 1179 1302 Unde
1202 1253 1257 1300 et
1278 1246 1344 1299 ad
1376 1246 1731 1300 tentationum
1761 1260 1820 1300 se

248 1346 555 1405 argumenta
578 1338 864 1404 convertit,
897 1338 1078 1393 dicens
1104 1355 1117 1391 :
1152 1337 1213 1392 Si
1238 1337 1405 1391 Filius
1436 1336 1533 1391 Dei
1556 1354 1630 1403 es,
1661 1338 1744 1392 dic
1764 1343 1819 1392 ut

248 1426 442 1497 lapides
479 1430 563 1483 isti
602 1445 762 1494 panes
788 1430 922 1500 fiant
950 1430 969 1495 (
993 1427 1180 1482 Matth.
1222 1444 1303 1494 tv,
1333 1426 1429 1499 5).
1480 1427 1613 1494 Quia
1662 1428 1813 1495 igitu.’

248 1521 551 1590 passibilem
574 1522 723 1587 vidit,
757 1531 784 1560 α
812 1538 921 1577 non
950 1522 1121 1577 Deum
1150 1531 1333 1576 natum
1352 1562 1368 1589 ,
1401 1520 1495 1576 sed
1522 1520 1618 1575 Dei
1646 1522 1819 1589 gratia

248 1612 566 1667 custoditum
615 1612 857 1668 credidit.
911 1612 1063 1668 Unde
1104 1621 1159 1668 et
1204 1628 1345 1668 nunc
1398 1610 1596 1667 inferre
1639 1610 1822 1681 perhi-

248 1704 419 1761 betur.
1150 1717 1169 1727 ‘

808 1798 1036 1855 CAPUT
1084 1799 1250 1854 XXV.

1928 602 1982 654 in
2011 601 2301 669 semetipso
2331 601 2664 657 adversantis
2691 594 2986 672 nequitiam
3014 603 3254 674 pertulit.

2470 692 2697 749 CAPUT
2726 692 2959 749 XXVIII.

1995 779 2122 835 Intn.
2151 814 2209 824 —
2257 780 2604 854 Egressusque
2627 793 2704 837 est
2733 783 2902 839 Satan
2930 801 2963 838 a
2984 784 3120 857 facie
3142 783 3370 840 Domini.

1996 871 2084 927 47.
2112 873 2364 930 Diabolus
2392 876 2493 930 voti
2520 891 2727 947 compos
2744 877 2912 947 {actus
2935 893 2967 929 a
2990 878 3125 949 [acie
3145 875 3357 931 Domini
3377 878 3505 936 exit.

1923 994 1995 1008 —
2022 965 2171 1022 Sicut
2197 975 2251 1023 et
2271 968 2518 1039 superius
2545 967 2749 1022 dictum
2770 975 2871 1034 est,
2897 967 3061 1023 Satan
3083 985 3114 1024 a
3137 970 3274 1026 facie
3293 971 3507 1027 Domini

1924 1059 2057 1116 exiit
2084 1098 2099 1124 ,
2126 1061 2250 1129 quia
2273 1060 2341 1115 ad
2364 1060 2613 1116 desiderii
2633 1060 2715 1116 sui
2738 1068 2866 1116 vota
2886 1061 3147 1131 pervenit.
3182 1062 3343 1131 Quasi
3363 1064 3506 1119 enim

1924 1159 2049 1207 ante
2099 1151 2274 1224 ipsum
2331 1161 2475 1220 erat,
2531 1152 2659 1208 dum
2710 1161 2931 1225 propter
2978 1153 3153 1225 ipsum
3198 1170 3316 1226 quae
3366 1157 3508 1215 male

1922 1240 2138 1298 sitiebat
2162 1243 2386 1315 implere
2411 1260 2517 1299 non
2540 1250 2776 1314 poterat.

2464 1332 2691 1389 CAPUT
2765 1331 2959 1388 XXIX.

2005 1427 2167 1483 Vens.
2193 1426 2365 1493 15.j—
2383 1425 2510 1481 Cum
2524 1436 2691 1481 autem
2707 1426 2930 1499 quadam
2951 1424 3034 1480 die
3056 1425 3155 1497 ﬁlii
3182 1425 3292 1498 ejus
3313 1435 3363 1480 et
3379 1426 3507 1499 filim

1922 1520 2245 1577 comederent
2282 1525 2331 1570 et
2364 1515 2590 1571 biberent
2617 1517 2793 1570 vinum
2826 1517 2878 1569 in
2909 1515 3061 1570 domo
3093 1517 3271 1588 fratris
3297 1517 3377 1571 sui
3397 1517 3509 1583 pri-

1923 1613 2189 1685 mogeniti.

1994 1703 2081 1759 18.
2143 1702 2312 1756 Filius
2377 1699 2591 1757 Domini
2641 1700 2811 1771 major
2837 1698 3089 1753 Iudaicus
3145 1700 3383 1771 papulas.
3437 1728 3511 1743 -—

1925 1798 2079 1854 Beati
2105 1795 2207 1852 Job
2234 1795 2371 1851 ﬁlios
2413 1809 2479 1849 ac
2507 1793 2673 1861 ﬁlias,
2720 1792 2807 1847 vel
2838 1791 3205 1861 apostolorum
3233 1790 3508 1859 ordinem,

315 1909 472 1965 Vens.
509 1909 560 1976 9,
595 1910 681 1965 10.
730 1943 801 1953 —
828 1910 1020 1965 Nonne
1047 1918 1099 1963 tu
1129 1910 1332 1964 vallasti
1360 1925 1496 1973 eum,
1528 1925 1586 1961 ac
1617 1910 1823 1962 domum

1930 1890 2016 1946 vel
2057 1895 2377 1944 cunctorum
2423 1883 2658 1939 ﬁdelium
2704 1881 3103 1936 multitudinem
3145 1880 3375 1935 diximus
3417 1882 3509 1937 de-

247 2017 374 2073 ejus,
426 2004 814 2073 universamque
859 2001 1197 2056 substantiam
1241 2002 1349 2073 ejus
1392 2017 1481 2069 per
1523 2000 1825 2053 circuitum?

246 2092 502 2162 Uperibus
535 2110 779 2147 manuum
818 2094 929 2164 ejus
960 2093 1299 2157 benedixisti,
1347 2102 1396 2145 et
1426 2092 1677 2161 possessio
1712 2092 1822 2161 ejus

246 2188 399 2241 crevit
420 2188 473 2240 in
501 2196 660 2241 terra.

314 2298 402 2353 «ill.
434 2297 569 2352 Eunt
599 2300 841 2354 humilem
880 2301 1056 2355 videns
1083 2300 1328 2372 superbus
1368 2300 1624 2366 diabolus,
1657 2299 1823 2355 Deum

243 2408 353 2448 esse
382 2390 649 2444 dubitavit.
681 2424 755 2433 —
780 2390 914 2445 Eum
944 2393 1142 2462 quippe
1171 2408 1233 2446 ac
1262 2392 1479 2447 domum
1509 2391 1626 2460 ejus
1654 2407 1685 2446 a
1712 2390 1823 2447 Deo

246 2483 495 2536 vallatam
525 2481 682 2547 dicit;
715 2484 839 2554 quia
871 2485 1128 2539 tentando
1159 2483 1276 2555 ejus
1316 2484 1698 2539 conscientiam
1725 2498 1822 2553 pe-

246 2586 458 2630 netrare
482 2591 589 2631 non
618 2577 808 2645 potuit.
860 2576 1224 2633 Substantiam
1254 2577 1369 2647 ejus
1397 2578 1649 2631 vallatam
1680 2591 1825 2631 asse-

245 2670 332 2735 rit,
367 2669 491 2739 quia
521 2669 725 2725 electos
749 2670 863 2740 ejus
892 2670 1143 2726 invadere
1172 2687 1278 2725 non
1308 2672 1598 2741 praesumit.
1631 2668 1823 2739 Operi-

213 2773 221 2779 ‘
248 2763 349 2817 bus
379 2778 630 2817 manuum
654 2762 770 2832 ejus
795 2762 1131 2818 benedixisse
1148 2762 1339 2830 Deum,
1362 2761 1825 2833 etpossessionem

247 2853 365 2924 ejus
393 2856 693 2912 excrevisse
741 2857 797 2911 in
839 2864 980 2912 terra
1023 2858 1266 2927 queritur
1304 2857 1482 2926 :‘quia
1512 2856 1717 2911 scilicet
1749 2865 1826 2909 ta-

244 2947 470 3003 bescens
499 2947 663 3016 videt,
694 2948 837 3033 quod
866 2948 997 3003 ﬁdes
1025 2948 1141 3018 ejus
1170 2950 1222 3002 in
1255 2948 1498 3003 notitiam
1524 2946 1823 3015 hominum,

244 3044 658 3116 prmdicantibus
710 3044 1009 3114 apostolis,
1074 3044 1477 3113 multiplicatur.
1547 3040 1824 3096 Possessio

244 3133 441 3203 quippe
471 3134 583 3203 ejus
613 3149 861 3190 crescere
888 3134 1105 3202 dicitur,
1132 3134 1257 3188 dum
1286 3132 1656 3188 laborantibus
1686 3145 1823 3201 pra:-

245 3222 592 3289 dicatoribus,
617 3224 851 3279 ﬁdelium
874 3225 1112 3295 quotidie
1141 3240 1396 3279 numerus
1419 3231 1662 3293 augetur.
1695 3221 1823 3276 Haec
1848 3260 1894 3323 Ο

245 3312 426 3382 itaque
466 3313 630 3369 Satan
663 3316 774 3370 Deo
818 3316 1014 3370 dixisse
1044 3324 1158 3379 est,
1194 3316 1320 3369 talia
1360 3314 1652 3369 invidendo
1695 3329 1820 3368 sen-

246 3404 398 3459 sisse.
429 3404 553 3461 Hmc
581 3405 743 3461 Satan
774 3406 885 3462 Deo
911 3406 1107 3462 dixisse
1136 3413 1236 3474 est,
1270 3406 1334 3461 de
1362 3406 1447 3461 his
1478 3403 1819 3470 tabescendo,

247 3496 498 3553 doluisse.
524 3498 777 3569 Sequitur
803 3516 815 3550 :

570 3588 800 3645 CAPUT
830 3589 991 3644 XXVI
1030 3589 1103 3663 [V
1125 3598 1192 3645 et.
1210 3589 1447 3659 XXIV].

317 3680 481 3736 Vsus.
515 3681 600 3733 II.
641 3715 712 3725 —
741 3682 846 3736 Sed
875 3683 1090 3736 extende
1118 3684 1381 3754 paululum
1412 3698 1619 3736 manum
1651 3691 1788 3735 tuam
1808 3723 1822 3747 ,

248 3782 295 3826 et
336 3782 489 3844 tange
526 3782 711 3827 cuncta
755 3790 869 3841 qua!
912 3776 1157 3843 possidet,
1206 3776 1307 3828 nisi
1350 3777 1402 3828 in
1446 3776 1631 3837 [aciem
1671 3773 1825 3826 bene-

247 3865 436 3919 dixerit
465 3866 571 3919 tibi.

320 3956 406 4011 b5.
457 3957 588 4029 Ejus
633 3960 951 4019 divinitatem
996 3961 1358 4015 tentationibus
1404 3962 1710 4031 exploravit.
1762 3989 1829 4002 -

250 4048 417 4117 Quem
455 4053 597 4106 enim
623 4053 1019 4121 tranquillitatis
1046 4063 1305 4124 tempore,
1340 4054 1434 4109 Dei
1460 4054 1628 4123 gratia
1650 4061 1832 4109 custo-

251 4140 418 4195 ditum
440 4143 688 4212 credidit,
721 4159 950 4214 peccare
975 4161 1133 4215 posse
1156 4160 1250 4215 per
1274 4147 1576 4217 passionem
1599 4146 1826 4217 putavit.

252 4233 327 4289 Ac
353 4237 396 4290 si
427 4245 611 4306 aperte
640 4238 785 4292 dicat
810 4256 821 4291 :
855 4238 1216 4310 Interrogatus
1237 4240 1616 4295 alIIiclionibus
1644 4240 1828 4307 homo,

253 4333 307 4378 et
336 4334 587 4394 peccator
620 4330 926 4397 agnoscitur
946 4373 961 4399 ,
1003 4332 1093 4399 qui
1124 4332 1176 4385 in
1206 4332 1479 4389 miraculis
1508 4333 1648 4388 Deus
1676 4341 1831 4403 puta-

253 4426 357 4473 tur.
389 4419 531 4476 Dixit
556 4436 685 4491 ergo
714 4423 971 4480 Dominus
998 4423 1064 4477 ad
1094 4424 1258 4479 Satan
1290 4445 1303 4479 :

808 4535 1034 4592 CAPUT
1062 4536 1271 4595 XXVII.

1926 1986 2182 2056 signasse.
2215 1981 2529 2036 Incarnalus
2559 1983 2741 2031 autem
2763 1976 3023 2030 Dominus
3050 1974 3201 2045 prius
3231 1989 3300 2029 ex
3329 1973 3507 2029 Judtea

1925 2078 1994 2133 ad
2016 2076 2175 2131 ﬁdem
2197 2088 2399 2147 paucos
2422 2070 2604 2141 elegit,
2637 2076 2692 2124 et
2719 2076 2844 2139 post
2863 2067 2966 2122 sibi
2989 2068 3089 2139 57
3119 2065 3511 2120 multitudinem

1923 2170 2109 2244 populi
2137 2168 2352 2239 gentilis
2376 2163 2706 2234 aggregavit.
2738 2161 2871 2229 Quis
2901 2168 3082 2216 autem
3102 2158 3277 2228 major
3299 2155 3513 2213 Domini
3587 2204 3591 2209 .

1927 2265 2066 2320 ﬁlius
2085 2307 2101 2332 ,
2134 2263 2234 2318 nisi
2263 2260 2514 2315 Iudaicus
2543 2256 2714 2326 accipi
2743 2254 2975 2327 populus
2999 2254 3178 2318 debet,
3216 2251 3308 2321 qui
3334 2251 3382 2305 ei
3411 2250 3509 2304 du-

1925 2358 2051 2413 dum
2096 2357 2237 2411 datae
2279 2353 2414 2419 legis
2451 2351 2625 2405 fuerat
2661 2346 2905 2403 doctrina
2952 2351 3238 2412 generatus
3274 2359 3287 2395 :
3336 2340 3513 2395 minor

1925 2456 2103 2503 autem
2126 2444 2339 2515 gentilis
2368 2441 2630 2514 populus,
2659 2438 2751 2508 qui
2787 2444 2843 2492 et
2872 2438 2927 2491 in
2957 2435 3143 2491 mundi
3172 2431 3513 2489 extremitate

1925 2540 2183 2597 collectus
2211 2537 2326 2592 est?
2356 2533 2491 2602 Quia
2532 2533 2693 2601 igitur
2721 2528 3040 2585 cum‘Satan
3079 2525 3295 2581 utilitati
3333 2522 3510 2579 homi-

1926 2649 2054 2688 num
2085 2630 2330 2686 nesciens
2360 2626 2654 2681 deserviret
2672 2666 2688 2691 ,
2728 2630 2783 2677 et
2811 2620 3078 2690 corruptis
3106 2624 3510 2689 persecutorum

1924 2725 2174 2782 cordibus
2230 2720 2501 2776 licentiam
2545 2716 2840 2772 Dominicae
2878 2712 3144 2784 passionis
3190 2715 3509 2780 expeteret,

1924 2812 2103 2875 sancti
2126 2814 2356 2887 apostoli
2385 2810 2615 2867 necdum
2651 2807 3045 2877 aggregandam
3090 2804 3201 2859 Deo
3244 2802 3513 2871 gentilita-

1926 2922 2032 2969 tem
2060 2917 2354 2973 noverant,
2404 2914 2458 2961 et
2496 2905 2597 2961 soli
2641 2902 2837 2961 Judtca:
2868 2901 2989 2957 ﬁdei
3019 2914 3215 2955 arcana
3253 2897 3512 2968 praedica-

1924 3005 2093 3068 bant;
2140 3017 2262 3056 cum
2306 2999 2472 3055 Satan
2502 2997 2698 3052 exiisse
2743 3010 2773 3049 a
2814 2993 3043 3048 Domino
3072 2990 3288 3056 dicitur,
3335 2988 3429 3043 ﬁlii
3456 2994 3512 3044 et

1925 3093 2047 3148 ﬁliae
2075 3094 2128 3163 in
2166 3091 2328 3146 domo
2365 3089 2544 3144 fratris
2570 3084 2912 3158 primogeniti
2950 3081 3228 3138 convivari
3264 3078 3509 3135 referun-

1929 3195 2035 3241 tur.
2065 3186 2277 3240 Dictum
2309 3182 2507 3252 quippe
2546 3180 2623 3235 eis
2651 3178 2825 3233 fuerat
2856 3194 2870 3229 :
2911 3173 2979 3231 In
3006 3176 3140 3229 viam
3183 3174 3410 3246 gentium
3447 3187 3514 3225 ne

1927 3279 2158 3333 abieritis
2185 3275 2409 3349 (Matth.
2447 3290 2509 3340 χ,
2539 3271 2628 3341 5).
2661 3269 2789 3326 Post
2814 3276 3045 3324 mortem
3074 3280 3304 3334 namque
3330 3278 3512 3319 resur-

1925 3369 2332 3436 rectionemque
2391 3364 2609 3419 Domini
2660 3362 2710 3416 iu
2780 3360 3019 3430 gentium
3072 3357 3509 3427 praedicationem
3598 3396 3607 3403 .

1926 3460 2174 3519 conversi
2198 3466 2341 3515 sunt.
2376 3454 2529 3513 Unde
2557 3455 2689 3510 etin
2720 3454 2831 3508 suis
2856 3450 3076 3506 Actibus
3098 3448 3320 3504 dicunt:
3353 3446 3513 3501 Vobis

1926 3552 2192 3624 Oportebat
2220 3551 2356 3621 loqui
2387 3549 2607 3619 primum
2645 3544 2848 3599 verbum
2878 3541 3007 3607 Dei;
3038 3540 3128 3594 sed
3160 3539 3184 3577 ι)
3212 3538 3332 3609 quia
3361 3553 3511 3607 repu-

1926 3645 2057 3699 listis
2077 3643 2227 3710 illud,
2251 3651 2299 3695 et
2324 3640 2564 3709 indignos
2594 3654 2681 3692 vos
2699 3635 2978 3705 judicastis
3002 3641 3208 3686 aeterna:
3227 3630 3364 3693 vitaz,
3395 3642 3511 3681 ecce

1928 3734 2270 3789 convertimur
2302 3730 2370 3783 ad
2410 3736 2581 3799 gentes
2614 3725 2763 3794 (Act.
2797 3740 2918 3790 xm,
2950 3721 3017 3774 46
3040 3724 3077 3789 ).
3110 3719 3176 3773 Hi
3206 3719 3387 3786 itaque
3417 3715 3512 3769 ﬁlii

1928 3823 2147 3894 sponsi,
2194 3821 2261 3875 de
2289 3819 2481 3888 quibus
2510 3824 2563 3872 et
2594 3814 2837 3884 ejusdem
2868 3828 3004 3867 voce
3050 3809 3234 3880 sponsi
3263 3808 3459 3862 dicitur
3490 3822 3506 3861 :

1930 3913 2055 3968 Non
2104 3910 2415 3981 jejunabunt
2466 3907 2565 3978 filii
2609 3905 2814 3975 sponsi,
2865 3902 3091 3974 quandiu
3134 3916 3246 3953 cum
3293 3898 3398 3952 illis
3435 3902 3515 3951 est

1929 4020 2148 4075 sponsus
2179 4000 2403 4073 (Matth.
2434 4016 2510 4067 ιιι,
2542 3996 2658 4067 15),
2691 3997 2742 4050 in
2773 3996 2933 4050 domo
2964 3993 3142 4047 fratris
3169 3988 3513 4062 primogeniti

1932 4096 2311 4161 convivantur,
2362 4094 2488 4164 quia
2535 4090 2791 4145 videlicet
2840 4088 3016 4143 adhuc
3061 4085 3289 4157 apostoli
3346 4097 3514 4139 sacra:

1931 4193 2223 4261 Scriptum
2248 4188 2454 4243 deliciis
2474 4187 2528 4241 in
2556 4186 2721 4241 solius
2742 4183 2949 4247 Judaici
2972 4181 3161 4250 populi
3189 4179 3514 4236 collectione

1931 4285 2307 4341 vescebantur.

2097 4374 2324 4431 CAPUT
2355 4371 2503 4428 xxx
2537 4371 2682 4444 me.
2707 4367 2895 4437 XXV,
2920 4367 3043 4422 Rec.
3086 4362 3341 4435 XVIII].

2003 4468 2166 4523 Vnus.
2198 4466 2285 4530 1i,
2313 4465 2397 4519 15.
2432 4493 2499 4504 ——
2525 4461 2759 4515 Nuntius
2788 4461 2920 4516 venit
2941 4459 3009 4512 ad
3029 4456 3153 4523 Job,
3180 4456 3269 4526 qui
3291 4455 3515 4507 diceret:

1936 4560 2097 4614 Boves
2127 4558 2365 4622 arabant,
2399 4564 2446 4610 et
2475 4556 2642 4609 asinae
2671 4553 3015 4624 pascebantur
3037 4550 3193 4619 juxta
3221 4562 3327 4610 eos,
3370 4551 3419 4597 et
3444 4545 3516 4596 ir-

325 4645 487 4702 Vuns.
520 4646 604 4701 η.
626 4682 699 4693 -
719 4648 853 4705 Ecce
873 4655 1109 4707 universa
1136 4670 1249 4725 qua:
1272 4654 1444 4725 liabet,
1473 4659 1527 4711 in
1557 4674 1710 4710 manu
1745 4666 1829 4710 tua
1859 4642 1903 4699 D
1932 4659 2141 4705 ruerunt
2174 4648 2369 4714 Sabini,
2398 4649 2717 4717 tuleruntque
2746 4644 2940 4706 omnia,
2971 4650 3019 4694 et
3045 4654 3230 4709 pueros
3256 4650 3517 4706 percusse-

252 4745 372 4790 sunt
394 4753 411 4790 :
436 4746 634 4792 tantum
654 4741 707 4793 in
726 4757 841 4794 eum
862 4758 926 4795 ne
951 4743 1201 4797 extendas
1231 4762 1442 4799 manum
1471 4754 1631 4800 tuam.

327 4828 414 4883 46.
444 4830 661 4886 Satante
687 4848 893 4901 manus,
920 4850 1023 4887 non
1046 4841 1290 4904 potestas,
1328 4837 1419 4891 sed
1447 4839 1658 4892 tentatio
1688 4839 1833 4893 debet

254 4919 489 4991 intelligi.
517 4951 587 4963 —
613 4921 745 4977 Cum
774 4940 982 4979 sacram
1006 4924 1285 4980 historiam
1310 4929 1409 4983 sub
1439 4929 1642 4997 tigurali
1672 4930 1830 4985 intel-

254 5010 399 5065 lectu
428 5010 758 5079 discutimus,
792 5014 1006 5070 Satana:
1044 5031 1234 5071 manus
1274 5034 1380 5071 non
1424 5028 1689 5088 potestas,
1740 5023 1835 5077 sed

258 5104 485 5158 tentatio
509 5104 669 5160 debet
709 5106 951 5176 intelligi.
990 5106 1247 5164 Universa
1276 5110 1459 5181 itaque
1483 5126 1602 5180 quae
1637 5111 1833 5177 habet,

202 5234 211 5239 -
256 5191 311 5246 in
337 5204 553 5281 manum
583 5199 839 5252 tentantis
864 5198 1076 5266 dantur,
1103 5210 1159 5257 et
1178 5202 1230 5255 in
1248 5203 1696 5258 eumtentationis
1718 5218 1836 5257 ma-

256 5299 358 5337 nus
383 5286 597 5341 extendi
626 5290 961 5358 prohibetur,
1004 5293 1146 5361 quod
1190 5300 1368 5349 tamen
1401 5293 1513 5349 ﬁeri
1543 5294 1837 5349 substantia

258 5375 453 5431 amissa
484 5380 833 5436 conceditur:
866 5383 991 5454 quia
1021 5383 1270 5439 nimirum
1299 5387 1447 5455 prius
1474 5385 1686 5451 Judma,
1719 5401 1837 5457 qua:

256 5472 528 5539 possessio
564 5472 679 5542 ejus
714 5474 919 5545 fuerat,
959 5476 1010 5530 in
1052 5475 1365 5533 inﬁdelitate
1393 5478 1601 5533 sublata
1630 5486 1746 5546 est,
1785 5485 1839 5532 et

260 5569 385 5631 post
411 5563 525 5632 ejus
547 5580 672 5620 caro
699 5568 938 5635 patibulo
966 5570 1140 5624 crucis
1169 5569 1347 5625 afﬁxa.
1378 5569 1479 5636 Qui
1512 5570 1671 5639 igitur
1693 5570 1840 5640 prius

255 5651 500 5713 Iudaeam
535 5658 904 5715 adversantem
940 5663 1187 5730 pertulit,
1220 5671 1276 5719 et
1304 5662 1646 5732 postmodum
1676 5676 1843 5732 usque

336 5804 363 5833 ι
391 5793 666 5851 Vetustior
680 5794 897 5864 Rbem.,
916 5814 1018 5853 non
1032 5799 1193 5854 Deum
1211 5812 1408 5857 tantum
1423 5820 1441 5867 ;
1473 5800 1568 5857 sed
1591 5805 1844 5859 mendose

262 5883 404 5923 unus
432 5867 614 5932 Vind.,
644 5884 749 5925 non
777 5868 943 5925 Deum
964 5879 1183 5940 tantum,
1217 5874 1306 5927 sed
1323 5875 1379 5928 in
1400 5875 1603 5929 notitia.

1938 4751 2056 4798 runt
2078 4742 2274 4813 gladia,
2305 4750 2353 4794 et
2377 4740 2513 4793 evasi
2533 4754 2627 4809 ego
2656 4737 2815 4798 solus,
2848 4742 2903 4787 ut
2932 4731 3229 4784 nuntiarem
3259 4727 3368 4780 tibi.

2007 4832 2094 4887 49.
2127 4832 2401 4903 Simplices
2430 4826 2816 4900 perfectioribus
2844 4823 3187 4881 adlamrentes,
3233 4833 3408 4872 eorum
3437 4818 3518 4871 in-

1941 4926 2142 4980 tellectu
2170 4928 2475 4991 pascuntur.
2508 4949 2578 4960 -
2606 4915 2744 4983 Quid
2772 4912 2916 4967 aliud
2952 4926 3050 4981 per
3076 4909 3297 4978 ﬁguram
3329 4908 3520 4976 boves,

1939 5030 2100 5087 quam
2126 5014 2267 5068 bene
2291 5016 2611 5081 operantes;
2638 5004 2767 5075 quid
2796 5002 2941 5058 aliud
2963 5002 3335 5070 asinas,quam
3351 5012 3519 5068 quos-

1944 5107 2067 5161 dam
2091 5104 2405 5175 simpliciter
2426 5102 2667 5155 viventes
2690 5096 3018 5168 accipimus?
3040 5094 3168 5163 Qua:
3212 5094 3353 5149 bene
3369 5092 3521 5162 juxta

1941 5199 2110 5254 boves
2129 5196 2270 5267 pasci
2294 5191 2631 5257 referuntur;
2651 5190 2774 5260 quia
2795 5196 3003 5243 mentes
3022 5184 3343 5257 simplicium
3361 5184 3520 5238 etiam

1943 5306 2064 5346 cum
2095 5288 2202 5342 alta
2227 5298 2249 5326 ε
2275 5298 2470 5354 capere
2494 5298 2600 5338 non
2620 5288 2862 5353 possunt,
2891 5296 2956 5335 eo
2977 5279 3145 5348 magis
3167 5277 3352 5332 vicinae
3377 5279 3521 5339 sunt,

1943 5395 2051 5450 quo
2081 5386 2134 5433 et
2176 5377 2410 5432 fraterna
2451 5376 2612 5439 bona,
2645 5389 2741 5430 sua
2768 5388 2866 5444 per
2904 5372 3222 5427 cbaritatem
3264 5364 3523 5429 credunt;

1946 5491 2177 5545 cumque
2216 5471 2457 5529 invidere
2484 5470 2673 5526 alienis
2710 5468 2957 5524 sensibus
2985 5465 3257 5527 nesciunt,
3286 5457 3441 5530 quasi
3470 5456 3525 5511 in

1945 5578 2102 5640 pastu
2129 5583 2188 5622 se
2214 5566 2434 5621 minime
2462 5563 2723 5620 dividunt.
2756 5561 2923 5617 Simul
2956 5573 3083 5627 ergo
3123 5570 3181 5609 se
3210 5553 3375 5608 asina:
3402 5562 3524 5603 cum

1946 5664 2119 5719 bobus
2139 5661 2406 5727 reﬁciunt,
2434 5659 2556 5730 quia
2579 5656 2928 5728 prudentibus
2947 5649 3221 5720 conjuncti
3241 5644 3527 5708 tardiores,

2007 5800 2045 5927 ἔ
2072 5798 2322 5869 Plerique
2343 5797 2493 5863 Mss.,
2514 5797 2637 5867 quia
2656 5790 2901 5863 repellitis
2915 5784 3069 5853 illud,
3096 5792 3145 5838 et
3169 5781 3413 5853 indignos
3432 5789 3528 5849 vos

2044 5872 2215 5926 icatis.

1940 5872 2215 5945 judicatis.
