  <div class='ocr_page' id='page_1' title='image "/cluster/home/n/w/nwhite01/storage/ocr_20150623/75/hvd.32044015469380/295.png"; bbox 0 0 4180 6480; ppageno 0'>
   <div class='ocr_carea' id='block_1_1' title="bbox 620 441 726 499">
    <p class='ocr_par' dir='ltr' id='par_1_1' title="bbox 620 441 726 499">
     <span class='ocr_line' id='line_1_1' title="bbox 620 441 726 499; baseline -0.009 0"><span class='ocrx_word' id='word_1_1' title='bbox 620 441 726 499; x_wconf 78' lang='grc'><strong>579</strong></span> 
     </span>
    </p>
   </div>
   <div class='ocr_carea' id='block_1_2' title="bbox 1834 428 2696 492">
    <p class='ocr_par' dir='ltr' id='par_1_2' title="bbox 1834 428 2696 492">
     <span class='ocr_line' id='line_1_2' title="bbox 1834 428 2696 492; baseline -0.009 0"><span class='ocrx_word' id='word_1_2' title='bbox 1834 433 2075 492; x_wconf 81' lang='lat' dir='ltr'><strong>SANCTI</strong></span> <span class='ocrx_word' id='word_1_3' title='bbox 2116 428 2443 488; x_wconf 80' lang='lat' dir='ltr'><strong>GREGORII</strong></span> <span class='ocrx_word' id='word_1_4' title='bbox 2481 429 2696 486; x_wconf 76' lang='lat' dir='ltr'><strong>MAGNI</strong></span> 
     </span>
    </p>
   </div>
   <div class='ocr_carea' id='block_1_3' title="bbox 619 561 3892 641">
    <p class='ocr_par' dir='ltr' id='par_1_3' title="bbox 619 561 3892 641">
     <span class='ocr_line' id='line_1_3' title="bbox 619 561 3892 641; baseline -0.004 -13"><span class='ocrx_word' id='word_1_5' title='bbox 619 587 804 628; x_wconf 87' lang='lat' dir='ltr'><strong>eorum</strong></span> <span class='ocrx_word' id='word_1_6' title='bbox 843 570 1193 640; x_wconf 71' lang='lat' dir='ltr'><strong>intelligentia</strong></span> <span class='ocrx_word' id='word_1_7' title='bbox 1232 578 1544 641; x_wconf 88' lang='lat' dir='ltr'><strong>pascuntur.</strong></span> <span class='ocrx_word' id='word_1_8' title='bbox 1589 567 1764 625; x_wconf 66' lang='lat' dir='ltr'><strong>Sabaei</strong></span> <span class='ocrx_word' id='word_1_9' title='bbox 1810 576 1989 622; x_wconf 90' lang='lat' dir='ltr'><strong>autem</strong></span> <span class='ocrx_word' id='word_1_10' title='bbox 2028 564 2198 636; x_wconf 87' lang='lat' dir='ltr'><strong>capti—</strong></span> <span class='ocrx_word' id='word_1_11' title='bbox 2230 569 2277 626; x_wconf 80' lang='grc' dir='ltr'><strong>Α</strong></span> <span class='ocrx_word' id='word_1_12' title='bbox 2301 561 2643 617; x_wconf 76' lang='lat' dir='ltr'><strong>videbantur.</strong></span> <span class='ocrx_word' id='word_1_13' title='bbox 2675 562 2782 617; x_wconf 88' lang='lat' dir='ltr'><strong>Sed</strong></span> <span class='ocrx_word' id='word_1_14' title='bbox 2808 563 2932 632; x_wconf 89' lang='lat' dir='ltr'><strong>quia</strong></span> <span class='ocrx_word' id='word_1_15' title='bbox 2965 561 3067 632; x_wconf 88' lang='lat' dir='ltr'><strong>ipsi</strong></span> <span class='ocrx_word' id='word_1_16' title='bbox 3097 574 3438 630; x_wconf 84' lang='lat' dir='ltr'><strong>summopere</strong></span> <span class='ocrx_word' id='word_1_17' title='bbox 3475 561 3530 615; x_wconf 86' lang='lat' dir='ltr'><strong>in</strong></span> <span class='ocrx_word' id='word_1_18' title='bbox 3573 561 3892 632; x_wconf 85' lang='lat' dir='ltr'><strong>redempto-</strong></span> 
     </span>
    </p>
   </div>
   <div class='ocr_carea' id='block_1_4' title="bbox 620 659 2194 730">
    <p class='ocr_par' dir='ltr' id='par_1_4' title="bbox 620 659 2194 730">
     <span class='ocr_line' id='line_1_4' title="bbox 620 659 2194 730; baseline -0.002 -16"><span class='ocrx_word' id='word_1_19' title='bbox 620 668 807 715; x_wconf 88' lang='lat' dir='ltr'><strong>vantes</strong></span> <span class='ocrx_word' id='word_1_20' title='bbox 857 661 1296 730; x_wconf 83' lang='lat' dir='ltr'><strong>interpretantur.</strong></span> <span class='ocrx_word' id='word_1_21' title='bbox 1329 660 1396 714; x_wconf 84' lang='lat' dir='ltr'><strong>Et</strong></span> <span class='ocrx_word' id='word_1_22' title='bbox 1423 661 1517 730; x_wconf 87' lang='lat' dir='ltr'><strong>qui</strong></span> <span class='ocrx_word' id='word_1_23' title='bbox 1547 661 1637 715; x_wconf 84' lang='lat' dir='ltr'><strong>alii</strong></span> <span class='ocrx_word' id='word_1_24' title='bbox 1666 659 2049 729; x_wconf 86' lang='lat' dir='ltr'><strong>captivantium</strong></span> <span class='ocrx_word' id='word_1_25' title='bbox 2097 672 2194 711; x_wconf 89' lang='lat' dir='ltr'><strong>no-</strong></span> 
     </span>
    </p>
   </div>
   <div class='ocr_carea' id='block_1_5' title="bbox 619 751 2202 824">
    <p class='ocr_par' dir='ltr' id='par_1_5' title="bbox 619 751 2202 824">
     <span class='ocr_line' id='line_1_5' title="bbox 619 751 2202 824; baseline -0.004 -16"><span class='ocrx_word' id='word_1_26' title='bbox 619 752 786 820; x_wconf 86' lang='lat' dir='ltr'><strong>mine,</strong></span> <span class='ocrx_word' id='word_1_27' title='bbox 809 753 910 812; x_wconf 86' lang='lat' dir='ltr'><strong>nisi</strong></span> <span class='ocrx_word' id='word_1_28' title='bbox 932 753 1188 812; x_wconf 84' lang='lat' dir='ltr'><strong>immundi</strong></span> <span class='ocrx_word' id='word_1_29' title='bbox 1217 754 1438 824; x_wconf 87' lang='lat' dir='ltr'><strong>spiritus</strong></span> <span class='ocrx_word' id='word_1_30' title='bbox 1459 752 1828 822; x_wconf 91' lang='lat' dir='ltr'><strong>designantur,</strong></span> <span class='ocrx_word' id='word_1_31' title='bbox 1859 751 1950 820; x_wconf 86' lang='lat' dir='ltr'><strong>qui</strong></span> <span class='ocrx_word' id='word_1_32' title='bbox 1979 758 2202 803; x_wconf 86' lang='lat' dir='ltr'><strong>cunctos</strong></span> 
     </span>
    </p>
   </div>
   <div class='ocr_carea' id='block_1_6' title="bbox 621 844 2203 918">
    <p class='ocr_par' dir='ltr' id='par_1_6' title="bbox 621 844 2203 918">
     <span class='ocr_line' id='line_1_6' title="bbox 621 844 2203 918; baseline -0.003 -18"><span class='ocrx_word' id='word_1_33' title='bbox 621 860 757 916; x_wconf 89' lang='lat' dir='ltr'><strong>quos</strong></span> <span class='ocrx_word' id='word_1_34' title='bbox 784 846 884 904; x_wconf 85' lang='lat' dir='ltr'><strong>sibi</strong></span> <span class='ocrx_word' id='word_1_35' title='bbox 909 847 1198 918; x_wconf 85' lang='lat' dir='ltr'><strong>subjiciunt</strong></span> <span class='ocrx_word' id='word_1_36' title='bbox 1222 848 1274 902; x_wconf 90' lang='lat' dir='ltr'><strong>in</strong></span> <span class='ocrx_word' id='word_1_37' title='bbox 1305 847 1674 903; x_wconf 89' lang='lat' dir='ltr'><strong>inﬁdelitatem</strong></span> <span class='ocrx_word' id='word_1_38' title='bbox 1697 845 1941 916; x_wconf 88' lang='lat' dir='ltr'><strong>captivos</strong></span> <span class='ocrx_word' id='word_1_39' title='bbox 1962 844 2203 898; x_wconf 85' lang='lat' dir='ltr'><strong>ducunt?</strong></span> 
     </span>
    </p>
   </div>
   <div class='ocr_carea' id='block_1_7' title="bbox 623 933 2205 1010">
    <p class='ocr_par' dir='ltr' id='par_1_7' title="bbox 623 933 2205 1010">
     <span class='ocr_line' id='line_1_7' title="bbox 623 933 2205 1010; baseline -0.004 -20"><span class='ocrx_word' id='word_1_40' title='bbox 623 935 727 1004; x_wconf 86' lang='lat' dir='ltr'><strong>Qui</strong></span> <span class='ocrx_word' id='word_1_41' title='bbox 749 942 807 990; x_wconf 91' lang='lat' dir='ltr'><strong>et</strong></span> <span class='ocrx_word' id='word_1_42' title='bbox 833 951 1030 1010; x_wconf 90' lang='lat' dir='ltr'><strong>pueros</strong></span> <span class='ocrx_word' id='word_1_43' title='bbox 1057 937 1234 1006; x_wconf 83' lang='lat' dir='ltr'><strong>gladio</strong></span> <span class='ocrx_word' id='word_1_44' title='bbox 1257 935 1472 1004; x_wconf 79' lang='lat' dir='ltr'><strong>feriunt,</strong></span> <span class='ocrx_word' id='word_1_45' title='bbox 1497 939 1620 1007; x_wconf 86' lang='lat' dir='ltr'><strong>quia</strong></span> <span class='ocrx_word' id='word_1_46' title='bbox 1644 951 1740 990; x_wconf 87' lang='lat' dir='ltr'><strong>eos</strong></span> <span class='ocrx_word' id='word_1_47' title='bbox 1761 933 2071 991; x_wconf 80' lang='lat' dir='ltr'><strong>tentationis</strong></span> <span class='ocrx_word' id='word_1_48' title='bbox 2095 945 2205 986; x_wconf 65' lang='lat' dir='ltr'><strong>suae</strong></span> 
     </span>
    </p>
   </div>
   <div class='ocr_carea' id='block_1_8' title="bbox 623 1023 2206 1100">
    <p class='ocr_par' dir='ltr' id='par_1_8' title="bbox 623 1023 2206 1100">
     <span class='ocr_line' id='line_1_8' title="bbox 623 1023 2206 1100; baseline -0.005 -17"><span class='ocrx_word' id='word_1_49' title='bbox 623 1027 861 1099; x_wconf 84' lang='lat' dir='ltr'><strong>graviter</strong></span> <span class='ocrx_word' id='word_1_50' title='bbox 895 1029 1088 1098; x_wconf 75' lang='lat' dir='ltr'><strong>iaculis</strong></span> <span class='ocrx_word' id='word_1_51' title='bbox 1134 1030 1448 1096; x_wconf 87' lang='lat' dir='ltr'><strong>vulnerant,</strong></span> <span class='ocrx_word' id='word_1_52' title='bbox 1499 1045 1635 1100; x_wconf 91' lang='lat' dir='ltr'><strong>quos</strong></span> <span class='ocrx_word' id='word_1_53' title='bbox 1680 1025 1910 1084; x_wconf 91' lang='lat' dir='ltr'><strong>necdum</strong></span> <span class='ocrx_word' id='word_1_54' title='bbox 1954 1023 2206 1093; x_wconf 81' lang='lat' dir='ltr'><strong>juvenilis</strong></span> 
     </span>
    </p>
   </div>
   <div class='ocr_carea' id='block_1_9' title="bbox 627 1114 2208 1186">
    <p class='ocr_par' dir='ltr' id='par_1_9' title="bbox 627 1114 2208 1186">
     <span class='ocr_line' id='line_1_9' title="bbox 627 1114 2208 1186; baseline -0.004 -11"><span class='ocrx_word' id='word_1_55' title='bbox 627 1121 932 1178; x_wconf 84' lang='lat' dir='ltr'><strong>constantia</strong></span> <span class='ocrx_word' id='word_1_56' title='bbox 952 1121 1152 1178; x_wconf 86' lang='lat' dir='ltr'><strong>liberos</strong></span> <span class='ocrx_word' id='word_1_57' title='bbox 1183 1123 1265 1178; x_wconf 86' lang='lat' dir='ltr'><strong>vel</strong></span> <span class='ocrx_word' id='word_1_58' title='bbox 1293 1123 1542 1178; x_wconf 89' lang='lat' dir='ltr'><strong>robustos</strong></span> <span class='ocrx_word' id='word_1_59' title='bbox 1572 1127 1769 1176; x_wconf 82' lang='lat' dir='ltr'><strong>servat.</strong></span> <span class='ocrx_word' id='word_1_60' title='bbox 1797 1117 1898 1186; x_wconf 86' lang='lat' dir='ltr'><strong>Qui</strong></span> <span class='ocrx_word' id='word_1_61' title='bbox 1931 1117 2070 1171; x_wconf 88' lang='lat' dir='ltr'><strong>bene</strong></span> <span class='ocrx_word' id='word_1_62' title='bbox 2097 1114 2208 1183; x_wconf 90' lang='lat' dir='ltr'><strong>qui-</strong></span> 
     </span>
    </p>
   </div>
   <div class='ocr_carea' id='block_1_10' title="bbox 629 1210 2208 1285">
    <p class='ocr_par' dir='ltr' id='par_1_10' title="bbox 629 1210 2208 1285">
     <span class='ocr_line' id='line_1_10' title="bbox 629 1210 2208 1285; baseline -0.004 -17"><span class='ocrx_word' id='word_1_63' title='bbox 629 1212 752 1268; x_wconf 84' lang='lat' dir='ltr'><strong>dem</strong></span> <span class='ocrx_word' id='word_1_64' title='bbox 779 1213 922 1268; x_wconf 90' lang='lat' dir='ltr'><strong>bona</strong></span> <span class='ocrx_word' id='word_1_65' title='bbox 962 1214 1241 1285; x_wconf 91' lang='lat' dir='ltr'><strong>incipiunt,</strong></span> <span class='ocrx_word' id='word_1_66' title='bbox 1271 1215 1366 1270; x_wconf 89' lang='lat' dir='ltr'><strong>sed</strong></span> <span class='ocrx_word' id='word_1_67' title='bbox 1395 1216 1447 1269; x_wconf 92' lang='lat' dir='ltr'><strong>in</strong></span> <span class='ocrx_word' id='word_1_68' title='bbox 1478 1215 1592 1284; x_wconf 89' lang='lat' dir='ltr'><strong>ipsa</strong></span> <span class='ocrx_word' id='word_1_69' title='bbox 1630 1213 1804 1268; x_wconf 89' lang='lat' dir='ltr'><strong>adhuc</strong></span> <span class='ocrx_word' id='word_1_70' title='bbox 1850 1210 2208 1267; x_wconf 87' lang='lat' dir='ltr'><strong>inchoationis</strong></span> 
     </span>
    </p>
   </div>
   <div class='ocr_carea' id='block_1_11' title="bbox 630 1301 2210 1379">
    <p class='ocr_par' dir='ltr' id='par_1_11' title="bbox 630 1301 2210 1379">
     <span class='ocr_line' id='line_1_11' title="bbox 630 1301 2210 1379; baseline -0.002 -19"><span class='ocrx_word' id='word_1_71' title='bbox 630 1321 740 1360; x_wconf 65' lang='lat' dir='ltr'><strong>suae</strong></span> <span class='ocrx_word' id='word_1_72' title='bbox 786 1308 1144 1363; x_wconf 83' lang='lat' dir='ltr'><strong>teneritudine</strong></span> <span class='ocrx_word' id='word_1_73' title='bbox 1173 1309 1568 1379; x_wconf 87' lang='lat' dir='ltr'><strong>captivantibus</strong></span> <span class='ocrx_word' id='word_1_74' title='bbox 1609 1305 1895 1362; x_wconf 88' lang='lat' dir='ltr'><strong>immundis</strong></span> <span class='ocrx_word' id='word_1_75' title='bbox 1934 1301 2210 1374; x_wconf 87' lang='lat' dir='ltr'><strong>spiritibus</strong></span> 
     </span>
    </p>
   </div>
   <div class='ocr_carea' id='block_1_12' title="bbox 629 1399 2210 1473">
    <p class='ocr_par' dir='ltr' id='par_1_12' title="bbox 629 1399 2210 1473">
     <span class='ocr_line' id='line_1_12' title="bbox 629 1399 2210 1473; baseline -0.005 -15"><span class='ocrx_word' id='word_1_76' title='bbox 629 1404 1066 1460; x_wconf 88' lang='lat' dir='ltr'><strong>substernuntur.</strong></span> <span class='ocrx_word' id='word_1_77' title='bbox 1087 1403 1233 1470; x_wconf 91' lang='lat' dir='ltr'><strong>Quos</strong></span> <span class='ocrx_word' id='word_1_78' title='bbox 1263 1403 1438 1473; x_wconf 87' lang='lat' dir='ltr'><strong>gladio</strong></span> <span class='ocrx_word' id='word_1_79' title='bbox 1462 1402 1632 1458; x_wconf 91' lang='lat' dir='ltr'><strong>hostis</strong></span> <span class='ocrx_word' id='word_1_80' title='bbox 1650 1401 1900 1472; x_wconf 90' lang='lat' dir='ltr'><strong>percutit,</strong></span> <span class='ocrx_word' id='word_1_81' title='bbox 1916 1399 2039 1469; x_wconf 86' lang='lat' dir='ltr'><strong>quia</strong></span> <span class='ocrx_word' id='word_1_82' title='bbox 2054 1404 2210 1452; x_wconf 70' lang='lat' dir='ltr'><strong>aeter-</strong></span> 
     </span>
    </p>
   </div>
   <div class='ocr_carea' id='block_1_13' title="bbox 633 1494 1524 1564">
    <p class='ocr_par' dir='ltr' id='par_1_13' title="bbox 633 1494 1524 1564">
     <span class='ocr_line' id='line_1_13' title="bbox 633 1494 1524 1564; baseline 0 -16"><span class='ocrx_word' id='word_1_83' title='bbox 633 1494 814 1549; x_wconf 87' lang='lat' dir='ltr'><strong>nitatis</strong></span> <span class='ocrx_word' id='word_1_84' title='bbox 843 1494 1216 1564; x_wconf 84' lang='lat' dir='ltr'><strong>desperatione</strong></span> <span class='ocrx_word' id='word_1_85' title='bbox 1246 1495 1524 1564; x_wconf 87' lang='lat' dir='ltr'><strong>transﬁgit.</strong></span> 
     </span>
    </p>
   </div>
   <div class='ocr_carea' id='block_1_14' title="bbox 705 1605 2212 1680">
    <p class='ocr_par' dir='ltr' id='par_1_14' title="bbox 705 1605 2212 1680">
     <span class='ocr_line' id='line_1_14' title="bbox 705 1605 2212 1680; baseline -0.003 -20"><span class='ocrx_word' id='word_1_86' title='bbox 705 1606 860 1680; x_wconf 76' lang='grc' dir='ltr'><strong>[Βεο.</strong></span> <span class='ocrx_word' id='word_1_87' title='bbox 891 1606 1054 1680; x_wconf 80' lang='lat' dir='ltr'><strong>XlX.]</strong></span> <span class='ocrx_word' id='word_1_88' title='bbox 1094 1606 1179 1664; x_wconf 84' lang='lat'><strong>50.</strong></span> <span class='ocrx_word' id='word_1_89' title='bbox 1230 1608 1530 1680; x_wconf 86' lang='lat' dir='ltr'><strong>Prophetia,</strong></span> <span class='ocrx_word' id='word_1_90' title='bbox 1560 1610 1761 1664; x_wconf 68' lang='lat' dir='ltr'><strong>caeteris</strong></span> <span class='ocrx_word' id='word_1_91' title='bbox 1780 1605 2124 1677; x_wconf 75' lang='lat' dir='ltr'><strong>pereuntibus,</strong></span> <span class='ocrx_word' id='word_1_92' title='bbox 2147 1605 2212 1657; x_wconf 88' lang='lat' dir='ltr'><strong>&#39;in</strong></span> 
     </span>
    </p>
   </div>
   <div class='ocr_carea' id='block_1_15' title="bbox 634 1701 2215 1773">
    <p class='ocr_par' dir='ltr' id='par_1_15' title="bbox 634 1701 2215 1773">
     <span class='ocr_line' id='line_1_15' title="bbox 634 1701 2215 1773; baseline 0.001 -18"><span class='ocrx_word' id='word_1_93' title='bbox 634 1710 887 1756; x_wconf 70' lang='lat' dir='ltr'><strong>(sternunt</strong></span> <span class='ocrx_word' id='word_1_94' title='bbox 909 1711 1102 1758; x_wconf 81' lang='lat' dir='ltr'><strong>manet.</strong></span> <span class='ocrx_word' id='word_1_95' title='bbox 1122 1729 1192 1741; x_wconf 94' lang='lat'><strong>——-</strong></span> <span class='ocrx_word' id='word_1_96' title='bbox 1217 1702 1353 1769; x_wconf 85' lang='lat' dir='ltr'><strong>Quid</strong></span> <span class='ocrx_word' id='word_1_97' title='bbox 1380 1711 1462 1758; x_wconf 87' lang='lat' dir='ltr'><strong>est</strong></span> <span class='ocrx_word' id='word_1_98' title='bbox 1485 1711 1665 1759; x_wconf 87' lang='lat' dir='ltr'><strong>autem</strong></span> <span class='ocrx_word' id='word_1_99' title='bbox 1693 1705 1796 1758; x_wconf 89' lang='lat' dir='ltr'><strong>hoc</strong></span> <span class='ocrx_word' id='word_1_100' title='bbox 1821 1703 1964 1773; x_wconf 89' lang='lat' dir='ltr'><strong>quod</strong></span> <span class='ocrx_word' id='word_1_101' title='bbox 1993 1701 2215 1757; x_wconf 85' lang='lat' dir='ltr'><strong>nuntius</strong></span> 
     </span>
    </p>
   </div>
   <div class='ocr_carea' id='block_1_16' title="bbox 633 1792 2215 1866">
    <p class='ocr_par' dir='ltr' id='par_1_16' title="bbox 633 1792 2215 1866">
     <span class='ocr_line' id='line_1_16' title="bbox 633 1792 2215 1866; baseline 0.001 -21"><span class='ocrx_word' id='word_1_102' title='bbox 633 1793 816 1860; x_wconf 85' lang='lat' dir='ltr'><strong>venit,</strong></span> <span class='ocrx_word' id='word_1_103' title='bbox 851 1793 945 1862; x_wconf 86' lang='lat' dir='ltr'><strong>qui</strong></span> <span class='ocrx_word' id='word_1_104' title='bbox 971 1793 1178 1849; x_wconf 84' lang='lat' dir='ltr'><strong>diceret</strong></span> <span class='ocrx_word' id='word_1_105' title='bbox 1209 1811 1222 1846; x_wconf 88' lang='lat'>:</span> <span class='ocrx_word' id='word_1_106' title='bbox 1276 1792 1432 1848; x_wconf 86' lang='lat' dir='ltr'><strong>Evasi</strong></span> <span class='ocrx_word' id='word_1_107' title='bbox 1477 1810 1568 1866; x_wconf 86' lang='lat' dir='ltr'><strong>ego</strong></span> <span class='ocrx_word' id='word_1_108' title='bbox 1600 1795 1778 1848; x_wconf 85' lang='lat' dir='ltr'><strong>solus?</strong></span> <span class='ocrx_word' id='word_1_109' title='bbox 1817 1793 1947 1860; x_wconf 84' lang='lat' dir='ltr'><strong>Quis</strong></span> <span class='ocrx_word' id='word_1_110' title='bbox 1993 1800 2077 1848; x_wconf 88' lang='lat' dir='ltr'><strong>est</strong></span> <span class='ocrx_word' id='word_1_111' title='bbox 2112 1792 2215 1847; x_wconf 85' lang='lat' dir='ltr'><strong>iste</strong></span> 
     </span>
    </p>
   </div>
   <div class='ocr_carea' id='block_1_17' title="bbox 637 1883 2215 1955">
    <p class='ocr_par' dir='ltr' id='par_1_17' title="bbox 637 1883 2215 1955">
     <span class='ocr_line' id='line_1_17' title="bbox 637 1883 2215 1955; baseline 0.003 -20"><span class='ocrx_word' id='word_1_112' title='bbox 637 1883 876 1952; x_wconf 82' lang='lat' dir='ltr'><strong>nuntius,</strong></span> <span class='ocrx_word' id='word_1_113' title='bbox 897 1885 1010 1954; x_wconf 77' lang='lat' dir='ltr'><strong>qui,</strong></span> <span class='ocrx_word' id='word_1_114' title='bbox 1035 1885 1158 1942; x_wconf 84' lang='lat' dir='ltr'><strong>aliis</strong></span> <span class='ocrx_word' id='word_1_115' title='bbox 1179 1886 1542 1955; x_wconf 82' lang='lat' dir='ltr'><strong>pereuntibus,</strong></span> <span class='ocrx_word' id='word_1_116' title='bbox 1565 1887 1713 1942; x_wconf 89' lang='lat' dir='ltr'><strong>solus</strong></span> <span class='ocrx_word' id='word_1_117' title='bbox 1735 1887 1936 1950; x_wconf 83' lang='lat' dir='ltr'><strong>evadit,</strong></span> <span class='ocrx_word' id='word_1_118' title='bbox 1965 1885 2066 1940; x_wconf 88' lang='lat' dir='ltr'><strong>nisi</strong></span> <span class='ocrx_word' id='word_1_119' title='bbox 2086 1900 2215 1955; x_wconf 89' lang='lat' dir='ltr'><strong>pro-</strong></span> 
     </span>
    </p>
   </div>
   <div class='ocr_carea' id='block_1_18' title="bbox 634 1975 2217 2046">
    <p class='ocr_par' dir='ltr' id='par_1_18' title="bbox 634 1975 2217 2046">
     <span class='ocr_line' id='line_1_18' title="bbox 634 1975 2217 2046; baseline 0.001 -16"><span class='ocrx_word' id='word_1_120' title='bbox 634 1975 877 2045; x_wconf 74' lang='lat' dir='ltr'><strong>pheticus</strong></span> <span class='ocrx_word' id='word_1_121' title='bbox 904 1992 1104 2043; x_wconf 87' lang='lat' dir='ltr'><strong>sermo,</strong></span> <span class='ocrx_word' id='word_1_122' title='bbox 1127 1978 1238 2046; x_wconf 88' lang='lat' dir='ltr'><strong>qui,</strong></span> <span class='ocrx_word' id='word_1_123' title='bbox 1263 1978 1388 2034; x_wconf 90' lang='lat' dir='ltr'><strong>dum</strong></span> <span class='ocrx_word' id='word_1_124' title='bbox 1410 1978 1545 2033; x_wconf 85' lang='lat' dir='ltr'><strong>ﬁunt</strong></span> <span class='ocrx_word' id='word_1_125' title='bbox 1568 1979 1748 2032; x_wconf 89' lang='lat' dir='ltr'><strong>omnia</strong></span> <span class='ocrx_word' id='word_1_126' title='bbox 1780 1977 1916 2031; x_wconf 87' lang='lat' dir='ltr'><strong>mala</strong></span> <span class='ocrx_word' id='word_1_127' title='bbox 1941 1992 2059 2045; x_wconf 68' lang='lat' dir='ltr'><strong>quae</strong></span> <span class='ocrx_word' id='word_1_128' title='bbox 2082 1992 2217 2046; x_wconf 69' lang='lat' dir='ltr'><strong>pra:-</strong></span> 
     </span>
    </p>
   </div>
   <div class='ocr_carea' id='block_1_19' title="bbox 634 2066 2214 2136">
    <p class='ocr_par' dir='ltr' id='par_1_19' title="bbox 634 2066 2214 2136">
     <span class='ocr_line' id='line_1_19' title="bbox 634 2066 2214 2136; baseline 0.001 -16"><span class='ocrx_word' id='word_1_129' title='bbox 634 2066 786 2131; x_wconf 84' lang='lat' dir='ltr'><strong>dixit,</strong></span> <span class='ocrx_word' id='word_1_130' title='bbox 807 2068 961 2136; x_wconf 83' lang='lat' dir='ltr'><strong>quasi</strong></span> <span class='ocrx_word' id='word_1_131' title='bbox 978 2083 1138 2124; x_wconf 83' lang='lat' dir='ltr'><strong>sanus</strong></span> <span class='ocrx_word' id='word_1_132' title='bbox 1154 2068 1226 2124; x_wconf 86' lang='lat' dir='ltr'><strong>ad</strong></span> <span class='ocrx_word' id='word_1_133' title='bbox 1246 2069 1530 2126; x_wconf 89' lang='lat' dir='ltr'><strong>Dominum</strong></span> <span class='ocrx_word' id='word_1_134' title='bbox 1551 2071 1698 2124; x_wconf 90' lang='lat' dir='ltr'><strong>solus</strong></span> <span class='ocrx_word' id='word_1_135' title='bbox 1721 2070 1893 2123; x_wconf 79' lang='lat' dir='ltr'><strong>redit?</strong></span> <span class='ocrx_word' id='word_1_136' title='bbox 1915 2068 2050 2123; x_wconf 87' lang='lat' dir='ltr'><strong>Dum</strong></span> <span class='ocrx_word' id='word_1_137' title='bbox 2073 2069 2214 2122; x_wconf 88' lang='lat' dir='ltr'><strong>enim</strong></span> 
     </span>
    </p>
   </div>
   <div class='ocr_carea' id='block_1_20' title="bbox 635 2157 2217 2230">
    <p class='ocr_par' dir='ltr' id='par_1_20' title="bbox 635 2157 2217 2230">
     <span class='ocr_line' id='line_1_20' title="bbox 635 2157 2217 2230; baseline 0.001 -22"><span class='ocrx_word' id='word_1_138' title='bbox 635 2173 766 2214; x_wconf 89' lang='lat' dir='ltr'><strong>vera</strong></span> <span class='ocrx_word' id='word_1_139' title='bbox 803 2157 1003 2215; x_wconf 80' lang='lat' dir='ltr'><strong>dixisse</strong></span> <span class='ocrx_word' id='word_1_140' title='bbox 1030 2160 1097 2215; x_wconf 87' lang='lat' dir='ltr'><strong>de</strong></span> <span class='ocrx_word' id='word_1_141' title='bbox 1127 2161 1459 2230; x_wconf 82' lang='lat' dir='ltr'><strong>perditorum</strong></span> <span class='ocrx_word' id='word_1_142' title='bbox 1501 2176 1632 2218; x_wconf 85' lang='lat' dir='ltr'><strong>casu</strong></span> <span class='ocrx_word' id='word_1_143' title='bbox 1659 2160 2029 2227; x_wconf 75' lang='lat' dir='ltr'><strong>cognoscitur.</strong></span> <span class='ocrx_word' id='word_1_144' title='bbox 2061 2157 2217 2227; x_wconf 83' lang='lat' dir='ltr'><strong>quasi</strong></span> 
     </span>
    </p>
   </div>
   <div class='ocr_carea' id='block_1_21' title="bbox 636 2248 2217 2320">
    <p class='ocr_par' dir='ltr' id='par_1_21' title="bbox 636 2248 2217 2320">
     <span class='ocr_line' id='line_1_21' title="bbox 636 2248 2217 2320; baseline 0.001 -19"><span class='ocrx_word' id='word_1_145' title='bbox 636 2248 776 2302; x_wconf 88' lang='lat' dir='ltr'><strong>inter</strong></span> <span class='ocrx_word' id='word_1_146' title='bbox 805 2259 1050 2305; x_wconf 89' lang='lat' dir='ltr'><strong>mortuos.</strong></span> <span class='ocrx_word' id='word_1_147' title='bbox 1076 2252 1272 2306; x_wconf 85' lang='lat' dir='ltr'><strong>vixisse</strong></span> <span class='ocrx_word' id='word_1_148' title='bbox 1299 2261 1649 2308; x_wconf 88' lang='lat' dir='ltr'><strong>monstratur.</strong></span> <span class='ocrx_word' id='word_1_149' title='bbox 1682 2252 1817 2306; x_wconf 88' lang='lat' dir='ltr'><strong>Hinc</strong></span> <span class='ocrx_word' id='word_1_150' title='bbox 1845 2259 1948 2315; x_wconf 89' lang='lat' dir='ltr'><strong>est,</strong></span> <span class='ocrx_word' id='word_1_151' title='bbox 1978 2252 2121 2320; x_wconf 92' lang='lat' dir='ltr'><strong>quod</strong></span> <span class='ocrx_word' id='word_1_152' title='bbox 2149 2248 2217 2302; x_wconf 89' lang='lat' dir='ltr'><strong>ad</strong></span> 
     </span>
    </p>
   </div>
   <div class='ocr_carea' id='block_1_22' title="bbox 639 2328 2218 2412">
    <p class='ocr_par' dir='ltr' id='par_1_22' title="bbox 639 2328 2218 2412">
     <span class='ocr_line' id='line_1_22' title="bbox 639 2328 2218 2412; baseline 0.001 -22"><span class='ocrx_word' id='word_1_153' title='bbox 639 2328 934 2392; x_wconf 44' lang='lat' dir='ltr'><strong>l‘iebeccam</strong></span> <span class='ocrx_word' id='word_1_154' title='bbox 976 2340 1031 2393; x_wconf 86' lang='lat' dir='ltr'><strong>in</strong></span> <span class='ocrx_word' id='word_1_155' title='bbox 1059 2341 1208 2395; x_wconf 87' lang='lat' dir='ltr'><strong>Isaac</strong></span> <span class='ocrx_word' id='word_1_156' title='bbox 1237 2341 1487 2412; x_wconf 86' lang='lat' dir='ltr'><strong>conjugio</strong></span> <span class='ocrx_word' id='word_1_157' title='bbox 1532 2343 1900 2398; x_wconf 68' lang='lat' dir='ltr'><strong>deducendam</strong></span> <span class='ocrx_word' id='word_1_158' title='bbox 1934 2356 2066 2410; x_wconf 90' lang='lat' dir='ltr'><strong>puer</strong></span> <span class='ocrx_word' id='word_1_159' title='bbox 2095 2341 2218 2393; x_wconf 88' lang='lat' dir='ltr'><strong>mit-</strong></span> 
     </span>
    </p>
   </div>
   <div class='ocr_carea' id='block_1_23' title="bbox 634 2427 2218 2505">
    <p class='ocr_par' dir='ltr' id='par_1_23' title="bbox 634 2427 2218 2505">
     <span class='ocr_line' id='line_1_23' title="bbox 634 2427 2218 2505; baseline 0.006 -24"><span class='ocrx_word' id='word_1_160' title='bbox 634 2429 765 2482; x_wconf 82' lang='lat' dir='ltr'><strong>titur</strong></span> <span class='ocrx_word' id='word_1_161' title='bbox 787 2427 990 2494; x_wconf 80' lang='lat' dir='ltr'><strong>(Genes.</strong></span> <span class='ocrx_word' id='word_1_162' title='bbox 1018 2448 1163 2498; x_wconf 74' lang='lat' dir='ltr'><strong>xstv,</strong></span> <span class='ocrx_word' id='word_1_163' title='bbox 1188 2432 1266 2500; x_wconf 92' lang='lat'><strong>9),</strong></span> <span class='ocrx_word' id='word_1_164' title='bbox 1284 2435 1407 2503; x_wconf 88' lang='lat' dir='ltr'><strong>quia</strong></span> <span class='ocrx_word' id='word_1_165' title='bbox 1433 2435 1680 2490; x_wconf 72' lang='lat' dir='ltr'><strong>videlicet</strong></span> <span class='ocrx_word' id='word_1_166' title='bbox 1699 2435 1765 2489; x_wconf 89' lang='lat' dir='ltr'><strong>ad</strong></span> <span class='ocrx_word' id='word_1_167' title='bbox 1789 2435 2218 2505; x_wconf 88' lang='lat' dir='ltr'><strong>desponsandam</strong></span> 
     </span>
    </p>
   </div>
   <div class='ocr_carea' id='block_1_24' title="bbox 637 2515 2214 2594">
    <p class='ocr_par' dir='ltr' id='par_1_24' title="bbox 637 2515 2214 2594">
     <span class='ocr_line' id='line_1_24' title="bbox 637 2515 2214 2594; baseline 0.006 -25"><span class='ocrx_word' id='word_1_168' title='bbox 637 2515 930 2574; x_wconf 77' lang='lat' dir='ltr'><strong>Ecclesium</strong></span> <span class='ocrx_word' id='word_1_169' title='bbox 962 2521 1206 2588; x_wconf 84' lang='lat' dir='ltr'><strong>Domino,</strong></span> <span class='ocrx_word' id='word_1_170' title='bbox 1241 2524 1551 2594; x_wconf 86' lang='lat' dir='ltr'><strong>interposita</strong></span> <span class='ocrx_word' id='word_1_171' title='bbox 1593 2525 1877 2594; x_wconf 85' lang='lat' dir='ltr'><strong>prophetia</strong></span> <span class='ocrx_word' id='word_1_172' title='bbox 1909 2525 2214 2580; x_wconf 87' lang='lat' dir='ltr'><strong>lamulatur.</strong></span> 
     </span>
    </p>
   </div>
   <div class='ocr_carea' id='block_1_25' title="bbox 636 2607 2221 2686">
    <p class='ocr_par' dir='ltr' id='par_1_25' title="bbox 636 2607 2221 2686">
     <span class='ocr_line' id='line_1_25' title="bbox 636 2607 2221 2686; baseline 0.006 -24"><span class='ocrx_word' id='word_1_173' title='bbox 636 2607 840 2666; x_wconf 72' lang='lat' dir='ltr'><strong>Sabaeis</strong></span> <span class='ocrx_word' id='word_1_174' title='bbox 883 2627 1011 2682; x_wconf 86' lang='lat' dir='ltr'><strong>ergo</strong></span> <span class='ocrx_word' id='word_1_175' title='bbox 1051 2615 1393 2680; x_wconf 82' lang='lat' dir='ltr'><strong>irruentibus,</strong></span> <span class='ocrx_word' id='word_1_176' title='bbox 1439 2616 1584 2670; x_wconf 88' lang='lat' dir='ltr'><strong>solus</strong></span> <span class='ocrx_word' id='word_1_177' title='bbox 1630 2631 1765 2686; x_wconf 92' lang='lat' dir='ltr'><strong>puer</strong></span> <span class='ocrx_word' id='word_1_178' title='bbox 1809 2617 1899 2685; x_wconf 90' lang='lat' dir='ltr'><strong>qui</strong></span> <span class='ocrx_word' id='word_1_179' title='bbox 1947 2615 2221 2671; x_wconf 85' lang='lat' dir='ltr'><strong>nuntiaret</strong></span> 
     </span>
    </p>
   </div>
   <div class='ocr_carea' id='block_1_26' title="bbox 637 2702 2219 2778">
    <p class='ocr_par' dir='ltr' id='par_1_26' title="bbox 637 2702 2219 2778">
     <span class='ocr_line' id='line_1_26' title="bbox 637 2702 2219 2778; baseline 0.006 -24"><span class='ocrx_word' id='word_1_180' title='bbox 637 2702 823 2766; x_wconf 90' lang='lat' dir='ltr'><strong>evasit,</strong></span> <span class='ocrx_word' id='word_1_181' title='bbox 859 2705 982 2775; x_wconf 87' lang='lat' dir='ltr'><strong>quia</strong></span> <span class='ocrx_word' id='word_1_182' title='bbox 1005 2707 1251 2776; x_wconf 79' lang='lat' dir='ltr'><strong>malignis</strong></span> <span class='ocrx_word' id='word_1_183' title='bbox 1273 2709 1543 2778; x_wconf 89' lang='lat' dir='ltr'><strong>spiritibus</strong></span> <span class='ocrx_word' id='word_1_184' title='bbox 1573 2710 1905 2765; x_wconf 89' lang='lat' dir='ltr'><strong>inlirmorum</strong></span> <span class='ocrx_word' id='word_1_185' title='bbox 1934 2718 2142 2765; x_wconf 91' lang='lat' dir='ltr'><strong>mentes</strong></span> <span class='ocrx_word' id='word_1_186' title='bbox 2167 2709 2219 2764; x_wconf 91' lang='lat' dir='ltr'><strong>in</strong></span> 
     </span>
    </p>
   </div>
   <div class='ocr_carea' id='block_1_27' title="bbox 636 2793 2215 2878">
    <p class='ocr_par' dir='ltr' id='par_1_27' title="bbox 636 2793 2215 2878">
     <span class='ocr_line' id='line_1_27' title="bbox 636 2793 2215 2878; baseline 0.006 -32"><span class='ocrx_word' id='word_1_187' title='bbox 636 2793 1002 2878; x_wconf 80' lang='lat' dir='ltr'><strong>captivitatem</strong></span> <span class='ocrx_word' id='word_1_188' title='bbox 1032 2797 1370 2865; x_wconf 88' lang='lat' dir='ltr'><strong>ducentibus,</strong></span> <span class='ocrx_word' id='word_1_189' title='bbox 1397 2802 1660 2855; x_wconf 86' lang='lat' dir='ltr'><strong>sententia</strong></span> <span class='ocrx_word' id='word_1_190' title='bbox 1690 2802 1988 2872; x_wconf 73' lang='lat' dir='ltr'><strong>prophetia:</strong></span> <span class='ocrx_word' id='word_1_191' title='bbox 2018 2818 2215 2857; x_wconf 80' lang='lat' dir='ltr'><strong>conva-</strong></span> 
     </span>
    </p>
   </div>
   <div class='ocr_carea' id='block_1_28' title="bbox 637 2887 2222 2964">
    <p class='ocr_par' dir='ltr' id='par_1_28' title="bbox 637 2887 2222 2964">
     <span class='ocr_line' id='line_1_28' title="bbox 637 2887 2222 2964; baseline 0.006 -24"><span class='ocrx_word' id='word_1_192' title='bbox 637 2887 764 2955; x_wconf 89' lang='lat' dir='ltr'><strong>luit;</strong></span> <span class='ocrx_word' id='word_1_193' title='bbox 792 2889 900 2962; x_wconf 73' lang='grc'><strong>58</strong></span> <span class='ocrx_word' id='word_1_194' title='bbox 927 2905 1046 2959; x_wconf 72' lang='lat' dir='ltr'><strong>qum</strong></span> <span class='ocrx_word' id='word_1_195' title='bbox 1077 2892 1318 2946; x_wconf 84' lang='lat' dir='ltr'><strong>eamdem</strong></span> <span class='ocrx_word' id='word_1_196' title='bbox 1345 2894 1714 2964; x_wconf 87' lang='lat' dir='ltr'><strong>captivitatem</strong></span> <span class='ocrx_word' id='word_1_197' title='bbox 1746 2895 2109 2964; x_wconf 63' lang='lat' dir='ltr'><strong>praenuntians</strong></span> <span class='ocrx_word' id='word_1_198' title='bbox 2141 2895 2222 2950; x_wconf 89' lang='lat' dir='ltr'><strong>di-</strong></span> 
     </span>
    </p>
   </div>
   <div class='ocr_carea' id='block_1_29' title="bbox 635 2977 2221 3060">
    <p class='ocr_par' dir='ltr' id='par_1_29' title="bbox 635 2977 2221 3060">
     <span class='ocr_line' id='line_1_29' title="bbox 635 2977 2221 3060; baseline 0.006 -27"><span class='ocrx_word' id='word_1_199' title='bbox 635 2978 708 3033; x_wconf 87' lang='lat' dir='ltr'><strong>cit</strong></span> <span class='ocrx_word' id='word_1_200' title='bbox 738 2995 751 3031; x_wconf 92' lang='lat'><strong>:</strong></span> <span class='ocrx_word' id='word_1_201' title='bbox 782 2977 1074 3051; x_wconf 83' lang='lat' dir='ltr'><strong>Propterea</strong></span> <span class='ocrx_word' id='word_1_202' title='bbox 1099 2984 1328 3052; x_wconf 84' lang='lat' dir='ltr'><strong>captivus</strong></span> <span class='ocrx_word' id='word_1_203' title='bbox 1356 2984 1536 3040; x_wconf 89' lang='lat' dir='ltr'><strong>ductus</strong></span> <span class='ocrx_word' id='word_1_204' title='bbox 1563 2995 1640 3040; x_wconf 89' lang='lat' dir='ltr'><strong>est</strong></span> <span class='ocrx_word' id='word_1_205' title='bbox 1661 2987 1878 3058; x_wconf 81' lang='lat' dir='ltr'><strong>papulas</strong></span> <span class='ocrx_word' id='word_1_206' title='bbox 1906 3004 2071 3056; x_wconf 89' lang='lat' dir='ltr'><strong>meus,</strong></span> <span class='ocrx_word' id='word_1_207' title='bbox 2099 2987 2221 3060; x_wconf 82' lang='lat' dir='ltr'><strong>quia</strong></span> 
     </span>
    </p>
   </div>
   <div class='ocr_carea' id='block_1_30' title="bbox 636 3070 2222 3151">
    <p class='ocr_par' dir='ltr' id='par_1_30' title="bbox 636 3070 2222 3151">
     <span class='ocr_line' id='line_1_30' title="bbox 636 3070 2222 3151; baseline 0.009 -27"><span class='ocrx_word' id='word_1_208' title='bbox 636 3087 739 3126; x_wconf 91' lang='lat' dir='ltr'><strong>non</strong></span> <span class='ocrx_word' id='word_1_209' title='bbox 782 3070 960 3127; x_wconf 77' lang='lat' dir='ltr'><strong>[tabuit</strong></span> <span class='ocrx_word' id='word_1_210' title='bbox 998 3075 1267 3130; x_wconf 77' lang='lat' dir='ltr'><strong>scientiam</strong></span> <span class='ocrx_word' id='word_1_211' title='bbox 1316 3075 1472 3146; x_wconf 86' lang='lat' dir='ltr'><strong>(Isai.</strong></span> <span class='ocrx_word' id='word_1_212' title='bbox 1503 3093 1558 3142; x_wconf 89' lang='lat' dir='ltr'><strong>v,</strong></span> <span class='ocrx_word' id='word_1_213' title='bbox 1611 3079 1722 3150; x_wconf 75' lang='lat' dir='ltr'><strong>l5).</strong></span> <span class='ocrx_word' id='word_1_214' title='bbox 1756 3078 2042 3150; x_wconf 88' lang='lat' dir='ltr'><strong>Prophetia</strong></span> <span class='ocrx_word' id='word_1_215' title='bbox 2089 3095 2222 3151; x_wconf 85' lang='lat' dir='ltr'><strong>ergo</strong></span> 
     </span>
    </p>
   </div>
   <div class='ocr_carea' id='block_1_31' title="bbox 635 3165 2223 3244">
    <p class='ocr_par' dir='ltr' id='par_1_31' title="bbox 635 3165 2223 3244">
     <span class='ocr_line' id='line_1_31' title="bbox 635 3165 2223 3244; baseline 0.009 -26"><span class='ocrx_word' id='word_1_216' title='bbox 635 3165 790 3231; x_wconf 86' lang='lat' dir='ltr'><strong>quasi</strong></span> <span class='ocrx_word' id='word_1_217' title='bbox 810 3166 1066 3230; x_wconf 88' lang='lat' dir='ltr'><strong>salvatur,</strong></span> <span class='ocrx_word' id='word_1_218' title='bbox 1088 3168 1213 3224; x_wconf 91' lang='lat' dir='ltr'><strong>dum</strong></span> <span class='ocrx_word' id='word_1_219' title='bbox 1236 3171 1546 3240; x_wconf 86' lang='lat' dir='ltr'><strong>captivitas,</strong></span> <span class='ocrx_word' id='word_1_220' title='bbox 1572 3187 1732 3242; x_wconf 91' lang='lat' dir='ltr'><strong>quam</strong></span> <span class='ocrx_word' id='word_1_221' title='bbox 1760 3175 2023 3244; x_wconf 71' lang='lat' dir='ltr'><strong>prmdixit,</strong></span> <span class='ocrx_word' id='word_1_222' title='bbox 2041 3184 2223 3231; x_wconf 87' lang='lat' dir='ltr'><strong>osten-</strong></span> 
     </span>
    </p>
   </div>
   <div class='ocr_carea' id='block_1_32' title="bbox 637 3259 1120 3332">
    <p class='ocr_par' dir='ltr' id='par_1_32' title="bbox 637 3259 1120 3332">
     <span class='ocr_line' id='line_1_32' title="bbox 637 3259 1120 3332; baseline 0.01 -20"><span class='ocrx_word' id='word_1_223' title='bbox 637 3259 798 3314; x_wconf 86' lang='lat' dir='ltr'><strong>ditur.</strong></span> <span class='ocrx_word' id='word_1_224' title='bbox 828 3259 1081 3332; x_wconf 85' lang='lat' dir='ltr'><strong>Sequitur</strong></span> <span class='ocrx_word' id='word_1_225' title='bbox 1104 3278 1120 3317; x_wconf 89' lang='lat'><strong>:</strong></span> 
     </span>
    </p>
   </div>
   <div class='ocr_carea' id='block_1_33' title="bbox 848 3373 2024 3454">
    <p class='ocr_par' dir='ltr' id='par_1_33' title="bbox 848 3373 2024 3454">
     <span class='ocr_line' id='line_1_33' title="bbox 848 3373 2024 3454; baseline 0.007 -25"><span class='ocrx_word' id='word_1_226' title='bbox 848 3373 1075 3431; x_wconf 81' lang='lat' dir='ltr'><strong>CAPUT</strong></span> <span class='ocrx_word' id='word_1_227' title='bbox 1103 3374 1272 3434; x_wconf 78' lang='lat' dir='ltr'><strong>XXXI</strong></span> <span class='ocrx_word' id='word_1_228' title='bbox 1302 3375 1446 3448; x_wconf 83' lang='lat' dir='ltr'><strong>[Vet.</strong></span> <span class='ocrx_word' id='word_1_229' title='bbox 1477 3380 1583 3435; x_wconf 75' lang='lat' dir='ltr'><strong>xx</strong></span> <span class='ocrx_word' id='word_1_230' title='bbox 1601 3381 1692 3446; x_wconf 83' lang='grc' dir='ltr'><strong>γι,</strong></span> <span class='ocrx_word' id='word_1_231' title='bbox 1726 3381 1848 3437; x_wconf 85' lang='lat' dir='ltr'><strong>Rec.</strong></span> <span class='ocrx_word' id='word_1_232' title='bbox 1875 3381 2024 3454; x_wconf 83' lang='lat' dir='ltr'><strong>XX].</strong></span> 
     </span>
    </p>
   </div>
   <div class='ocr_carea' id='block_1_34' title="bbox 713 3486 2224 3564">
    <p class='ocr_par' dir='ltr' id='par_1_34' title="bbox 713 3486 2224 3564">
     <span class='ocr_line' id='line_1_34' title="bbox 713 3486 2224 3564; baseline 0.006 -23"><span class='ocrx_word' id='word_1_233' title='bbox 713 3486 872 3542; x_wconf 70' lang='lat' dir='ltr'><strong>Vsus.</strong></span> <span class='ocrx_word' id='word_1_234' title='bbox 917 3487 1002 3542; x_wconf 80' lang='grc'><strong>16.</strong></span> <span class='ocrx_word' id='word_1_235' title='bbox 1035 3520 1105 3530; x_wconf 93' lang='grc'><strong><em>-</em></strong></span> <span class='ocrx_word' id='word_1_236' title='bbox 1133 3491 1359 3564; x_wconf 79' lang='lat' dir='ltr'><strong>Cumque</strong></span> <span class='ocrx_word' id='word_1_237' title='bbox 1405 3494 1571 3547; x_wconf 84' lang='lat' dir='ltr'><strong>adhuc</strong></span> <span class='ocrx_word' id='word_1_238' title='bbox 1601 3495 1689 3548; x_wconf 90' lang='lat' dir='ltr'><strong>ille</strong></span> <span class='ocrx_word' id='word_1_239' title='bbox 1728 3496 2044 3561; x_wconf 68' lang='lat' dir='ltr'><strong>loqueretur,</strong></span> <span class='ocrx_word' id='word_1_240' title='bbox 2090 3497 2224 3550; x_wconf 74' lang='lat' dir='ltr'><strong>venit</strong></span> 
     </span>
    </p>
   </div>
   <div class='ocr_carea' id='block_1_35' title="bbox 641 3579 2225 3654">
    <p class='ocr_par' dir='ltr' id='par_1_35' title="bbox 641 3579 2225 3654">
     <span class='ocr_line' id='line_1_35' title="bbox 641 3579 2225 3654; baseline 0.008 -23"><span class='ocrx_word' id='word_1_241' title='bbox 641 3579 802 3645; x_wconf 87' lang='lat' dir='ltr'><strong>alter,</strong></span> <span class='ocrx_word' id='word_1_242' title='bbox 848 3590 898 3633; x_wconf 84' lang='lat' dir='ltr'><strong>et</strong></span> <span class='ocrx_word' id='word_1_243' title='bbox 925 3580 1060 3635; x_wconf 71' lang='lat' dir='ltr'><strong>dixit</strong></span> <span class='ocrx_word' id='word_1_244' title='bbox 1087 3599 1106 3636; x_wconf 88' lang='lat'><strong><em>:</em></strong></span> <span class='ocrx_word' id='word_1_245' title='bbox 1151 3581 1300 3653; x_wconf 85' lang='lat' dir='ltr'><strong>Ignis</strong></span> <span class='ocrx_word' id='word_1_246' title='bbox 1326 3583 1425 3639; x_wconf 86' lang='lat' dir='ltr'><strong>Dei</strong></span> <span class='ocrx_word' id='word_1_247' title='bbox 1467 3586 1650 3640; x_wconf 83' lang='lat' dir='ltr'><strong>cecidit</strong></span> <span class='ocrx_word' id='word_1_248' title='bbox 1696 3587 1760 3641; x_wconf 88' lang='lat' dir='ltr'><strong>de</strong></span> <span class='ocrx_word' id='word_1_249' title='bbox 1788 3587 1942 3654; x_wconf 78' lang='lat' dir='ltr'><strong>ccelo,</strong></span> <span class='ocrx_word' id='word_1_250' title='bbox 1974 3598 2022 3642; x_wconf 89' lang='lat' dir='ltr'><strong>et</strong></span> <span class='ocrx_word' id='word_1_251' title='bbox 2060 3599 2225 3644; x_wconf 89' lang='lat' dir='ltr'><strong>tactas</strong></span> 
     </span>
    </p>
   </div>
   <div class='ocr_carea' id='block_1_36' title="bbox 640 3681 2224 3753">
    <p class='ocr_par' dir='ltr' id='par_1_36' title="bbox 640 3681 2224 3753">
     <span class='ocr_line' id='line_1_36' title="bbox 640 3681 2224 3753; baseline 0.007 -27"><span class='ocrx_word' id='word_1_252' title='bbox 640 3690 773 3740; x_wconf 84' lang='lat' dir='ltr'><strong>oves,</strong></span> <span class='ocrx_word' id='word_1_253' title='bbox 805 3691 1083 3746; x_wconf 84' lang='lat' dir='ltr'><strong>puerosque</strong></span> <span class='ocrx_word' id='word_1_254' title='bbox 1103 3681 1435 3752; x_wconf 75' lang='lat' dir='ltr'><strong>consumpsit,</strong></span> <span class='ocrx_word' id='word_1_255' title='bbox 1461 3689 1510 3735; x_wconf 89' lang='lat' dir='ltr'><strong>et</strong></span> <span class='ocrx_word' id='word_1_256' title='bbox 1532 3682 1687 3752; x_wconf 70' lang='lat' dir='ltr'><strong>e/fugi</strong></span> <span class='ocrx_word' id='word_1_257' title='bbox 1707 3699 1800 3753; x_wconf 79' lang='lat' dir='ltr'><strong>ego</strong></span> <span class='ocrx_word' id='word_1_258' title='bbox 1824 3683 1985 3751; x_wconf 87' lang='lat' dir='ltr'><strong>solus,</strong></span> <span class='ocrx_word' id='word_1_259' title='bbox 2010 3693 2065 3737; x_wconf 85' lang='lat' dir='ltr'><strong>ut</strong></span> <span class='ocrx_word' id='word_1_260' title='bbox 2087 3701 2224 3737; x_wconf 84' lang='lat' dir='ltr'><strong>nun-</strong></span> 
     </span>
    </p>
   </div>
   <div class='ocr_carea' id='block_1_37' title="bbox 639 3765 960 3820">
    <p class='ocr_par' dir='ltr' id='par_1_37' title="bbox 639 3765 960 3820">
     <span class='ocr_line' id='line_1_37' title="bbox 639 3765 960 3820; baseline 0.009 -3"><span class='ocrx_word' id='word_1_261' title='bbox 639 3766 820 3820; x_wconf 86' lang='lat' dir='ltr'><strong>tiarem</strong></span> <span class='ocrx_word' id='word_1_262' title='bbox 852 3765 960 3820; x_wconf 87' lang='lat' dir='ltr'><strong>tibi.</strong></span> 
     </span>
    </p>
   </div>
   <div class='ocr_carea' id='block_1_38' title="bbox 711 3853 2224 3932">
    <p class='ocr_par' dir='ltr' id='par_1_38' title="bbox 711 3853 2224 3932">
     <span class='ocr_line' id='line_1_38' title="bbox 711 3853 2224 3932; baseline 0.009 -24"><span class='ocrx_word' id='word_1_263' title='bbox 711 3853 796 3910; x_wconf 84' lang='grc'><strong>51.</strong></span> <span class='ocrx_word' id='word_1_264' title='bbox 832 3857 979 3932; x_wconf 85' lang='lat' dir='ltr'><strong>Ignis</strong></span> <span class='ocrx_word' id='word_1_265' title='bbox 1022 3876 1138 3915; x_wconf 86' lang='lat' dir='ltr'><strong>oves</strong></span> <span class='ocrx_word' id='word_1_266' title='bbox 1177 3869 1228 3915; x_wconf 88' lang='lat' dir='ltr'><strong>et</strong></span> <span class='ocrx_word' id='word_1_267' title='bbox 1259 3879 1445 3932; x_wconf 87' lang='lat' dir='ltr'><strong>pueros</strong></span> <span class='ocrx_word' id='word_1_268' title='bbox 1479 3862 1579 3918; x_wconf 85' lang='lat' dir='ltr'><strong>Job</strong></span> <span class='ocrx_word' id='word_1_269' title='bbox 1617 3881 1942 3930; x_wconf 85' lang='lat' dir='ltr'><strong>consumens,</strong></span> <span class='ocrx_word' id='word_1_270' title='bbox 1975 3868 2224 3922; x_wconf 84' lang='lat' dir='ltr'><strong>invidiam</strong></span> 
     </span>
    </p>
   </div>
   <div class='ocr_carea' id='block_1_39' title="bbox 638 3955 2226 4033">
    <p class='ocr_par' dir='ltr' id='par_1_39' title="bbox 638 3955 2226 4033">
     <span class='ocr_line' id='line_1_39' title="bbox 638 3955 2226 4033; baseline 0.004 -23"><span class='ocrx_word' id='word_1_271' title='bbox 638 3955 963 4011; x_wconf 83' lang='lat' dir='ltr'><strong>sacerdotum</strong></span> <span class='ocrx_word' id='word_1_272' title='bbox 1011 3968 1190 4013; x_wconf 87' lang='lat' dir='ltr'><strong>contra</strong></span> <span class='ocrx_word' id='word_1_273' title='bbox 1244 3957 1501 4015; x_wconf 78' lang='lat' dir='ltr'><strong>Christum</strong></span> <span class='ocrx_word' id='word_1_274' title='bbox 1550 3962 1832 4033; x_wconf 80' lang='lat' dir='ltr'><strong>signiﬁcat.</strong></span> <span class='ocrx_word' id='word_1_275' title='bbox 1877 3962 2050 4016; x_wconf 80' lang='lat' dir='ltr'><strong>Malos</strong></span> <span class='ocrx_word' id='word_1_276' title='bbox 2088 3965 2226 4033; x_wconf 83' lang='lat' dir='ltr'><strong>ignis</strong></span> 
     </span>
    </p>
   </div>
   <div class='ocr_carea' id='block_1_40' title="bbox 641 4052 2226 4124">
    <p class='ocr_par' dir='ltr' id='par_1_40' title="bbox 641 4052 2226 4124">
     <span class='ocr_line' id='line_1_40' title="bbox 641 4052 2226 4124; baseline 0.005 -23"><span class='ocrx_word' id='word_1_277' title='bbox 641 4065 774 4101; x_wconf 88' lang='lat' dir='ltr'><strong>nunc</strong></span> <span class='ocrx_word' id='word_1_278' title='bbox 792 4052 987 4103; x_wconf 78' lang='lat' dir='ltr'><strong>cruciat</strong></span> <span class='ocrx_word' id='word_1_279' title='bbox 1007 4069 1097 4121; x_wconf 87' lang='lat' dir='ltr'><strong>per</strong></span> <span class='ocrx_word' id='word_1_280' title='bbox 1108 4053 1337 4118; x_wconf 89' lang='lat' dir='ltr'><strong>livorem,</strong></span> <span class='ocrx_word' id='word_1_281' title='bbox 1351 4063 1527 4124; x_wconf 88' lang='lat' dir='ltr'><strong>postea</strong></span> <span class='ocrx_word' id='word_1_282' title='bbox 1543 4071 1632 4123; x_wconf 86' lang='lat' dir='ltr'><strong>per</strong></span> <span class='ocrx_word' id='word_1_283' title='bbox 1655 4054 2226 4110; x_wconf 68' lang='lat' dir='ltr'><strong>vindictam—Omnes</strong></span> 
     </span>
    </p>
   </div>
   <div class='ocr_carea' id='block_1_41' title="bbox 641 4140 2220 4216">
    <p class='ocr_par' dir='ltr' id='par_1_41' title="bbox 641 4140 2220 4216">
     <span class='ocr_line' id='line_1_41' title="bbox 641 4140 2220 4216; baseline 0.006 -25"><span class='ocrx_word' id='word_1_284' title='bbox 641 4140 731 4208; x_wconf 85' lang='lat' dir='ltr'><strong>qui</strong></span> <span class='ocrx_word' id='word_1_285' title='bbox 762 4141 1155 4209; x_wconf 65' lang='lat' dir='ltr'><strong>praedicationis</strong></span> <span class='ocrx_word' id='word_1_286' title='bbox 1197 4143 1429 4199; x_wconf 81' lang='lat' dir='ltr'><strong>oﬂicinm</strong></span> <span class='ocrx_word' id='word_1_287' title='bbox 1474 4145 1526 4198; x_wconf 91' lang='lat' dir='ltr'><strong>in</strong></span> <span class='ocrx_word' id='word_1_288' title='bbox 1575 4159 1843 4216; x_wconf 80' lang='lat' dir='ltr'><strong>synagoga</strong></span> <span class='ocrx_word' id='word_1_289' title='bbox 1903 4153 2220 4212; x_wconf 86' lang='lat' dir='ltr'><strong>tenuerunt,</strong></span> 
     </span>
    </p>
   </div>
   <div class='ocr_carea' id='block_1_42' title="bbox 643 4230 2225 4304">
    <p class='ocr_par' dir='ltr' id='par_1_42' title="bbox 643 4230 2225 4304">
     <span class='ocr_line' id='line_1_42' title="bbox 643 4230 2225 4304; baseline 0.004 -21"><span class='ocrx_word' id='word_1_290' title='bbox 643 4230 836 4283; x_wconf 87' lang='lat' dir='ltr'><strong>coelum</strong></span> <span class='ocrx_word' id='word_1_291' title='bbox 883 4239 1026 4285; x_wconf 91' lang='lat' dir='ltr'><strong>recte</strong></span> <span class='ocrx_word' id='word_1_292' title='bbox 1073 4241 1248 4286; x_wconf 77' lang='lat' dir='ltr'><strong>vocati</strong></span> <span class='ocrx_word' id='word_1_293' title='bbox 1277 4242 1435 4302; x_wconf 88' lang='lat' dir='ltr'><strong>sunt,</strong></span> <span class='ocrx_word' id='word_1_294' title='bbox 1465 4234 1588 4302; x_wconf 88' lang='lat' dir='ltr'><strong>quia</strong></span> <span class='ocrx_word' id='word_1_295' title='bbox 1621 4235 1872 4289; x_wconf 90' lang='lat' dir='ltr'><strong>nimirum</strong></span> <span class='ocrx_word' id='word_1_296' title='bbox 1921 4251 2112 4304; x_wconf 85' lang='lat' dir='ltr'><strong>sapere</strong></span> <span class='ocrx_word' id='word_1_297' title='bbox 2136 4252 2225 4289; x_wconf 89' lang='lat' dir='ltr'><strong>su-</strong></span> 
     </span>
    </p>
   </div>
   <div class='ocr_carea' id='block_1_43' title="bbox 645 4322 2226 4395">
    <p class='ocr_par' dir='ltr' id='par_1_43' title="bbox 645 4322 2226 4395">
     <span class='ocr_line' id='line_1_43' title="bbox 645 4322 2226 4395; baseline 0.006 -21"><span class='ocrx_word' id='word_1_298' title='bbox 645 4337 808 4391; x_wconf 89' lang='lat' dir='ltr'><strong>perna</strong></span> <span class='ocrx_word' id='word_1_299' title='bbox 865 4322 1238 4378; x_wconf 89' lang='lat' dir='ltr'><strong>credebantur.</strong></span> <span class='ocrx_word' id='word_1_300' title='bbox 1267 4323 1417 4380; x_wconf 89' lang='lat' dir='ltr'><strong>Unde</strong></span> <span class='ocrx_word' id='word_1_301' title='bbox 1439 4333 1493 4379; x_wconf 89' lang='lat' dir='ltr'><strong>et</strong></span> <span class='ocrx_word' id='word_1_302' title='bbox 1507 4325 1719 4395; x_wconf 84' lang='lat' dir='ltr'><strong>Moyses</strong></span> <span class='ocrx_word' id='word_1_303' title='bbox 1737 4367 1750 4390; x_wconf 95' lang='lat'><strong>,</strong></span> <span class='ocrx_word' id='word_1_304' title='bbox 1772 4343 1894 4384; x_wconf 89' lang='lat' dir='ltr'><strong>cum</strong></span> <span class='ocrx_word' id='word_1_305' title='bbox 1916 4329 2226 4384; x_wconf 86' lang='lat' dir='ltr'><strong>sacerdotes</strong></span> 
     </span>
    </p>
   </div>
   <div class='ocr_carea' id='block_1_44' title="bbox 645 4414 2221 4486">
    <p class='ocr_par' dir='ltr' id='par_1_44' title="bbox 645 4414 2221 4486">
     <span class='ocr_line' id='line_1_44' title="bbox 645 4414 2221 4486; baseline 0.004 -18"><span class='ocrx_word' id='word_1_306' title='bbox 645 4430 707 4470; x_wconf 90' lang='lat' dir='ltr'><strong>ac</strong></span> <span class='ocrx_word' id='word_1_307' title='bbox 747 4414 1003 4486; x_wconf 91' lang='lat' dir='ltr'><strong>populum</strong></span> <span class='ocrx_word' id='word_1_308' title='bbox 1043 4417 1108 4471; x_wconf 90' lang='lat' dir='ltr'><strong>ad</strong></span> <span class='ocrx_word' id='word_1_309' title='bbox 1156 4417 1316 4472; x_wconf 87' lang='lat' dir='ltr'><strong>verba</strong></span> <span class='ocrx_word' id='word_1_310' title='bbox 1363 4433 1471 4473; x_wconf 77' lang='lat' dir='ltr'><strong>sua:</strong></span> <span class='ocrx_word' id='word_1_311' title='bbox 1520 4419 1902 4475; x_wconf 86' lang='lat' dir='ltr'><strong>admonitionis</strong></span> <span class='ocrx_word' id='word_1_312' title='bbox 1941 4421 2221 4485; x_wconf 81' lang='lat' dir='ltr'><strong>excitaret,</strong></span> 
     </span>
    </p>
   </div>
   <div class='ocr_carea' id='block_1_45' title="bbox 643 4507 2216 4583">
    <p class='ocr_par' dir='ltr' id='par_1_45' title="bbox 643 4507 2216 4583">
     <span class='ocr_line' id='line_1_45' title="bbox 643 4507 2216 4583; baseline 0.004 -22"><span class='ocrx_word' id='word_1_313' title='bbox 643 4507 776 4562; x_wconf 84' lang='lat' dir='ltr'><strong>dixit</strong></span> <span class='ocrx_word' id='word_1_314' title='bbox 805 4526 818 4561; x_wconf 91' lang='lat'><strong>:</strong></span> <span class='ocrx_word' id='word_1_315' title='bbox 850 4508 1093 4574; x_wconf 77' lang='lat' dir='ltr'><strong>Attende,</strong></span> <span class='ocrx_word' id='word_1_316' title='bbox 1109 4509 1309 4570; x_wconf 77' lang='lat' dir='ltr'><strong>ccelum,</strong></span> <span class='ocrx_word' id='word_1_317' title='bbox 1341 4517 1388 4564; x_wconf 88' lang='lat' dir='ltr'><strong>et</strong></span> <span class='ocrx_word' id='word_1_318' title='bbox 1405 4511 1609 4583; x_wconf 83' lang='lat' dir='ltr'><strong>loquar;</strong></span> <span class='ocrx_word' id='word_1_319' title='bbox 1637 4519 1687 4565; x_wconf 86' lang='lat' dir='ltr'><strong>et</strong></span> <span class='ocrx_word' id='word_1_320' title='bbox 1713 4512 1895 4566; x_wconf 85' lang='lat' dir='ltr'><strong>audiat</strong></span> <span class='ocrx_word' id='word_1_321' title='bbox 1923 4521 2056 4567; x_wconf 76' lang='lat' dir='ltr'><strong>terra</strong></span> <span class='ocrx_word' id='word_1_322' title='bbox 2074 4513 2216 4568; x_wconf 77' lang='lat' dir='ltr'><strong>verba</strong></span> 
     </span>
    </p>
   </div>
   <div class='ocr_carea' id='block_1_46' title="bbox 643 4597 2222 4673">
    <p class='ocr_par' dir='ltr' id='par_1_46' title="bbox 643 4597 2222 4673">
     <span class='ocr_line' id='line_1_46' title="bbox 643 4597 2222 4673; baseline 0.004 -21"><span class='ocrx_word' id='word_1_323' title='bbox 643 4614 707 4652; x_wconf 77' lang='lat' dir='ltr'><strong>ea:</strong></span> <span class='ocrx_word' id='word_1_324' title='bbox 735 4616 824 4654; x_wconf 90' lang='lat' dir='ltr'><strong>ore</strong></span> <span class='ocrx_word' id='word_1_325' title='bbox 851 4614 964 4654; x_wconf 88' lang='lat' dir='ltr'><strong>meo</strong></span> <span class='ocrx_word' id='word_1_326' title='bbox 997 4597 1171 4668; x_wconf 82' lang='lat' dir='ltr'><strong>(Deut.</strong></span> <span class='ocrx_word' id='word_1_327' title='bbox 1196 4615 1376 4667; x_wconf 81' lang='lat' dir='ltr'><strong>xxxn,</strong></span> <span class='ocrx_word' id='word_1_328' title='bbox 1426 4600 1475 4668; x_wconf 79' lang='lat' dir='ltr'><strong>i,</strong></span> <span class='ocrx_word' id='word_1_329' title='bbox 1509 4619 1609 4658; x_wconf 79' lang='lat' dir='ltr'><strong>sec.</strong></span> <span class='ocrx_word' id='word_1_330' title='bbox 1643 4601 1739 4659; x_wconf 85' lang='lat' dir='ltr'><strong><em>LX</em></strong></span> <span class='ocrx_word' id='word_1_331' title='bbox 1740 4601 1851 4672; x_wconf 79' lang='lat' dir='ltr'><strong>X);</strong></span> <span class='ocrx_word' id='word_1_332' title='bbox 1905 4619 2000 4673; x_wconf 90' lang='lat' dir='ltr'><strong>per</strong></span> <span class='ocrx_word' id='word_1_333' title='bbox 2029 4605 2222 4658; x_wconf 75' lang='lat' dir='ltr'><strong>cmlum</strong></span> 
     </span>
    </p>
   </div>
   <div class='ocr_carea' id='block_1_47' title="bbox 2299 652 3894 723">
    <p class='ocr_par' dir='ltr' id='par_1_47' title="bbox 2299 652 3894 723">
     <span class='ocr_line' id='line_1_47' title="bbox 2299 652 3894 723; baseline 0 -15"><span class='ocrx_word' id='word_1_334' title='bbox 2299 654 2374 708; x_wconf 84' lang='lat' dir='ltr'><strong>ris</strong></span> <span class='ocrx_word' id='word_1_335' title='bbox 2405 655 2572 708; x_wconf 87' lang='lat' dir='ltr'><strong>nostri</strong></span> <span class='ocrx_word' id='word_1_336' title='bbox 2607 666 2626 693; x_wconf 74' lang='grc' dir='ltr'><strong>ε</strong></span> <span class='ocrx_word' id='word_1_337' title='bbox 2676 654 2998 708; x_wconf 73' lang='lat' dir='ltr'><strong>adversitate</strong></span> <span class='ocrx_word' id='word_1_338' title='bbox 3028 652 3281 707; x_wconf 86' lang='lat' dir='ltr'><strong>commoti</strong></span> <span class='ocrx_word' id='word_1_339' title='bbox 3303 660 3448 721; x_wconf 82' lang='lat' dir='ltr'><strong>sunt,</strong></span> <span class='ocrx_word' id='word_1_340' title='bbox 3477 654 3631 722; x_wconf 88' lang='lat' dir='ltr'><strong>quasi</strong></span> <span class='ocrx_word' id='word_1_341' title='bbox 3656 653 3792 723; x_wconf 87' lang='lat' dir='ltr'><strong>ignis</strong></span> <span class='ocrx_word' id='word_1_342' title='bbox 3821 652 3894 708; x_wconf 81' lang='lat' dir='ltr'><strong>de</strong></span> 
     </span>
    </p>
   </div>
   <div class='ocr_carea' id='block_1_48' title="bbox 2304 741 3893 814">
    <p class='ocr_par' dir='ltr' id='par_1_48' title="bbox 2304 741 3893 814">
     <span class='ocr_line' id='line_1_48' title="bbox 2304 741 3893 814; baseline 0 -16"><span class='ocrx_word' id='word_1_343' title='bbox 2304 744 2442 799; x_wconf 67' lang='lat' dir='ltr'><strong>coelo</strong></span> <span class='ocrx_word' id='word_1_344' title='bbox 2471 745 2583 800; x_wconf 88' lang='lat' dir='ltr'><strong>ceei</strong></span> <span class='ocrx_word' id='word_1_345' title='bbox 2610 744 2689 812; x_wconf 67' lang='lat' dir='ltr'><strong>3it,</strong></span> <span class='ocrx_word' id='word_1_346' title='bbox 2719 743 2844 797; x_wconf 90' lang='lat' dir='ltr'><strong>dum</strong></span> <span class='ocrx_word' id='word_1_347' title='bbox 2871 745 2936 797; x_wconf 90' lang='lat' dir='ltr'><strong>ad</strong></span> <span class='ocrx_word' id='word_1_348' title='bbox 2964 743 3335 813; x_wconf 85' lang='lat' dir='ltr'><strong>decipiendum</strong></span> <span class='ocrx_word' id='word_1_349' title='bbox 3379 741 3688 812; x_wconf 81' lang='lat' dir='ltr'><strong>imperitum</strong></span> <span class='ocrx_word' id='word_1_350' title='bbox 3717 761 3893 814; x_wconf 80' lang='lat' dir='ltr'><strong>pepu-</strong></span> 
     </span>
    </p>
   </div>
   <div class='ocr_carea' id='block_1_49' title="bbox 2302 834 3890 906">
    <p class='ocr_par' dir='ltr' id='par_1_49' title="bbox 2302 834 3890 906">
     <span class='ocr_line' id='line_1_49' title="bbox 2302 834 3890 906; baseline 0.002 -18"><span class='ocrx_word' id='word_1_351' title='bbox 2302 834 2447 904; x_wconf 91' lang='lat' dir='ltr'><strong>lum,</strong></span> <span class='ocrx_word' id='word_1_352' title='bbox 2499 837 2565 890; x_wconf 88' lang='lat' dir='ltr'><strong>ab</strong></span> <span class='ocrx_word' id='word_1_353' title='bbox 2617 837 2700 890; x_wconf 91' lang='lat' dir='ltr'><strong>his</strong></span> <span class='ocrx_word' id='word_1_354' title='bbox 2755 837 2915 890; x_wconf 88' lang='lat' dir='ltr'><strong>etiam</strong></span> <span class='ocrx_word' id='word_1_355' title='bbox 2969 838 3059 906; x_wconf 90' lang='lat' dir='ltr'><strong>qui</strong></span> <span class='ocrx_word' id='word_1_356' title='bbox 3112 851 3240 890; x_wconf 89' lang='lat' dir='ltr'><strong>vera</strong></span> <span class='ocrx_word' id='word_1_357' title='bbox 3288 835 3482 890; x_wconf 87' lang='lat' dir='ltr'><strong>docere</strong></span> <span class='ocrx_word' id='word_1_358' title='bbox 3532 839 3890 906; x_wconf 86' lang='lat' dir='ltr'><strong>putabantur,</strong></span> 
     </span>
    </p>
   </div>
   <div class='ocr_carea' id='block_1_50' title="bbox 2306 923 3898 998">
    <p class='ocr_par' dir='ltr' id='par_1_50' title="bbox 2306 923 3898 998">
     <span class='ocr_line' id='line_1_50' title="bbox 2306 923 3898 998; baseline 0.003 -20"><span class='ocrx_word' id='word_1_359' title='bbox 2306 924 2517 980; x_wconf 83' lang='lat' dir='ltr'><strong>ﬂamma</strong></span> <span class='ocrx_word' id='word_1_360' title='bbox 2541 925 2752 980; x_wconf 66' lang='lat' dir='ltr'><strong>invidia:</strong></span> <span class='ocrx_word' id='word_1_361' title='bbox 2773 927 2991 980; x_wconf 80' lang='lat' dir='ltr'><strong>exarsit.</strong></span> <span class='ocrx_word' id='word_1_362' title='bbox 3015 925 3173 980; x_wconf 86' lang='lat' dir='ltr'><strong>Teste</strong></span> <span class='ocrx_word' id='word_1_363' title='bbox 3196 925 3392 998; x_wconf 87' lang='lat' dir='ltr'><strong>quippe</strong></span> <span class='ocrx_word' id='word_1_364' title='bbox 3419 923 3711 995; x_wconf 86' lang='lat' dir='ltr'><strong>Evangelio</strong></span> <span class='ocrx_word' id='word_1_365' title='bbox 3740 930 3898 982; x_wconf 79' lang='lat' dir='ltr'><strong>novi-</strong></span> 
     </span>
    </p>
   </div>
   <div class='ocr_carea' id='block_1_51' title="bbox 2308 1016 3898 1087">
    <p class='ocr_par' dir='ltr' id='par_1_51' title="bbox 2308 1016 3898 1087">
     <span class='ocr_line' id='line_1_51' title="bbox 2308 1016 3898 1087; baseline 0.003 -19"><span class='ocrx_word' id='word_1_366' title='bbox 2308 1032 2427 1070; x_wconf 88' lang='lat' dir='ltr'><strong>mus</strong></span> <span class='ocrx_word' id='word_1_367' title='bbox 2465 1016 2607 1086; x_wconf 90' lang='lat' dir='ltr'><strong>quod</strong></span> <span class='ocrx_word' id='word_1_368' title='bbox 2639 1016 2895 1070; x_wconf 70' lang='lat' dir='ltr'><strong>doctrinae</strong></span> <span class='ocrx_word' id='word_1_369' title='bbox 2929 1016 3175 1070; x_wconf 81' lang='lat' dir='ltr'><strong>veritatis</strong></span> <span class='ocrx_word' id='word_1_370' title='bbox 3207 1016 3524 1080; x_wconf 81' lang='lat' dir='ltr'><strong>invidentes,</strong></span> <span class='ocrx_word' id='word_1_371' title='bbox 3572 1019 3898 1087; x_wconf 83' lang='lat' dir='ltr'><strong>opportuni-</strong></span> 
     </span>
    </p>
   </div>
   <div class='ocr_carea' id='block_1_52' title="bbox 2310 1106 3904 1178">
    <p class='ocr_par' dir='ltr' id='par_1_52' title="bbox 2310 1106 3904 1178">
     <span class='ocr_line' id='line_1_52' title="bbox 2310 1106 3904 1178; baseline 0.004 -20"><span class='ocrx_word' id='word_1_372' title='bbox 2310 1113 2472 1160; x_wconf 85' lang='lat' dir='ltr'><strong>tatem</strong></span> <span class='ocrx_word' id='word_1_373' title='bbox 2497 1106 2786 1161; x_wconf 74' lang='lat' dir='ltr'><strong>Dominica:</strong></span> <span class='ocrx_word' id='word_1_374' title='bbox 2808 1107 3112 1162; x_wconf 85' lang='lat' dir='ltr'><strong>traditionis</strong></span> <span class='ocrx_word' id='word_1_375' title='bbox 3137 1107 3519 1178; x_wconf 76' lang='lat' dir='ltr'><strong>exquirebant;</strong></span> <span class='ocrx_word' id='word_1_376' title='bbox 3540 1109 3634 1164; x_wconf 86' lang='lat' dir='ltr'><strong>sed</strong></span> <span class='ocrx_word' id='word_1_377' title='bbox 3659 1117 3904 1164; x_wconf 85' lang='lat' dir='ltr'><strong>metuen-</strong></span> 
     </span>
    </p>
   </div>
   <div class='ocr_carea' id='block_1_53' title="bbox 2309 1200 3900 1272">
    <p class='ocr_par' dir='ltr' id='par_1_53' title="bbox 2309 1200 3900 1272">
     <span class='ocr_line' id='line_1_53' title="bbox 2309 1200 3900 1272; baseline -0.003 -14"><span class='ocrx_word' id='word_1_378' title='bbox 2309 1212 2391 1258; x_wconf 90' lang='lat' dir='ltr'><strong>tes</strong></span> <span class='ocrx_word' id='word_1_379' title='bbox 2421 1201 2696 1272; x_wconf 91' lang='lat' dir='ltr'><strong>populum,</strong></span> <span class='ocrx_word' id='word_1_380' title='bbox 2737 1216 2855 1271; x_wconf 70' lang='lat' dir='ltr'><strong>quzc</strong></span> <span class='ocrx_word' id='word_1_381' title='bbox 2885 1201 3246 1254; x_wconf 87' lang='lat' dir='ltr'><strong>moliebantur</strong></span> <span class='ocrx_word' id='word_1_382' title='bbox 3277 1200 3616 1257; x_wconf 89' lang='lat' dir='ltr'><strong>innotescere</strong></span> <span class='ocrx_word' id='word_1_383' title='bbox 3644 1217 3755 1256; x_wconf 91' lang='lat' dir='ltr'><strong>non</strong></span> <span class='ocrx_word' id='word_1_384' title='bbox 3803 1217 3900 1254; x_wconf 83' lang='lat' dir='ltr'><strong>au-</strong></span> 
     </span>
    </p>
   </div>
   <div class='ocr_carea' id='block_1_54' title="bbox 2312 1290 3898 1363">
    <p class='ocr_par' dir='ltr' id='par_1_54' title="bbox 2312 1290 3898 1363">
     <span class='ocr_line' id='line_1_54' title="bbox 2312 1290 3898 1363; baseline -0.001 -14"><span class='ocrx_word' id='word_1_385' title='bbox 2312 1293 2527 1349; x_wconf 87' lang='lat' dir='ltr'><strong>debant.</strong></span> <span class='ocrx_word' id='word_1_386' title='bbox 2579 1291 2713 1345; x_wconf 79' lang='lat' dir='ltr'><strong>Hinc</strong></span> <span class='ocrx_word' id='word_1_387' title='bbox 2741 1293 2900 1345; x_wconf 84' lang='lat' dir='ltr'><strong>ctiam</strong></span> <span class='ocrx_word' id='word_1_388' title='bbox 2930 1293 2984 1345; x_wconf 87' lang='lat' dir='ltr'><strong>in</strong></span> <span class='ocrx_word' id='word_1_389' title='bbox 3017 1308 3084 1346; x_wconf 89' lang='lat' dir='ltr'><strong>eo</strong></span> <span class='ocrx_word' id='word_1_390' title='bbox 3108 1292 3368 1360; x_wconf 86' lang='lat' dir='ltr'><strong>scriptum</strong></span> <span class='ocrx_word' id='word_1_391' title='bbox 3397 1302 3510 1358; x_wconf 90' lang='lat' dir='ltr'><strong>est,</strong></span> <span class='ocrx_word' id='word_1_392' title='bbox 3539 1293 3684 1363; x_wconf 90' lang='lat' dir='ltr'><strong>quod</strong></span> <span class='ocrx_word' id='word_1_393' title='bbox 3729 1290 3753 1329; x_wconf 71' lang='grc' dir='ltr'><em>δ</em></span> <span class='ocrx_word' id='word_1_394' title='bbox 3781 1293 3898 1348; x_wconf 84' lang='lat' dir='ltr'><strong>dis-</strong></span> 
     </span>
    </p>
   </div>
   <div class='ocr_carea' id='block_1_55' title="bbox 2313 1383 3904 1458">
    <p class='ocr_par' dir='ltr' id='par_1_55' title="bbox 2313 1383 3904 1458">
     <span class='ocr_line' id='line_1_55' title="bbox 2313 1383 3904 1458; baseline -0.001 -16"><span class='ocrx_word' id='word_1_395' title='bbox 2313 1387 2598 1442; x_wconf 86' lang='lat' dir='ltr'><strong>suadendis</strong></span> <span class='ocrx_word' id='word_1_396' title='bbox 2630 1387 2841 1458; x_wconf 86' lang='lat' dir='ltr'><strong>populis</strong></span> <span class='ocrx_word' id='word_1_397' title='bbox 2888 1386 3109 1440; x_wconf 87' lang='lat' dir='ltr'><strong>dicunt:</strong></span> <span class='ocrx_word' id='word_1_398' title='bbox 3150 1383 3406 1457; x_wconf 81' lang='lat' dir='ltr'><strong>Nunquid</strong></span> <span class='ocrx_word' id='word_1_399' title='bbox 3449 1387 3634 1458; x_wconf 80' lang='lat' dir='ltr'><strong>aliquis</strong></span> <span class='ocrx_word' id='word_1_400' title='bbox 3666 1405 3734 1440; x_wconf 75' lang='lat' dir='ltr'><strong>ea:</strong></span> <span class='ocrx_word' id='word_1_401' title='bbox 3754 1388 3904 1458; x_wconf 79' lang='lat' dir='ltr'><strong>prin-</strong></span> 
     </span>
    </p>
   </div>
   <div class='ocr_carea' id='block_1_56' title="bbox 2314 1477 3907 1550">
    <p class='ocr_par' dir='ltr' id='par_1_56' title="bbox 2314 1477 3907 1550">
     <span class='ocr_line' id='line_1_56' title="bbox 2314 1477 3907 1550; baseline -0.002 -16"><span class='ocrx_word' id='word_1_402' title='bbox 2314 1479 2508 1550; x_wconf 83' lang='lat' dir='ltr'><strong>cipibus</strong></span> <span class='ocrx_word' id='word_1_403' title='bbox 2548 1477 2766 1530; x_wconf 85' lang='lat' dir='ltr'><strong>credidit</strong></span> <span class='ocrx_word' id='word_1_404' title='bbox 2795 1480 2846 1530; x_wconf 86' lang='lat' dir='ltr'><strong>in</strong></span> <span class='ocrx_word' id='word_1_405' title='bbox 2869 1495 3012 1540; x_wconf 89' lang='lat' dir='ltr'><strong>eum,</strong></span> <span class='ocrx_word' id='word_1_406' title='bbox 3044 1486 3132 1530; x_wconf 87' lang='lat' dir='ltr'><strong>aut</strong></span> <span class='ocrx_word' id='word_1_407' title='bbox 3160 1494 3225 1530; x_wconf 68' lang='lat' dir='ltr'><strong>ea:</strong></span> <span class='ocrx_word' id='word_1_408' title='bbox 3255 1477 3580 1532; x_wconf 72' lang='lat' dir='ltr'><strong>Phariswis?</strong></span> <span class='ocrx_word' id='word_1_409' title='bbox 3612 1478 3723 1532; x_wconf 85' lang='lat' dir='ltr'><strong>Sed</strong></span> <span class='ocrx_word' id='word_1_410' title='bbox 3751 1480 3907 1532; x_wconf 70' lang='lat' dir='ltr'><strong>turba</strong></span> 
     </span>
    </p>
   </div>
   <div class='ocr_carea' id='block_1_57' title="bbox 2317 1569 3903 1642">
    <p class='ocr_par' dir='ltr' id='par_1_57' title="bbox 2317 1569 3903 1642">
     <span class='ocr_line' id='line_1_57' title="bbox 2317 1569 3903 1642; baseline 0.003 -20"><span class='ocrx_word' id='word_1_411' title='bbox 2317 1572 2422 1624; x_wconf 75' lang='lat' dir='ltr'><strong>lucc</strong></span> <span class='ocrx_word' id='word_1_412' title='bbox 2457 1585 2570 1642; x_wconf 78' lang='lat' dir='ltr'><strong>qua:</strong></span> <span class='ocrx_word' id='word_1_413' title='bbox 2609 1586 2710 1623; x_wconf 91' lang='lat' dir='ltr'><strong>non</strong></span> <span class='ocrx_word' id='word_1_414' title='bbox 2743 1569 2880 1622; x_wconf 79' lang='lat' dir='ltr'><strong>norit</strong></span> <span class='ocrx_word' id='word_1_415' title='bbox 2909 1571 3090 1639; x_wconf 79' lang='lat' dir='ltr'><strong>legem,</strong></span> <span class='ocrx_word' id='word_1_416' title='bbox 3138 1570 3403 1623; x_wconf 88' lang='lat' dir='ltr'><strong>maledicti</strong></span> <span class='ocrx_word' id='word_1_417' title='bbox 3443 1581 3562 1624; x_wconf 86' lang='lat' dir='ltr'><strong>sunt</strong></span> <span class='ocrx_word' id='word_1_418' title='bbox 3591 1570 3773 1642; x_wconf 85' lang='lat' dir='ltr'><strong>(Joan.</strong></span> <span class='ocrx_word' id='word_1_419' title='bbox 3808 1588 3903 1640; x_wconf 77' lang='lat' dir='ltr'><strong>vn,</strong></span> 
     </span>
    </p>
   </div>
   <div class='ocr_carea' id='block_1_58' title="bbox 2316 1661 3909 1732">
    <p class='ocr_par' dir='ltr' id='par_1_58' title="bbox 2316 1661 3909 1732">
     <span class='ocr_line' id='line_1_58' title="bbox 2316 1661 3909 1732; baseline 0.002 -16"><span class='ocrx_word' id='word_1_420' title='bbox 2316 1662 2428 1730; x_wconf 75' lang='grc'><strong>48).</strong></span> <span class='ocrx_word' id='word_1_421' title='bbox 2461 1661 2599 1727; x_wconf 88' lang='lat' dir='ltr'><strong>Quid</strong></span> <span class='ocrx_word' id='word_1_422' title='bbox 2630 1670 2807 1714; x_wconf 88' lang='lat' dir='ltr'><strong>autem</strong></span> <span class='ocrx_word' id='word_1_423' title='bbox 2840 1661 2891 1713; x_wconf 92' lang='lat' dir='ltr'><strong>in</strong></span> <span class='ocrx_word' id='word_1_424' title='bbox 2924 1661 3112 1714; x_wconf 82' lang='lat' dir='ltr'><strong>ovibus</strong></span> <span class='ocrx_word' id='word_1_425' title='bbox 3135 1670 3294 1730; x_wconf 88' lang='lat' dir='ltr'><strong>atque</strong></span> <span class='ocrx_word' id='word_1_426' title='bbox 3324 1663 3376 1715; x_wconf 90' lang='lat' dir='ltr'><strong>in</strong></span> <span class='ocrx_word' id='word_1_427' title='bbox 3401 1664 3599 1732; x_wconf 88' lang='lat' dir='ltr'><strong>pueris,</strong></span> <span class='ocrx_word' id='word_1_428' title='bbox 3627 1663 3729 1718; x_wconf 90' lang='lat' dir='ltr'><strong>nisi</strong></span> <span class='ocrx_word' id='word_1_429' title='bbox 3755 1663 3909 1719; x_wconf 85' lang='lat' dir='ltr'><strong>inno-</strong></span> 
     </span>
    </p>
   </div>
   <div class='ocr_carea' id='block_1_59' title="bbox 2319 1750 3908 1822">
    <p class='ocr_par' dir='ltr' id='par_1_59' title="bbox 2319 1750 3908 1822">
     <span class='ocr_line' id='line_1_59' title="bbox 2319 1750 3908 1822; baseline 0 -14"><span class='ocrx_word' id='word_1_430' title='bbox 2319 1764 2503 1808; x_wconf 77' lang='lat' dir='ltr'><strong>centes</strong></span> <span class='ocrx_word' id='word_1_431' title='bbox 2546 1767 2807 1820; x_wconf 87' lang='lat' dir='ltr'><strong>quosque,</strong></span> <span class='ocrx_word' id='word_1_432' title='bbox 2841 1750 2932 1804; x_wconf 69' lang='lat' dir='ltr'><strong>sed</strong></span> <span class='ocrx_word' id='word_1_433' title='bbox 2981 1761 3159 1806; x_wconf 91' lang='lat' dir='ltr'><strong>tamen</strong></span> <span class='ocrx_word' id='word_1_434' title='bbox 3191 1752 3364 1806; x_wconf 90' lang='lat' dir='ltr'><strong>adhuc</strong></span> <span class='ocrx_word' id='word_1_435' title='bbox 3415 1751 3673 1817; x_wconf 91' lang='lat' dir='ltr'><strong>inﬁrmos,</strong></span> <span class='ocrx_word' id='word_1_436' title='bbox 3706 1756 3908 1822; x_wconf 67' lang='lat' dir='ltr'><strong>accipi«</strong></span> 
     </span>
    </p>
   </div>
   <div class='ocr_carea' id='block_1_60' title="bbox 2319 1839 3902 1913">
    <p class='ocr_par' dir='ltr' id='par_1_60' title="bbox 2319 1839 3902 1913">
     <span class='ocr_line' id='line_1_60' title="bbox 2319 1839 3902 1913; baseline 0.002 -16"><span class='ocrx_word' id='word_1_437' title='bbox 2319 1845 2471 1898; x_wconf 78' lang='lat' dir='ltr'><strong>mus?</strong></span> <span class='ocrx_word' id='word_1_438' title='bbox 2501 1844 2592 1912; x_wconf 89' lang='lat' dir='ltr'><strong>qui</strong></span> <span class='ocrx_word' id='word_1_439' title='bbox 2618 1843 2741 1896; x_wconf 89' lang='lat' dir='ltr'><strong>dum</strong></span> <span class='ocrx_word' id='word_1_440' title='bbox 2771 1841 3150 1896; x_wconf 86' lang='lat' dir='ltr'><strong>adversitatem</strong></span> <span class='ocrx_word' id='word_1_441' title='bbox 3184 1839 3574 1898; x_wconf 58' lang='lat' dir='ltr'><strong>Pharisaeorum</strong></span> <span class='ocrx_word' id='word_1_442' title='bbox 3608 1859 3674 1898; x_wconf 89' lang='lat' dir='ltr'><strong>ac</strong></span> <span class='ocrx_word' id='word_1_443' title='bbox 3702 1847 3902 1913; x_wconf 65' lang='lat' dir='ltr'><strong>princi«</strong></span> 
     </span>
    </p>
   </div>
   <div class='ocr_carea' id='block_1_61' title="bbox 2245 1932 3908 2006">
    <p class='ocr_par' dir='ltr' id='par_1_61' title="bbox 2245 1932 3908 2006">
     <span class='ocr_line' id='line_1_61' title="bbox 2245 1932 3908 2006; baseline 0.002 -18"><span class='ocrx_word' id='word_1_444' title='bbox 2245 1946 2293 2004; x_wconf 71' lang='grc' dir='ltr'><strong>Β</strong></span> <span class='ocrx_word' id='word_1_445' title='bbox 2320 1951 2451 2006; x_wconf 86' lang='lat' dir='ltr'><strong>pum</strong></span> <span class='ocrx_word' id='word_1_446' title='bbox 2481 1934 2714 1989; x_wconf 84' lang='lat' dir='ltr'><strong>tolerare</strong></span> <span class='ocrx_word' id='word_1_447' title='bbox 2741 1934 3060 1998; x_wconf 88' lang='lat' dir='ltr'><strong>timuerunt,</strong></span> <span class='ocrx_word' id='word_1_448' title='bbox 3112 1932 3442 1988; x_wconf 80' lang='lat' dir='ltr'><strong>inﬁdelitatis</strong></span> <span class='ocrx_word' id='word_1_449' title='bbox 3467 1939 3908 1992; x_wconf 82' lang='lat' dir='ltr'><strong>concrematione</strong></span> 
     </span>
    </p>
   </div>
   <div class='ocr_carea' id='block_1_62' title="bbox 2321 2022 3910 2095">
    <p class='ocr_par' dir='ltr' id='par_1_62' title="bbox 2321 2022 3910 2095">
     <span class='ocr_line' id='line_1_62' title="bbox 2321 2022 3910 2095; baseline -0.001 -13"><span class='ocrx_word' id='word_1_450' title='bbox 2321 2025 2624 2094; x_wconf 87' lang='lat' dir='ltr'><strong>consumpti</strong></span> <span class='ocrx_word' id='word_1_451' title='bbox 2673 2032 2814 2078; x_wconf 88' lang='lat' dir='ltr'><strong>sunt.</strong></span> <span class='ocrx_word' id='word_1_452' title='bbox 2851 2024 3068 2078; x_wconf 89' lang='lat' dir='ltr'><strong>Dicatur</strong></span> <span class='ocrx_word' id='word_1_453' title='bbox 3093 2039 3224 2095; x_wconf 86' lang='lat' dir='ltr'><strong>ergo</strong></span> <span class='ocrx_word' id='word_1_454' title='bbox 3258 2042 3269 2076; x_wconf 95' lang='lat'><strong>:</strong></span> <span class='ocrx_word' id='word_1_455' title='bbox 3304 2022 3452 2095; x_wconf 82' lang='lat' dir='ltr'><strong>Ignis</strong></span> <span class='ocrx_word' id='word_1_456' title='bbox 3495 2023 3596 2078; x_wconf 87' lang='lat' dir='ltr'><strong>Dei</strong></span> <span class='ocrx_word' id='word_1_457' title='bbox 3625 2028 3816 2080; x_wconf 79' lang='lat' dir='ltr'><strong>cecidit</strong></span> <span class='ocrx_word' id='word_1_458' title='bbox 3847 2029 3910 2081; x_wconf 83' lang='lat' dir='ltr'><strong>de</strong></span> 
     </span>
    </p>
   </div>
   <div class='ocr_carea' id='block_1_63' title="bbox 2321 2118 3906 2189">
    <p class='ocr_par' dir='ltr' id='par_1_63' title="bbox 2321 2118 3906 2189">
     <span class='ocr_line' id='line_1_63' title="bbox 2321 2118 3906 2189; baseline 0.002 -18"><span class='ocrx_word' id='word_1_459' title='bbox 2321 2118 2444 2173; x_wconf 73' lang='lat' dir='ltr'><strong>caelo</strong></span> <span class='ocrx_word' id='word_1_460' title='bbox 2465 2159 2478 2184; x_wconf 94' lang='lat'><strong>,</strong></span> <span class='ocrx_word' id='word_1_461' title='bbox 2509 2126 2558 2171; x_wconf 86' lang='lat' dir='ltr'><strong>et</strong></span> <span class='ocrx_word' id='word_1_462' title='bbox 2587 2125 2752 2171; x_wconf 86' lang='lat' dir='ltr'><strong>tactas</strong></span> <span class='ocrx_word' id='word_1_463' title='bbox 2779 2133 2914 2182; x_wconf 83' lang='lat' dir='ltr'><strong>oves,</strong></span> <span class='ocrx_word' id='word_1_464' title='bbox 2945 2133 3227 2189; x_wconf 82' lang='lat' dir='ltr'><strong>puerosque</strong></span> <span class='ocrx_word' id='word_1_465' title='bbox 3254 2120 3610 2187; x_wconf 78' lang='lat' dir='ltr'><strong>consumpsit,</strong></span> <span class='ocrx_word' id='word_1_466' title='bbox 3642 2119 3698 2173; x_wconf 87' lang='lat' dir='ltr'><strong>id</strong></span> <span class='ocrx_word' id='word_1_467' title='bbox 3726 2129 3842 2183; x_wconf 86' lang='lat' dir='ltr'><strong>est,</strong></span> <span class='ocrx_word' id='word_1_468' title='bbox 3878 2137 3906 2174; x_wconf 79' lang='grc' dir='ltr'>ει</span> 
     </span>
    </p>
   </div>
   <div class='ocr_carea' id='block_1_64' title="bbox 2321 2207 3910 2279">
    <p class='ocr_par' dir='ltr' id='par_1_64' title="bbox 2321 2207 3910 2279">
     <span class='ocr_line' id='line_1_64' title="bbox 2321 2207 3910 2279; baseline 0.004 -17"><span class='ocrx_word' id='word_1_469' title='bbox 2321 2209 2729 2279; x_wconf 78' lang='lat' dir='ltr'><strong>praepositorum</strong></span> <span class='ocrx_word' id='word_1_470' title='bbox 2775 2209 3024 2263; x_wconf 82' lang='lat' dir='ltr'><strong>cordibus</strong></span> <span class='ocrx_word' id='word_1_471' title='bbox 3068 2207 3282 2263; x_wconf 86' lang='lat' dir='ltr'><strong>ﬂamma</strong></span> <span class='ocrx_word' id='word_1_472' title='bbox 3329 2210 3539 2264; x_wconf 71' lang='lat' dir='ltr'><strong>invidia:</strong></span> <span class='ocrx_word' id='word_1_473' title='bbox 3569 2213 3805 2278; x_wconf 84' lang='lat' dir='ltr'><strong>corruit,</strong></span> <span class='ocrx_word' id='word_1_474' title='bbox 3858 2223 3910 2268; x_wconf 82' lang='lat' dir='ltr'><strong>et</strong></span> 
     </span>
    </p>
   </div>
   <div class='ocr_carea' id='block_1_65' title="bbox 2320 2299 3908 2374">
    <p class='ocr_par' dir='ltr' id='par_1_65' title="bbox 2320 2299 3908 2374">
     <span class='ocr_line' id='line_1_65' title="bbox 2320 2299 3908 2374; baseline 0.003 -20"><span class='ocrx_word' id='word_1_475' title='bbox 2320 2300 2576 2370; x_wconf 88' lang='lat' dir='ltr'><strong>quidquid</strong></span> <span class='ocrx_word' id='word_1_476' title='bbox 2607 2300 2734 2354; x_wconf 87' lang='lat' dir='ltr'><strong>boni</strong></span> <span class='ocrx_word' id='word_1_477' title='bbox 2777 2299 2829 2353; x_wconf 92' lang='lat' dir='ltr'><strong>in</strong></span> <span class='ocrx_word' id='word_1_478' title='bbox 2863 2299 3106 2369; x_wconf 87' lang='lat' dir='ltr'><strong>plebibus</strong></span> <span class='ocrx_word' id='word_1_479' title='bbox 3145 2300 3439 2367; x_wconf 88' lang='lat' dir='ltr'><strong>oriebatur,</strong></span> <span class='ocrx_word' id='word_1_480' title='bbox 3471 2302 3743 2370; x_wconf 88' lang='lat' dir='ltr'><strong>incendit;</strong></span> <span class='ocrx_word' id='word_1_481' title='bbox 3783 2307 3908 2374; x_wconf 85' lang='lat' dir='ltr'><strong>quia</strong></span> 
     </span>
    </p>
   </div>
   <div class='ocr_carea' id='block_1_66' title="bbox 2321 2392 3910 2462">
    <p class='ocr_par' dir='ltr' id='par_1_66' title="bbox 2321 2392 3910 2462">
     <span class='ocr_line' id='line_1_66' title="bbox 2321 2392 3910 2462; baseline 0.004 -17"><span class='ocrx_word' id='word_1_482' title='bbox 2321 2394 2445 2446; x_wconf 89' lang='lat' dir='ltr'><strong>dum</strong></span> <span class='ocrx_word' id='word_1_483' title='bbox 2475 2392 2598 2446; x_wconf 89' lang='lat' dir='ltr'><strong>mali</strong></span> <span class='ocrx_word' id='word_1_484' title='bbox 2625 2393 2897 2462; x_wconf 66' lang='lat' dir='ltr'><strong>prmpo-iti</strong></span> <span class='ocrx_word' id='word_1_485' title='bbox 2927 2408 3082 2447; x_wconf 89' lang='lat' dir='ltr'><strong>suum</strong></span> <span class='ocrx_word' id='word_1_486' title='bbox 3113 2402 3295 2448; x_wconf 91' lang='lat' dir='ltr'><strong>contra</strong></span> <span class='ocrx_word' id='word_1_487' title='bbox 3331 2394 3615 2450; x_wconf 85' lang='lat' dir='ltr'><strong>veritatem</strong></span> <span class='ocrx_word' id='word_1_488' title='bbox 3644 2397 3910 2452; x_wconf 82' lang='lat' dir='ltr'><strong>honorem</strong></span> 
     </span>
    </p>
   </div>
   <div class='ocr_carea' id='block_1_67' title="bbox 2321 2483 3907 2555">
    <p class='ocr_par' dir='ltr' id='par_1_67' title="bbox 2321 2483 3907 2555">
     <span class='ocr_line' id='line_1_67' title="bbox 2321 2483 3907 2555; baseline 0.001 -16"><span class='ocrx_word' id='word_1_489' title='bbox 2321 2486 2559 2554; x_wconf 75' lang='lat' dir='ltr'><strong>exigunt,</strong></span> <span class='ocrx_word' id='word_1_490' title='bbox 2615 2484 2682 2538; x_wconf 89' lang='lat' dir='ltr'><strong>ab</strong></span> <span class='ocrx_word' id='word_1_491' title='bbox 2737 2483 2882 2538; x_wconf 90' lang='lat' dir='ltr'><strong>omni</strong></span> <span class='ocrx_word' id='word_1_492' title='bbox 2939 2483 3258 2540; x_wconf 84' lang='lat' dir='ltr'><strong>rectitudine</strong></span> <span class='ocrx_word' id='word_1_493' title='bbox 3302 2485 3464 2540; x_wconf 90' lang='lat' dir='ltr'><strong>corda</strong></span> <span class='ocrx_word' id='word_1_494' title='bbox 3517 2489 3907 2555; x_wconf 73' lang='lat' dir='ltr'><strong>sequentiume</strong></span> 
     </span>
    </p>
   </div>
   <div class='ocr_carea' id='block_1_68' title="bbox 2325 2574 3912 2649">
    <p class='ocr_par' dir='ltr' id='par_1_68' title="bbox 2325 2574 3912 2649">
     <span class='ocr_line' id='line_1_68' title="bbox 2325 2574 3912 2649; baseline 0.003 -20"><span class='ocrx_word' id='word_1_495' title='bbox 2325 2576 2664 2630; x_wconf 88' lang='lat' dir='ltr'><strong>subvertunt.</strong></span> <span class='ocrx_word' id='word_1_496' title='bbox 2713 2574 2811 2630; x_wconf 89' lang='lat' dir='ltr'><strong>Ubi</strong></span> <span class='ocrx_word' id='word_1_497' title='bbox 2852 2585 2907 2632; x_wconf 92' lang='lat' dir='ltr'><strong>et</strong></span> <span class='ocrx_word' id='word_1_498' title='bbox 2947 2577 3084 2631; x_wconf 90' lang='lat' dir='ltr'><strong>bene</strong></span> <span class='ocrx_word' id='word_1_499' title='bbox 3123 2576 3428 2644; x_wconf 65' lang='lat' dir='ltr'><strong>adiungitur</strong></span> <span class='ocrx_word' id='word_1_500' title='bbox 3464 2594 3476 2629; x_wconf 90' lang='lat'>:</span> <span class='ocrx_word' id='word_1_501' title='bbox 3521 2576 3591 2630; x_wconf 86' lang='lat' dir='ltr'><strong>Et</strong></span> <span class='ocrx_word' id='word_1_502' title='bbox 3618 2578 3780 2649; x_wconf 74' lang='lat' dir='ltr'><strong>eﬂ&#39;ugi</strong></span> <span class='ocrx_word' id='word_1_503' title='bbox 3820 2597 3912 2649; x_wconf 77' lang='lat' dir='ltr'><strong>ego</strong></span> 
     </span>
    </p>
   </div>
   <div class='ocr_carea' id='block_1_69' title="bbox 2320 2667 3910 2739">
    <p class='ocr_par' dir='ltr' id='par_1_69' title="bbox 2320 2667 3910 2739">
     <span class='ocr_line' id='line_1_69' title="bbox 2320 2667 3910 2739; baseline 0.001 -17"><span class='ocrx_word' id='word_1_504' title='bbox 2320 2668 2482 2732; x_wconf 86' lang='lat' dir='ltr'><strong>solus,</strong></span> <span class='ocrx_word' id='word_1_505' title='bbox 2503 2674 2560 2720; x_wconf 90' lang='lat' dir='ltr'><strong>ut</strong></span> <span class='ocrx_word' id='word_1_506' title='bbox 2591 2667 2882 2721; x_wconf 84' lang='lat' dir='ltr'><strong>nuntiarem</strong></span> <span class='ocrx_word' id='word_1_507' title='bbox 2911 2667 3034 2728; x_wconf 87' lang='lat' dir='ltr'><strong>tibi;</strong></span> <span class='ocrx_word' id='word_1_508' title='bbox 3065 2669 3191 2737; x_wconf 86' lang='lat' dir='ltr'><strong>quia</strong></span> <span class='ocrx_word' id='word_1_509' title='bbox 3219 2668 3343 2722; x_wconf 90' lang='lat' dir='ltr'><strong>dum</strong></span> <span class='ocrx_word' id='word_1_510' title='bbox 3375 2669 3628 2739; x_wconf 69' lang='lat' dir='ltr'><strong>impletur</strong></span> <span class='ocrx_word' id='word_1_511' title='bbox 3657 2671 3910 2739; x_wconf 59' lang='lat' dir='ltr'><strong>pandit-ta</strong></span> 
     </span>
    </p>
   </div>
   <div class='ocr_carea' id='block_1_70' title="bbox 2323 2758 3903 2829">
    <p class='ocr_par' dir='ltr' id='par_1_70' title="bbox 2323 2758 3903 2829">
     <span class='ocr_line' id='line_1_70' title="bbox 2323 2758 3903 2829; baseline -0.001 -16"><span class='ocrx_word' id='word_1_512' title='bbox 2323 2774 2485 2813; x_wconf 88' lang='lat' dir='ltr'><strong>causa</strong></span> <span class='ocrx_word' id='word_1_513' title='bbox 2515 2759 2756 2822; x_wconf 64' lang='lat' dir='ltr'><strong>malitiae,</strong></span> <span class='ocrx_word' id='word_1_514' title='bbox 2792 2758 3016 2812; x_wconf 65' lang='lat' dir='ltr'><strong>lallaciae</strong></span> <span class='ocrx_word' id='word_1_515' title='bbox 3043 2759 3318 2813; x_wconf 88' lang='lat' dir='ltr'><strong>interitum</strong></span> <span class='ocrx_word' id='word_1_516' title='bbox 3357 2759 3535 2813; x_wconf 90' lang='lat' dir='ltr'><strong>evadit</strong></span> <span class='ocrx_word' id='word_1_517' title='bbox 3565 2774 3744 2814; x_wconf 87' lang='lat' dir='ltr'><strong>sermo</strong></span> <span class='ocrx_word' id='word_1_518' title='bbox 3783 2777 3903 2829; x_wconf 86' lang='lat' dir='ltr'><strong>pro-</strong></span> 
     </span>
    </p>
   </div>
   <div class='ocr_carea' id='block_1_71' title="bbox 2324 2849 3910 2923">
    <p class='ocr_par' dir='ltr' id='par_1_71' title="bbox 2324 2849 3910 2923">
     <span class='ocr_line' id='line_1_71' title="bbox 2324 2849 3910 2923; baseline -0.003 -17"><span class='ocrx_word' id='word_1_519' title='bbox 2324 2851 2537 2923; x_wconf 71' lang='lat' dir='ltr'><strong>pltelite,</strong></span> <span class='ocrx_word' id='word_1_520' title='bbox 2575 2851 2665 2921; x_wconf 92' lang='lat' dir='ltr'><strong>qui</strong></span> <span class='ocrx_word' id='word_1_521' title='bbox 2697 2852 2772 2904; x_wconf 88' lang='lat' dir='ltr'><strong>ait</strong></span> <span class='ocrx_word' id='word_1_522' title='bbox 2805 2869 2817 2904; x_wconf 88' lang='lat'><strong>:</strong></span> <span class='ocrx_word' id='word_1_523' title='bbox 2847 2849 2916 2902; x_wconf 80' lang='lat' dir='ltr'><strong>Et</strong></span> <span class='ocrx_word' id='word_1_524' title='bbox 2946 2867 3082 2905; x_wconf 86' lang='lat' dir='ltr'><strong>nunc</strong></span> <span class='ocrx_word' id='word_1_525' title='bbox 3119 2851 3255 2922; x_wconf 86' lang='lat' dir='ltr'><strong>ignis</strong></span> <span class='ocrx_word' id='word_1_526' title='bbox 3295 2851 3622 2906; x_wconf 86' lang='lat' dir='ltr'><strong>adversarios</strong></span> <span class='ocrx_word' id='word_1_527' title='bbox 3661 2853 3910 2905; x_wconf 81' lang='lat' dir='ltr'><strong>consumit</strong></span> 
     </span>
    </p>
   </div>
   <div class='ocr_carea' id='block_1_72' title="bbox 2326 2939 3911 3012">
    <p class='ocr_par' dir='ltr' id='par_1_72' title="bbox 2326 2939 3911 3012">
     <span class='ocr_line' id='line_1_72' title="bbox 2326 2939 3911 3012; baseline -0.001 -18"><span class='ocrx_word' id='word_1_528' title='bbox 2326 2941 2479 3012; x_wconf 84' lang='lat' dir='ltr'><strong>(Isui.</strong></span> <span class='ocrx_word' id='word_1_529' title='bbox 2509 2956 2654 3004; x_wconf 72' lang='lat' dir='ltr'><strong>xxvn,</strong></span> <span class='ocrx_word' id='word_1_530' title='bbox 2690 2939 2801 3010; x_wconf 85' lang='lat' dir='ltr'><strong>il).</strong></span> <span class='ocrx_word' id='word_1_531' title='bbox 2832 2939 2909 2994; x_wconf 86' lang='lat' dir='ltr'><strong>Ac</strong></span> <span class='ocrx_word' id='word_1_532' title='bbox 2938 2942 2983 2994; x_wconf 84' lang='lat' dir='ltr'><strong>si</strong></span> <span class='ocrx_word' id='word_1_533' title='bbox 3003 2950 3188 3011; x_wconf 86' lang='lat' dir='ltr'><strong>aperte</strong></span> <span class='ocrx_word' id='word_1_534' title='bbox 3213 2941 3353 2994; x_wconf 86' lang='lat' dir='ltr'><strong>dicat</strong></span> <span class='ocrx_word' id='word_1_535' title='bbox 3379 2957 3392 2993; x_wconf 90' lang='lat'>:</span> <span class='ocrx_word' id='word_1_536' title='bbox 3417 2939 3582 2995; x_wconf 81' lang='lat' dir='ltr'><strong>Malos</strong></span> <span class='ocrx_word' id='word_1_537' title='bbox 3609 2957 3719 2995; x_wconf 91' lang='lat' dir='ltr'><strong>non</strong></span> <span class='ocrx_word' id='word_1_538' title='bbox 3739 2941 3911 2995; x_wconf 87' lang='lat' dir='ltr'><strong>solum</strong></span> 
     </span>
    </p>
   </div>
   <div class='ocr_carea' id='block_1_73' title="bbox 2324 3037 3910 3108">
    <p class='ocr_par' dir='ltr' id='par_1_73' title="bbox 2324 3037 3910 3108">
     <span class='ocr_line' id='line_1_73' title="bbox 2324 3037 3910 3108; baseline -0.001 -16"><span class='ocrx_word' id='word_1_539' title='bbox 2324 3038 2461 3107; x_wconf 81' lang='lat' dir='ltr'><strong>ignis</strong></span> <span class='ocrx_word' id='word_1_540' title='bbox 2490 3053 2584 3107; x_wconf 89' lang='lat' dir='ltr'><strong>per</strong></span> <span class='ocrx_word' id='word_1_541' title='bbox 2613 3037 2904 3093; x_wconf 89' lang='lat' dir='ltr'><strong>vindictam</strong></span> <span class='ocrx_word' id='word_1_542' title='bbox 2933 3048 3051 3108; x_wconf 80' lang='lat' dir='ltr'><strong>post</strong></span> <span class='ocrx_word' id='word_1_543' title='bbox 3079 3038 3304 3105; x_wconf 76' lang='lat' dir='ltr'><strong>cruciat,</strong></span> <span class='ocrx_word' id='word_1_544' title='bbox 3333 3037 3428 3091; x_wconf 91' lang='lat' dir='ltr'><strong>sed</strong></span> <span class='ocrx_word' id='word_1_545' title='bbox 3454 3051 3599 3091; x_wconf 91' lang='lat' dir='ltr'><strong>nunc</strong></span> <span class='ocrx_word' id='word_1_546' title='bbox 3625 3037 3792 3090; x_wconf 86' lang='lat' dir='ltr'><strong>etiam</strong></span> <span class='ocrx_word' id='word_1_547' title='bbox 3823 3052 3910 3106; x_wconf 80' lang='lat' dir='ltr'><strong>per</strong></span> 
     </span>
    </p>
   </div>
   <div class='ocr_carea' id='block_1_74' title="bbox 2323 3129 3910 3203">
    <p class='ocr_par' dir='ltr' id='par_1_74' title="bbox 2323 3129 3910 3203">
     <span class='ocr_line' id='line_1_74' title="bbox 2323 3129 3910 3203; baseline -0.001 -17"><span class='ocrx_word' id='word_1_548' title='bbox 2323 3133 2548 3188; x_wconf 78' lang='lat' dir='ltr'><strong>livorem</strong></span> <span class='ocrx_word' id='word_1_549' title='bbox 2577 3143 2798 3198; x_wconf 78' lang='lat' dir='ltr'><strong>cremat,</strong></span> <span class='ocrx_word' id='word_1_550' title='bbox 2824 3135 2948 3202; x_wconf 90' lang='lat' dir='ltr'><strong>quia</strong></span> <span class='ocrx_word' id='word_1_551' title='bbox 2977 3133 3067 3201; x_wconf 88' lang='lat' dir='ltr'><strong>qui</strong></span> <span class='ocrx_word' id='word_1_552' title='bbox 3099 3143 3218 3203; x_wconf 89' lang='lat' dir='ltr'><strong>post</strong></span> <span class='ocrx_word' id='word_1_553' title='bbox 3251 3129 3502 3201; x_wconf 82' lang='lat' dir='ltr'><strong>puniendi</strong></span> <span class='ocrx_word' id='word_1_554' title='bbox 3526 3139 3649 3184; x_wconf 91' lang='lat' dir='ltr'><strong>sunt</strong></span> <span class='ocrx_word' id='word_1_555' title='bbox 3678 3130 3910 3184; x_wconf 71' lang='lat' dir='ltr'><strong>retribu~</strong></span> 
     </span>
    </p>
   </div>
   <div class='ocr_carea' id='block_1_75' title="bbox 2327 3220 3916 3296">
    <p class='ocr_par' dir='ltr' id='par_1_75' title="bbox 2327 3220 3916 3296">
     <span class='ocr_line' id='line_1_75' title="bbox 2327 3220 3916 3296; baseline -0.003 -16"><span class='ocrx_word' id='word_1_556' title='bbox 2327 3227 2488 3282; x_wconf 88' lang='lat' dir='ltr'><strong>tionis</strong></span> <span class='ocrx_word' id='word_1_557' title='bbox 2532 3225 2816 3296; x_wconf 87' lang='lat' dir='ltr'><strong>supplicio,</strong></span> <span class='ocrx_word' id='word_1_558' title='bbox 2864 3240 3004 3278; x_wconf 88' lang='lat' dir='ltr'><strong>nunc</strong></span> <span class='ocrx_word' id='word_1_559' title='bbox 3047 3224 3364 3292; x_wconf 83' lang='lat' dir='ltr'><strong>semetipsos</strong></span> <span class='ocrx_word' id='word_1_560' title='bbox 3411 3220 3653 3274; x_wconf 87' lang='lat' dir='ltr'><strong>alliciunt</strong></span> <span class='ocrx_word' id='word_1_561' title='bbox 3703 3220 3916 3275; x_wconf 70' lang='lat' dir='ltr'><strong>invidias</strong></span> 
     </span>
    </p>
   </div>
   <div class='ocr_carea' id='block_1_76' title="bbox 2247 3315 3916 3390">
    <p class='ocr_par' dir='ltr' id='par_1_76' title="bbox 2247 3315 3916 3390">
     <span class='ocr_line' id='line_1_76' title="bbox 2247 3315 3916 3390; baseline -0.006 -13"><span class='ocrx_word' id='word_1_562' title='bbox 2247 3328 2296 3390; x_wconf 84' lang='lat' dir='ltr'>C</span> <span class='ocrx_word' id='word_1_563' title='bbox 2330 3329 2617 3377; x_wconf 88' lang='lat' dir='ltr'><strong>tormento.</strong></span> <span class='ocrx_word' id='word_1_564' title='bbox 2661 3318 2803 3374; x_wconf 88' lang='lat' dir='ltr'><strong>Puer</strong></span> <span class='ocrx_word' id='word_1_565' title='bbox 2827 3333 2957 3388; x_wconf 91' lang='lat' dir='ltr'><strong>ergo</strong></span> <span class='ocrx_word' id='word_1_566' title='bbox 3000 3318 3145 3373; x_wconf 90' lang='lat' dir='ltr'><strong>solus</strong></span> <span class='ocrx_word' id='word_1_567' title='bbox 3181 3316 3388 3385; x_wconf 84' lang='lat' dir='ltr'><strong>fugiens</strong></span> <span class='ocrx_word' id='word_1_568' title='bbox 3430 3322 3668 3380; x_wconf 86' lang='lat' dir='ltr'><strong>remeat,</strong></span> <span class='ocrx_word' id='word_1_569' title='bbox 3700 3323 3754 3367; x_wconf 90' lang='lat' dir='ltr'><strong>et</strong></span> <span class='ocrx_word' id='word_1_570' title='bbox 3795 3315 3916 3384; x_wconf 78' lang='lat' dir='ltr'><strong>igne</strong></span> 
     </span>
    </p>
   </div>
   <div class='ocr_carea' id='block_1_77' title="bbox 2327 3403 3914 3484">
    <p class='ocr_par' dir='ltr' id='par_1_77' title="bbox 2327 3403 3914 3484">
     <span class='ocr_line' id='line_1_77' title="bbox 2327 3403 3914 3484; baseline -0.004 -17"><span class='ocrx_word' id='word_1_571' title='bbox 2327 3413 2554 3484; x_wconf 88' lang='lat' dir='ltr'><strong>periisse</strong></span> <span class='ocrx_word' id='word_1_572' title='bbox 2605 3426 2735 3467; x_wconf 85' lang='lat' dir='ltr'><strong>oves</strong></span> <span class='ocrx_word' id='word_1_573' title='bbox 2765 3424 3069 3481; x_wconf 85' lang='lat' dir='ltr'><strong>puerosque</strong></span> <span class='ocrx_word' id='word_1_574' title='bbox 3114 3407 3418 3470; x_wconf 86' lang='lat' dir='ltr'><strong>denuntiat,</strong></span> <span class='ocrx_word' id='word_1_575' title='bbox 3462 3403 3590 3458; x_wconf 89' lang='lat' dir='ltr'><strong>dum</strong></span> <span class='ocrx_word' id='word_1_576' title='bbox 3629 3407 3914 3476; x_wconf 82' lang='lat' dir='ltr'><strong>prophetia</strong></span> 
     </span>
    </p>
   </div>
   <div class='ocr_carea' id='block_1_78' title="bbox 2326 3495 3915 3574">
    <p class='ocr_par' dir='ltr' id='par_1_78' title="bbox 2326 3495 3915 3574">
     <span class='ocr_line' id='line_1_78' title="bbox 2326 3495 3915 3574; baseline -0.003 -16"><span class='ocrx_word' id='word_1_577' title='bbox 2326 3503 2606 3558; x_wconf 82' lang='lat' dir='ltr'><strong>Judaicum</strong></span> <span class='ocrx_word' id='word_1_578' title='bbox 2638 3503 2895 3574; x_wconf 91' lang='lat' dir='ltr'><strong>populum</strong></span> <span class='ocrx_word' id='word_1_579' title='bbox 2937 3501 3212 3567; x_wconf 87' lang='lat' dir='ltr'><strong>deserens,</strong></span> <span class='ocrx_word' id='word_1_580' title='bbox 3243 3513 3371 3553; x_wconf 80' lang='lat' dir='ltr'><strong>vera</strong></span> <span class='ocrx_word' id='word_1_581' title='bbox 3408 3511 3468 3551; x_wconf 90' lang='lat' dir='ltr'><strong>se</strong></span> <span class='ocrx_word' id='word_1_582' title='bbox 3512 3495 3713 3552; x_wconf 74' lang='lat' dir='ltr'><strong>dixisse</strong></span> <span class='ocrx_word' id='word_1_583' title='bbox 3742 3499 3915 3553; x_wconf 70' lang='lat' dir='ltr'><strong>mani~</strong></span> 
     </span>
    </p>
   </div>
   <div class='ocr_carea' id='block_1_79' title="bbox 2326 3591 3914 3665">
    <p class='ocr_par' dir='ltr' id='par_1_79' title="bbox 2326 3591 3914 3665">
     <span class='ocr_line' id='line_1_79' title="bbox 2326 3591 3914 3665; baseline -0.004 -18"><span class='ocrx_word' id='word_1_584' title='bbox 2326 3594 2515 3664; x_wconf 82' lang='lat' dir='ltr'><strong>festat,</strong></span> <span class='ocrx_word' id='word_1_585' title='bbox 2541 3610 2662 3664; x_wconf 68' lang='lat' dir='ltr'><strong>qua:</strong></span> <span class='ocrx_word' id='word_1_586' title='bbox 2702 3595 2778 3648; x_wconf 89' lang='lat' dir='ltr'><strong>ait</strong></span> <span class='ocrx_word' id='word_1_587' title='bbox 2811 3612 2823 3647; x_wconf 91' lang='lat'>:</span> <span class='ocrx_word' id='word_1_588' title='bbox 2865 3594 2881 3631; x_wconf 75' lang='grc' dir='ltr'>ί</span> <span class='ocrx_word' id='word_1_589' title='bbox 2917 3593 3072 3648; x_wconf 83' lang='lat' dir='ltr'><strong>Zelus</strong></span> <span class='ocrx_word' id='word_1_590' title='bbox 3101 3594 3440 3664; x_wconf 77' lang='lat' dir='ltr'><strong>apprehendit</strong></span> <span class='ocrx_word' id='word_1_591' title='bbox 3465 3593 3708 3665; x_wconf 84' lang='lat' dir='ltr'><strong>populum</strong></span> <span class='ocrx_word' id='word_1_592' title='bbox 3741 3591 3914 3643; x_wconf 78' lang='lat' dir='ltr'><strong>ineru-</strong></span> 
     </span>
    </p>
   </div>
   <div class='ocr_carea' id='block_1_80' title="bbox 2328 3686 3912 3761">
    <p class='ocr_par' dir='ltr' id='par_1_80' title="bbox 2328 3686 3912 3761">
     <span class='ocr_line' id='line_1_80' title="bbox 2328 3686 3912 3761; baseline -0.004 -19"><span class='ocrx_word' id='word_1_593' title='bbox 2328 3689 2512 3743; x_wconf 85' lang='lat' dir='ltr'><strong>ditum.</strong></span> <span class='ocrx_word' id='word_1_594' title='bbox 2545 3688 2620 3744; x_wconf 81' lang='lat' dir='ltr'><strong>Ae</strong></span> <span class='ocrx_word' id='word_1_595' title='bbox 2648 3690 2692 3746; x_wconf 89' lang='lat' dir='ltr'><strong>si</strong></span> <span class='ocrx_word' id='word_1_596' title='bbox 2719 3697 2905 3761; x_wconf 88' lang='lat' dir='ltr'><strong>aperte</strong></span> <span class='ocrx_word' id='word_1_597' title='bbox 2935 3689 3078 3744; x_wconf 88' lang='lat' dir='ltr'><strong>dicat</strong></span> <span class='ocrx_word' id='word_1_598' title='bbox 3111 3705 3124 3740; x_wconf 90' lang='lat'><strong>:</strong></span> <span class='ocrx_word' id='word_1_599' title='bbox 3176 3688 3310 3742; x_wconf 89' lang='lat' dir='ltr'><strong>Dum</strong></span> <span class='ocrx_word' id='word_1_600' title='bbox 3337 3690 3499 3742; x_wconf 87' lang='lat' dir='ltr'><strong>verba</strong></span> <span class='ocrx_word' id='word_1_601' title='bbox 3528 3686 3912 3758; x_wconf 86' lang='lat' dir='ltr'><strong>prophetarum</strong></span> 
     </span>
    </p>
   </div>
   <div class='ocr_carea' id='block_1_81' title="bbox 2327 3776 3922 3850">
    <p class='ocr_par' dir='ltr' id='par_1_81' title="bbox 2327 3776 3922 3850">
     <span class='ocr_line' id='line_1_81' title="bbox 2327 3776 3922 3850; baseline -0.001 -16"><span class='ocrx_word' id='word_1_602' title='bbox 2327 3780 2480 3850; x_wconf 75' lang='lat' dir='ltr'><strong>plebs</strong></span> <span class='ocrx_word' id='word_1_603' title='bbox 2509 3782 2779 3836; x_wconf 86' lang='lat' dir='ltr'><strong>discutere</strong></span> <span class='ocrx_word' id='word_1_604' title='bbox 2809 3781 2999 3845; x_wconf 90' lang='lat' dir='ltr'><strong>noluit,</strong></span> <span class='ocrx_word' id='word_1_605' title='bbox 3034 3779 3128 3834; x_wconf 90' lang='lat' dir='ltr'><strong>sed</strong></span> <span class='ocrx_word' id='word_1_606' title='bbox 3160 3778 3535 3834; x_wconf 83' lang='lat' dir='ltr'><strong>credulitatem</strong></span> <span class='ocrx_word' id='word_1_607' title='bbox 3565 3793 3716 3832; x_wconf 87' lang='lat' dir='ltr'><strong>suam</strong></span> <span class='ocrx_word' id='word_1_608' title='bbox 3740 3776 3922 3832; x_wconf 78' lang='lat' dir='ltr'><strong>verbis</strong></span> 
     </span>
    </p>
   </div>
   <div class='ocr_carea' id='block_1_82' title="bbox 2327 3867 3920 3939">
    <p class='ocr_par' dir='ltr' id='par_1_82' title="bbox 2327 3867 3920 3939">
     <span class='ocr_line' id='line_1_82' title="bbox 2327 3867 3920 3939; baseline -0.002 -15"><span class='ocrx_word' id='word_1_609' title='bbox 2327 3871 2681 3925; x_wconf 89' lang='lat' dir='ltr'><strong>invidentium</strong></span> <span class='ocrx_word' id='word_1_610' title='bbox 2727 3872 2902 3936; x_wconf 85' lang='lat' dir='ltr'><strong>dedit,</strong></span> <span class='ocrx_word' id='word_1_611' title='bbox 2952 3871 3051 3924; x_wconf 87' lang='lat' dir='ltr'><strong>zeli</strong></span> <span class='ocrx_word' id='word_1_612' title='bbox 3098 3869 3219 3938; x_wconf 83' lang='lat' dir='ltr'><strong>igne</strong></span> <span class='ocrx_word' id='word_1_613' title='bbox 3249 3870 3435 3939; x_wconf 88' lang='lat' dir='ltr'><strong>periit,</strong></span> <span class='ocrx_word' id='word_1_614' title='bbox 3476 3869 3602 3938; x_wconf 89' lang='lat' dir='ltr'><strong>quia</strong></span> <span class='ocrx_word' id='word_1_615' title='bbox 3631 3868 3690 3922; x_wconf 86' lang='lat' dir='ltr'><strong>in</strong></span> <span class='ocrx_word' id='word_1_616' title='bbox 3731 3867 3920 3921; x_wconf 70' lang='lat' dir='ltr'><strong>aliena</strong></span> 
     </span>
    </p>
   </div>
   <div class='ocr_carea' id='block_1_83' title="bbox 2327 3960 3611 4030">
    <p class='ocr_par' dir='ltr' id='par_1_83' title="bbox 2327 3960 3611 4030">
     <span class='ocr_line' id='line_1_83' title="bbox 2327 3960 3611 4030; baseline -0.003 -14"><span class='ocrx_word' id='word_1_617' title='bbox 2327 3962 2538 4017; x_wconf 64' lang='lat' dir='ltr'><strong>invidiae</strong></span> <span class='ocrx_word' id='word_1_618' title='bbox 2567 3979 2626 4018; x_wconf 85' lang='lat' dir='ltr'><strong>se</strong></span> <span class='ocrx_word' id='word_1_619' title='bbox 2655 3962 2870 4016; x_wconf 83' lang='lat' dir='ltr'><strong>ﬂamma</strong></span> <span class='ocrx_word' id='word_1_620' title='bbox 2897 3961 3282 4016; x_wconf 82' lang='lat' dir='ltr'><strong>concremavit.</strong></span> <span class='ocrx_word' id='word_1_621' title='bbox 3311 3960 3565 4030; x_wconf 88' lang='lat' dir='ltr'><strong>Sequitur</strong></span> <span class='ocrx_word' id='word_1_622' title='bbox 3596 3976 3611 4013; x_wconf 86' lang='lat'><strong>:</strong></span> 
     </span>
    </p>
   </div>
   <div class='ocr_carea' id='block_1_84' title="bbox 2646 4047 3597 4123">
    <p class='ocr_par' dir='ltr' id='par_1_84' title="bbox 2646 4047 3597 4123">
     <span class='ocr_line' id='line_1_84' title="bbox 2646 4047 3597 4123; baseline -0.004 -16"><span class='ocrx_word' id='word_1_623' title='bbox 2646 4051 2869 4108; x_wconf 84' lang='lat' dir='ltr'><strong>CAPUT</strong></span> <span class='ocrx_word' id='word_1_624' title='bbox 2901 4051 3088 4105; x_wconf 82' lang='lat' dir='ltr'><strong>xxxu</strong></span> <span class='ocrx_word' id='word_1_625' title='bbox 3140 4051 3288 4123; x_wconf 71' lang='grc' dir='ltr'><strong>[γει.</strong></span> <span class='ocrx_word' id='word_1_626' title='bbox 3318 4047 3597 4120; x_wconf 78' lang='lat' dir='ltr'><strong>XXVII].</strong></span> 
     </span>
    </p>
   </div>
   <div class='ocr_carea' id='block_1_85' title="bbox 2398 4141 3916 4214">
    <p class='ocr_par' dir='ltr' id='par_1_85' title="bbox 2398 4141 3916 4214">
     <span class='ocr_line' id='line_1_85' title="bbox 2398 4141 3916 4214; baseline -0.004 -16"><span class='ocrx_word' id='word_1_627' title='bbox 2398 4143 2560 4199; x_wconf 74' lang='lat' dir='ltr'><strong>Vens.</strong></span> <span class='ocrx_word' id='word_1_628' title='bbox 2598 4143 2682 4198; x_wconf 84' lang='grc'><strong>17.</strong></span> <span class='ocrx_word' id='word_1_629' title='bbox 2717 4177 2784 4186; x_wconf 90' lang='grc'><strong><em>-</em></strong></span> <span class='ocrx_word' id='word_1_630' title='bbox 2811 4144 2915 4198; x_wconf 88' lang='lat' dir='ltr'><strong>Sed</strong></span> <span class='ocrx_word' id='word_1_631' title='bbox 2940 4156 2984 4197; x_wconf 83' lang='lat' dir='ltr'><strong>et</strong></span> <span class='ocrx_word' id='word_1_632' title='bbox 3008 4143 3102 4196; x_wconf 73' lang='lat' dir='ltr'><strong>illo</strong></span> <span class='ocrx_word' id='word_1_633' title='bbox 3125 4143 3292 4196; x_wconf 82' lang='lat' dir='ltr'><strong>adhuc</strong></span> <span class='ocrx_word' id='word_1_634' title='bbox 3323 4143 3578 4214; x_wconf 87' lang='lat' dir='ltr'><strong>loquente,</strong></span> <span class='ocrx_word' id='word_1_635' title='bbox 3604 4141 3740 4194; x_wconf 74' lang='lat' dir='ltr'><strong>venit</strong></span> <span class='ocrx_word' id='word_1_636' title='bbox 3763 4143 3916 4205; x_wconf 83' lang='lat' dir='ltr'><strong>alius,</strong></span> 
     </span>
    </p>
   </div>
   <div class='ocr_carea' id='block_1_86' title="bbox 2326 4234 3918 4308">
    <p class='ocr_par' dir='ltr' id='par_1_86' title="bbox 2326 4234 3918 4308">
     <span class='ocr_line' id='line_1_86' title="bbox 2326 4234 3918 4308; baseline -0.002 -18"><span class='ocrx_word' id='word_1_637' title='bbox 2326 4247 2373 4291; x_wconf 83' lang='lat' dir='ltr'><strong>et</strong></span> <span class='ocrx_word' id='word_1_638' title='bbox 2404 4239 2536 4291; x_wconf 71' lang='lat' dir='ltr'><strong>dixit</strong></span> <span class='ocrx_word' id='word_1_639' title='bbox 2566 4256 2581 4292; x_wconf 86' lang='lat'><em>:</em></span> <span class='ocrx_word' id='word_1_640' title='bbox 2622 4237 2853 4291; x_wconf 75' lang='lat' dir='ltr'><strong>Cltaldwi</strong></span> <span class='ocrx_word' id='word_1_641' title='bbox 2886 4240 3113 4308; x_wconf 75' lang='lat' dir='ltr'><strong>fecerunt</strong></span> <span class='ocrx_word' id='word_1_642' title='bbox 3143 4244 3246 4288; x_wconf 86' lang='lat' dir='ltr'><strong>tres</strong></span> <span class='ocrx_word' id='word_1_643' title='bbox 3289 4245 3503 4298; x_wconf 87' lang='lat' dir='ltr'><strong>turmas,</strong></span> <span class='ocrx_word' id='word_1_644' title='bbox 3544 4243 3594 4286; x_wconf 89' lang='lat' dir='ltr'><strong>et</strong></span> <span class='ocrx_word' id='word_1_645' title='bbox 3622 4234 3918 4287; x_wconf 81' lang='lat' dir='ltr'><strong>invaserunt</strong></span> 
     </span>
    </p>
   </div>
   <div class='ocr_carea' id='block_1_87' title="bbox 2327 4333 3917 4398">
    <p class='ocr_par' dir='ltr' id='par_1_87' title="bbox 2327 4333 3917 4398">
     <span class='ocr_line' id='line_1_87' title="bbox 2327 4333 3917 4398; baseline -0.003 -14"><span class='ocrx_word' id='word_1_646' title='bbox 2327 4334 2569 4398; x_wconf 86' lang='lat' dir='ltr'><strong>camelos,</strong></span> <span class='ocrx_word' id='word_1_647' title='bbox 2600 4341 2648 4384; x_wconf 86' lang='lat' dir='ltr'><strong>et</strong></span> <span class='ocrx_word' id='word_1_648' title='bbox 2675 4333 2896 4384; x_wconf 86' lang='lat' dir='ltr'><strong>tulerunt</strong></span> <span class='ocrx_word' id='word_1_649' title='bbox 2920 4347 3025 4395; x_wconf 84' lang='lat' dir='ltr'><strong>eos,</strong></span> <span class='ocrx_word' id='word_1_650' title='bbox 3059 4345 3256 4382; x_wconf 80' lang='lat' dir='ltr'><strong>necnon</strong></span> <span class='ocrx_word' id='word_1_651' title='bbox 3281 4338 3327 4379; x_wconf 91' lang='lat' dir='ltr'><strong>et</strong></span> <span class='ocrx_word' id='word_1_652' title='bbox 3346 4343 3532 4398; x_wconf 85' lang='lat' dir='ltr'><strong>pueros</strong></span> <span class='ocrx_word' id='word_1_653' title='bbox 3558 4335 3917 4394; x_wconf 76' lang='lat' dir='ltr'><strong>percusserunt</strong></span> 
     </span>
    </p>
   </div>
   <div class='ocr_carea' id='block_1_88' title="bbox 2327 4403 3623 4496">
    <p class='ocr_par' dir='ltr' id='par_1_88' title="bbox 2327 4403 3623 4496">
     <span class='ocr_line' id='line_1_88' title="bbox 2327 4403 3623 4496; baseline -0.001 -19"><span class='ocrx_word' id='word_1_654' title='bbox 2327 4403 2522 4496; x_wconf 55' lang='lat' dir='ltr'><strong>glidio,</strong></span> <span class='ocrx_word' id='word_1_655' title='bbox 2547 4433 2594 4477; x_wconf 89' lang='lat' dir='ltr'><strong>et</strong></span> <span class='ocrx_word' id='word_1_656' title='bbox 2616 4425 2770 4494; x_wconf 69' lang='lat' dir='ltr'><strong>effugi</strong></span> <span class='ocrx_word' id='word_1_657' title='bbox 2800 4441 2891 4495; x_wconf 79' lang='lat' dir='ltr'><strong>ego</strong></span> <span class='ocrx_word' id='word_1_658' title='bbox 2922 4426 3084 4487; x_wconf 84' lang='lat' dir='ltr'><strong>solus,</strong></span> <span class='ocrx_word' id='word_1_659' title='bbox 3115 4431 3168 4475; x_wconf 90' lang='lat' dir='ltr'><strong>ut</strong></span> <span class='ocrx_word' id='word_1_660' title='bbox 3197 4423 3488 4475; x_wconf 84' lang='lat' dir='ltr'><strong>nuntiarem</strong></span> <span class='ocrx_word' id='word_1_661' title='bbox 3513 4421 3623 4476; x_wconf 85' lang='lat' dir='ltr'><strong>tibi.</strong></span> 
     </span>
    </p>
   </div>
   <div class='ocr_carea' id='block_1_89' title="bbox 2401 4511 3914 4586">
    <p class='ocr_par' dir='ltr' id='par_1_89' title="bbox 2401 4511 3914 4586">
     <span class='ocr_line' id='line_1_89' title="bbox 2401 4511 3914 4586; baseline -0.002 -18"><span class='ocrx_word' id='word_1_662' title='bbox 2401 4517 2506 4586; x_wconf 82' lang='lat'><strong>59</strong></span> <span class='ocrx_word' id='word_1_663' title='bbox 2546 4514 2633 4568; x_wconf 73' lang='grc'><strong>52.</strong></span> <span class='ocrx_word' id='word_1_664' title='bbox 2675 4513 2902 4568; x_wconf 75' lang='lat' dir='ltr'><strong>C/ialdwi</strong></span> <span class='ocrx_word' id='word_1_665' title='bbox 2945 4522 3046 4567; x_wconf 83' lang='lat' dir='ltr'><strong>tres</strong></span> <span class='ocrx_word' id='word_1_666' title='bbox 3095 4522 3287 4567; x_wconf 81' lang='lat' dir='ltr'><strong>turmas</strong></span> <span class='ocrx_word' id='word_1_667' title='bbox 3337 4514 3584 4584; x_wconf 66' lang='lat' dir='ltr'><strong>facientes</strong></span> <span class='ocrx_word' id='word_1_668' title='bbox 3631 4511 3914 4576; x_wconf 55' lang='lat' dir='ltr'><strong>Pltaristei,</strong></span> 
     </span>
    </p>
   </div>
   <div class='ocr_carea' id='block_1_90' title="bbox 2328 4603 3916 4668">
    <p class='ocr_par' dir='ltr' id='par_1_90' title="bbox 2328 4603 3916 4668">
     <span class='ocr_line' id='line_1_90' title="bbox 2328 4603 3916 4668; baseline -0.002 -8"><span class='ocrx_word' id='word_1_669' title='bbox 2328 4605 2618 4660; x_wconf 76' lang='lat' dir='ltr'><strong>Hcrodiuni</strong></span> <span class='ocrx_word' id='word_1_670' title='bbox 2649 4614 2694 4657; x_wconf 78' lang='lat' dir='ltr'><strong>ct</strong></span> <span class='ocrx_word' id='word_1_671' title='bbox 2723 4604 3022 4659; x_wconf 72' lang='lat' dir='ltr'><strong>Sadducazi.</strong></span> <span class='ocrx_word' id='word_1_672' title='bbox 3056 4603 3266 4668; x_wconf 83' lang='lat' dir='ltr'><strong>Cumeli,</strong></span> <span class='ocrx_word' id='word_1_673' title='bbox 3295 4605 3618 4659; x_wconf 86' lang='lat' dir='ltr'><strong>Samaritani</strong></span> <span class='ocrx_word' id='word_1_674' title='bbox 3649 4646 3664 4668; x_wconf 96' lang='lat'><strong>,</strong></span> <span class='ocrx_word' id='word_1_675' title='bbox 3700 4613 3792 4657; x_wconf 89' lang='lat' dir='ltr'><strong>aut</strong></span> <span class='ocrx_word' id='word_1_676' title='bbox 3822 4604 3916 4657; x_wconf 79' lang='lat' dir='ltr'><strong>Ju-</strong></span> 
     </span>
    </p>
   </div>
   <div class='ocr_carea' id='block_1_91' title="bbox 642 4689 3918 4770">
    <p class='ocr_par' dir='ltr' id='par_1_91' title="bbox 642 4689 3918 4770">
     <span class='ocr_line' id='line_1_91' title="bbox 642 4689 3918 4770; baseline 0.003 -28"><span class='ocrx_word' id='word_1_677' title='bbox 642 4689 893 4746; x_wconf 89' lang='lat' dir='ltr'><strong>videlicet</strong></span> <span class='ocrx_word' id='word_1_678' title='bbox 919 4689 1134 4759; x_wconf 88' lang='lat' dir='ltr'><strong>signans</strong></span> <span class='ocrx_word' id='word_1_679' title='bbox 1163 4689 1569 4761; x_wconf 66' lang='lat' dir='ltr'><strong>p&#39;rzepositorum</strong></span> <span class='ocrx_word' id='word_1_680' title='bbox 1600 4695 1864 4761; x_wconf 90' lang='lat' dir='ltr'><strong>ordinem,</strong></span> <span class='ocrx_word' id='word_1_681' title='bbox 1895 4711 1992 4764; x_wconf 88' lang='lat' dir='ltr'><strong>per</strong></span> <span class='ocrx_word' id='word_1_682' title='bbox 2021 4707 2216 4750; x_wconf 89' lang='lat' dir='ltr'><strong>terram</strong></span> <span class='ocrx_word' id='word_1_683' title='bbox 2251 4714 2295 4770; x_wconf 74' lang='grc' dir='ltr'>ο</span> <span class='ocrx_word' id='word_1_684' title='bbox 2324 4702 2424 4755; x_wconf 62' lang='lat' dir='ltr'><strong>dmi</strong></span> <span class='ocrx_word' id='word_1_685' title='bbox 2451 4716 2605 4754; x_wconf 61' lang='lat' dir='ltr'><strong>mem;</strong></span> <span class='ocrx_word' id='word_1_686' title='bbox 2629 4701 2752 4770; x_wconf 65' lang='lat' dir='ltr'><strong>(egi;</strong></span> <span class='ocrx_word' id='word_1_687' title='bbox 2782 4699 2966 4752; x_wconf 75' lang='grc' dir='ltr'>ιίιιεηε</span> <span class='ocrx_word' id='word_1_688' title='bbox 2995 4698 3335 4752; x_wconf 61' lang='lat' dir='ltr'><strong>ad/iarrrnles.</strong></span> <span class='ocrx_word' id='word_1_689' title='bbox 3369 4728 3439 4739; x_wconf 90' lang='lat'>—</span> <span class='ocrx_word' id='word_1_690' title='bbox 3469 4696 3604 4762; x_wconf 86' lang='lat' dir='ltr'><strong>Quia</strong></span> <span class='ocrx_word' id='word_1_691' title='bbox 3636 4696 3918 4752; x_wconf 61' lang='lat' dir='ltr'><strong>Chaldteos</strong></span> 
     </span>
    </p>
   </div>
   <div class='ocr_carea' id='block_1_92' title="bbox 647 4778 2223 4854">
    <p class='ocr_par' dir='ltr' id='par_1_92' title="bbox 647 4778 2223 4854">
     <span class='ocr_line' id='line_1_92' title="bbox 647 4778 2223 4854; baseline 0.006 -23"><span class='ocrx_word' id='word_1_692' title='bbox 647 4794 774 4835; x_wconf 91' lang='lat' dir='ltr'><strong>vero</strong></span> <span class='ocrx_word' id='word_1_693' title='bbox 803 4778 830 4818; x_wconf 75' lang='grc' dir='ltr'>ι’</span> <span class='ocrx_word' id='word_1_694' title='bbox 859 4780 1125 4835; x_wconf 88' lang='lat' dir='ltr'><strong>subditam</strong></span> <span class='ocrx_word' id='word_1_695' title='bbox 1153 4781 1383 4850; x_wconf 89' lang='lat' dir='ltr'><strong>plebem.</strong></span> <span class='ocrx_word' id='word_1_696' title='bbox 1413 4781 1528 4839; x_wconf 85' lang='lat' dir='ltr'><strong>Hoc</strong></span> <span class='ocrx_word' id='word_1_697' title='bbox 1555 4784 1715 4852; x_wconf 82' lang='lat' dir='ltr'><strong>igitur</strong></span> <span class='ocrx_word' id='word_1_698' title='bbox 1736 4785 1857 4839; x_wconf 88' lang='lat' dir='ltr'><strong>loco</strong></span> <span class='ocrx_word' id='word_1_699' title='bbox 1887 4786 2104 4854; x_wconf 87' lang='lat' dir='ltr'><strong>coelum,</strong></span> <span class='ocrx_word' id='word_1_700' title='bbox 2133 4803 2223 4840; x_wconf 88' lang='lat' dir='ltr'><strong>sa-</strong></span> 
     </span>
    </p>
   </div>
   <div class='ocr_carea' id='block_1_93' title="bbox 646 4869 2224 4944">
    <p class='ocr_par' dir='ltr' id='par_1_93' title="bbox 646 4869 2224 4944">
     <span class='ocr_line' id='line_1_93' title="bbox 646 4869 2224 4944; baseline 0.006 -21"><span class='ocrx_word' id='word_1_701' title='bbox 646 4869 910 4936; x_wconf 89' lang='lat' dir='ltr'><strong>cerdotes,</strong></span> <span class='ocrx_word' id='word_1_702' title='bbox 934 4872 1020 4928; x_wconf 88' lang='lat' dir='ltr'><strong>vel</strong></span> <span class='ocrx_word' id='word_1_703' title='bbox 1039 4873 1350 4939; x_wconf 69' lang='lat' dir='ltr'><strong>Pharisaeos,</strong></span> <span class='ocrx_word' id='word_1_704' title='bbox 1379 4875 1459 4929; x_wconf 83' lang='lat' dir='ltr'><strong>vel</strong></span> <span class='ocrx_word' id='word_1_705' title='bbox 1485 4875 1615 4944; x_wconf 84' lang='lat' dir='ltr'><strong>legis</strong></span> <span class='ocrx_word' id='word_1_706' title='bbox 1639 4876 1885 4931; x_wconf 87' lang='lat' dir='ltr'><strong>doctores</strong></span> <span class='ocrx_word' id='word_1_707' title='bbox 1908 4893 2014 4931; x_wconf 90' lang='lat' dir='ltr'><strong>non</strong></span> <span class='ocrx_word' id='word_1_708' title='bbox 2040 4878 2224 4932; x_wconf 26' lang='lat' dir='ltr'><strong>inton-</strong></span> 
     </span>
    </p>
   </div>
   <div class='ocr_carea' id='block_1_94' title="bbox 645 4962 2222 5036">
    <p class='ocr_par' dir='ltr' id='par_1_94' title="bbox 645 4962 2222 5036">
     <span class='ocr_line' id='line_1_94' title="bbox 645 4962 2222 5036; baseline 0.007 -22"><span class='ocrx_word' id='word_1_709' title='bbox 645 4962 923 5018; x_wconf 82' lang='lat' dir='ltr'><strong>venienter</strong></span> <span class='ocrx_word' id='word_1_710' title='bbox 950 4964 1260 5035; x_wconf 89' lang='lat' dir='ltr'><strong>accipimus,</strong></span> <span class='ocrx_word' id='word_1_711' title='bbox 1292 4967 1384 5036; x_wconf 91' lang='lat' dir='ltr'><strong>qui</strong></span> <span class='ocrx_word' id='word_1_712' title='bbox 1411 4975 1538 5022; x_wconf 91' lang='lat' dir='ltr'><strong>ante</strong></span> <span class='ocrx_word' id='word_1_713' title='bbox 1565 4969 1753 5024; x_wconf 88' lang='lat' dir='ltr'><strong>oculos</strong></span> <span class='ocrx_word' id='word_1_714' title='bbox 1783 4969 2055 5024; x_wconf 89' lang='lat' dir='ltr'><strong>hominum</strong></span> <span class='ocrx_word' id='word_1_715' title='bbox 2097 4971 2222 5025; x_wconf 89' lang='lat' dir='ltr'><strong>dum</strong></span> 
     </span>
    </p>
   </div>
   <div class='ocr_carea' id='block_1_95' title="bbox 648 5053 2228 5131">
    <p class='ocr_par' dir='ltr' id='par_1_95' title="bbox 648 5053 2228 5131">
     <span class='ocr_line' id='line_1_95' title="bbox 648 5053 2228 5131; baseline 0.008 -25"><span class='ocrx_word' id='word_1_716' title='bbox 648 5053 956 5110; x_wconf 62' lang='lat' dir='ltr'><strong>caelestibus</strong></span> <span class='ocrx_word' id='word_1_717' title='bbox 999 5054 1190 5113; x_wconf 77' lang='lat' dir='ltr'><strong>olﬁciis</strong></span> <span class='ocrx_word' id='word_1_718' title='bbox 1217 5059 1567 5121; x_wconf 85' lang='lat' dir='ltr'><strong>inservirent,</strong></span> <span class='ocrx_word' id='word_1_719' title='bbox 1605 5062 1760 5130; x_wconf 88' lang='lat' dir='ltr'><strong>quasi</strong></span> <span class='ocrx_word' id='word_1_720' title='bbox 1790 5061 2020 5131; x_wconf 80' lang='lat' dir='ltr'><strong>desuper</strong></span> <span class='ocrx_word' id='word_1_721' title='bbox 2045 5063 2228 5118; x_wconf 90' lang='lat' dir='ltr'><strong>lucere</strong></span> 
     </span>
    </p>
   </div>
   <div class='ocr_carea' id='block_1_96' title="bbox 721 5191 2220 5268">
    <p class='ocr_par' dir='ltr' id='par_1_96' title="bbox 721 5191 2220 5268">
     <span class='ocr_line' id='line_1_96' title="bbox 721 5191 2220 5268; baseline 0.007 -24"><span class='ocrx_word' id='word_1_722' title='bbox 721 5191 836 5268; x_wconf 64' lang='lat' dir='ltr'><strong>alta</strong></span> <span class='ocrx_word' id='word_1_723' title='bbox 857 5207 1047 5268; x_wconf 80' lang='lat' dir='ltr'><strong>omnes</strong></span> <span class='ocrx_word' id='word_1_724' title='bbox 1069 5197 1190 5255; x_wconf 78' lang='lat' dir='ltr'><strong>Mss.</strong></span> <span class='ocrx_word' id='word_1_725' title='bbox 1216 5197 1402 5268; x_wconf 75' lang='lat' dir='ltr'><strong>nostri.</strong></span> <span class='ocrx_word' id='word_1_726' title='bbox 1427 5196 1484 5251; x_wconf 88' lang='lat' dir='ltr'><strong>In</strong></span> <span class='ocrx_word' id='word_1_727' title='bbox 1505 5196 1644 5251; x_wconf 86' lang='lat' dir='ltr'><strong>Edit.</strong></span> <span class='ocrx_word' id='word_1_728' title='bbox 1666 5197 1858 5264; x_wconf 87' lang='lat' dir='ltr'><strong>Vatic.,</strong></span> <span class='ocrx_word' id='word_1_729' title='bbox 1884 5198 1992 5252; x_wconf 83' lang='lat' dir='ltr'><strong>alta</strong></span> <span class='ocrx_word' id='word_1_730' title='bbox 2008 5215 2220 5268; x_wconf 82' lang='lat' dir='ltr'><strong>sapere;</strong></span> 
     </span>
    </p>
   </div>
   <div class='ocr_carea' id='block_1_97' title="bbox 645 5262 2218 5339">
    <p class='ocr_par' dir='ltr' id='par_1_97' title="bbox 645 5262 2218 5339">
     <span class='ocr_line' id='line_1_97' title="bbox 645 5262 2218 5339; baseline 0.004 -21"><span class='ocrx_word' id='word_1_731' title='bbox 645 5262 792 5334; x_wconf 87' lang='lat' dir='ltr'><strong>quod</strong></span> <span class='ocrx_word' id='word_1_732' title='bbox 818 5264 978 5318; x_wconf 87' lang='lat' dir='ltr'><strong>etiam</strong></span> <span class='ocrx_word' id='word_1_733' title='bbox 1000 5268 1218 5324; x_wconf 91' lang='lat' dir='ltr'><strong>retinuit</strong></span> <span class='ocrx_word' id='word_1_734' title='bbox 1233 5266 1578 5328; x_wconf 86' lang='lat' dir='ltr'><strong>Gussanvill..</strong></span> <span class='ocrx_word' id='word_1_735' title='bbox 1599 5268 1800 5337; x_wconf 90' lang='lat' dir='ltr'><strong>rejecto</strong></span> <span class='ocrx_word' id='word_1_736' title='bbox 1821 5262 1887 5322; x_wconf 83' lang='lat' dir='ltr'><strong>ad</strong></span> <span class='ocrx_word' id='word_1_737' title='bbox 1907 5262 2218 5339; x_wconf 81' lang='lat' dir='ltr'><strong>marginem,</strong></span> 
     </span>
    </p>
   </div>
   <div class='ocr_carea' id='block_1_98' title="bbox 644 5350 2228 5473">
    <p class='ocr_par' dir='ltr' id='par_1_98' title="bbox 644 5350 2228 5473">
     <span class='ocr_line' id='line_1_98' title="bbox 644 5350 2228 5473; baseline 0.005 -17"><span class='ocrx_word' id='word_1_738' title='bbox 644 5350 941 5469; x_wconf 45' lang='lat' dir='ltr'><strong>caﬁegditi,‘</strong></span> <span class='ocrx_word' id='word_1_739' title='bbox 967 5405 1285 5464; x_wconf 71' lang='lat' dir='ltr'><strong>subditorum</strong></span> <span class='ocrx_word' id='word_1_740' title='bbox 1308 5407 1525 5473; x_wconf 77' lang='lat' dir='ltr'><strong>plebem.</strong></span> <span class='ocrx_word' id='word_1_741' title='bbox 1558 5409 1746 5464; x_wconf 86' lang='lat' dir='ltr'><strong>Melius</strong></span> <span class='ocrx_word' id='word_1_742' title='bbox 1777 5408 1922 5473; x_wconf 63' lang='lat' dir='ltr'><strong>Mss,</strong></span> <span class='ocrx_word' id='word_1_743' title='bbox 1962 5410 2228 5464; x_wconf 76' lang='lat' dir='ltr'><strong>subditam</strong></span> 
     </span>
    </p>
   </div>
   <div class='ocr_carea' id='block_1_99' title="bbox 642 5429 2224 5552">
    <p class='ocr_par' dir='ltr' id='par_1_99' title="bbox 642 5429 2224 5552">
     <span class='ocr_line' id='line_1_99' title="bbox 719 5429 2224 5473; baseline 0.004 -15"><span class='ocrx_word' id='word_1_744' title='bbox 719 5429 745 5446; x_wconf 76' lang='grc' dir='ltr'><strong><em>ν</em></strong></span> <span class='ocrx_word' id='word_1_745' title='bbox 776 5429 938 5469; x_wconf 73' lang='grc' dir='ltr'>ιιιωιι,</span> <span class='ocrx_word' id='word_1_746' title='bbox 967 5429 1285 5464; x_wconf 75' lang='lat' dir='ltr'><strong>suuattorttm</strong></span> <span class='ocrx_word' id='word_1_747' title='bbox 1345 5429 1525 5463; x_wconf 77' lang='lat' dir='ltr'><strong>tenent.</strong></span> <span class='ocrx_word' id='word_1_748' title='bbox 1558 5429 1746 5464; x_wconf 73' lang='grc' dir='ltr'><strong>ΜΘΙΙΙΙΒ</strong></span> <span class='ocrx_word' id='word_1_749' title='bbox 1777 5429 1922 5473; x_wconf 53' lang='lat' dir='ltr'><strong>MSS&quot;</strong></span> <span class='ocrx_word' id='word_1_750' title='bbox 1962 5429 2224 5464; x_wconf 72' lang='lat' dir='ltr'><strong>suauitatis</strong></span> 
     </span>
     <span class='ocr_line' id='line_1_100' title="bbox 642 5429 2224 5552; baseline 0.004 -23"><span class='ocrx_word' id='word_1_751' title='bbox 642 5475 717 5552; x_wconf 70' lang='lat' dir='ltr'><strong>pl.</strong></span> <span class='ocrx_word' id='word_1_752' title='bbox 763 5476 855 5533; x_wconf 84' lang='lat' dir='ltr'><strong>Sic</strong></span> <span class='ocrx_word' id='word_1_753' title='bbox 882 5477 1039 5552; x_wconf 69' lang='lat' dir='ltr'><strong>inira,</strong></span> <span class='ocrx_word' id='word_1_754' title='bbox 1071 5497 1214 5552; x_wconf 78' lang='lat' dir='ltr'><strong>num.</strong></span> <span class='ocrx_word' id='word_1_755' title='bbox 1251 5429 1342 5550; x_wconf 46' lang='grc' dir='ltr'><strong>δέ</strong></span> <span class='ocrx_word' id='word_1_756' title='bbox 1371 5480 1617 5548; x_wconf 85' lang='lat' dir='ltr'><strong>legimus,</strong></span> <span class='ocrx_word' id='word_1_757' title='bbox 1647 5481 1986 5549; x_wconf 75' lang='lat' dir='ltr'><strong>prtcdicantes</strong></span> <span class='ocrx_word' id='word_1_758' title='bbox 2015 5492 2224 5552; x_wconf 82' lang='lat' dir='ltr'><strong>aposto-</strong></span> 
     </span>
    </p>
   </div>
   <div class='ocr_carea' id='block_1_100' title="bbox 644 5548 1295 5619">
    <p class='ocr_par' dir='ltr' id='par_1_100' title="bbox 644 5548 1295 5619">
     <span class='ocr_line' id='line_1_101' title="bbox 644 5548 1295 5619; baseline 0.005 -18"><span class='ocrx_word' id='word_1_759' title='bbox 644 5548 742 5614; x_wconf 85' lang='lat' dir='ltr'><strong>los,</strong></span> <span class='ocrx_word' id='word_1_760' title='bbox 774 5559 823 5602; x_wconf 90' lang='lat' dir='ltr'><strong>et</strong></span> <span class='ocrx_word' id='word_1_761' title='bbox 851 5549 1018 5619; x_wconf 87' lang='lat' dir='ltr'><strong>plebes</strong></span> <span class='ocrx_word' id='word_1_762' title='bbox 1046 5550 1295 5604; x_wconf 87' lang='lat' dir='ltr'><strong>subditas.</strong></span> 
     </span>
    </p>
   </div>
   <div class='ocr_carea' id='block_1_101' title="bbox 720 5619 2226 5686">
    <p class='ocr_par' dir='ltr' id='par_1_101' title="bbox 720 5619 2226 5686">
     <span class='ocr_line' id='line_1_102' title="bbox 720 5619 2226 5686; baseline 0.003 -12"><span class='ocrx_word' id='word_1_763' title='bbox 720 5631 743 5658; x_wconf 77' lang='grc' dir='ltr'><strong><em>ο</em></strong></span> <span class='ocrx_word' id='word_1_764' title='bbox 787 5619 982 5684; x_wconf 85' lang='lat' dir='ltr'><strong>Corb.,</strong></span> <span class='ocrx_word' id='word_1_765' title='bbox 1030 5620 1208 5675; x_wconf 84' lang='lat' dir='ltr'><strong>Germ.</strong></span> <span class='ocrx_word' id='word_1_766' title='bbox 1263 5631 1317 5676; x_wconf 92' lang='lat' dir='ltr'><strong>et</strong></span> <span class='ocrx_word' id='word_1_767' title='bbox 1362 5619 1544 5686; x_wconf 88' lang='lat' dir='ltr'><strong>Colb.,</strong></span> <span class='ocrx_word' id='word_1_768' title='bbox 1591 5621 1645 5674; x_wconf 87' lang='lat' dir='ltr'><strong>in</strong></span> <span class='ocrx_word' id='word_1_769' title='bbox 1690 5621 2065 5676; x_wconf 81' lang='lat' dir='ltr'><strong>adversitatcm.</strong></span> <span class='ocrx_word' id='word_1_770' title='bbox 2110 5622 2226 5680; x_wconf 85' lang='lat' dir='ltr'><strong>Hoc</strong></span> 
     </span>
    </p>
   </div>
   <div class='ocr_carea' id='block_1_102' title="bbox 645 5690 2224 5758">
    <p class='ocr_par' dir='ltr' id='par_1_102' title="bbox 645 5690 2224 5758">
     <span class='ocr_line' id='line_1_103' title="bbox 645 5690 2224 5758; baseline 0.004 -16"><span class='ocrx_word' id='word_1_771' title='bbox 645 5697 824 5744; x_wconf 87' lang='lat' dir='ltr'><strong>autem</strong></span> <span class='ocrx_word' id='word_1_772' title='bbox 849 5690 966 5742; x_wconf 85' lang='lat' dir='ltr'><strong>loco</strong></span> <span class='ocrx_word' id='word_1_773' title='bbox 997 5692 1291 5746; x_wconf 85' lang='lat' dir='ltr'><strong>adversitas</strong></span> <span class='ocrx_word' id='word_1_774' title='bbox 1322 5709 1426 5746; x_wconf 88' lang='lat' dir='ltr'><strong>non</strong></span> <span class='ocrx_word' id='word_1_775' title='bbox 1460 5692 1597 5747; x_wconf 88' lang='lat' dir='ltr'><strong>idem</strong></span> <span class='ocrx_word' id='word_1_776' title='bbox 1624 5691 1887 5758; x_wconf 79' lang='lat' dir='ltr'><strong>signiﬁcat</strong></span> <span class='ocrx_word' id='word_1_777' title='bbox 1915 5709 1978 5746; x_wconf 84' lang='lat' dir='ltr'><strong>ac</strong></span> <span class='ocrx_word' id='word_1_778' title='bbox 2006 5694 2224 5750; x_wconf 86' lang='lat' dir='ltr'><strong>calami-</strong></span> 
     </span>
    </p>
   </div>
   <div class='ocr_carea' id='block_1_103' title="bbox 645 5760 2220 5832">
    <p class='ocr_par' dir='ltr' id='par_1_103' title="bbox 645 5760 2220 5832">
     <span class='ocr_line' id='line_1_104' title="bbox 645 5760 2220 5832; baseline 0.004 -19"><span class='ocrx_word' id='word_1_779' title='bbox 645 5768 744 5832; x_wconf 74' lang='lat' dir='ltr'><strong>tas,</strong></span> <span class='ocrx_word' id='word_1_780' title='bbox 760 5760 850 5817; x_wconf 88' lang='lat' dir='ltr'><strong>sed</strong></span> <span class='ocrx_word' id='word_1_781' title='bbox 877 5769 960 5816; x_wconf 84' lang='lat' dir='ltr'><strong>est</strong></span> <span class='ocrx_word' id='word_1_782' title='bbox 975 5763 1189 5832; x_wconf 86' lang='lat' dir='ltr'><strong>proprie</strong></span> <span class='ocrx_word' id='word_1_783' title='bbox 1211 5764 1602 5817; x_wconf 76' lang='lat' dir='ltr'><strong>adversantium</strong></span> <span class='ocrx_word' id='word_1_784' title='bbox 1627 5764 1910 5832; x_wconf 79' lang='lat' dir='ltr'><strong>Oppositio.</strong></span> <span class='ocrx_word' id='word_1_785' title='bbox 1929 5764 2046 5829; x_wconf 82' lang='lat' dir='ltr'><strong>Quo</strong></span> <span class='ocrx_word' id='word_1_786' title='bbox 2062 5782 2220 5820; x_wconf 85' lang='lat' dir='ltr'><strong>sensu</strong></span> 
     </span>
    </p>
   </div>
   <div class='ocr_carea' id='block_1_104' title="bbox 647 5830 2218 5902">
    <p class='ocr_par' dir='ltr' id='par_1_104' title="bbox 647 5830 2218 5902">
     <span class='ocr_line' id='line_1_105' title="bbox 647 5830 2218 5902; baseline 0.006 -20"><span class='ocrx_word' id='word_1_787' title='bbox 647 5830 739 5884; x_wconf 89' lang='lat' dir='ltr'><strong>lib.</strong></span> <span class='ocrx_word' id='word_1_788' title='bbox 772 5847 847 5895; x_wconf 85' lang='grc' dir='ltr'>ιιι,</span> <span class='ocrx_word' id='word_1_789' title='bbox 879 5848 997 5900; x_wconf 87' lang='lat' dir='ltr'><strong>cap.</strong></span> <span class='ocrx_word' id='word_1_790' title='bbox 1043 5830 1169 5885; x_wconf 82' lang='lat' dir='ltr'><strong>olim</strong></span> <span class='ocrx_word' id='word_1_791' title='bbox 1213 5833 1297 5898; x_wconf 69' lang='grc'><strong>15,</strong></span> <span class='ocrx_word' id='word_1_792' title='bbox 1333 5851 1488 5886; x_wconf 88' lang='lat' dir='ltr'><strong>nunc.</strong></span> <span class='ocrx_word' id='word_1_793' title='bbox 1532 5831 1620 5898; x_wconf 72' lang='lat'><strong>‘26,</strong></span> <span class='ocrx_word' id='word_1_794' title='bbox 1667 5830 1812 5886; x_wconf 71' lang='lat' dir='ltr'><strong>num.</strong></span> <span class='ocrx_word' id='word_1_795' title='bbox 1845 5834 1934 5900; x_wconf 75' lang='lat'><strong>5&#39;3,</strong></span> <span class='ocrx_word' id='word_1_796' title='bbox 1981 5836 2170 5902; x_wconf 86' lang='lat' dir='ltr'><strong>legitur</strong></span> <span class='ocrx_word' id='word_1_797' title='bbox 2205 5854 2218 5891; x_wconf 89' lang='lat'>:</span> 
     </span>
    </p>
   </div>
   <div class='ocr_carea' id='block_1_105' title="bbox 647 5902 2200 5972">
    <p class='ocr_par' dir='ltr' id='par_1_105' title="bbox 647 5902 2200 5972">
     <span class='ocr_line' id='line_1_106' title="bbox 647 5902 2200 5972; baseline 0.006 -21"><span class='ocrx_word' id='word_1_798' title='bbox 647 5902 880 5972; x_wconf 76' lang='lat' dir='ltr'><strong>protinus</strong></span> <span class='ocrx_word' id='word_1_799' title='bbox 921 5904 975 5954; x_wconf 86' lang='lat' dir='ltr'><strong>in</strong></span> <span class='ocrx_word' id='word_1_800' title='bbox 1005 5904 1363 5972; x_wconf 80' lang='lat' dir='ltr'><strong>adversitatem</strong></span> <span class='ocrx_word' id='word_1_801' title='bbox 1395 5904 1684 5972; x_wconf 83' lang='lat' dir='ltr'><strong>prosiliunt.</strong></span> <span class='ocrx_word' id='word_1_802' title='bbox 1728 5903 1858 5959; x_wconf 80' lang='lat' dir='ltr'><strong>Vide</strong></span> <span class='ocrx_word' id='word_1_803' title='bbox 1890 5905 2051 5960; x_wconf 84' lang='lat' dir='ltr'><strong>etiam</strong></span> <span class='ocrx_word' id='word_1_804' title='bbox 2094 5907 2129 5962; x_wconf 91' lang='grc' dir='ltr'><strong>Ι.</strong></span> <span class='ocrx_word' id='word_1_805' title='bbox 2161 5921 2200 5961; x_wconf 82' lang='lat' dir='ltr'><strong>lt</strong></span> 
     </span>
    </p>
   </div>
   <div class='ocr_carea' id='block_1_106' title="bbox 647 5971 1282 6036">
    <p class='ocr_par' dir='ltr' id='par_1_106' title="bbox 647 5971 1282 6036">
     <span class='ocr_line' id='line_1_107' title="bbox 647 5971 1282 6036; baseline 0.005 -12"><span class='ocrx_word' id='word_1_806' title='bbox 647 5984 702 6024; x_wconf 82' lang='grc' dir='ltr'>ιι.</span> <span class='ocrx_word' id='word_1_807' title='bbox 737 5971 826 6036; x_wconf 82' lang='grc'><strong>58,</strong></span> <span class='ocrx_word' id='word_1_808' title='bbox 855 5979 910 6027; x_wconf 89' lang='lat' dir='ltr'><strong>et</strong></span> <span class='ocrx_word' id='word_1_809' title='bbox 932 5973 968 6024; x_wconf 96' lang='lat' dir='ltr'><strong>l.</strong></span> <span class='ocrx_word' id='word_1_810' title='bbox 1000 5971 1083 6035; x_wconf 79' lang='lat' dir='ltr'><strong>l6,</strong></span> <span class='ocrx_word' id='word_1_811' title='bbox 1117 5988 1170 6026; x_wconf 82' lang='grc' dir='ltr'>ιι.</span> <span class='ocrx_word' id='word_1_812' title='bbox 1196 5972 1282 6027; x_wconf 66' lang='grc'><strong>45.</strong></span> 
     </span>
    </p>
   </div>
   <div class='ocr_carea' id='block_1_107' title="bbox 2328 4789 3914 4862">
    <p class='ocr_par' dir='ltr' id='par_1_107' title="bbox 2328 4789 3914 4862">
     <span class='ocr_line' id='line_1_108' title="bbox 2328 4789 3914 4862; baseline -0.002 -17"><span class='ocrx_word' id='word_1_813' title='bbox 2328 4793 2672 4862; x_wconf 86' lang='lat' dir='ltr'><strong>interpretari</strong></span> <span class='ocrx_word' id='word_1_814' title='bbox 2698 4791 2908 4846; x_wconf 81' lang='lat' dir='ltr'><strong>feroces</strong></span> <span class='ocrx_word' id='word_1_815' title='bbox 2923 4793 3187 4857; x_wconf 90' lang='lat' dir='ltr'><strong>novimus,</strong></span> <span class='ocrx_word' id='word_1_816' title='bbox 3213 4791 3302 4861; x_wconf 89' lang='lat' dir='ltr'><strong>qui</strong></span> <span class='ocrx_word' id='word_1_817' title='bbox 3322 4790 3409 4844; x_wconf 89' lang='lat' dir='ltr'><strong>alii</strong></span> <span class='ocrx_word' id='word_1_818' title='bbox 3433 4789 3812 4844; x_wconf 70' lang='lat' dir='ltr'><strong>Chaldzeorum</strong></span> <span class='ocrx_word' id='word_1_819' title='bbox 3835 4805 3914 4843; x_wconf 78' lang='lat' dir='ltr'><strong>no</strong></span> 
     </span>
    </p>
   </div>
   <div class='ocr_carea' id='block_1_108' title="bbox 2327 4879 3921 4950">
    <p class='ocr_par' dir='ltr' id='par_1_108' title="bbox 2327 4879 3921 4950">
     <span class='ocr_line' id='line_1_109' title="bbox 2327 4879 3921 4950; baseline -0.003 -14"><span class='ocrx_word' id='word_1_820' title='bbox 2327 4882 2470 4936; x_wconf 89' lang='lat' dir='ltr'><strong>mine</strong></span> <span class='ocrx_word' id='word_1_821' title='bbox 2491 4882 2858 4950; x_wconf 86' lang='lat' dir='ltr'><strong>designantur,</strong></span> <span class='ocrx_word' id='word_1_822' title='bbox 2881 4880 2980 4934; x_wconf 92' lang='lat' dir='ltr'><strong>nisi</strong></span> <span class='ocrx_word' id='word_1_823' title='bbox 2999 4881 3386 4949; x_wconf 88' lang='lat' dir='ltr'><strong>persecutionis</strong></span> <span class='ocrx_word' id='word_1_824' title='bbox 3399 4889 3648 4935; x_wconf 84' lang='lat' dir='ltr'><strong>auctores</strong></span> <span class='ocrx_word' id='word_1_825' title='bbox 3667 4894 3840 4949; x_wconf 87' lang='lat' dir='ltr'><strong>usque</strong></span> <span class='ocrx_word' id='word_1_826' title='bbox 3852 4879 3921 4932; x_wconf 84' lang='lat' dir='ltr'><strong>ad</strong></span> 
     </span>
    </p>
   </div>
   <div class='ocr_carea' id='block_1_109' title="bbox 2327 4974 3920 5047">
    <p class='ocr_par' dir='ltr' id='par_1_109' title="bbox 2327 4974 3920 5047">
     <span class='ocr_line' id='line_1_110' title="bbox 2327 4974 3920 5047; baseline -0.003 -16"><span class='ocrx_word' id='word_1_827' title='bbox 2327 4985 2542 5047; x_wconf 88' lang='lat' dir='ltr'><strong>apertos</strong></span> <span class='ocrx_word' id='word_1_828' title='bbox 2571 4977 2833 5032; x_wconf 88' lang='lat' dir='ltr'><strong>clamores</strong></span> <span class='ocrx_word' id='word_1_829' title='bbox 2853 4975 3068 5030; x_wconf 69' lang='lat' dir='ltr'><strong>malitia:</strong></span> <span class='ocrx_word' id='word_1_830' title='bbox 3093 4983 3525 5045; x_wconf 87' lang='lat' dir='ltr'><strong>prorumpentes,</strong></span> <span class='ocrx_word' id='word_1_831' title='bbox 3551 4990 3670 5029; x_wconf 88' lang='lat' dir='ltr'><strong>cum</strong></span> <span class='ocrx_word' id='word_1_832' title='bbox 3695 4974 3883 5027; x_wconf 61' lang='lat' dir='ltr'><strong>dicunt</strong></span> <span class='ocrx_word' id='word_1_833' title='bbox 3907 4993 3920 5026; x_wconf 89' lang='lat'>:</span> 
     </span>
    </p>
   </div>
   <div class='ocr_carea' id='block_1_110' title="bbox 2301 5063 3928 5141">
    <p class='ocr_par' dir='ltr' id='par_1_110' title="bbox 2301 5063 3928 5141">
     <span class='ocr_line' id='line_1_111' title="bbox 2301 5063 3928 5141; baseline -0.003 -19"><span class='ocrx_word' id='word_1_834' title='bbox 2301 5067 2600 5141; x_wconf 68' lang='lat' dir='ltr'><strong>&#39;Cruciﬁge,</strong></span> <span class='ocrx_word' id='word_1_835' title='bbox 2625 5069 2867 5140; x_wconf 83' lang='lat' dir='ltr'><strong>cruciﬁge</strong></span> <span class='ocrx_word' id='word_1_836' title='bbox 2896 5066 3048 5137; x_wconf 91' lang='lat' dir='ltr'><strong>(Luc.</strong></span> <span class='ocrx_word' id='word_1_837' title='bbox 3078 5082 3229 5132; x_wconf 71' lang='lat' dir='ltr'><strong>1x111,</strong></span> <span class='ocrx_word' id='word_1_838' title='bbox 3256 5066 3316 5119; x_wconf 75' lang='grc'><strong>21</strong></span> <span class='ocrx_word' id='word_1_839' title='bbox 3343 5084 3356 5133; x_wconf 94' lang='grc'>;</span> <span class='ocrx_word' id='word_1_840' title='bbox 3391 5065 3558 5120; x_wconf 83' lang='lat' dir='ltr'><strong>Marc.</strong></span> <span class='ocrx_word' id='word_1_841' title='bbox 3593 5081 3668 5128; x_wconf 77' lang='grc' dir='ltr'>ιιι,</span> <span class='ocrx_word' id='word_1_842' title='bbox 3695 5064 3788 5135; x_wconf 86' lang='lat'><strong>6)?</strong></span> <span class='ocrx_word' id='word_1_843' title='bbox 3820 5063 3928 5130; x_wconf 79' lang='lat' dir='ltr'><strong>Qui</strong></span> 
     </span>
    </p>
   </div>
   <div class='ocr_carea' id='block_1_111' title="bbox 2400 5202 3980 5274">
    <p class='ocr_par' dir='ltr' id='par_1_111' title="bbox 2400 5202 3980 5274">
     <span class='ocr_line' id='line_1_112' title="bbox 2400 5202 3980 5274; baseline -0.005 -14"><span class='ocrx_word' id='word_1_844' title='bbox 2400 5205 2423 5241; x_wconf 73' lang='grc' dir='ltr'>ἀ</span> <span class='ocrx_word' id='word_1_845' title='bbox 2452 5205 2608 5274; x_wconf 67' lang='lat' dir='ltr'><strong>Reg,</strong></span> <span class='ocrx_word' id='word_1_846' title='bbox 2637 5205 3024 5260; x_wconf 80' lang='lat' dir='ltr'><strong>succendendis.</strong></span> <span class='ocrx_word' id='word_1_847' title='bbox 3049 5204 3164 5259; x_wconf 93' lang='lat' dir='ltr'><strong>Duo</strong></span> <span class='ocrx_word' id='word_1_848' title='bbox 3189 5203 3778 5274; x_wconf 43' lang='lat' dir='ltr'><strong>Rhemqiiemigqt’al.</strong></span> <span class='ocrx_word' id='word_1_849' title='bbox 3810 5202 3926 5265; x_wconf 73' lang='lat' dir='ltr'><strong>CL,</strong></span> <span class='ocrx_word' id='word_1_850' title='bbox 3973 5263 3980 5269; x_wconf 30' lang='grc' dir='ltr'><strong>η</strong></span> 
     </span>
    </p>
   </div>
   <div class='ocr_carea' id='block_1_112' title="bbox 2330 5273 3926 5346">
    <p class='ocr_par' dir='ltr' id='par_1_112' title="bbox 2330 5273 3926 5346">
     <span class='ocr_line' id='line_1_113' title="bbox 2330 5273 3926 5346; baseline -0.001 -17"><span class='ocrx_word' id='word_1_851' title='bbox 2330 5275 2514 5346; x_wconf 52' lang='lat' dir='ltr'><strong>Cori»,</strong></span> <span class='ocrx_word' id='word_1_852' title='bbox 2544 5273 2754 5342; x_wconf 22' lang='lat' dir='ltr'><strong>’Germ.,</strong></span> <span class='ocrx_word' id='word_1_853' title='bbox 2780 5292 2808 5329; x_wconf 90' lang='lat' dir='ltr'><strong>a</strong></span> <span class='ocrx_word' id='word_1_854' title='bbox 2834 5278 3003 5346; x_wconf 88' lang='lat' dir='ltr'><strong>prima</strong></span> <span class='ocrx_word' id='word_1_855' title='bbox 3033 5292 3216 5344; x_wconf 89' lang='lat' dir='ltr'><strong>manu,</strong></span> <span class='ocrx_word' id='word_1_856' title='bbox 3241 5276 3304 5329; x_wconf 88' lang='lat' dir='ltr'><strong>de</strong></span> <span class='ocrx_word' id='word_1_857' title='bbox 3327 5274 3626 5329; x_wconf 80' lang='lat' dir='ltr'><strong>suadendis.</strong></span> <span class='ocrx_word' id='word_1_858' title='bbox 3651 5273 3837 5329; x_wconf 78' lang='lat' dir='ltr'><strong>Norm.</strong></span> <span class='ocrx_word' id='word_1_859' title='bbox 3867 5281 3926 5328; x_wconf 87' lang='lat' dir='ltr'><strong>et</strong></span> 
     </span>
    </p>
   </div>
   <div class='ocr_carea' id='block_1_113' title="bbox 2330 5345 2867 5410">
    <p class='ocr_par' dir='ltr' id='par_1_113' title="bbox 2330 5345 2867 5410">
     <span class='ocr_line' id='line_1_114' title="bbox 2330 5345 2867 5410; baseline 0 -10"><span class='ocrx_word' id='word_1_860' title='bbox 2330 5345 2535 5410; x_wconf 74' lang='lat' dir='ltr'><strong>Germ,</strong></span> <span class='ocrx_word' id='word_1_861' title='bbox 2566 5345 2867 5401; x_wconf 77' lang='lat' dir='ltr'><strong>suadendis.</strong></span> 
     </span>
    </p>
   </div>
   <div class='ocr_carea' id='block_1_114' title="bbox 2405 5413 3923 5486">
    <p class='ocr_par' dir='ltr' id='par_1_114' title="bbox 2405 5413 3923 5486">
     <span class='ocr_line' id='line_1_115' title="bbox 2405 5413 3923 5486; baseline 0 -16"><span class='ocrx_word' id='word_1_862' title='bbox 2405 5429 2427 5454; x_wconf 82' lang='lat'><strong><em>°</em></strong></span> <span class='ocrx_word' id='word_1_863' title='bbox 2460 5417 2642 5486; x_wconf 87' lang='lat' dir='ltr'><strong>Antiq.</strong></span> <span class='ocrx_word' id='word_1_864' title='bbox 2691 5418 2845 5472; x_wconf 81' lang='lat' dir='ltr'><strong>Rem.</strong></span> <span class='ocrx_word' id='word_1_865' title='bbox 2895 5425 2951 5471; x_wconf 89' lang='lat' dir='ltr'><strong>et</strong></span> <span class='ocrx_word' id='word_1_866' title='bbox 2995 5416 3249 5481; x_wconf 81' lang='lat' dir='ltr'><strong>Vindoc.,</strong></span> <span class='ocrx_word' id='word_1_867' title='bbox 3295 5415 3676 5470; x_wconf 82' lang='lat' dir='ltr'><strong>subvertantur.</strong></span> <span class='ocrx_word' id='word_1_868' title='bbox 3747 5413 3923 5470; x_wconf 68' lang='lat' dir='ltr'><strong>Cod).</strong></span> 
     </span>
    </p>
   </div>
   <div class='ocr_carea' id='block_1_115' title="bbox 2332 5485 2942 5554">
    <p class='ocr_par' dir='ltr' id='par_1_115' title="bbox 2332 5485 2942 5554">
     <span class='ocr_line' id='line_1_116' title="bbox 2332 5485 2942 5554; baseline 0.003 -14"><span class='ocrx_word' id='word_1_869' title='bbox 2332 5485 2540 5554; x_wconf 82' lang='lat' dir='ltr'><strong>Germ.,</strong></span> <span class='ocrx_word' id='word_1_870' title='bbox 2570 5485 2942 5543; x_wconf 75' lang='lat' dir='ltr'><strong>subuerterant.</strong></span> 
     </span>
    </p>
   </div>
   <div class='ocr_carea' id='block_1_116' title="bbox 2406 5556 3923 5628">
    <p class='ocr_par' dir='ltr' id='par_1_116' title="bbox 2406 5556 3923 5628">
     <span class='ocr_line' id='line_1_117' title="bbox 2406 5556 3923 5628; baseline 0.001 -16"><span class='ocrx_word' id='word_1_871' title='bbox 2406 5557 2426 5596; x_wconf 72' lang='grc' dir='ltr'><em>τ</em></span> <span class='ocrx_word' id='word_1_872' title='bbox 2462 5558 2589 5624; x_wconf 74' lang='lat' dir='ltr'><strong>Qtae</strong></span> <span class='ocrx_word' id='word_1_873' title='bbox 2617 5561 2687 5612; x_wconf 88' lang='lat' dir='ltr'><strong>sit</strong></span> <span class='ocrx_word' id='word_1_874' title='bbox 2717 5560 2828 5613; x_wconf 78' lang='lat' dir='ltr'><strong>haec</strong></span> <span class='ocrx_word' id='word_1_875' title='bbox 2860 5558 3142 5628; x_wconf 90' lang='lat' dir='ltr'><strong>prophetia</strong></span> <span class='ocrx_word' id='word_1_876' title='bbox 3169 5575 3274 5612; x_wconf 89' lang='lat' dir='ltr'><strong>non</strong></span> <span class='ocrx_word' id='word_1_877' title='bbox 3301 5558 3432 5616; x_wconf 79' lang='lat' dir='ltr'><strong>satis</strong></span> <span class='ocrx_word' id='word_1_878' title='bbox 3461 5559 3650 5628; x_wconf 88' lang='lat' dir='ltr'><strong>liquet.</strong></span> <span class='ocrx_word' id='word_1_879' title='bbox 3668 5556 3923 5628; x_wconf 56' lang='lat' dir='ltr'><strong>Prophee</strong></span> 
     </span>
    </p>
   </div>
   <div class='ocr_carea' id='block_1_117' title="bbox 2331 5627 3926 5700">
    <p class='ocr_par' dir='ltr' id='par_1_117' title="bbox 2331 5627 3926 5700">
     <span class='ocr_line' id='line_1_118' title="bbox 2331 5627 3926 5700; baseline -0.002 -18"><span class='ocrx_word' id='word_1_880' title='bbox 2331 5627 2419 5682; x_wconf 76' lang='lat' dir='ltr'><strong>tice</strong></span> <span class='ocrx_word' id='word_1_881' title='bbox 2462 5638 2636 5700; x_wconf 76' lang='lat' dir='ltr'><strong>tamen</strong></span> <span class='ocrx_word' id='word_1_882' title='bbox 2684 5627 2901 5683; x_wconf 87' lang='lat' dir='ltr'><strong>nomine</strong></span> <span class='ocrx_word' id='word_1_883' title='bbox 2950 5629 3123 5700; x_wconf 83' lang='lat' dir='ltr'><strong>omnis</strong></span> <span class='ocrx_word' id='word_1_884' title='bbox 3175 5645 3324 5683; x_wconf 64' lang='lat' dir='ltr'><strong>sai-ra</strong></span> <span class='ocrx_word' id='word_1_885' title='bbox 3367 5627 3638 5700; x_wconf 87' lang='lat' dir='ltr'><strong>Scriptura</strong></span> <span class='ocrx_word' id='word_1_886' title='bbox 3689 5627 3926 5700; x_wconf 74' lang='lat' dir='ltr'><strong>intelligi</strong></span> 
     </span>
    </p>
   </div>
   <div class='ocr_carea' id='block_1_118' title="bbox 2327 5697 3927 5770">
    <p class='ocr_par' dir='ltr' id='par_1_118' title="bbox 2327 5697 3927 5770">
     <span class='ocr_line' id='line_1_119' title="bbox 2327 5697 3927 5770; baseline 0.003 -22"><span class='ocrx_word' id='word_1_887' title='bbox 2327 5706 2525 5770; x_wconf 67' lang='lat' dir='ltr'><strong>pritest.</strong></span> <span class='ocrx_word' id='word_1_888' title='bbox 2553 5699 2722 5753; x_wconf 87' lang='lat' dir='ltr'><strong>Porro</strong></span> <span class='ocrx_word' id='word_1_889' title='bbox 2748 5701 2900 5760; x_wconf 74' lang='lat' dir='ltr'><strong>Rom.</strong></span> <span class='ocrx_word' id='word_1_890' title='bbox 2927 5716 2979 5762; x_wconf 84' lang='lat' dir='ltr'><strong>x,</strong></span> <span class='ocrx_word' id='word_1_891' title='bbox 3007 5699 3061 5763; x_wconf 73' lang='lat'><strong>9.,</strong></span> <span class='ocrx_word' id='word_1_892' title='bbox 3089 5699 3372 5768; x_wconf 80' lang='lat' dir='ltr'><strong>Apostolus</strong></span> <span class='ocrx_word' id='word_1_893' title='bbox 3400 5697 3565 5755; x_wconf 63' lang='lat' dir='ltr'><strong>aitlie</strong></span> <span class='ocrx_word' id='word_1_894' title='bbox 3595 5701 3798 5770; x_wconf 84' lang='lat' dir='ltr'><strong>populo</strong></span> <span class='ocrx_word' id='word_1_895' title='bbox 3825 5697 3927 5753; x_wconf 74' lang='lat' dir='ltr'><strong>lu-</strong></span> 
     </span>
    </p>
   </div>
   <div class='ocr_carea' id='block_1_119' title="bbox 2327 5769 3918 5843">
    <p class='ocr_par' dir='ltr' id='par_1_119' title="bbox 2327 5769 3918 5843">
     <span class='ocr_line' id='line_1_120' title="bbox 2327 5769 3918 5843; baseline 0.003 -22"><span class='ocrx_word' id='word_1_896' title='bbox 2327 5769 2511 5843; x_wconf 82' lang='lat' dir='ltr'><strong>daico,</strong></span> <span class='ocrx_word' id='word_1_897' title='bbox 2543 5786 2663 5824; x_wconf 92' lang='lat' dir='ltr'><strong>eum</strong></span> <span class='ocrx_word' id='word_1_898' title='bbox 2696 5771 2895 5843; x_wconf 80' lang='lat' dir='ltr'><strong>habere</strong></span> <span class='ocrx_word' id='word_1_899' title='bbox 2931 5771 3325 5825; x_wconf 61' lang='lat' dir='ltr'><strong>aemulationem</strong></span> <span class='ocrx_word' id='word_1_900' title='bbox 3359 5773 3448 5825; x_wconf 89' lang='lat' dir='ltr'><strong>Dei</strong></span> <span class='ocrx_word' id='word_1_901' title='bbox 3480 5769 3691 5840; x_wconf 71' lang='lat' dir='ltr'><strong>(Graece</strong></span> <span class='ocrx_word' id='word_1_902' title='bbox 3719 5772 3918 5843; x_wconf 59' lang='grc' dir='ltr'><strong>ζὴλονῇ,</strong></span> 
     </span>
    </p>
   </div>
   <div class='ocr_carea' id='block_1_120' title="bbox 2325 5841 3922 5913">
    <p class='ocr_par' dir='ltr' id='par_1_120' title="bbox 2325 5841 3922 5913">
     <span class='ocr_line' id='line_1_121' title="bbox 2325 5841 3922 5913; baseline 0.004 -21"><span class='ocrx_word' id='word_1_903' title='bbox 2325 5841 2418 5913; x_wconf 80' lang='lat' dir='ltr'><strong>sed</strong></span> <span class='ocrx_word' id='word_1_904' title='bbox 2452 5857 2558 5894; x_wconf 85' lang='lat' dir='ltr'><strong>non</strong></span> <span class='ocrx_word' id='word_1_905' title='bbox 2602 5841 2893 5913; x_wconf 81' lang='lat' dir='ltr'><strong>secundum</strong></span> <span class='ocrx_word' id='word_1_906' title='bbox 2940 5843 3248 5909; x_wconf 87' lang='lat' dir='ltr'><strong>scientiam;</strong></span> <span class='ocrx_word' id='word_1_907' title='bbox 3280 5843 3419 5913; x_wconf 90' lang='lat' dir='ltr'><strong>quod</strong></span> <span class='ocrx_word' id='word_1_908' title='bbox 3451 5857 3533 5896; x_wconf 73' lang='lat' dir='ltr'><strong>ess</strong></span> <span class='ocrx_word' id='word_1_909' title='bbox 3564 5844 3676 5896; x_wconf 76' lang='lat' dir='ltr'><strong>fere</strong></span> <span class='ocrx_word' id='word_1_910' title='bbox 3705 5841 3922 5912; x_wconf 78' lang='lat' dir='ltr'><strong>dicere,</strong></span> 
     </span>
    </p>
   </div>
   <div class='ocr_carea' id='block_1_121' title="bbox 2324 5910 3914 5991">
    <p class='ocr_par' dir='ltr' id='par_1_121' title="bbox 2324 5910 3914 5991">
     <span class='ocr_line' id='line_1_122' title="bbox 2324 5910 3914 5991; baseline 0.008 -30"><span class='ocrx_word' id='word_1_911' title='bbox 2324 5910 2944 5991; x_wconf 60' lang='lat' dir='ltr'><strong>zelunrapprehendisse</strong></span> <span class='ocrx_word' id='word_1_912' title='bbox 2985 5915 3238 5983; x_wconf 87' lang='lat' dir='ltr'><strong>p0pulum</strong></span> <span class='ocrx_word' id='word_1_913' title='bbox 3285 5910 3630 5979; x_wconf 77' lang='lat' dir='ltr'><strong>ineruditum,</strong></span> <span class='ocrx_word' id='word_1_914' title='bbox 3671 5915 3780 5972; x_wconf 83' lang='lat' dir='ltr'><strong>hoc</strong></span> <span class='ocrx_word' id='word_1_915' title='bbox 3807 5910 3914 5982; x_wconf 68' lang='lat' dir='ltr'><strong>est,</strong></span> 
     </span>
    </p>
   </div>
   <div class='ocr_carea' id='block_1_122' title="bbox 2327 5989 2875 6051">
    <p class='ocr_par' dir='ltr' id='par_1_122' title="bbox 2327 5989 2875 6051">
     <span class='ocr_line' id='line_1_123' title="bbox 2327 5989 2875 6051; baseline 0.002 -16"><span class='ocrx_word' id='word_1_916' title='bbox 2327 5989 2562 6036; x_wconf 68' lang='lat' dir='ltr'><strong>scientiae</strong></span> <span class='ocrx_word' id='word_1_917' title='bbox 2583 5989 2875 6051; x_wconf 83' lang='lat' dir='ltr'><strong>expertem.</strong></span> 
     </span>
    </p>
   </div>
  </div>
