4180 6484
283 418 378 475 58f

1207 406 1572 466 MORALIHM
1608 406 1737 465 LIB.
1780 405 1850 463 II.
1885 432 1958 451 —
1996 404 2063 462 IN
2113 406 2268 463 CAP.
2312 407 2335 462 Ι
2369 407 2432 462 Β.
2473 405 2616 462 JOB.

3443 395 3558 460 5κέ

277 532 344 590 de
363 514 666 600 semetipsis
679 534 790 583 tres
803 534 1008 582 turmas
1029 523 1462 595 faciunt,cumse
1481 526 1549 581 ad
1568 538 1870 600 proponen-
1891 523 1946 586 Δ
1971 528 2116 579 tator
2143 523 2294 580 colit.
2338 522 2542 580 Ventus
2588 530 2770 579 autem
2810 521 3111 579 vehemens
3141 519 3170 560 ι’
3198 519 3327 593 quid
3372 521 3557 590 aliud.

277 627 373 684 das
401 624 726 696 quaestiones
755 621 982 676 Domino
1003 619 1276 685 Pharisaei,
1329 619 1622 675 Herodiam
1649 629 1704 675 et
1728 619 1865 675 Sad—

277 717 447 774 titlch
467 716 781 772 diviserunt.
799 714 899 781 Qui
920 728 1021 768 ore
1031 712 1250 782 quidem
1266 712 1554 783 Sapientiae
1567 713 1690 769 victi
1708 719 1834 769 sunt
1847 730 1866 769 :

277 811 371 868 sed
397 810 523 882 quia
549 808 741 862 stultos
753 806 1020 876 quosdam
1037 813 1161 876 post
1181 821 1242 860 se
1263 821 1360 862 eos
1386 805 1614 862 traxisse
1641 806 1874 862 creden-

276 904 404 960 dum
431 911 534 970 est,
561 897 717 954 factis
737 899 925 953 turmis
947 898 1186 953 camelos
1205 897 1461 952 tulerunt.
1489 895 1866 968 Unusquisque

277 1007 511 1062 namque
549 1006 736 1046 eorum
767 989 901 1045 ordo
930 990 984 1044 in
1025 1005 1190 1059 prava
1219 1003 1339 1059 quae
1375 988 1571 1060 sapuit,
1603 989 1868 1060 insipien—

190 1137 195 1142 .
275 1087 410 1141 tium
441 1083 604 1139 corda
633 1083 901 1153 corrupit;
933 1091 990 1138 et
1016 1083 1142 1137 dum
1170 1082 1549 1152 persuadendo
1577 1083 1644 1138 ad
1673 1084 1864 1141 interi-

274 1183 388 1229 tum
418 1173 712 1245 pertraxit,
743 1173 896 1244 quasi
927 1181 1198 1228 tortuosas
1224 1182 1434 1228 mentes
1475 1174 1866 1232 inﬁrmantium

273 1269 344 1322 ad
371 1268 731 1338 captivitatem
753 1266 921 1321 duxit.
956 1267 1288 1323 Prasdicante
1313 1267 1511 1339 quippe
1539 1269 1592 1324 in
1619 1270 1862 1326 Samaria

274 1358 533 1424 Domino,
567 1358 722 1412 multi
762 1374 828 1412 ex
859 1357 1211 1412 Samaritanis
1240 1356 1455 1414 fuerunt
1481 1360 1536 1414 in
1564 1360 1866 1430 possessio-

275 1467 397 1509 nem
420 1451 660 1520 ejusdem
684 1451 1060 1523 Redemptoris
1083 1453 1253 1508 nostri
1281 1453 1456 1510 asciti.
1485 1453 1594 1509 Sed
1619 1456 1864 1525 nunquid

274 1543 307 1598 ii
335 1543 424 1611 qui
448 1559 546 1612 pro
568 1552 775 1613 septem
802 1543 934 1599 viris
955 1545 1114 1600 unius
1140 1545 1382 1600 mulieris
1406 1547 1649 1615 mortuis,
1679 1549 1746 1602 de
1773 1565 1864 1604 re-

271 1635 624 1690 surrectionis
667 1636 1048 1706 desperatione
1075 1637 1360 1692 Dominum
1401 1646 1610 1694 tentant
1640 1639 1856 1710 (Matth.

272 1742 405 1795 xm,
435 1727 546 1798 25),
577 1743 918 1798 nequaquam
947 1729 1126 1784 conati
1155 1736 1282 1782 sunt
1309 1728 1596 1785 credentes
1622 1729 1864 1785 Samari-

273 1825 428 1872 tanos
454 1833 486 1872 a
517 1818 620 1873 fide
662 1818 940 1883 reducere,
982 1833 1120 1888 quos
1145 1827 1362 1875 constat
1395 1835 1548 1891 spem
1585 1837 1832 1877 resurrec

1970 631 2133 686 quam
2180 617 2411 672 tentatio
2457 615 2610 671 fortis
2649 615 2949 686 accipitur?
2973 614 3179 671 Ventus
3211 628 3344 686 ergo.
3379 615 3558 672 vehe-

1967 725 2122 766 mens
2167 727 2200 766 a
2227 712 2448 780 regione
2476 711 2674 766 deserti
2705 711 2888 777 irruit;
2927 710 3052 780 quia
3081 710 3140 764 in
3163 709 3414 780 passione
3442 708 3557 766 Re-

1967 801 2261 874 demptoris
2291 804 2458 858 nostri
2487 811 2677 858 contra
2717 802 2902 858 ﬁdeles
2922 802 3060 872 ejus,
3086 801 3241 858 hirtis
3268 803 3498 859 tentatio
3517 819 3556 860 δ

1966 897 2216 953 cordibus
2233 896 2537 953 Judteorum
2557 897 2724 952 venit.
2753 895 2940 952 Potest
2959 898 3124 953 etiam
3149 897 3352 952 deserti
3374 897 3556 966 regio,

1965 986 2220 1044 derelicta
2264 988 2660 1046 immundorum
2699 979 2984 1060 spirituum
3014 990 3299 1046 multitudo
3329 1006 3438 1045 non
3467 990 3554 1044 iu-

1966 1083 2350 1139 convenienter
2377 1085 2619 1154 intelligi.
2648 1086 2690 1139 A
2722 1100 2826 1155 qua
2847 1093 3042 1141 ventus
3059 1087 3223 1153 venit,
3253 1092 3310 1142 et
3330 1085 3554 1141 domum

1965 1175 2228 1243 concutit,
2259 1178 2382 1248 quia
2415 1179 2482 1234 ab
2503 1181 2612 1250 60
2640 1181 2718 1236 eis
2739 1178 2971 1235 tentatio
2988 1178 3205 1250 prodiit,
3225 1189 3280 1236 et
3294 1193 3554 1251 persecu-

1965 1276 2142 1322 tornm
2168 1269 2332 1325 corda
2358 1272 2668 1327 commovit.

2041 1383 2128 1439 54.
2152 1385 2285 1458 Ejus
2308 1387 2491 1442 domus
2520 1405 2710 1455 eversa,
2737 1398 2810 1444 est
2834 1404 3119 1460 synagoga,
3142 1395 3364 1457 quatuor
3385 1405 3552 1460 angu-

1961 1477 2048 1542 lis,
2090 1477 2188 1532 hoc
2217 1488 2296 1532 est
2324 1491 2544 1550 quatuor
2573 1479 2841 1535 ordinibus
2881 1482 3145 1534 concussis
3174 1481 3363 1534 diruta.
3403 1478 3556 1535 Unde

1961 1575 2008 1622 et
2038 1569 2272 1636 Oppressi
2291 1568 2672 1625 liberi.——Sed
2701 1571 2814 1627 haec
2843 1570 3057 1639 domus,
3088 1571 3141 1625 in
3163 1586 3265 1640 qua
3298 1571 3554 1625 conviva-

1960 1661 2154 1716 bantur
2181 1662 2292 1730 lilii,
2350 1675 2372 1703 ο
2405 1666 2458 1719 in
2489 1675 2720 1734 quatuor
2765 1666 2972 1733 angulis
3000 1666 3196 1720 stabat.
3247 1665 3381 1722 Tres
3410 1667 3554 1722 enim

1961 1755 2262 1822 regentium
2292 1756 2510 1812 ordines
2541 1758 2592 1811 in
2620 1771 2894 1830 synagoga
2918 1759 3284 1828 cognovimus,
3309 1758 3556 1814 sacerdos

1963 1851 2073 1898 tum
2101 1847 2324 1910 scilicet,
2357 1850 2657 1904 scribarum
2684 1860 2847 1920 atque
2893 1851 3166 1907 seniorum
3197 1851 3400 1921 populi.
3427 1850 3555 1919 Qui-

271 1910 432 1966 ίίοηίδ
458 1911 743 2011 ignorare?
768 1910 872 1978 Qui
894 1912 1020 1966 dum
1042 1913 1252 2002 “1°39
1283 1915 1540 1968 ¹¹⁰¹³⁵⁵¹¹¹¹²
1572 1915 1858 1984 ι’θοίΡίυηίν
1891 1919 1940 1980 Β
1965 1936 2065 1991 bus
2111 1939 2153 1990 si
2183 1948 2236 1991 et
2265 1937 2564 1995 Phariszcos
2593 1910 2890 2010 iungimus,
2923 1954 3156 2011 quatuor
3181 1910 3234 1996 in
3265 1910 3368 1997 hae
3391 1910 3556 1998 ἀδωο

270 2003 527 2058 nonnulla
556 2011 931 2068 contemnunt,
961 2005 1117 2072 quasi
1145 1998 1474 2060 camelorum
1505 2021 1678 2072 more,
1709 2008 1860 2063 velut

243 2089 530 2149 ‘mnn'dnm
557 2095 756 2148 animal
783 2095 1076 2161 ruminant,
1107 2096 1202 2150 sed
1240 2104 1300 2150 ut
1325 2096 1657 2153 immundum
1686 2114 1862 2169 ungu-

269 2185 374 2242 lam
403 2201 743 2257 nequaquam
775 2186 1003 2241 ﬁndunt.
1048 2186 1306 2254 Quamvis
1333 2197 1389 2243 et
1413 2204 1510 2244 eos
1544 2191 1742 2245 cameli
1766 2207 1857 2246 ru—

268 2281 553 2346 militantes,
571 2279 665 2334 sed
690 2289 870 2334 tamen
899 2282 1153 2351 ungulam
1179 2297 1289 2336 non
1312 2281 1590 2346 lindentes,
1618 2283 1860 2339 indicant

268 2371 355 2442 qui
384 2371 437 2425 in
458 2368 643 2425 Iudaea
660 2370 812 2439 juxta
845 2370 1098 2436 litteram,
1127 2371 1408 2426 historiam
1438 2372 1738 2438 audierant,
1762 2373 1858 2428 sed

269 2466 520 2519 virtutem
547 2463 662 2534 ejus
686 2464 998 2519 discernere
1020 2465 1334 2533 spiritaliter
1352 2464 1686 2520 nesciebant.
1709 2465 1857 2531 Quos

270 2559 435 2613 tribus
463 2558 654 2612 turmis
684 2555 919 2612 Chaldaei
949 2557 1195 2627 rapiunt;
1221 2557 1350 2611 dum
1379 2557 1652 2624 Pharismi,
1674 2556 1860 2614 Hero-

271 2651 406 2706 diani
430 2648 790 2705 et-Sadduczei
819 2650 890 2704 ab
930 2650 1080 2704 omni
1105 2666 1297 2706 sensus
1326 2649 1648 2705 rectitudine
1674 2651 1856 2720 iniqua

270 2743 612 2814 persuasione
659 2749 990 2812 pervertunt.
1023 2741 1303 2811 Simulque
1332 2757 1530 2812 pueros
1555 2742 1734 2811 gladio
1772 2743 1856 2798 fe-

271 2837 428 2901 riunt,
473 2835 599 2904 quia
630 2833 730 2890 etsi
759 2834 853 2903 qui
883 2834 939 2888 in
970 2833 1168 2904 populo
1204 2835 1282 2888 uti
1308 2833 1420 2903 jam
1447 2835 1662 2889 ratione
1699 2843 1855 2904 pote-

271 2939 415 2994 rant,
461 2929 540 2984 eis
581 2928 684 2998 ipsi
730 2944 840 2983 non
884 2929 1088 2984 virtute
1133 2929 1392 2994 rationis,
1441 2930 1536 2985 sed
1574 2932 1858 3001 potestatis

270 3020 586 3079 auctoritate
606 3020 953 3076 eontraibant
973 3037 986 3088 ;
1014 3021 1250 3091 titulique
1275 3037 1336 3076 se
1356 3022 1514 3093 quasi
1539 3023 1858 3093 przepositos

269 3115 468 3170 imitari
496 3131 529 3171 a
571 3114 797 3171 subditis
826 3113 1034 3182 volunt,
1067 3115 1167 3171 etsi
1215 3115 1515 3185 intelligere
1543 3116 1743 3187 aliquid
1771 3131 1860 3171 se-

270 3217 491 3278 quentes
515 3217 762 3281 possunt,
791 3223 859 3265 ex
888 3209 1213 3266 auctoritate
1240 3224 1420 3265 tamen
1449 3210 1685 3280 suscepti
1712 3210 1854 3277 regi-
1917 3212 1920 3214 ⁷

1961 2027 2186 2093 angulos
2226 2027 2548 2084 invenimus.
2585 2031 2631 2084 A
2671 2032 2894 2100 regione
2923 2033 3086 2100 igitur
3129 2033 3327 2089 deserti
3363 2045 3555 2090 ventus

1959 2118 2124 2184 venit,
2158 2127 2211 2173 et
2240 2129 2476 2188 quatuor
2515 2122 2710 2178 domus
2753 2125 2979 2194 angulos
3017 2125 3275 2189 concutit,
3315 2127 3440 2196 quia
3485 2127 3556 2182 ab

1958 2211 2247 2267 immundis
2273 2214 2548 2283 spiritibus
2570 2217 2797 2272 tentatio
2822 2218 2998 2287 irruit,
3015 2228 3069 2274 et
3090 2227 3298 2274 mentes
3323 2227 3564 2288 quatuor

1960 2304 2208 2358 ordinum
2231 2346 2247 2370 ,
2278 2305 2330 2358 in
2382 2307 2640 2361 malitiam
2681 2309 3072 2376 persecutionis
3116 2309 3391 2365 excitavit.
3421 2309 3554 2376 Qua!

1959 2394 2150 2450 domus
2179 2412 2454 2464 corruens,
2489 2399 2760 2468 oppressit
2798 2399 3016 2466 liberos,
3047 2401 3172 2470 quia
3215 2401 3341 2455 dmn
3370 2401 3552 2459 Judtea

1958 2485 2013 2539 in
2041 2487 2416 2544 crudelitatem
2448 2491 2740 2547 Dominicac
2767 2493 3154 2563 persecutionis
3179 2493 3394 2563 cecidit,
3421 2510 3554 2566 apo-

1959 2580 2221 2635 stolorum
2244 2578 2402 2635 ﬁdem
2426 2582 2818 2651 desperationis
2835 2583 3116 2638 formidine
3132 2584 3332 2640 obruit.
3356 2584 3557 2641 Teucri

1959 2671 2101 2725 enim
2134 2672 2510 2728 tantummodo
2548 2676 2862 2742 magistrum
2910 2675 3192 2739 viderunt,
3225 2684 3282 2731 et
3316 2676 3428 2746 jam
3456 2693 3552 2733 ne-

1958 2771 2147 2831 gantes
2187 2781 2282 2834 per
2327 2765 2540 2821 diversa
2585 2765 2878 2836 fugiebant.
2930 2766 2999 2823 Et
3043 2768 3288 2837 quamvis
3341 2778 3552 2825 interna

1958 2873 2152 2914 manus
2177 2875 2365 2914 eorum
2405 2861 2654 2930 spiritum
2685 2862 2738 2915 in
2779 2861 3124 2931 prtescientia
3174 2861 3242 2917 ad
3267 2863 3433 2918 vitam
3464 2871 3550 2918 te-

1959 2951 2104 3014 nuit,
2137 2966 2169 3004 a
2198 2953 2306 3004 vita
2358 2961 2535 3008 tamen
2567 2952 2690 3008 ﬁdei
2732 2969 2827 3009 eos
2854 2953 3070 3009 interim
3117 2954 3348 3010 carnalis
3389 2954 3550 3009 timor

1957 3045 2236 3098 exstinxit.
2267 3045 2366 3110 Qui
2396 3059 2525 3114 ergo
2556 3054 2828 3100 auctorem
2855 3060 3030 3111 suum,
3060 3043 3244 3100 Judaaa
3273 3045 3549 3112 stevieute,

1958 3139 2319 3207 reliquerunt,
2371 3141 2526 3208 quasi
2575 3141 2854 3195 concussis
2896 3140 3106 3209 angulis
3147 3140 3309 3195 domo
3359 3145 3548 3194 eversa

1959 3233 2131 3287 necati
2159 3240 2303 3286 sunt.
2335 3231 2472 3299 Quid
2503 3241 2682 3287 autem
2711 3225 2804 3288 illo
2833 3241 3080 3303 tempore
3109 3233 3176 3288 de
3216 3247 3380 3303 grege
3418 3229 3550 3286 ﬁdeh

269 3303 426 3356 minis
453 3317 549 3358 eos
577 3303 644 3357 ad
691 3302 986 3373 perniciem
1031 3303 1374 3371 pertrahunt.
1409 3305 1448 3356 A
1478 3304 1673 3372 quibus
1718 3304 1860 3360 bene

1967 3321 2091 3376 lium
2119 3323 2317 3378 factum
2339 3323 2626 3388 credimus,
2652 3339 2762 3393 quo
2782 3302 2980 3394 fugisse
3001 3324 3146 3394 ipsos
3169 3302 3330 3379 etiam
3353 3325 3550 3380 arietes

265 3395 413 3451 solus
441 3411 574 3465 puer
601 3396 694 3466 qui
720 3396 935 3450 nuntiet
971 3393 1104 3466 fugit
1129 3413 1146 3449 :
1173 3396 1299 3480 quia
1330 3394 1632 3463 Pharisaeis,
1675 3394 1848 3451 Hero-

1954 3415 2199 3470 scimus?
2225 3415 2332 3471 Sed
2361 3417 2502 3471 inter
2529 3417 2644 3472 haec
2669 3433 2805 3473 unus
2833 3418 2925 3488 qui
2954 3418 3164 3473 nuntiet
3190 3416 3391 3486 evadit,
3423 3417 3548 3488 quia

268 3488 467 3557 dlauis,
526 3497 688 3558 atque
742 3488 1049 3544 Sadduaeis
1096 3488 1277 3558 iniqua
1329 3489 1700 3559 patrantibus,
1755 3504 1852 3544 eos

1962 3510 2294 3565 convaluisse
2337 3510 2606 3578 scfsermo
2649 3509 3014 3580 propheticus,
3063 3512 3155 3580 qui
3183 3511 3300 3566 hac
3341 3510 3552 3566 denun-

268 3581 517 3635 nimirum
534 3582 787 3637 deserens
806 3581 1160 3652 propheticus
1178 3597 1358 3636 sermo
1382 3581 1731 3647 convalescit,
1759 3581 1854 3649 qui

1962 3601 2216 3670 liaverat,
2265 3601 2530 3668 ostendit,
2575 3603 2761 3656 dicens
2805 3603 2874 3656 de
2910 3611 3260 3673 persecutore
3303 3602 3549 3672 populo:

267 3673 340 3726 ait
373 3691 385 3726 :
419 3672 491 3727 Et
518 3682 745 3731 tenentes
769 3674 931 3747 legem
952 3675 1243 3729 nescierunt
1271 3692 1352 3730 me
1377 3674 1510 3745 (Jer.
1540 3691 1579 3731 tt
1600 3718 1616 3743 ,
1645 3673 1725 3746 8).
1755 3674 1853 3730 Se-

266 3767 482 3834 quitur:

368 3876 598 3933 CAPUT
627 3876 846 3933 XXXIII
872 3878 1019 3953 [Vet.
1051 3878 1338 3945 XXVIII,
1377 3879 1502 3933 Rec.
1533 3876 1717 3948 XXI].

339 3996 504 4050 Vnus.
542 3993 626 4072 i8.
671 3993 756 4049 19.
783 4027 856 4036 -
884 4003 910 4032 ⁸
946 3993 1272 4067 Loquebatur
1311 3994 1431 4057 ille,
1470 4002 1518 4046 et
1566 4009 1680 4045 ecce
1723 3992 1856 4046 alius

267 4090 499 4153 intravit,
530 4097 576 4143 et
616 4087 749 4144 dixit
778 4107 792 4141 :
827 4088 873 4142 F
878 4089 980 4144 iliis
1014 4089 1116 4142 tuis
1159 4096 1208 4142 et
1235 4085 1442 4157 ﬁliabus
1472 4082 1782 4140 eescentibus
1809 4091 1857 4138 et

269 4180 552 4236 bibentibus
579 4181 756 4236 vinum
792 4181 847 4234 in
873 4181 1027 4235 domo
1065 4179 1244 4250 fratris
1272 4179 1350 4232 sui
1389 4176 1740 4248 primogeniti,
1772 4191 1856 4228 re-

269 4283 419 4345 pente
446 4284 620 4329 ventus
645 4274 912 4330 uehemens
939 4276 1092 4331 irruit
1121 4291 1152 4327 a
1183 4275 1390 4344 regione
1419 4271 1628 4339 deserti,
1659 4278 1708 4324 et
1737 4285 1859 4323 con-

269 4369 429 4420 cussit
452 4375 669 4439 quatuor
695 4367 913 4438 angulos
953 4366 1154 4421 domus.
1185 4364 1315 4430 Qutc
1341 4380 1586 4420 corruens
1606 4360 1862 4433 oppressit

269 4457 462 4512 liberos
483 4467 615 4523 tuos,
639 4467 688 4514 et
717 4460 906 4514 mortui
927 4467 1066 4514 sunt.

345 4567 431 4624 55.
463 4568 716 4625 Iudaicus
744 4571 960 4642 populus
997 4571 1054 4625 in
1083 4571 1426 4642 primogenita
1453 4567 1554 4624 Job
1582 4568 1858 4640 ﬁguratus.

268 4691 345 4707 -—
374 4662 541 4720 Paulo
569 4671 694 4718 ante
718 4663 831 4733 jam
857 4665 1090 4720 diximus
1109 4664 1254 4733 quod
1286 4665 1424 4720 filios
1453 4671 1509 4719 et
1539 4663 1692 4729 tilias,
1723 4677 1862 4733 pra:-

267 4755 520 4812 dicantes
537 4757 816 4825 apostolos
843 4766 898 4811 et
924 4756 1108 4826 plebes
1129 4756 1369 4812 subditas
1390 4757 1686 4813 sentiamus
1720 4773 1733 4810 :
1766 4756 1860 4825 qui

270 4847 328 4903 in
347 4847 506 4902 domo
533 4847 712 4903 fratris
733 4849 1076 4919 primogeniti
1095 4850 1368 4904 convivari
1395 4849 1718 4911 referuntur,
1733 4850 1858 4920 quia

272 4941 328 4994 in
364 4939 694 4996 habitatione
725 4939 900 4996 adhuc
939 4939 1144 4995 Judaiei
1189 4941 1373 5010 populi
1411 4955 1579 4996 sacrae
1604 4941 1861 5009 praedica-

273 5033 440 5098 tionis
468 5031 674 5089 deliciis
703 5033 1080 5090 vescebantur.
1126 5030 1356 5102 Repente
1383 5041 1552 5086 autem
1593 5033 1859 5088 vehemens

273 5134 451 5180 ventus
492 5126 645 5180 irruit
674 5143 706 5179 α
735 5129 943 5198 regione
982 5124 1186 5179 deserti.
1229 5123 1398 5193 Regio
1425 5123 1622 5179 deserti
1655 5131 1738 5178 est
1766 5138 1862 5177 cor

277 5219 590 5286 infidelium,
614 5219 758 5290 quod
781 5220 910 5276 dum
937 5219 1165 5276 Greater
1189 5217 1410 5284 deserit,
1443 5217 1619 5271 nullus
1649 5215 1859 5270 inhabi-

409 5393 545 5450 Editi
573 5396 660 5451 hic
684 5405 739 5449 et
766 5395 920 5460 infra,
953 5395 1122 5449 adhuc
1147 5393 1467 5467 loquebatur,
1498 5408 1620 5448 cum
1649 5391 1702 5446 in
1733 5389 1860 5446 Mss.

278 5467 594 5546 simpliciter
623 5467 882 5546 legamus,
908 5467 1226 5546 loquebatur.
1351 5537 1361 5546 _
1544 5536 1554 5546 ι
1698 5534 1709 5546 ⁸
1851 5536 1862 5546 ⁸

351 5534 458 5593 1³⁷111
484 5537 610 5662 Ly;
637 5546 692 5593 et
715 5539 888 5608 Bigot.
916 5534 1000 5592 hic
1022 5539 1253 5604 additur,
1279 5537 1364 5608 qui
1393 5554 1424 5590 α
1444 5536 1653 5606 regione
1675 5534 1863 5589 deserti

283 5612 451 5662 irruit.
476 5613 560 5662 aui
605 5651 617 5662 .

276 5620 451 5673 irruit,
476 5620 617 5673 quid.

276 5627 432 5666 ινΓιιιῑ
511 5627 617 5664 ιιια.

193 5735 202 5742 ε
357 5693 376 5716 ο
413 5627 539 5734 ᾖξε.
590 5680 806 5744 Norm.,
839 5678 1092 5734 German.
1115 5724 1131 5748 ,
1170 5697 1308 5734 unus
1337 5677 1546 5748 Remig.
1581 5679 1698 5734 Val.
1744 5677 1784 5733 C

281 5767 535 5808 concussa
564 5753 753 5806 dicitur
779 5753 833 5805 in
861 5761 1077 5823 quatuor
1107 5752 1330 5823 angulis.
1367 5749 1510 5803 Tres.
1538 5751 1755 5808 Stamus
1782 5749 1868 5806 ri!-

283 5833 454 5892 cepta:
484 5824 634 5887 Iect.,
665 5839 785 5892 quae
815 5833 897 5876 est
924 5822 1182 5876 Codicum
1214 5822 1512 5876 meliorttm.

356 5896 381 5932 ἀ
414 5894 562 5978 hy!”
596 5895 794 5962 Bigot.,
828 5893 1679 5978 Uitic.,.et'dispergenturgreges,

362 5977 386 6005 ε
416 5963 578 6031 Editi,
608 5976 838 6036 excepto
867 5964 1130 6032 Bartbol.,
1163 5964 1216 6018 in
1238 5980 1424 6034 pavore
1450 5963 1654 6042 ηὶονῖὶσ.
1678 5973 1871 6036 MeIiUS

1889 4708 1944 4768 D

1953 3695 2187 3750 Dilectus
2219 3712 2360 3750 meus
2383 3696 2440 3748 in
2460 3695 2613 3749 domo
2641 3711 2757 3748 mea
2779 3696 2901 3766 fecit
2925 3695 3120 3749 scelera
3146 3694 3310 3748 multa
3330 3693 3548 3766 (Jerern.

1957 3804 2032 3852 χι,
2067 3785 2193 3854 -15);
2233 3787 2417 3842 dicens
2447 3787 2514 3840 de
2560 3786 2718 3840 bonis
2744 3786 3206 3854 praedicatoribus,
3245 3785 3342 3840 sed
3369 3793 3553 3840 tamen

1960 3877 2012 3933 in
2041 3877 2292 3947 passione
2320 3877 2644 3944 fugientibus
2677 3895 2690 3930 :
2740 3876 2978 3930 Proximi
3006 3878 3106 3929 mei
3143 3893 3175 3929 a
3213 3878 3366 3948 longe
3401 3882 3554 3930 stete-

1957 3981 2076 4022 runt
2111 3967 2282 4039 (Psal.
2317 3983 2521 4032 xxxvn,
2559 3967 2678 4033 12);
2711 3968 2895 4022 dicens
2925 3967 2993 4021 de
3020 3967 3233 4023 cunctis
3260 3966 3418 4022 valde
3444 3965 3554 4022 for-

1958 4061 2285 4115 midantibus
2319 4079 2330 4113 :
2384 4059 2677 4114 Percutium
2707 4070 2996 4131 pastorem,
3043 4069 3093 4116 et
3136 4058 3162 4097 ἀ
3194 4063 3556 4132 dispergentttr

1961 4171 2076 4208 oves
2115 4154 2282 4226 gregis
2315 4151 2502 4224 (Zach.
2547 4169 2661 4219 xm,
2695 4153 2756 4218 7;
2811 4151 3002 4207 Matth.
3035 4169 3184 4221 XXVI,
3215 4152 3329 4224 51).
3361 4150 3554 4223 Sequi-

1961 4255 2049 4301 tur
2076 4265 2086 4299 :

2083 4356 2314 4413 CAPUT
2340 4357 2552 4413 XXXIV
2598 4357 2709 4413 Vel.
2743 4354 2959 4434 [XXIX
2984 4397 2999 4423 ,
3039 4309 3163 4412 Iiec.
3206 4355 3423 4430 XXII].

2034 4475 2198 4530 Vsus.
2231 4473 2320 4530 20.
2343 4504 2415 4516 —-~
2435 4474 2579 4530 Tum:
2598 4476 2825 4531 surrexit
2848 4475 2878 4530 J
2886 4472 2974 4542 ob,
2997 4482 3048 4530 et
3075 4473 3229 4530 scidit
3255 4473 3555 4528 vestimenta

1964 4586 2080 4625 sua.

2035 4659 2126 4717 55.
2153 4659 2251 4716 Job
2278 4676 2492 4732 surgens
2521 4668 2571 4715 et
2598 4668 2788 4718 vestem
2810 4659 3053 4716 scindens
3080 4656 3339 4712 Christum
3371 4655 3554 4710 adum-

1967 4753 2099 4808 brat.
2131 4783 2199 4794 —
2242 4752 2454 4808 Ruente
2484 4751 2648 4808 domo
2690 4750 2970 4807 exstinctis
2998 4748 3140 4814 liliis,
3168 4745 3274 4805 Job
3298 4747 3552 4816 surrexit,

1966 4848 2091 4917 quia
2111 4845 2292 4900 Judzea
2337 4845 2392 4899 in
2419 4842 2734 4898 infidelitate
2757 4841 2995 4912 perdita,
3040 4838 3480 4912 prmdicatoribus
3502 4840 3555 4895 in

1971 4953 1993 4977 υ
2024 4939 2241 5011 pavoris
2279 4945 2454 4993 morte
2483 4935 2814 5001 cadentibus,
2847 4933 3176 5004 Redemptor
3205 4934 3422 4990 humani
3464 4949 3555 5004 ge-

1967 5033 2114 5088 neris
2149 5030 2165 5069 ῖ
2216 5030 2565 5100 semetipsum
2607 5045 2639 5084 a
2671 5029 2850 5085 carnis
2873 5043 2986 5086 sum
3029 5036 3205 5084 morte
3241 5029 3554 5088 suscitavit;

1969 5133 2172 5196 quanto
2205 5123 2407 5194 judicio
2451 5131 2826 5194 persecutores
2870 5136 2996 5177 suos
3035 5121 3305 5187 deseruit,
3333 5120 3555 5176 demon-

1969 5219 2176 5274 stravit.
2211 5217 2444 5285 Surgere
2464 5213 2663 5286 quippe
2692 5212 2809 5284 ejus
2829 5221 2913 5270 est
2936 5228 3041 5285 qua
3069 5213 3407 5274 districtione
3429 5228 3555 5287 pec-

1971 5395 2188 5460 Rhem.,
2216 5391 2450 5468 B_emig.,_
2473 5390 2627 5458 Cor.,
2656 5390 2863 5458 Germ.,
2909 5387 3260 5468 1·ε.ᾟιιᾴ‹ις.,Δ
3291 5384 3414 5468 γε.
3445 5383 3552 5452 CL,

1968 5482 2102 5537 quos
2118 5457 2409 5535 sequimur,
2433 5464 2489 5517 in
2511 5457 2715 5534 paveris
2734 5457 2917 5518 morte.
2943 5459 3088 5516 Utie.
3108 5457 3270 5514 Iuba
3291 5457 3353 5510 in
3369 5469 3564 5526 pum

1969 5539 2170 5593 mortis.

2048 5609 2064 5646 τ
2098 5608 2212 5662 Duo
2254 5607 2469 5669 Rhem..
2499 5607 2552 5671 1,
2585 5605 2818 5674 Βθιτιίε..
2857 5603 3048 5668 Corb.,
3088 5599 3299 5674 Gem”
3344 5597 3554 5674 μοι-ιιι..

1969 5681 2088 5734 Val.
2120 5680 2224 5745 CL,
2258 5679 2470 5732 omissis
2511 5669 2593 5732 his
2623 5669 2820 5739 verbis,
2851 5676 2928 5729 sic
2959 5673 3160 5726 habent
3192 5689 3205 5723 :
3241 5669 3555 5745 Redemtor

1972 5753 2183 5805 humani
2215 5742 2440 5822 generis,
2481 5759 2691 5824 quanto_
2697 5749 2896 5824 judicio
2924 5760 3044 5798 suos
3079 5751 3434 5824 persecutores
3463 5742 3556 5824 der

1972 5824 2206 5887 seruerit,
2225 5818 2623 5875 'tlemonstracit.
2674 5818 2729 5872 In
2762 5818 2941 5880 Colb.,
2968 5829 3117 5887 post,
3155 5818 3445 5887 suscitauit,
3475 5821 3555 5866 at-

1973 5885 2202 5958 texitur,
2222 5894 2296 5946 vel
2317 5902 2451 5946 certe
2477 5891 2777 5954 resurrexit,
2799 5886 3006 5958 quando
3020 5885 3245 5955 judicio,
3273 5893 3404 5952 etc.,
3435 5899 3560 5955 qua:

1975 5980 2074 6037 pro
2103 5957 2422 6036 glossemate
2452 5963 2637 6018 haberi
2661 5957 2896 6017 fortasse
2919 5957 3139 6014 debent.
