4180 6520
636 422 746 483 583

1842 420 2084 478 SANCTl
2124 418 2309 477 GREG
2322 413 2463 476 ORIl
2497 413 2712 473 MAGNI

3774 409 3887 469 εει

633 545 849 595 calores
874 534 1213 606 derelinquat
1256 533 1573 601 ostendere.
1606 544 1633 573 ⁸
1681 533 1835 604 quasi
1864 534 2004 590 enim
2030 532 2213 603 iacere
2242 535 2291 597 A
2308 540 2551 603 abstulit,
2580 538 2647 594 ad
2671 535 2917 593 notitiam
2938 495 3181 605 gentium
3205 495 3376 588 venit.
3404 526 3646 600 Capillos
3666 527 3812 583 enim
3849 542 3885 583 a

632 630 751 699 ejus
778 635 863 685 est
906 628 1175 700 patienter
1207 626 1349 681 mala
1392 625 1646 681 tolerare.
1677 624 1860 695 Surgit
1910 638 2065 693 ergo,
2094 638 2218 679 cum

2308 633 2485 704 capite
2507 634 2669 698 rasit,
2692 632 2817 702 quia
2834 637 3171 687 sacramenta
3197 627 3332 697 legis
3347 626 3414 681 ab
3452 625 3545 681 illo
3574 625 3751 696 primo
3779 638 3885 679 suo

632 730 824 778 contra
871 720 1131 792 reprobos
1175 718 1437 790 judicium
1478 719 1701 789 justitia:
1746 724 1938 774 exerit.
1970 714 2125 772 Unde
2168 724 2209 770 el

2311 727 2611 785 sacerdotio
2640 726 2881 793 sustulit;
2908 732 2962 781 et
2995 724 3050 778 in
3083 730 3284 777 terram
3329 718 3551 783 corruit,
3596 717 3729 787 quia
3774 715 3888 773 sal-

632 820 784 871 recte
810 812 1132 869 vestimenta
1174 810 1399 867 scidisse
1426 810 1756 880 perhibetur.
1788 806 1925 875 Quid
1953 806 2097 862 enim
2128 820 2221 860 ve-

633 906 946 963 stimentum
990 902 1204 960 Domini
1230 902 1334 959 nisi
1363 901 1646 974 Synagoga
1690 901 1915 966 exstitit,
1944 914 2063 970 quae
2088 913 2220 970 pro-

633 998 812 1070 phetis
836 995 1250 1067 praedicantibus
1276 992 1640 1065 expectationi
1669 991 2054 1048 incarnationis
2080 990 2221 1045 illius

636 1089 899 1147 adhaesit?
926 1090 1078 1145 Sicut
1097 1090 1242 1145 enim
1270 1087 1354 1145 his
1376 1103 1521 1143 nunc
1549 1086 1795 1151 vestitur,
1827 1100 1855 1139 a
1881 1084 2076 1153 quibus
2103 1082 2223 1137 dili-

634 1180 797 1251 gitur,
826 1181 993 1235 Paulo
1020 1187 1315 1236 attestante
1341 1179 1433 1250 qui
1464 1179 1539 1233 ait
1563 1197 1575 1232 :
1613 1178 1680 1234 Ut
1710 1178 1971 1232 exhiberet
1998 1175 2096 1230 sibi
2118 1174 2224 1245 gla-

633 1274 830 1328 riosam
860 1271 1172 1339 Ecclesiam,
1202 1288 1307 1327 non
1337 1271 1610 1325 habentem
1637 1269 1896 1324 maculam
1924 1276 2012 1320 aut
2038 1282 2223 1339 rugam

634 1364 855 1442 (Ephes.
901 1384 955 1431 v,
988 1366 1100 1440 27).
1134 1365 1265 1435 Qua:
1305 1366 1447 1421 enim
1478 1364 1745 1420 maculam
1776 1370 1870 1416 aut
1895 1374 2083 1430 rugam
2112 1374 2221 1413 non

633 1460 837 1516 habere
892 1459 1129 1529 dicitur,
1182 1458 1430 1529 profecto
1480 1457 1641 1513 vestis
1695 1453 1975 1509 rationalis
2023 1459 2079 1507 et
2126 1466 2262 1521 per-

633 1553 903 1609 a‘ctionem
933 1550 1153 1618 munda,
1185 1558 1240 1606 et
1285 1565 1382 1621 per
1410 1564 1560 1619 spem
1590 1556 1741 1603 tensa
1767 1550 2115 1601 monstratur.
2144 1540 2221 1597 Ita

632 1660 755 1702 cum
803 1644 1190 1701 incarnandum
1221 1658 1343 1699 eum
1372 1640 1554 1697 Iudaea
1584 1639 1853 1703 credidit,
1900 1633 2223 1692 adhaerendo

631 1737 982 1793 nihilominus
1010 1736 1175 1792 vestis
1204 1734 1323 1789 fuit.

701 1829 790 1884 56.
823 1829 1111 1901 Synagoga
1150 1827 1264 1899 ejus
1287 1828 1437 1883 vestis
1478 1826 1676 1895 scissa,
1706 1824 1824 1879 aliis
1867 1821 2219 1885 credentibus,

2309 819 2495 875 vandis
2534 834 2595 874 se
2621 814 2993 887 peccatoribus
3013 811 3198 877 dedit;
3252 809 3486 879 dumque
3515 820 3613 862 eos
3648 806 3740 875 qui
3778 804 3888 860 sibi

2308 910 2433 981 justi
2461 909 2779 965 videbantur
2826 905 3082 970 deseruit,
3112 903 3212 958 hos
3237 901 3332 971 qui
3359 915 3418 956 se
3447 898 3675 968 injustas
3700 905 3759 954 et
3782 912 3890 953 no-

2309 1010 2517 1068 verant,
2563 1009 2619 1057 et
2654 999 2979 1061 fatebantur.
3032 993 3335 1064 assumpsit.
3397 991 3536 1048 Hinc
3578 999 3637 1047 et
3672 991 3791 1062 ipse
3832 992 3889 1046 in

2291 1090 2601 1162 ~Evangelio
2630 1092 2757 1147 dicit
2786 1109 2799 1144 :
2827 1090 2942 1161 Ego
2967 1091 3021 1144 in
3054 1086 3313 1161 judicium
3337 1085 3453 1140 ueni
3475 1086 3531 1139 in
3561 1084 3698 1138 hunc
3724 1100 3887 1139 nsun-

2312 1180 2464 1249 dum,
2498 1191 2553 1236 ut
2601 1184 2688 1255 qui
2734 1199 2837 1238 non
2859 1182 3029 1237 vident
3065 1180 3290 1245 rideant,
3342 1186 3393 1233 et
3419 1178 3502 1251 qui
3552 1176 3724 1231 rident
3758 1177 3891 1232 ccci

2311 1273 2441 1344 ﬁant
2470 1274 2647 1345 (Joan.
2682 1289 2758 1337 lx,
2794 1272 2906 1343 ‘59).
2936 1272 3069 1327 Hinc
3105 1279 3161 1325 et
3186 1270 3437 1326 columna
3474 1268 3650 1333 nubis,
3681 1282 3803 1338 quae
3831 1268 3889 1324 in

2310 1379 2494 1421 eremo
2534 1366 2792 1437 populum
2828 1366 3051 1436 praeibat
3072 1362 3269 1434 (Exod.
3305 1377 3418 1418 xm.
3448 1360 3560 1431 21),
3594 1360 3892 1433 splendore

2322 1472 2460 1542 ignis
2486 1484 2594 1526 non
2622 1470 2677 1523 in
2696 1468 2805 1537 die,
2827 1468 2923 1525 sed
2941 1468 2996 1524 in
3014 1474 3177 1524 nocte
3194 1467 3458 1536 radiabat,
3481 1482 3605 1539 quia
3654 1466 3899 1523 videlice.

2318 1564 2633 1633 redemptor
2660 1569 2863 1627 noster,
2898 1576 3008 1617 sua:
3037 1560 3463 1617 conversationis
3486 1558 3758 1631 exemplo,
3810 1558 3897 1611 du~

2322 1665 2499 1714 catum
2528 1655 2876 1725 sequentibus
2925 1660 3205 1724 praestans,
3250 1650 3319 1707 de
3356 1651 3565 1722 iustitia
3606 1665 3706 1706 sua
3739 1647 3903 1704 conli-

2322 1747 2573 1804 dentibus
2591 1746 2737 1801 nulla
2757 1744 2879 1800 luce
2900 1744 3123 1812 claruit;
3150 1750 3507 1815 peccatorum
3532 1756 3663 1796 vero
3686 1754 3905 1795 suorum

2322 1840 2577 1896 tenebras
2624 1836 3062 1909 agnoscentibus,
3093 1835 3271 1904 ‘igne
3321 1833 3406 1889 sui
3432 1832 3632 1889 amoris
3683 1828 3907 1885 infulsit.

630 1929 749 1983 aliis
779 1944 885 1983 non
916 1924 1256 1981 credentibus.
1288 1958 1359 1968 --
1386 1922 1491 1979 Sed
1526 1922 1652 1993 quia
1680 1926 2022 1990 exspectatus
2049 1916 2218 1983 venit,
2251 1936 2297 1995 Β
2323 1930 2433 1987 Nec
2453 1930 2598 1999 quod
2617 1943 2869 1984 corruere
2894 1926 2997 1981 Job
3026 1926 3238 1993 dicitur,
3270 1924 3545 1994 indignum
3592 1937 3749 1978 mens
3804 1921 3909 1976 hoc

627 2021 850 2077 veniens
877 2035 1019 2075 nova
1048 2018 1248 2085 docuit,
1281 2017 1482 2072 docens
1508 2015 1643 2069 mira
1675 2012 1942 2079 exercuit,
1980 2010 2116 2065 mira
2142 2008 2220 2061 fa-

624 2112 776 2171 ciens
820 2126 986 2183 prava
1030 2109 1310 2177 toleravit;
1351 2116 1558 2165 vestem
1587 2121 1748 2176 quam
1790 2104 2007 2159 indutus
2046 2101 2222 2156 luerat

621 2206 803 2273 scidit,
835 2204 961 2259 dum
992 2204 1047 2258 in
1084 2203 1267 2258 Iudaea
1316 2202 1453 2257 alios
1498 2202 1565 2255 ab
1617 2197 1934 2254 inﬁdelitate
1976 2193 2216 2259 sustulit,

623 2294 653 2335 ι’
672 2296 809 2351 alios
825 2292 1214 2361 inlinlidelitate
1236 2292 1543 2359 dereliquit.
1576 2288 1715 2357 Quid
1745 2296 1830 2343 est
1856 2287 2017 2357 igitur
2052 2284 2218 2340 vestis

622 2402 813 2453 scrssa,
844 2391 948 2441 nisi
974 2384 1156 2439 Iudaea
1202 2385 1257 2437 in
1287 2382 1574 2439 contrariis
1601 2380 1886 2437 sententiis
1914 2378 2131 2435 divisa?
2159 2376 2216 2431 Si

622 2480 767 2536 enim
794 2477 960 2533 vestis
985 2476 1101 2546 ejus
1130 2476 1295 2531 scissa
1324 2490 1431 2530 non
1460 2481 1622 2539 esset,
1647 2471 1974 2541 evangelista
2001 2485 2108 2525 non
2136 2469 2217 2524 di-

621 2579 773 2630 ceret
816 2571 963 2641 quod
992 2569 1315 2639 praedicante
1353 2567 1583 2623 Domino
1614 2565 1890 2621 contentio
1942 2564 2216 2619 oriebatur

620 2667 677 2723 in
714 2665 951 2738 populo,
996 2663 1065 2719 Ut
1094 2664 1187 2719 alii
1225 2664 1473 2728 dicerent,
1520 2659 1697 2716 Bonus
1734 2667 1843 2722 est;
1869 2659 1961 2712 alii
2008 2666 2210 2723 autem,

619 2759 767 2828 Non,
801 2759 893 2816 sed
929 2758 1130 2814 seducit
1161 2755 1333 2811 turbas
1364 2753 1547 2827 (Joan.
1579 2770 1674 2824 vll,
1707 2752 1815 2824 12).
1850 2750 2014 2818 Quasi
2045 2750 2213 2805 scissa

618 2856 785 2913 vestis
811 2855 953 2910 illius
976 2853 1080 2907 luit
1105 2866 1225 2922 qua:
1253 2850 1420 2905 divisa
1448 2851 1553 2921 61
1588 2864 1685 2919 per
1712 2845 2009 2903 sententias
2038 2843 2205 2899 unita:

618 2956 727 3005 tem
754 2945 1057 3005 concordiae
1084 2944 1337 3018 perdidit.
1374 2954 1394 2980 ε
1423 2942 1682 3011 Sequitur
1715 2960 1727 2995 :

1183 3033 1414 3091 CAPUT
1445 3033 1680 3105 xxxv;

684 3133 814 3191 lnln.
844 3164 917 3178 -—
944 3130 1014 3186 Et
1042 3137 1192 3186 tonso
1231 3130 1399 3198 capite
1427 3142 1670 3183 corruens
1712 3126 1767 3180 in
1820 3134 2032 3193 terram,
2078 3125 2211 3180 ado-

615 3228 769 3282 ravit.

2324 2022 2719 2091 signiﬁcatione
2790 2018 3168 2089 Redemptoris
3239 2017 3553 2073 arbitretur.
3630 2014 3905 2083 Scriptum

2322 2127 2557 2183 namque
2578 2121 2699 2168 est:
2718 2110 2941 2167 Verbum
2965 2110 3107 2165 misit
3132 2108 3387 2164 Dominus
3414 2110 3470 2162 in
3488 2105 3675 2175 Iacob,
3702 2114 3751 2160 et
3781 2106 3909 2159 ceci-

2320 2208 2398 2261 dit
2425 2208 2480 2260 in
2502 2205 2671 2261 Israel
2694 2204 2854 2276 (Isai.
2880 2219 2955 2270 lx,
2977 2202 3059 2266 8).
3088 2200 3258 2257 Iacob
3279 2200 3480 2271 quippe
3504 2202 3907 2269 supplantator,

2320 2298 2482 2359 Israel
2508 2312 2638 2353 vero
2659 2295 2847 2351 videns
2871 2293 3042 2351 Deum
3065 2292 3280 2349 dicitur.
3336 2290 3406 2346 Et
3431 2289 3563 2362 quid
3591 2304 3691 2361 per
3718 2286 3909 2355 Iacob,

2319 2390 2421 2447 nisi
2442 2388 2696 2444 Iudaicus
2717 2387 2980 2458 populus;
3008 2384 3136 2456 quid
3153 2399 3249 2455 per
3268 2383 3433 2440 lsraél
3457 2382 3561 2439 nisi
3583 2382 3802 2453 gentilis
3824 2396 3911 2451 po-

2318 2483 2476 2555 pulus
2497 2481 2847 2551 designatur?
2878 2478 3013 2546 Quia
3037 2492 3198 2550 quem
3226 2475 3397 2533 Iacob
3426 2490 3523 2547 per
3553 2475 3737 2531 carnis
3764 2489 3911 2529 mor-

2319 2585 2430 2631 tem
2452 2574 2799 2647 supplantare
2826 2572 3048 2639 studuit,
3096 2572 3241 2627 hunc
3268 2569 3522 2625 nimirum
3572 2583 3672 2640 per
3723 2567 3910 2623 oculos

2316 2668 2441 2725 ﬁdei
2460 2669 2732 2740 gentilitas
2770 2668 2939 2723 Deum
2966 2666 3122 2722 vidit.
3170 2663 3253 2720 Ad
3289 2664 3458 2719 Iacob
3511 2676 3641 2732 ergo
3686 2662 3909 2717 missum

2315 2762 2562 2828 verbum,
2588 2761 2645 2815 in
2672 2759 2837 2815 lsraél
2868 2757 3084 2823 cecidit,
3127 2756 3254 2826 quia
3278 2770 3402 2810 eum
3433 2770 3595 2825 quem
3624 2753 3695 2808 ad
3723 2769 3784 2809 se
3812 2768 3911 2808 ve-

2315 2854 2555 2910 nientem
2602 2851 2861 2907 Iudaicus
2890 2849 3114 2921 respuit,
3166 2848 3314 2904 hunc
3364 2853 3592 2918 repente
3643 2845 3911 2902 conﬁtens

2314 2948 2555 3021 populus
2578 2946 2793 3017 gentilis
2814 2945 3038 3000 invenit.
3087 2942 3166 2999 De
3213 2949 3400 2999 sancto
3455 2941 3656 3014 quippe
3704 2939 3909 3011 Spiritu

2313 3042 2575 3113 scriptum
2605 3048 2723 3096 est:
2746 3036 2942 3094 Cecidit
2964 3036 3181 3109 spiritus
3208 3033 3421 3091 Domini
3438 3049 3597 3089 suoer
3621 3048 3711 3089 eos
3765 3033 3907 3104 (Act.

2314 3151 2373 3203 ι,
2406 3134 2518 3205 44).

2388 3224 2475 3281 58.
2509 3227 2704 3281 Cadere
2722 3227 2811 3298 qui
2838 3227 3040 3280 dicatur
3060 3224 3266 3280 verbum
3294 3222 3393 3278 Dei
3410 3233 3501 3279 aut
3523 3223 3760 3295 Spiritus
3784 3239 3909 3277 san-

690 3317 779 3372 5'7.
813 3315 978 3382 Quasi
1005 3324 1153 3371 tonso
1174 3315 1343 3386 capite
1365 3313 1421 3366 in
1446 3321 1637 3365 terram
1679 3310 1807 3378 ruit,
1836 3309 1960 3363 dum
1986 3306 2209 3362 Iudaico
2236 3317 2283 3383 ο
2317 3329 2446 3375 σιω,
2470 3350 2543 3362 _..
2569 3318 2778 3374 Idcirco
2806 3325 2989 3373 autem
3030 3317 3118 3373 vel
3146 3316 3371 3372 verbum
3405 3314 3521 3382 Dei,
3553 3315 3642 3371 vel
3670 3313 3911 3385 Spiritus

614 3409 903 3467 sacerdotio
927 3408 1142 3478 rejecto,
1198 3405 1266 3459 ad
1286 3411 1462 3475 gentes
1505 3400 1786 3456 descendit.
1816 3430 1887 3441 --
1931 3399 2067 3466 Quid
2109 3415 2207 3470 per

615 3502 825 3560 decisos
847 3499 1085 3570 capillos,
1115 3497 1219 3553 nisi
1246 3501 1710 3551 sacramentorum
1747 3491 2049 3557 subtilitas;
2076 3489 2207 3559 quid

614 3610 712 3669 per
738 3605 919 3665 caput,
951 3592 1272 3647 nisisumma
1294 3586 1581 3644 sacerdotii
1610 3583 1635 3622 ἀ
1664 3584 2018 3653 designatur?
2052 3581 2205 3637 Unde

613 3699 669 3745 et
696 3688 764 3744 ad
792 3686 1131 3742 Ezechielem
1159 3685 1479 3755 prophetam
1508 3678 1737 3735 dicitur:
1779 3675 1876 3740 Tu,
1910 3675 1989 3746 ﬁli
2033 3675 2203 3729 homi-

611 3783 713 3845 nis,
747 3794 889 3834 sume
919 3776 1008 3831 tibi
1028 3775 1263 3849 gladium
1290 3781 1517 3836 acutum,
1548 3770 1815 3824 radentem
1847 3768 2002 3838 pilos,
2034 3774 2082 3820 et
2116 3782 2204 3819 as-

611 3889 780 3929 sumes
806 3888 942 3937 eum,
962 3878 1010 3924 et
1041 3869 1197 3923 duces
1228 3882 1318 3938 per
1332 3872 1486 3934 caput
1514 3872 1657 3915 tuum
1678 3871 1726 3916 et
1742 3858 1958 3913 barbam
1981 3856 2199 3931 (Ezech.

609 3982 663 4034 v,
694 3967 773 4035 1),
802 3972 864 4019 ut
884 3962 1135 4019 videlicet
1155 3958 1436 4032 prophetae
1465 3955 1608 4010 facto
1630 3952 1893 4023 judicium
1924 3949 2199 4021 Redemp-

608 4056 741 4112 toris
769 4054 1123 4124 exprimatur,
1155 4049 1322 4119 quiin
1352 4061 1515 4104 carne
1543 4059 1809 4118 apparens
1836 4050 1999 4113 caput
2044 4041 2197 4107 rasit,

609 4148 735 4219 quia
764 4161 795 4200 a
822 4144 1049 4199 Iudaico
1074 4140 1382 4197 sacerdotio
1420 4145 1815 4208 praeceptorum
1860 4147 2083 4189 suorum
2111 4147 2201 4187 sa-

610 4243 885 4293 cramenta
914 4234 1159 4298 abstulit;
1188 4231 1413 4285 barbam
1443 4233 1597 4295 rasit,
1628 4224 1752 4294 quia
1781 4238 2004 4293 regnum
2027 4222 2200 4278 Israe-

552 4320 562 4326 ’
609 4329 815 4385 liticum
844 4327 1121 4390 deserens,
1149 4324 1403 4379 decorem
1450 4318 1665 4375 virtutis
1718 4316 1833 4386 ejus
1878 4315 2197 4387 amputavit.

610 4406 987 4499 [Vet.XXX.]
1017 4418 1157 4486 Quid
1184 4432 1316 4471 vero
1355 4416 1458 4470 hoc
1502 4413 1627 4468 loco
1681 4426 1780 4482 per
1827 4418 2051 4474 terram,
2097 4408 2200 4465 nisi

606 4521 770 4577 homo
798 4523 1057 4591 peccator
1082 4510 1437 4584 exprimitur?
1488 4507 1669 4563 Primo
1723 4506 1923 4576 quippe
1952 4502 2199 4576 peccanti

606 4611 814 4672 homini
838 4610 1041 4667 dictum
1070 4614 1156 4664 est
1180 4623 1193 4660 :
1223 4603 1387 4659 Terra
1414 4619 1488 4670 es,
1515 4609 1565 4656 et
1592 4597 2193 4669 interramibis(Genes.

2309 3422 2529 3471 sanctus
2551 3413 2605 3467 in
2631 3426 2787 3468 sacra
2814 3410 3093 3481 Scriptura
3128 3408 3322 3465 cadere
3349 3408 3567 3475 dicitur,
3614 3414 3677 3463 ut
3728 3404 3907 3477 inopi.

2308 3515 2466 3561 natus
2495 3505 2611 3575 ejus
2647 3504 2910 3560 adventus
2937 3503 3291 3573 exprimatur.
3324 3501 3481 3570 Quod
3504 3501 3649 3557 enim
3678 3501 3794 3556 ruit
3821 3498 3907 3556 vel

2308 3598 2473 3664 cadit,
2504 3597 2570 3651 ad
2595 3597 2702 3652 ima
2732 3604 2955 3666 repente
2982 3594 3152 3651 venit.
3186 3592 3481 3649 Mediatori
3504 3605 3636 3661 ergo
3692 3592 3750 3646 in
3788 3600 3904 3645 ter-

2308 3706 2422 3747 ram
2439 3690 2592 3761 quasi
2625 3690 2900 3747 corruisse
2927 3697 3030 3755 est,
3062 3687 3224 3743 nullis
3253 3686 3420 3757 signis
3446 3683 3907 3758 praecurrentibus

2312 3784 2588 3854 inopinate
2614 3783 2680 3837 ad
2697 3789 2885 3852 gentes
2904 3780 3135 3836 venisse.
3159 3778 3307 3834 Bene
3334 3786 3513 3834 autem
3538 3777 3734 3833 dicitur
3757 3773 3905 3845 quod

2310 3890 2570 3933 corruens
2599 3874 2863 3940 adoravit,
2895 3873 3021 3943 quia
3051 3872 3177 3928 dum
3198 3872 3314 3943 ipse
3331 3871 3692 3926 humilitatem
3714 3869 3904 3925 carnis

2306 3968 2566 4038 suscepit,
2601 3968 2653 4022 in
2682 3982 2741 4022 se
2766 3966 3109 4021 credentibus
3153 3971 3280 4019 vota
3308 3962 3631 4019 humilitatis
3682 3958 3903 4018 inludit.

2304 4060 2458 4118 Fecit
2478 4060 2641 4123 enim,
2666 4058 2793 4128 quia
2824 4055 2938 4112 ﬁeri
2964 4055 3189 4122 docuit;
3221 4054 3362 4110 sicut
3407 4060 3463 4109 et
3510 4052 3580 4108 de
3628 4052 3749 4121 ejus
3777 4049 3904 4121 Spi-

2303 4155 2413 4210 ritu
2435 4153 2659 4209 dicitur:
2678 4148 2801 4220 Ipse
2825 4148 3054 4220 Spiritus
3075 4147 3306 4217 postulat
3326 4148 3433 4218 62
3451 4162 3547 4217 pro
3562 4142 3709 4199 nobis
3733 4144 3902 4215 gemi-

2304 4247 2437 4303 tibus
2467 4244 2901 4302 inenarrabilibus
2953 4242 3129 4315 (Rom.
3184 4257 3299 4310 vnl,
3348 4239 3466 4311 26).
3515 4238 3703 4311 Neque
3754 4237 3903 4293 enim

2303 4340 2459 4411 petit,
2484 4338 2575 4408 qui
2604 4336 2826 4405 aequalis
2851 4343 2952 4403 est,
2977 4334 3073 4391 sed
3096 4333 3375 4405 postulare
3406 4329 3635 4397 dicitur;
3657 4331 3787 4400 quia
3816 4328 3903 4383 ni-

2302 4435 2497 4489 mirum
2539 4446 2675 4502 quos
2703 4428 3012 4501 repleverit,
3056 4426 3399 4499 postulantes
3438 4422 3572 4478 facit
3601 4440 3614 4475 :
3647 4421 3913 4491 quamvis.

2303 4529 2407 4583 hoc
2423 4534 2479 4582 et
2506 4524 2562 4579 in
2589 4522 2883 4591 semetipso
2912 4519 3245 4590 Redemptor
3270 4524 3457 4573 noster
3496 4514 3760 4578 ostendit,
3808 4513 3901 4583 qui

2303 4619 2517 4674 Patrem
2539 4616 2725 4681 etiam,
2747 4616 2874 4670 dum
2898 4611 3135 4684 passioni
3154 4609 3572 4684 propinquaret,
3624 4604 3899 4661 exoravit.

605 4724 686 4778 ιιι,
711 4706 823 4779 19).
852 4705 1032 4761 Terrae
1079 4718 1209 4774 ergo
1235 4702 1454 4767 nomine
1497 4699 1771 4771 peccatrix
1800 4698 2073 4767 gentilitas
2102 4697 2200 4752 de-
2227 4712 2281 4774 ι)
2311 4711 2329 4751 t'
2363 4710 2503 4779 Quid
2530 4710 2673 4765 enim
2720 4706 2938 4772 mirum,
2968 4705 3016 4761 εί
3062 4705 3118 4760 in
3147 4703 3319 4769 fama
3347 4701 3489 4757 se";
3515 4698 3799 4757 εισι-π(ιο
3841 4712 3904 4753 5.

605 4801 866 4871 signatur.
897 4798 1033 4853 Nam
1060 4812 1184 4871 cum
1208 4796 1411 4867 justam
1456 4793 1638 4850 Iudaea
1666 4809 1725 4849 se
1750 4791 2028 4858 crederet,
2061 4806 2195 4846 con-

606 4900 717 4950 stat
743 4906 905 4962 quam
931 4890 1165 4962 reproba
1193 4888 1261 4944 de
1289 4886 1593 4957 gentilitate
1620 4885 1865 4951 sentiret,
1896 4881 2063 4937 Paulo
2109 4890 2196 4935 at-

606 4992 866 5053 testante,
897 4986 990 5055 qui
1018 4985 1093 5039 ait
1117 5002 1130 5037 :
1156 4981 1273 5038 Nos
1292 4991 1481 5037 natura
1506 4981 1700 5048 Judazi,
1726 4990 1777 5035 et
1805 4996 1908 5035 non
1939 4996 2004 5034 ea:
2023 4978 2193 5051 genti-

606 5078 702 5134 bus
750 5086 1044 5145 peccatores
1082 5075 1227 5151 (Gal.
1270 5093 1326 5143 ll,
1363 5078 1475 5148 15).
1505 5076 1772 5132 Mediator
1798 5076 1960 5143 igitur
2005 5081 2193 5129 noster

607 5172 763 5247 quasi
784 5171 1012 5227 detonso
1032 5170 1209 5241 capite
1232 5171 1289 5225 in
1310 5178 1513 5226 terram
1541 5170 1767 5237 corruit,
1798 5167 1923 5239 quia
1950 5165 2191 5221 Iudaeam

604 5267 881 5332 deserens,
928 5262 1056 5319 dum
1083 5271 1420 5319 sacramenta
1450 5278 1545 5319 sua
1603 5262 1670 5317 ab
1723 5262 1840 5331 ejus
1893 5258 2197 5316 sacerdotio

678 5410 707 5441 ι
730 5400 856 5457 Haec
883 5399 1069 5470 verba,
1099 5399 1266 5470 quasi,
1323 5405 1456 5467 etc.,
1486 5412 1656 5470 usqtl_e
1684 5396 1753 5451 ad
1784 5396 2022 5470 tolerare,
2054 5394 2199 5470 desi-

600 5472 863 5530 derantur
900 5472 958 5527 in
985 5465 1123 5526 Mss;
1143 5469 1331 5536 Corb.,
1363 5465 1580 5535 Germ;
1604 5467 1761 5537 Reg.,
1795 5465 1961 5535 Utic.,
1992 5476 2046 5523 et
2087 5466 2196 5523 for-

600 5551 747 5602 tasse
775 5561 807 5601 e
831 5558 1001 5613 marg.
1028 5542 1081 5596 in
1106 5549 1313 5596 textum
1343 5542 1693 5613 irrepserunt.

676 5616 704 5655 δ
730 5616 898 5680 Edit.,
930 5611 1353 5683 repugnantibus
1382 5612 1532 5674 Mss.,
1566 5612 1699 5665 alios
1724 5612 1778 5663 in
1811 5611 2189 5668 incredulitate.

677 5700 699 5726 ο
723 5688 784 5743 In
813 5686 957 5741 Edit.
996 5681 1164 5737 Paris.
1193 5681 1355 5747 1518,
1382 5691 1438 5737 et
1467 5684 1673 5737 omnih.
1709 5696 1848 5750 seq.,
1869 5683 1971 5738 huc
1999 5684 2195 5740 immisc
2272 5698 2275 5699 '

600 5770 855 5836 suln_est_,
883 5773 998 5811 cum
1036 5764 1084 5809 et
1112 5763 1239 5836 post
1265 5755 1691 5836 resurrectionem
1718 5770 1865 5836 suam
1888 5753 2192 5836 quibusdam

601 5830 874 5883 credituris
903 5823 1171 5896 apparuit,
1192 5833 1242 5878 et
1262 5823 1570 5895 quibusdam
1592 5842 1693 5880 non
1718 5823 1992 5880 credituris
2018 5844 2073 5880 se
2094 5828 2190 5881 ab-

601 5899 828 5976 scondit.
877 5898 1085 5976 Merum
1129 5904 1517 5976 assumentulll,
1560 5897 1702 5976 quod
1751 5899 2193 5976 antecedentibus

604 5976 700 6023 aut
723 5965 1173 6036 Subsequentibus
1200 5980 1310 6021 non
1354 5968 1612 6023 cohaeret.
1642 5967 1861 6037 Legitur
1905 5976 2085 6025 tamen
2134 5972 2186 6027 in

2306 4804 2453 4859 Patri
2500 4802 2779 4868 subdidit,
2830 4801 2884 4856 in
2937 4814 3041 4870 qua
3097 4797 3263 4854 etiam
3318 4810 3511 4852 manus
3551 4792 3902 4865 peccantium

2304 4915 2476 4971 usque
2506 4898 2575 4953 ad
2604 4896 2794 4953 mortis
2820 4903 3065 4951 extrema
3093 4891 3383 4948 toleravit?
3412 4888 3675 4959 Sequitur
3700 4904 3716 4941 :

2430 4988 2660 5047 CAPUT
2689 4986 2905 5044 XXXVI
2927 4986 3073 5060 [Vet.
3102 4982 3320 5055 XXXI,
3350 4982 3474 5038 Rec.
3504 4978 3770 5054 XXIII].

2373 5084 2538 5140 Vens.
2561 5081 2651 5138 21.
2680 5110 2755 5123 —
2783 5077 2973 5135 Nudus
2997 5094 3234 5152 egressus
3276 5093 3393 5131 sum
3422 5076 3487 5131 de
3512 5082 3661 5131 utero
3713 5074 3907 5130 matris

2302 5197 2449 5247 meat,
2481 5178 2648 5234 nudus
2671 5184 2897 5233 revertar
2924 5174 3073 5230 illuc.

2375 5273 2462 5331 59.
2493 5272 2727 5329 Christus
2757 5270 2825 5325 ad
2843 5269 3055 5325 Judwos
3074 5284 3103 5323 e
3122 5266 3304 5341 quibus
3331 5266 3509 5334 exivit,
3536 5282 3595 5321 in
3612 5264 3721 5337 ﬁne
3742 5281 3901 5320 mun-

2302 5423 2475 5481 marg.
2506 5407 2756 5481 Colbert_.
2779 5404 2950 5481 _Cod.,
2982 5402 3137 5460 abest
3176 5417 3308 5459 vero
3346 5417 3380 5457 a
3420 5402 3631 5458 caeteris
3675 5400 3810 5459 Mss.
3841 5406 3899 5458 el

2303 5476 2697 5550 antiquioribus
2716 5476 2818 5532 Ed.

2374 5551 2401 5590 ἀ
2433 5545 2489 5606 in
2520 5550 2716 5614 Editis,
2749 5547 2990 5619 exceptis
3025 5554 3205 5602 tamen
3239 5545 3666 5618 antiquioribus,
3698 5545 3896 5616 legitur

2301 5622 2579 5679 sacerdotii
2611 5622 2858 5693 dignitas.

2425 5694 2533 5757 AL,
2554 5688 2791 5764 ignem...
2824 5690 3058 5764 infulsit,
3079 5696 3139 5745 ut
3163 5688 3392 5764 habetur
3421 5689 3792 5764 in_no_nnltllis_.

2419 5766 2477 5819 Ill
2505 5758 2630 5818 Ms's.
2665 5758 3151 5829 Rhem.,'Remig.,
3182 5760 3297 5814 Val.
3328 5759 3407 5815 Cl.
3430 5801 3443 5826 ,
3477 5760 3674 5828 legitur
3707 5778 3721 5814 :
3756 5758 3898 5824 Quia

2294 5839 2432 5892 enim
2474 5836 2661 5890 mirum
2688 5834 2735 5887 si
2763 5833 2816 5885 in
2844 5835 3014 5904 forma
3039 5833 3171 5886 servi
3199 5830 3414 5904 Patrem
3454 5832 3729 5886 exoravit?
3755 5829 3894 5898 Qui:

2295 5910 2505 5973 mirum,
2531 5907 2575 5960 si
2605 5906 2661 5958 in
2692 5902 2859 5974 forma
2881 5905 3012 5958 servi
3038 5902 3329 5971 exorando,
3358 5910 3456 5958 etc.
