4180 6448
300 330 411 390 585

1232 324 1596 388 MORALIUM
1632 322 1767 384 LIB.
1805 323 1872 383 Il.
1912 345 1983 365 -—
2019 321 2091 380 IN
2123 321 2284 384 CAP.
2324 323 2346 378 l
2383 324 2446 381 B.
2486 324 2626 384 JOB.

3474 329 3582 388 586

294 455 352 511 di
380 458 460 507 est
486 464 803 507 reuersurus.
826 458 898 496 έ-
924 448 1306 521 Redemptoris
1333 456 1509 504 mater
1555 449 1710 519 juxta
1763 462 1889 504 car—
1913 445 1970 508 Δ
1990 443 2145 515 gele
2161 442 2324 516 positi
2340 442 2665 499 benedicere
2684 440 2916 499 Domino
2933 438 3129 508 sciant,
3159 453 3283 500 cum
3297 442 3581 504 subditur:

293 560 422 601 nem
452 542 739 614 Synagoga
764 540 988 608 exstitit,
1015 552 1095 597 ex
1108 556 1214 612 qua
1241 541 1308 595 ad
1330 556 1429 597 nos
1458 555 1558 611 per
1586 556 1782 613 corpus
1806 538 1887 594 vi-

292 634 467 695 sibilis
494 632 779 704 processit.
804 632 913 688 Sed
940 634 1085 688 hunc
1115 632 1257 687 intra
1304 646 1365 687 se
1410 631 1646 700 tegmine
1694 632 1888 686 litterae

294 729 622 800 adopertum
653 725 841 791 tenuit,
874 726 1002 781 dum
1031 725 1099 781 ad
1121 723 1415 795 spiritalem
1442 722 1556 791 ejus
1583 721 1887 790 intelligen-

294 824 427 880 tiam
457 818 657 876 meutis
686 817 875 874 oculos
900 817 1114 889 aperire
1169 814 1424 885 neglexit.
1456 812 1609 868 Hunc
1650 812 1777 881 quia
1832 812 1888 867 in

295 929 463 975 carne
481 911 703 970 humani
724 910 970 981 corporis
997 908 1255 965 latentem
1284 906 1469 962 videre
1490 905 1660 960 Deum
1692 904 1885 973 noluit,

296 1004 451 1076 quasi
481 1004 536 1058 in
565 1001 844 1057 divinitate
872 1000 1075 1055 nudum
1120 1007 1147 1036 ι
1171 996 1516 1053 considerare
1542 996 1882 1066 contempsit.

295 1094 407 1151 Sed
436 1092 610 1149 nudus
636 1090 705 1146 de
730 1098 885 1147 utero
910 1089 1100 1144 matris
1126 1088 1259 1143 exiit
1290 1086 1347 1140 εδ
1376 1087 1503 1156 quia
1529 1101 1560 1140 a
1590 1086 1888 1158 Synagoga:

295 1199 462 1242 carne
501 1182 761 1255 prodiens
797 1181 1123 1250 conspicuus
1174 1178 1242 1233 ad
1286 1187 1477 1248 gentes
1522 1178 1688 1233 venit.
1734 1177 1887 1245 Quod

296 1274 439 1332 bene
482 1273 687 1345 Joseph
739 1272 933 1327 relicto
981 1270 1148 1341 pallio
1197 1268 1436 1339 fugiente
1484 1269 1755 1338 signatum
1804 1277 1889 1323 est

298 1363 512 1437 (Genes.
542 1380 732 1430 xxxix,
779 1361 893 1434 l2).
924 1362 1060 1417 Dum
1086 1361 1228 1416 enim
1258 1361 1452 1416 mulier
1477 1360 1719 1416 adultera
1747 1360 1888 1415 male

298 1457 396 1513 illo
425 1458 501 1512 uti
524 1456 811 1519 voluisset,
840 1454 1031 1509 relicto
1060 1454 1225 1523 pallio
1253 1452 1390 1523 fugit
1417 1451 1582 1517 foras,
1607 1452 1732 1522 quia
1758 1451 1887 1506 dum

296 1548 583 1621 Synagoga
610 1547 896 1603 Dominum
923 1561 1115 1615 purum
1140 1545 1416 1601 hominem
1447 1544 1697 1611 credens,
1730 1544 1887 1615 quasi

298 1643 603 1699 adulterino
631 1642 917 1712 complexu
948 1641 1317 1710 constringere
1357 1641 1549 1708 voluit,
1601 1641 1719 1711 ipse
1770 1649 1888 1709 teg-

298 1747 423 1788 men
444 1732 639 1788 litteraa
661 1732 779 1803 ejus
806 1730 976 1787 oculis
1006 1731 1243 1802 reliquit,
1277 1738 1336 1787 et
1362 1731 1429 1785 ad
1458 1732 1887 1799 cognoscendam

1989 540 2141 596 Sicut
2159 538 2384 595 Domina
2415 538 2629 607 placuit,
2659 538 2736 591 ita
2767 538 2963 608 factum
2990 545 3096 601 est;
3142 538 3211 591 sit
3237 554 3425 593 nomen
3468 537 3581 595 Do-

1986 632 2116 686 mini
2163 629 2504 691 benedictum.
2540 626 2695 682 Unde
2733 632 2790 682 et
2818 633 2957 682 teste
3005 625 3297 695 Evangelio
3356 626 3577 697 (Matth.

1988 724 2134 790 xxvi,
2193 720 2307 793 26),
2364 736 2487 778 cum
2542 721 2648 790 63
2678 718 3045 789 propinquare
3085 720 3319 788 passioni
3348 719 3577 789 dicitur,

1988 823 2212 886 accepto
2240 828 2379 885 pane
2407 810 2607 882 gratias
2620 810 2793 879 egisse
2806 809 3137 879 perhibetur.
3156 808 3370 865 Gratias
3400 809 3582 879 itaque

1988 907 2116 976 agit,
2145 905 2236 977 qui
2284 902 2494 974 ﬂagella
2524 900 2714 956 alienae
2744 899 3045 971 iniquitatis
3091 900 3335 970 suscipit.
3371 898 3437 954 Et
3487 898 3583 971 qui

1989 1000 2124 1055 nihil
2172 998 2390 1067 dignum
2441 992 2796 1067 percussione
2850 992 3128 1059 exhibuit,
3184 992 3467 1049 humiliter
3521 992 3582 1048 in

1991 1087 2013 1127 ί
2042 1089 2391 1160 percussione
2413 1086 2723 1150 benedicit;
2752 1092 2813 1139 ut
2854 1084 2985 1139 hinc
3033 1084 3284 1141 videlicet
3330 1083 3584 1141 ostendat

1989 1180 2117 1252 quid
2132 1182 2500 1251 unusquisque
2522 1179 2577 1233 in
2612 1176 2825 1246 ﬂagello
2847 1176 3018 1245 culpa:
3041 1176 3271 1245 propriae
3288 1176 3464 1231 facere
3484 1175 3582 1230 de-

1988 1273 2136 1340 beat,
2152 1274 2198 1327 si
2212 1274 2327 1343 ipse
2339 1271 2718 1342 aequanimiter
2738 1266 2949 1337 ﬂagella
2970 1268 3141 1337 culpae
3155 1276 3335 1337 portat
3356 1268 3545 1322 alienae
3564 1284 3577 1297 ο

1989 1372 2050 1420 ut
2076 1365 2204 1421 hinc
2233 1366 2482 1421 ostendat
2501 1362 2633 1433 quid
2660 1362 2717 1416 in
2745 1360 3093 1430 correptione
3122 1358 3285 1414 faciat
3314 1359 3581 1425 subditus,

1988 1456 2035 1511 si
2063 1457 2120 1510 in
2162 1455 2373 1526 ﬂagello
2425 1454 2636 1527 positus
2668 1451 2816 1507 Patri
2845 1452 3049 1520 gratias
3074 1450 3184 1520 agit
3208 1448 3452 1520 aequalis.
3484 1446 3585 1504 Se-

1990 1544 2173 1614 quitur
2206 1562 2220 1599 :

2519 1652 2750 1709 CAPUT
2776 1650 3060 1706 XXXV'llI.

2063 1745 2227 1799 Vens.
2260 1743 2348 1796 22.
2373 1776 2445 1787 —
2473 1742 2542 1797 In
2590 1745 2825 1798 omnibus
2858 1744 2937 1797 his
2990 1760 3095 1797 non
3152 1741 3381 1813 peccavit
3432 1740 3533 1799 Job
3558 1752 3585 1793 ε

298 1823 596 1880 divinitatis
630 1838 743 1879 sua:
771 1822 1074 1894 potentiam
1120 1823 1473 1894 conspicuum
1525 1838 1585 1878 se
1638 1824 1889 1891 gentibus
1916 1823 1965 1883 Β
1993 1853 2156 1908 neque
2178 1837 2388 1890 stultum
2415 1836 2612 1905 aliquid
2632 1844 2813 1890 contra
2838 1834 3005 1888 Deum
3035 1834 3234 1889 locutus
3263 1842 3359 1888 est.

298 1913 545 1984 praebuit.
578 1911 736 1969 Unde
761 1922 819 1968 et
844 1914 1043 1970 Paulus
1066 1912 1205 1968 dixit
1229 1932 1242 1966 :
1272 1913 1443 1983 Usque
1472 1913 1642 1980 hodie,
1668 1914 1790 1967 dum
1813 1915 1889 1968 te-

294 1995 443 2072 gitur
464 2001 695 2073 Moyses,
736 2002 966 2057 velamen
987 2013 1064 2058 est
1092 2014 1113 2041 ε
1136 2020 1291 2073 super
1316 2020 1406 2057 cor
1432 2021 1608 2057 eorum
1638 2003 1729 2073 (II
1767 2003 1890 2059 Cor.

295 2106 375 2155 ιιι,
410 2089 526 2161 15),
576 2092 703 2161 quia
730 2092 985 2147 videlicet
1014 2092 1257 2147 adultera
1286 2093 1479 2150 mulier
1507 2093 1651 2163 apud
1692 2102 1891 2150 semet-

294 2196 470 2253 Ipsam
501 2183 724 2253 pallidm
750 2184 991 2248 retinuit,
1016 2191 1070 2238 et
1098 2199 1258 2254 quem
1307 2185 1448 2240 male
1501 2187 1742 2252 tenebat,
1790 2202 1891 2242 nu-

297 2273 424 2329 dum
449 2275 649 2331 amisit.
680 2273 783 2343 Qui
814 2290 942 2345 ergo
971 2291 1002 2330 a
1023 2276 1306 2347 Synagoga
1333 2279 1575 2345 veniens,
1610 2278 1732 2334 fidei
1754 2293 1888 2348 gen-

297 2366 432 2422 tium
475 2366 799 2437 conspicuus
852 2366 1120 2437 apparuit,
1153 2382 1221 2422 ex
1266 2376 1422 2424 utero
1476 2370 1665 2425 matris
1714 2370 1890 2428 nudus

298 2457 488 2513 exivit.
516 2456 624 2512 Sed
652 2455 894 2525 nunquid
921 2456 1065 2512 hanc
1101 2457 1413 2513 omnimodo
1436 2458 1679 2514 deserit?
1701 2459 1770 2515 Et
1798 2462 1890 2518 ubi

300 2553 387 2603 est
435 2546 580 2617 quod
608 2560 709 2616 per
736 2546 1057 2615 prophetam
1104 2546 1338 2602 dicitur:
1373 2548 1433 2603 Si
1465 2550 1619 2619 fuerit
1647 2567 1889 2606 numerus

298 2638 527 2707 ﬁliorum
550 2634 720 2690 Israe'l
743 2636 891 2707 quasi
920 2652 1081 2691 arena
1107 2639 1290 2702 maris,
1320 2640 1552 2710 reliquid:
1578 2642 1734 2695 salvat
1760 2643 1890 2713 ﬁent

300 2726 458 2799 (Isai.
490 2744 543 2793 x,
575 2726 668 2795 22,
713 2725 864 2781 Rom.
890 2744 966 2792 rx,
998 2725 1090 2793 27)
1118 2728 1142 2780 ?
1174 2725 1275 2782 Ubi
1302 2729 1447 2797 quod
1478 2731 1739 2801 scriptum
1763 2740 1884 2787 est:

298 2816 479 2872 Donec
506 2816 773 2887 plenitudo
796 2818 1024 2889 gentium
1052 2819 1313 2886 introiret,
1346 2829 1398 2873 et
1420 2822 1494 2875 sic
1518 2823 1685 2876 onmis
1717 2821 1889 2878 Israel

299 2908 469 2963 salvus
498 2908 645 2978 ﬁeret
673 2907 849 2978 (Rom.
883 2924 957 2973 x1,
990 2908 1113 2979 25)?
1141 2908 1256 2964 Erit
1276 2924 1405 2980 ergo
1424 2910 1452 2949 ἀ
1481 2913 1703 2983 quando
1726 2930 1889 2971 cons-

296 3003 489 3074 picuus
545 3003 706 3058 etiam
772 3004 1070 3075 Synagogm
1136 3012 1418 3074 appareat.
1473 3003 1589 3060 Erit
1662 3006 1715 3061 in
1784 3006 1891 3063 line

297 3093 484 3149 mundi
512 3094 699 3164 procul
725 3094 914 3160 dubio,
944 3094 1158 3164 quando
1187 3094 1364 3163 gentis
1392 3110 1502 3150 suae
1527 3096 1768 3167 reliquiis
1798 3113 1885 3153 se-

298 3184 610 3254 metipsum,
641 3185 781 3240 sicut
807 3192 891 3241 est
920 3182 1084 3250 Deus,
1118 3184 1443 3241 innotescat.
1477 3184 1634 3241 Unde
1661 3194 1717 3241 et
1746 3186 1887 3242 bene
1915 3190 1963 3254 ο

299 3276 391 3331 hic
415 3276 646 3343 dicitur:
681 3275 873 3332 Nudus
903 3284 1132 3332 revertar
1160 3277 1301 3331 illuc.
1351 3276 1539 3334 Nudus
1579 3278 1781 3347 quippe
1820 3277 1889 3332 ad

300 3372 513 3420 uterum
541 3367 732 3422 matris
767 3367 1079 3431 revertitur,
1111 3383 1235 3423 cum
1266 3368 1321 3422 in
1351 3367 1536 3421 mundi
1586 3368 1748 3436 hujus
1780 3376 1890 3423 ter-

301 3454 449 3510 mino
479 3455 545 3521 is,
567 3456 737 3525 quiin
766 3458 962 3512 saeculo
991 3456 1163 3513 lactus
1192 3458 1356 3513 homo
1377 3458 1693 3529 despicitur,
1724 3456 1890 3531 Syna-

300 3560 453 3617 goga:
478 3564 590 3604 sua:
617 3550 807 3617 oculis,
834 3550 975 3607 Deus
1019 3559 1146 3607 ante
1193 3551 1391 3608 saecula
1437 3551 1760 3607 declaratur.
1786 3551 1889 3608 Se-

344 3637 489 3693 uitur
514 3656 530 3693 :

305 3652 529 3707 qmm'
628 3709 858 3765 CAPUT
883 3708 1126 3765 xxxvu
1154 3711 1303 3783 [Rec.
1334 3710 1580 3783 XXIV].

372 3797 502 3853 Ιιιιι).
526 3831 600 3840 --
625 3799 881 3854 Dominus
901 3801 1061 3865 dedit,
1086 3800 1340 3856 Dominus
1367 3801 1610 3857 abstulit:
1632 3806 1763 3858 sicut
1783 3804 1893 3860 Do-

302 3889 445 3943 mino
472 3889 695 3959 placuit,
724 3891 798 3943 ita
828 3893 1021 3961 factum
1045 3900 1157 3946 est:
1186 3893 1255 3946 sit
1281 3909 1471 3947 nomen
1498 3893 1715 3949 Domini
1743 3896 1894 3950 bene-

304 3979 529 4034 dictum.

2066 1950 2153 2005 62.
2180 1950 2344 2006 Dolus
2365 1954 2505 2022 apud
2528 1954 2762 2007 homines
2782 1954 3080 2018 prudentia,
3107 1954 3248 2024 apud
3278 1953 3445 2009 Deum
3466 1955 3593 2009 stul-

1996 2044 2109 2097 titia
2137 2053 2230 2097 est.
2254 2070 2324 2097 -.—-
2348 2042 2506 2109 Quod
2538 2059 2639 2098 nec
2668 2058 2949 2113 peccasse,
2998 2060 3103 2099 nec
3129 2046 3354 2099 stultum
3388 2046 3589 2114 aliquid

1992 2146 2182 2193 contra
2221 2136 2391 2193 Deum
2422 2137 2636 2193 locutus
2662 2138 2953 2204 asseritur;
3007 2138 3111 2193 hoc
3139 2138 3207 2193 de
3236 2138 3329 2192 illo
3360 2136 3578 2205 Petrus,

1991 2229 2130 2285 sicut
2152 2228 2267 2299 jam
2296 2229 2661 2299 praediximus,
2690 2238 2876 2299 aperte
2928 2238 3178 2297 testatur,
3207 2230 3390 2286 dicens
3419 2248 3431 2284 :
3486 2230 3591 2295 Qui

1991 2331 2255 2392 peccatum
2280 2338 2384 2375 non
2414 2322 2552 2392 fecit,
2586 2336 2679 2374 nec
2709 2320 2857 2375 dolus
2886 2322 3125 2375 inventus
3154 2330 3232 2376 est
3256 2322 3310 2375 in
3330 2338 3419 2376 ore
3469 2324 3592 2392 ejus

1992 2410 2048 2482 (Ι
2077 2410 2195 2465 Pet.
2225 2427 2282 2478 ιι,
2312 2409 2425 2481 22).
2491 2409 2656 2465 Dolus
2697 2411 2897 2481 quippe
2934 2410 2989 2480 in
3019 2426 3133 2478 ore,
3193 2419 3399 2480 quanto
3447 2409 3593 2481 apud

1991 2500 2240 2555 homines
2268 2500 2590 2570 prudentius
2619 2500 2804 2566 callet,
2838 2508 2989 2556 tanto
3017 2501 3157 2571 apud
3184 2501 3351 2556 Deum
3374 2501 3593 2557 stultius

1994 2587 2212 2659 desipit,
2270 2588 2441 2645 Paulo
2470 2598 2785 2657 attestante,
2818 2592 2910 2660 qui
2960 2592 3037 2645 ait
3067 2610 3081 2645 :
3114 2592 3391 2663 Sapientia
3437 2594 3591 2664 hujus

1992 2683 2172 2736 mundi
2201 2683 2425 2738 stultitia
2451 2690 2529 2737 est
2558 2684 2697 2754 apud
2727 2682 2895 2737 Deum
2924 2682 2981 2755 (Ι
3002 2683 3124 2738 Cor.
3158 2700 3235 2750 ιιι,
3298 2685 3404 2754 l9).
3454 2684 3592 2751 Quia

1994 2788 2123 2845 ergo
2153 2774 2309 2829 dolus
2337 2775 2392 2829 in
2431 2789 2527 2830 ore
2557 2774 2674 2844 ejus
2704 2790 2813 2831 non
2843 2776 2960 2841 fuit,
2993 2775 3216 2830 stultum
3237 2775 3593 2845 proculdubio

1992 2864 2125 2921 nihil
2140 2865 2298 2920 dixit.
2328 2864 2483 2920 Hunc
2529 2875 2717 2921 contra
2746 2866 2917 2921 Deum
2965 2866 3282 2922 sacerdotes
3307 2874 3363 2920 et
3390 2865 3594 2935 princi-

1992 2971 2090 3028 pes
2121 2956 2362 3011 locutum
2408 2956 2572 3011 stulte
2621 2956 2991 3022 crediderunt,
3045 2971 3167 3010 cum
3221 2955 3587 3024 interrogatus

1991 3046 2256 3119 passionis
2276 3056 2541 3118 tempore,
2576 3047 2673 3102 Dei
2714 3063 2774 3102 se
2798 3047 2994 3102 Filium
3024 3055 3333 3102 testaretur.
3362 3045 3518 3102 Unde
3537 3054 3594 3102 et

1993 3141 2375 3211 conquirentes
2403 3140 2589 3196 dicunt
2612 3159 2626 3194 :
2654 3138 2791 3205 Quid
2813 3141 2983 3195 adhuc
2993 3158 3196 3213 egemus
3213 3141 3425 3195 testibus
3440 3141 3593 3195 ?ecce

1992 3237 2095 3307 ipsi
2137 3236 2424 3291 audiuimus
2443 3235 2474 3272 ιλ
2521 3235 2893 3306 blasphemiam
2917 3234 3133 3307 (Matth.
3164 3251 3309 3300 xxvr,
3344 3233 3458 3305 65).
3484 3232 3594 3288 Sed

1991 3333 2181 3382 contra
2210 3325 2378 3381 Deum
2409 3325 2574 3381 stulte
2594 3326 2727 3380 nihil
2754 3325 2891 3379 dixit
2910 3342 2923 3379 :
2940 3325 3066 3394 quia
3083 3340 3211 3379 vera
3224 3323 3594 3395 loquens,hoc

1990 3417 2058 3474 de
2087 3434 2146 3474 se
2173 3418 2482 3474 inlidelibus
2510 3418 2674 3473 etiam
2721 3417 3004 3473 moriendo
3028 3418 3234 3482 intulit,
3261 3416 3404 3486 quod
3426 3416 3592 3486 paulo

1991 3516 2114 3579 post
2135 3507 2428 3577 redemptis
2452 3507 2701 3563 omnibus
2717 3506 3045 3575 resurgendo
3070 3506 3411 3562 monstravit.

2064 3619 2208 3693 [νει.
2244 3616 2404 3672 XXX
2410 3617 2475 3672 ΙΙ
2482 3618 2520 3690 .]
2547 3617 2635 3672 65.
2662 3618 2862 3673 Sensus
2899 3632 3144 3673 IORALIS.
3171 3646 3245 3658 —-
3277 3617 3446 3671 Satan
3476 3615 3591 3670 Deo

1992 3728 2107 3765 cum
2132 3712 2328 3765 sanctis
2358 3710 2556 3780 angelis
2594 3711 2827 3775 assistit,
2862 3711 3199 3781 cogitationes
3248 3708 3415 3760 malas
3444 3705 3593 3761 bonis

1990 3800 2371 3856 interserendo.
2403 3828 2474 3839 —
2499 3798 2627 3853 Haec
2649 3800 2702 3851 in
2724 3798 3171 3865 signiﬁcationem
3201 3797 3371 3851 nostri
3400 3795 3591 3865 capitis

1993 3891 2229 3948 breviter
2268 3897 2499 3945 tractata
2529 3890 2951 3945 transcurrimus
2980 3908 2993 3943 :
3025 3905 3168 3944 nunc
3192 3889 3247 3943 in
3274 3886 3590 3944 aediﬁcatio-

1996 3998 2121 4038 nem
2144 3982 2261 4051 ejus
2279 3981 2543 4051 corporis,
2558 3996 2621 4036 ea
2643 3981 2923 4037 moraliter
2944 3980 3227 4036 tractanda
3245 3980 3586 4050 replicemus,

372 4071 461 4127 60.
492 4072 635 4127 Deus
659 4071 863 4129 Christo
884 4073 1125 4130 Judaeum
1163 4075 1305 4130 dedit
1344 4083 1395 4130 et
1435 4076 1665 4131 abstulit.
1698 4107 1770 4119 —-
1796 4077 1897 4133 Re-
1994 4086 2057 4132 ut
2082 4076 2228 4146 quod
2254 4082 2434 4129 actum
2463 4074 2599 4128 foris
2613 4084 2864 4127 narratur
2892 4073 2947 4128 in
2976 4087 3164 4143 opere,
3194 4072 3425 4127 sciamus
3446 4086 3588 4140 quo-

315 4164 567 4235 demptor
594 4174 779 4222 noster
827 4182 927 4237 per
972 4167 1076 4222 hoc
1103 4168 1247 4236 quod
1283 4168 1426 4223 Deus
1451 4176 1551 4235 est,
1584 4184 1708 4224 cum
1735 4168 1897 4224 Patre
1997 4166 2163 4224 modo
2192 4166 2338 4222 intus
2366 4173 2555 4234 agatur
2583 4164 2638 4219 in
2659 4172 2861 4220 mente.
2892 4162 3031 4218 Nam
3060 4179 3184 4219 cum
3210 4162 3303 4217 lilii
3335 4162 3431 4217 Dei
3454 4160 3590 4217 assi-

304 4255 398 4311 dat
424 4258 636 4325 omnia;
668 4273 765 4330 per
793 4260 898 4315 hoc
946 4274 1077 4315 vero
1104 4259 1247 4329 quod
1279 4260 1443 4315 homo
1465 4268 1567 4324 est,
1601 4275 1633 4315 a
1673 4260 1835 4317 Patre
1860 4270 1885 4299 ο

309 4348 509 4419 accipit
537 4350 678 4405 inter
696 4350 900 4406 omnia.
931 4349 1089 4405 Dicat
1114 4350 1277 4420 igitur
1302 4351 1370 4407 de
1389 4350 1593 4418 Judaaa,
1624 4367 1748 4407 cum
1771 4367 1899 4407 ven-

304 4444 484 4494 turum
529 4439 913 4496 incarnationis
961 4440 1080 4510 ejus
1116 4442 1433 4513 mysterium
1464 4441 1714 4498 crederet
1742 4461 1755 4496 :
1785 4441 1896 4498 Do-

1997 4274 2146 4323 stunt
2168 4278 2351 4320 coram
2381 4262 2516 4331 Deo,
2548 4262 2693 4317 inter
2713 4275 2808 4316 eos
2835 4276 3054 4331 quoque
3080 4258 3282 4315 assistit
3310 4266 3367 4313 et
3393 4256 3583 4324 Satan,

1997 4358 2122 4427 quia
2161 4356 2476 4428 plerumque
2501 4355 2658 4411 bonis
2684 4354 2885 4411 nostris
2913 4352 3355 4423 cogitationibus,
3387 4365 3506 4420 quae
3532 4348 3602 4404 in.

2000 4448 2165 4504 corde
2194 4454 2411 4509 nostro,
2449 4445 2684 4500 adventu
2712 4446 2883 4501 sancti
2911 4443 3145 4515 Spiritus
3172 4450 3461 4513 operante,
3500 4454 3601 4499 se-.

305 4520 475 4595 minus
508 4528 666 4584 dedit.
699 4529 852 4585 Dicat
897 4530 965 4586 de
995 4529 1196 4595 Judaaa,
1231 4546 1355 4587 cum
1384 4540 1750 4602 exspectatam
1804 4533 1887 4587 in-

1992 4542 2282 4605 minantur,
2313 4538 2564 4608 antiquus
2584 4536 2675 4592 ille
2695 4537 2888 4593 callide
2915 4552 2974 4591 se
2992 4535 3267 4591 interserit
3292 4546 3347 4587 et
3373 4531 3588 4599 subjun-

304 4620 633 4675 carnationis
652 4621 770 4690 ejus
788 4620 1129 4692 praesentiam
1156 4623 1570 4693 contempsisset
1595 4640 1608 4677 :
1633 4622 1890 4679 Dominus

303 4709 534 4765 abstulit.
567 4711 701 4766 Data
730 4714 930 4783 quippe
958 4720 1060 4779 est,
1102 4728 1226 4769 cum
1258 4729 1354 4783 per
1402 4714 1665 4782 quosdam
1713 4715 1894 4771 futura

302 4804 565 4872 credidit;
614 4806 709 4862 sed
764 4806 1013 4876 exigente
1060 4807 1254 4861 merito
1284 4822 1395 4862 sua:
1422 4808 1683 4864 caecitatis
1713 4810 1894 4865 ablata

303 4902 408 4961 est,
439 4911 563 4951 cum
595 4898 797 4953 credita
847 4912 946 4969 per
970 4896 1229 4966 quosdam
1262 4900 1507 4953 venerari
1538 4901 1886 4971 contempsit.

377 4985 467 5042 61.
499 4984 731 5044 Christus
760 4989 994 5061 exemplo
1022 4989 1197 5043 docuit
1238 4988 1348 5043 Deo
1394 4992 1448 5043 in
1478 4990 1701 5061 ﬂagellis
1732 4992 1889 5047 bene-

305 5080 497 5137 dicere.
517 5113 589 5125 —
632 5081 692 5136 ln
720 5098 780 5139 se
807 5090 992 5139 autem
1020 5080 1303 5138 credentes
1332 5081 1578 5149 edoceat,
1611 5090 1670 5138 ut
1706 5085 1759 5138 in
1787 5084 1889 5140 ﬂa-

379 5225 407 5288 ξ
436 5215 596 5288 Editi,
625 5220 935 5288 conspicere.

379 5285 407 5325 δ
429 5287 686 5372 Nonnulli.
708 5285 860 5372 diss,
890 5305 1012 5361 quia
1038 5305 1073 5372 ρ
1101 5287 1387 5372 Synagoga
1428 5303 1583 5372 carne
1622 5289 1886 5372 prodictas,

307 5370 429 5428 quae
456 5358 617 5415 lectio
636 5358 911 5417 videretur
933 5358 1287 5430 praeferenda,
1316 5358 1363 5414 si
1389 5360 1629 5429 potiores
1659 5358 1889 5419 Codices

307 5426 747 5480 suﬂ'raaarentnr.

306 5438 747 5499 sun'ragarentur.

381 5510 403 5538 ⁸
433 5497 659 5582 ροοεὶιιε
695 5500 894 5557 addidit
921 5502 1163 5570 positum,
1193 5499 1339 5570 quod
1377 5500 1433 5555 in
1478 5514 1590 5570 seq.
1637 5500 1779 5559 Edit.
1813 5505 1885 5560 ir-

304 5578 643 5765 :gsiiig'usi,
668 5643 969 5714 quandoque
987 5645 1313 5712 conspicuus,
1339 5649 1396 5697 ut
1418 5643 1592 5700 etiam.
1616 5644 1886 5716 Castigan-

364 5728 391 5765 r
416 5728 484 5765 ex
560 5728 632 5765 ss.

303 5717 761 5839 "5833331.".
785 5784 919 5837 inter
958 5784 1013 5838 in
1042 5783 1282 5856 Vulgatis
1309 5786 1562 5844 omissam
1608 5791 1885 5846 revocavi-

592 5877 863 5937 ΡΑτιιοι..
908 5875 1169 5938 LXXV.

1996 4634 2073 4701 git
2115 4631 2392 4696 inimicus,
2422 4637 2483 4684 ut
2531 4630 2672 4685 bene
2715 4630 2946 4698 cogitata
2988 4625 3293 4697 perturbet,
3335 4622 3587 4692 maleque

1982 4722 2309 4796 .perturbata
2334 4721 2574 4796 dilaniet.
2589 4719 2695 4775 Sed
2724 4733 3065 4787 nequaquam
3090 4730 3191 4771 nos
3210 4714 3264 4769 in
3282 4713 3586 4769 tentatione

1994 4790 2219 4885 deserit,
2248 4814 2341 4886 qui
2386 4790 2609 4869 cbeavit.
2642 4812 2775 4866 Nam
2816 4811 3029 4865 hostem
3076 4814 3353 4875 nostrum,
3384 4806 3474 4875 qui
3521 4820 3584 4863 se

1996 4917 2186 4965 contra
2212 4921 2312 4962 nos
2340 4907 2394 4959 in
2441 4903 2646 4959 insidiis
2670 4901 2938 4970 contegit,
2972 4899 3330 4955 illustratione
3375 4898 3457 4953 sui
3498 4896 3584 4953 lu-

1994 5002 2154 5056 minis
2175 4998 2331 5055 nobis
2352 4994 2838 5066 deprehensibilem
2877 4992 3085 5079 reddit;
3114 5000 3336 5064 propter
3361 4989 3506 5060 quod
3531 4989 3585 5045 ei

1994 5106 2123 5148 mox
2142 5089 2274 5145 dicit
2306 5106 2320 5141 :

1993 5238 2114 5278 mus
2141 5235 2210 5277 ex
2248 5221 2375 5277 Mss.
2405 5218 2496 5275 Sic
2546 5220 2702 5286 infra,
2734 5219 2826 5275 lib.
2851 5235 2925 5283 Ix,
2956 5233 3077 5289 cap.
3121 5219 3249 5273 olim
3303 5215 3390 5289 l6,
3438 5229 3582 5289 nunc

1990 5293 2089 5360 50,
2141 5308 2287 5347 num.
2315 5291 2413 5357 48,
2444 5291 2578 5345 hunc
2602 5289 2769 5345 Deum
2814 5307 2971 5360 supra
2999 5287 3287 5360 omnia,“
3323 5287 3581 5360 hominem

1991 5354 2133 5418 intra
2162 5364 2337 5418 omnia
2366 5354 2671 5434 agnoscunt.
2709 5361 2843 5417 Vide
2876 5354 2917 5415 Ι.
2952 5377 3049 5427 xv,
3084 5377 3139 5415 ιι.
3171 5357 3269 5421 20,
3301 5365 3356 5410 et
3385 5354 3421 5408 l.
3457 5368 3576 5419 xvr,

1991 5451 2044 5489 n.
2067 5434 2156 5489 56.

2066 5504 2087 5542 ί
2113 5503 2269 5570 Coc.,
2318 5502 2508 5569 Gilot.,
2537 5502 2736 5571 Vatic.,
2766 5503 3052 5567 Gussanv.,
3097 5501 3152 5551 in
3203 5493 3576 5567 persecutione,

1994 5585 2181 5633 contra
2209 5576 2333 5630 Mss.
2352 5573 2530 5629 ﬁdem.

2068 5657 2090 5695 ε
2121 5647 2227 5729 Hie
2247 5644 2507 5711 additum,
2529 5644 2585 5699 in
2614 5644 2765 5699 labiis
2792 5646 2921 5711 suis,
2952 5657 2982 5696 a
3014 5639 3179 5695 Gilot.
3212 5643 3267 5691 et
3291 5633 3412 5691 aliis
3458 5645 3574 5723 seq.

1993 5731 2370 5776 exnnnxtmus.

2124 5789 2304 5857 Antiq.
2338 5786 2493 5845 Rem.
2519 5794 2575 5843 et
2600 5785 2850 5848 Vindoc.,
2882 5780 3246 5853 blasphemiae.

2938 5874 3100 5933 ’19
