4180 6460
584 399 686 457 587

1118 499 1347 558 CAPUT
1388 498 1621 555 XXXIX.

655 602 821 657 Vnus.
850 599 906 652 7.
934 628 1005 641 -‹
1034 595 1186 651 Unde
1212 595 1352 649 venis
1378 594 1404 644 Ρ

655 694 742 748 64.
763 692 857 747 Cui
880 688 1153 745 dicendum
1180 686 1314 741 unde
1343 684 1519 741 venis?
1548 714 1619 727 -—-
1639 681 1902 738 Callidum
1933 696 2167 752 namque

581 788 793 843 hostem
823 780 1113 851 requirere,
1154 783 1239 833 est
1264 773 1380 844 eius
1410 774 1565 829 nobis
1595 772 1811 829 insidias
1841 770 2115 827 declarare
2147 812 2162 838 ,

581 887 642 935 ut
664 892 779 947 quo
807 887 930 928 eum
952 870 1257 927 subintrare
1280 882 1374 922 cor
1401 864 1689 931 cernimus,
1722 862 1845 919 lorti
1876 869 2067 919 contra
2100 860 2165 917 il-

581 970 691 1025 lum
718 960 1199 1035 circumspectione
1216 957 1516 1024 vigilemus.

1192 1047 1417 1105 CAPUT
1439 1046 1549 1103 XL.

650 1152 852 1207 lntn.—-
866 1145 968 1212 Qui
994 1139 1310 1214 respondens
1337 1140 1409 1191 ait
1435 1155 1453 1192 .'
1479 1136 1699 1193 Circuivi
1724 1143 1943 1203 terram,
1967 1144 2017 1190 et
2042 1152 2161 1207 per-

580 1239 836 1295 ambulavi
863 1253 995 1291 eum.

649 1351 737 1405 65.
772 1348 876 1413 Qui
903 1347 1124 1403 insidias
1150 1344 1263 1414 ejus
1292 1341 1432 1395 Deus
1456 1338 1600 1395 nobis
1625 1339 1923 1410 detegat.—-
1948 1337 2162 1394 Satanae

577 1452 778 1497 terram
802 1438 1049 1501 circuire,
1066 1444 1150 1493 est
1176 1433 1414 1490 carnalia
1440 1430 1603 1487 corda
1628 1430 1968 1499 perscrutari,
1986 1439 2040 1485 et
2064 1447 2165 1486 un-

576 1534 644 1587 de
675 1530 1012 1586 occasionem
1039 1524 1397 1581 accusationis
1423 1522 1666 1576 invenire
1693 1521 1881 1587 possit,
1910 1520 2161 1589 exquire.

576 1638 656 1677 re.
692 1621 912 1676 Terram
942 1618 1150 1682 circuit,
1182 1616 1305 1683 quia
1335 1615 1569 1668 humana
1598 1611 1763 1667 corda
1789 1612 2157 1677 (ircumvenit,

577 1724 637 1769 ut
665 1715 806 1769 bona
840 1711 1009 1775 tollat,
1038 1718 1095 1763 ut
1121 1707 1258 1761 mala
1300 1706 1567 1760 mentibus
1606 1704 1824 1768 inserat,
1857 1712 1915 1757 ut
1962 1704 2161 1757 inserta

578 1805 835 1868 cumulet,
870 1811 927 1857 ut
964 1799 1235 1859 cumulata
1265 1796 1526 1869 perﬁciat,
1561 1803 1617 1848 ut
1647 1794 1911 1864 perfectos
1955 1795 2008 1848 in
2058 1794 2160 1847 ini-

1779 385 2023 443 SANCTI
2066 385 2395 442 GRLBUHII
2433 387 2649 445 MAGNI
3114 444 3117 445 ν

2190 499 2249 560 Α
2272 495 2329 551 in
2368 496 2526 553 bonis
2555 497 2622 553 de
2645 495 2842 570 quibus
2867 495 3135 568 gaudebat
3163 498 3466 557 concutitur
3482 544 3498 570 ,
3528 500 3869 559 imbecillita-

2270 589 2339 644 tis
2365 604 2475 645 suze
2501 589 2780 645 debilitate
2807 591 3023 660 cognita
3040 632 3055 657 ,
3086 591 3141 646 in
3178 606 3275 661 spe
3302 590 3469 649 divini
3502 591 3755 661 adjutorii
3784 611 3870 650 ro-

2268 680 2475 737 bustius
2502 682 2782 737 solidetur.
2798 682 2991 752 Fitque
3020 683 3155 739 mira
3188 682 3593 756 dispensatione
3625 688 3868 758 pietatis,

2267 780 2327 827 ut
2355 772 2495 828 unde
2515 773 2775 842 malignus
2803 774 2976 830 hostis
3004 790 3099 831 cor
3126 783 3322 841 tentat,
3353 788 3411 833 ut
3429 778 3721 843 interimat,
3740 779 3869 834 inde

2267 863 2575 921 misericors
2610 863 2857 921 conditor
2900 864 3007 921 hoc
3035 866 3266 933 erudiat,
3299 874 3357 922 ut
3400 868 3563 923 vivat.
3602 866 3757 925 Unde
3809 878 3868 925 et

2266 956 2405 1013 bene
2432 956 2770 1027 subiungitur
2799 975 2813 1012 :

2846 1046 3075 1103 CAPUT
3106 1048 3289 1106 XLIV.

2341 1143 2500 1198 Vens.
2528 1141 2612 1196 12.
2637 1174 2708 1185 -
2734 1141 2872 1198 Ecce
2894 1145 3133 1199 universa
3162 1162 3276 1217 qua:
3304 1144 3471 1213 habet,
3502 1148 3557 1201 in
3588 1164 3745 1202 manu
3782 1160 3869 1202 tua

2266 1248 2405 1302 sunt,
2440 1246 2635 1292 tantum
2661 1237 2717 1291 in
2746 1253 2861 1291 eum
2883 1254 2947 1291 ne
2972 1240 3221 1293 extendas
3246 1257 3454 1294 manum
3486 1250 3644 1295 tuam.

2338 1328 2425 1383 69.
2461 1329 2570 1384 Deo
2612 1330 3045 1399 perseverantiam
3088 1329 3360 1385 tribuente.
3386 1361 3456 1371 —
3490 1330 3563 1387 Ac
3590 1332 3635 1387 si
3677 1340 3871 1402 aperte

2266 1422 2453 1481 dicat:
2486 1421 2655 1477 Electi
2702 1420 3119 1491 uniuscujusque
3158 1423 3298 1478 bona
3339 1424 3416 1479 sic
3460 1424 3556 1478 tibi
3603 1425 3869 1480 tentanda

2266 1514 2503 1573 exterius
2531 1513 2729 1582 tribuo,
2758 1520 2816 1566 ut
2843 1522 3025 1569 tamen
3059 1514 3173 1583 ipse
3196 1515 3431 1583 noveris,
3462 1515 3586 1584 quia
3609 1530 3870 1584 perseve-

2265 1615 2474 1661 rantem
2506 1604 2637 1659 mihi
2666 1604 2815 1659 illum
2836 1604 2891 1660 in
2922 1605 3117 1659 mentis
3138 1606 3319 1661 radice
3339 1622 3623 1662 conservo.
3659 1605 3763 1663 Ubi
3812 1616 3869 1663 et

2268 1692 2407 1749 bene
2429 1693 2677 1748 subditur
2704 1710 2715 1746 :

2858 1780 3089 1838 CAPUT
3111 1782 3267 1839 XLV.

577 1896 871 1966 quitatibus
913 1893 979 1946 ad
1008 1906 1225 1961 poenam
1254 1888 1430 1943 socios
1472 1886 1731 1955 acquirat.
1781 1884 1846 1939 Et
1871 1884 2167 1940 notandum
2195 1870 2248 1933 B
2343 1873 2573 1966 Isin._—
2598 1872 2947 1966 Egressusque
2969 1884 3045 1928 est
3066 1874 3297 1966 ‘Satan-a
3321 1877 3455 1947 facie
3492 1874 3747 1930 Domini:

577 1984 724 2054 quod
752 1998 859 2037 non
886 1982 1270 2041 transvolasse,
1304 1975 1397 2031 sed
1426 1974 1829 2045 perambulasse
1858 1989 1917 2028 se
1958 1975 2168 2040 asserit,

576 2076 703 2146 quia
733 2074 980 2129 nimirum
1010 2084 1348 2140 nequaquam
1381 2082 1540 2136 quem
1582 2074 1754 2120 tentat
1784 2066 2042 2120 velociter
2073 2066 2171 2121 de-

578 2168 741 2233 serit;
767 2166 859 2220 sed
908 2164 998 2219 ubi
1025 2162 1187 2217 molle
1216 2177 1312 2216 cor
1353 2161 1587 2225 invenit,
1620 2160 1691 2215 ibi
1732 2160 1926 2229 pedem
1963 2160 2172 2215 misera:

576 2257 939 2330 persuasionis
970 2253 1111 2323 ﬁgit,
1144 2261 1204 2306 ut
1232 2252 1569 2307 immorando
1599 2252 1827 2307 actionis
1862 2266 2040 2321 prava:
2080 2266 2173 2306 ve-

576 2350 734 2418 stigia
778 2348 1072 2417 imprimat,
1104 2354 1159 2400 et
1204 2361 1271 2400 ex
1316 2361 1425 2400 sua:
1456 2346 1752 2415 iniquitatis
1801 2345 2168 2415 similitudine,

579 2456 715 2509 quos
739 2441 901 2504 valet,
934 2439 1193 2509 reprobos
1214 2437 1421 2493 reddat.
1452 2437 1559 2493 Sed
1596 2446 1783 2493 contra
1814 2438 1954 2493 hunc
1980 2439 2174 2494 beatus

579 2530 682 2589 Job
704 2531 973 2598 laudatur,
1006 2540 1062 2587 et
1091 2531 1287 2586 dicitur
1316 2550 1328 2583 :

1166 2616 1398 2674 CAPUT
1430 2617 1561 2673 LXI.

650 2715 815 2770 Vens.
834 2712 887 2768 8.
910 2744 982 2756 —
1004 2710 1257 2784 Nunquid
1280 2711 1618 2765 considerasti
1646 2729 1844 2767 servum
1866 2730 2030 2767 meum
2050 2713 2181 2784 Job,-

580 2807 715 2879 quod
743 2805 851 2877 6!.
879 2821 982 2859 non
1006 2806 1073 2857 sit
1093 2805 1141 2857 ei
1166 2804 1349 2857 similis
1380 2820 1532 2873 super
1560 2813 1749 2857 terram
1774 2846 1788 2870 ,
1814 2805 1889 2857 vir
1914 2806 2134 2877 simplex
2152 2848 2167 2874 ,

580 2909 628 2953 et
652 2907 840 2965 rectus,
873 2898 1139 2951 ac'timens
1168 2895 1357 2958 Deum,
1390 2904 1436 2948 et
1461 2896 1701 2951 recedens
1726 2915 1757 2950 a
1786 2898 1960 2951 malo?

652 2988 741 3042 66.
773 2988 1017 3045 Laudare
1043 2988 1137 3040 Dei
1166 2996 1242 3040 est
1263 2987 1396 3041 bona
1424 2985 1569 3052 dare,
1594 3004 1654 3041 ac
1679 2987 1801 3040 data
1823 2990 2143 3042 custodire.—

580 3082 753 3149 Quem
781 3078 963 3134 divina
995 3079 1275 3149 inspiratio
1298 3086 1487 3134 contra
1514 3078 1725 3133 hostem
1758 3078 1996 3144 roborat,
2029 3081 2173 3136 hunc

579 3171 813 3243 quasiin
841 3170 1055 3225 Satanae
1084 3172 1299 3225 auribus
1335 3170 1477 3223 Deus
1510 3169 1710 3225 laudat.
1741 3169 1982 3227 Laudare
2010 3175 2169 3245 quip-

579 3278 649 3332 pe
679 3262 794 3329 ejus
817 3271 917 3328 est,
941 3271 995 3317 et
1025 3262 1173 3331 prius
1198 3262 1339 3315 bona
1364 3260 1684 3327 concedere,
1720 3270 1774 3315 et
1803 3271 1924 3331 post
1947 3280 2170 3320 conces-
2196 3247 2244 3311 (ἶ

581 3368 641 3406 sa
689 3353 977 3407 custodire.
1002 3351 1111 3406 Sed
1158 3354 1407 3421 antiquus
1457 3353 1628 3406 hostis
1668 3367 1733 3407 eo
1768 3364 1956 3409 contra
1998 3357 2171 3414 bonos

583 3446 797 3515 gravius
818 3446 989 3513 sazvit,
1017 3460 1126 3513 quo
1145 3445 1328 3498 vallari
1352 3461 1445 3499 eos
1468 3446 1660 3499 divinae
1688 3449 2035 3515 protectionis
2054 3466 2143 3504 mu
2158 3481 2171 3491 -

583 3551 715 3591 nere
740 3536 1027 3605 conspicit.
1057 3533 1209 3590 Unde
1239 3544 1290 3589 et
1314 3535 1644 3604 subjungens
1674 3538 1806 3593 dicit
1834 3556 1847 3592 :

1174 3624 1401 3680 CAPUT
1445 3625 1641 3703 XLH..

654 3720 818 3775 Vsus.
850 3718 1232 3789 9.—Nunquid
1254 3722 1446 3790 frustra
1469 3719 1567 3774 Job
1592 3722 1737 3775 timet
1762 3720 1964 3775 Deum?
1978 3721 2172 3778 Nonne

584 3821 635 3865 tu
665 3811 868 3864 vallasti
894 3827 1027 3869 eum.
1046 3827 1107 3863 ac
1135 3812 1339 3863 domum
1362 3811 1495 3881 ejus,
1529 3812 2172 3883 unitersamquesubstan-

581 3908 707 3959 tiam
728 3923 818 3975 per
839 3906 1142 3958 circuitum?
1173 3904 1426 3975 Operibus
1442 3923 1689 3960 manuum
1709 3906 1819 3976 ejus
1842 3906 2166 3973 benedixisti,

580 4006 630 4049 et
650 3996 905 4065 possessio
933 3995 1076 4049 illius
1102 3996 1256 4048 crevit
1284 3996 1338 4048 in
1363 4003 1520 4049 terra.

651 4086 739 4137 67.
776 4084 899 4140 Suis
922 4087 1113 4138 viribus
1144 4085 1293 4139 homo
1330 4101 1430 4138 non
1462 4094 1582 4138 stat.
1609 4115 1681 4127 -—
1706 4085 1783 4140 Ae
1811 4088 1854 4140 si
1882 4095 2069 4156 aperte
2090 4090 2167 4143 di-

580 4180 669 4226 cat
701 4190 712 4225 :
746 4172 854 4226 Cur
895 4174 1081 4228 laudas
1107 4188 1267 4241 quem
1300 4173 1631 4241 protegendo
1663 4176 1928 4229 roboras?
1966 4175 2168 4246 Despe-

581 4272 670 4317 cto
701 4263 842 4317 enim
868 4279 977 4330 me,
1001 4264 1190 4330 dignus
1219 4265 1323 4317 tuis
1342 4264 1590 4318 laudibus
1610 4265 1774 4319 homo
1803 4278 1965 4327 esset,
1990 4270 2033 4322 si
2060 4271 2169 4325 suis

582 4360 770 4407 contra
796 4368 886 4409 me
930 4353 1134 4408 viribus
1162 4363 1347 4408 staret.
1386 4353 1535 4408 Unde
1562 4370 1688 4409 mox
1715 4364 1771 4410 et
1810 4358 2077 4414 malitiose
2101 4361 2168 4418 de

579 4444 799 4500 homine
825 4447 1061 4517 expetit,
1093 4446 1237 4516 quod
1283 4454 1461 4501 tamen
1494 4455 1767 4516 protector
1804 4448 2033 4504 hominis
2073 4452 2168 4507 be-

580 4539 741 4607 nigne
768 4539 1033 4595 concedit.
1067 4538 1199 4591 Nam
1229 4539 1474 4594 subditur
1502 4557 1515 4591 :

951 4628 1180 4684 CAPUT
1210 4629 1366 4685 XLIII
1398 4631 1550 4705 [Rea
1585 4631 1785 4703 XXV].

649 4722 817 4778 Vens.
847 4722 933 4776 II.
978 4723 1084 4777 Sed
1118 4725 1337 4779 extende
1373 4725 1638 4796 paululum
1676 4743 1884 4781 manum
1917 4737 2088 4797 tuam,
2120 4742 2173 4787 et

581 4824 735 4887 tange
754 4823 939 4869 cuncta
964 4831 1079 4885 quin
1097 4817 1343 4887 possidet,
1377 4819 1478 4872 nisi
1503 4820 1558 4871 in
1585 4828 1608 4856 ⁸
1643 4821 1829 4890 faciem
1851 4821 2172 4880 benedixerit

580 4905 696 4960 tibi.

650 4994 737 5049 68.
760 4995 927 5051 Electi
938 4999 993 5051 in
1010 5000 1991 5075 tentationeproﬁciunt.--Plerumque
1999 5009 2164 5076 enim,

580 5086 707 5142 dum
735 5086 990 5140 virtutum
1018 5087 1217 5144 fructus
1243 5088 1467 5145 ieeunde
1504 5088 1798 5159 reddimus,
1828 5094 1955 5150 dum
1984 5099 2161 5152 conti-

580 5192 685 5233 nua
705 5178 1065 5249 prosperitate
1090 5180 1373 5249 pollemus,
1407 5184 1793 5253 aliquantulum
1823 5203 1975 5243 meus
2003 5192 2159 5260 erigi-

580 5275 686 5335 tur,
718 5276 826 5324 uta
845 5268 1131 5338 semetipsa
1160 5271 1259 5327 sibi
1288 5272 1520 5329 existere
1547 5274 1688 5329 bona
1708 5292 1828 5345 qua:
1860 5279 2039 5343 habet,
2073 5296 2159 5334 ar-

575 5360 823 5415 bitretur.
857 5360 987 5427 Qum
1013 5362 1261 5418 nimirum
1290 5365 1432 5419 bona
1462 5367 1711 5437 antiquus
1733 5369 1905 5424 hostis
1933 5372 2161 5428 malitio-

578 5464 639 5506 se
666 5460 955 5509 attrectare
994 5457 1232 5529 appetit;
1263 5457 1357 5511 sed
1376 5456 1491 5513 haec
1520 5461 1718 5514 tentari
1762 5461 1900 5517 Deus
1943 5466 2155 5520 nonnisi

577 5540 808 5613 benigne
837 5547 1122 5615 permittit,
1154 5556 1213 5603 ut
1234 5548 1355 5602 dum
1386 5564 1536 5604 mens
1567 5552 1859 5609 teutatione
1890 5556 2157 5628 pulsante,

652 5730 676 5794 ξι
708 5720 869 5794 Corb.
901 5723 1108 5790 (lenm,
1140 5726 1237 5777 nisi
1268 5727 1319 5778 in
1345 5727 1477 5794 facie
1504 5735 1610 5782 tua.

654 5789 678 5823 δ
707 5788 810 5865 _Ubi
840 5793 1032 5858 legitur
1057 5788 1108 5845 in
1148 5794 1321 5865 Editis
1335 5788 1614 5865 profectus,
1648 5800 1699 5854 in
1732 5801 1856 5858 Mss.
1890 5806 2001 5860 fere
2028 5823 2163 5862 sem-

582 5871 679 5924 per
707 5858 956 5926 habetur,
982 5872 1259 5929 provectus.
1295 5858 1463 5928 Quam
1508 5858 1695 5924 vocem
1730 5873 1817 5927 hic
1860 5858 2163 5935 curavimus

2348 1963 2435 2016 70.
2473 1962 2584 2027 Quo
2615 1964 2938 2032 moderante,
2967 1963 3202 2019 diabolus
3245 1963 3493 2019 bonorum
3522 1967 3683 2020 corda
3710 1984 3873 2038 usque

2279 2055 2346 2109 ad
2369 2057 2633 2109 interitum
2656 2073 2759 2110 non
2782 2057 3128 2112 uulnerat.—
3154 2057 3288 2124 Quia
3319 2074 3417 2129 per
3448 2060 3568 2126 hoc,
3600 2061 3745 2128 quod
3777 2078 3875 2117 us-

2277 2144 2473 2215 quelad
2521 2146 2787 2201 delectum
2833 2149 3013 2204 cordis
3042 2151 3336 2219 praevalere
3366 2166 3710 2222 nequaquam
3746 2169 3874 2224 per-

2277 2237 2526 2303 mittitur,
2559 2236 2810 2293 exclusus
2857 2238 2925 2293 ab
2970 2238 3192 2305 intimis,
3222 2240 3461 2294 exterius
3491 2251 3736 2309 vagatur.
3770 2242 3875 2308 Qui

2279 2330 2440 2383 etiam
2482 2328 2527 2383 si
2556 2328 2779 2383 virtutes
2806 2332 3003 2387 mentis
3036 2331 3354 2402 plerumque
3385 2332 3599 2399 turbat,
3630 2349 3699 2388 eo
3750 2335 3871 2404 ipso

2276 2418 2408 2475 foris
2434 2427 2534 2486 est,
2568 2435 2675 2489 quo
2699 2421 2981 2476 resistente
3013 2421 3152 2490 Deo,
3177 2439 3347 2493 usque
3375 2424 3441 2479 ad
3470 2424 3743 2479 interitum
3778 2426 3875 2480 bo-

2279 2527 2469 2565 norum
2515 2510 2676 2566 corda
2723 2528 2829 2565 non
2860 2513 3124 2567 vulnerat.
3158 2512 3388 2568 Tantum
3430 2516 3634 2585 quippe
3680 2529 3873 2570 contra

2278 2603 2365 2657 illa
2414 2603 2600 2657 saevire
2644 2603 2993 2673 permittitur,
3026 2605 3079 2659 in
3126 2615 3386 2673 quantum
3434 2622 3660 2663 necesse
3686 2616 3768 2662 est
3819 2617 3877 2661 ut

2277 2695 2663 2748 tentationibus
2710 2694 2921 2749 erudita
2964 2695 3296 2763 solidentur;
3331 2712 3397 2753 ne
3435 2713 3499 2752 ea
3548 2712 3669 2767 quas
3707 2708 3877 2767 agunt

2276 2786 2442 2853 bona,
2474 2786 2585 2841 suis
2616 2786 2816 2841 viribus
2846 2787 3104 2852 tribuant,
3137 2804 3203 2844 ne
3231 2789 3285 2843 in
3315 2789 3621 2844 securitatis
3650 2798 3876 2859 torpore

2276 2891 2336 2931 se
2365 2876 2645 2943 deserant,
2672 2884 2725 2931 et
2752 2892 2782 2930 a
2825 2876 3121 2933 formidinis
3163 2879 3501 2935 accinctioue
3527 2880 3829 2936 dissolvant
3859 2901 3872 2934 :

2276 2966 2304 3005 ι’
2334 2968 2427 3021 sed
2456 2965 2523 3020 ad
2554 2975 2839 3037 provectus
2879 2969 2960 3022 sui
3004 2969 3301 3025 custodiam
3332 2978 3483 3026 tanto
3509 2972 3766 3026 solertius
3792 2972 3875 3026 in-

2275 3058 2524 3127 vigilent,
2557 3067 2760 3127 quanto
2787 3075 2846 3114 se
2866 3069 3059 3115 contra
3089 3061 3457 3117 adversarium
3486 3072 3632 3119 stare
3656 3080 3876 3137 semper

2276 3148 2331 3203 in
2362 3148 2478 3204 acie
2502 3150 2860 3205 tentationum
2881 3151 3081 3206 vident.

2594 3258 2823 3314 CAPUT
2854 3259 3018 3316 xm
3047 3262 3190 3333 [γει.
3220 3262 3528 3337 XXXIII].

2348 3351 2512 3407 Vens.
2548 3352 2636 3421 I5,
2672 3354 2757 3419 Ib,
2786 3354 2871 3408 15.
2891 3388 2964 3399 ——
2982 3356 3109 3411 Cum
3138 3368 3309 3412 autem
3336 3361 3560 3429 quadarn
3587 3362 3673 3416 die
3694 3363 3796 3431 ﬁlii
3824 3373 3877 3417 et

2275 3446 2403 3515 ﬁlia:
2429 3450 2543 3518 ejus
2567 3449 2893 3504 comederent
2914 3461 2964 3503 et
2986 3450 3211 3505 biberent
3235 3454 3408 3506 vinum
3436 3455 3490 3507 in
3516 3454 3670 3509 domo
3693 3457 3875 3525 fratris

2274 3543 2354 3594 sui
2391 3544 2741 3613 primogenili,
2770 3547 2981 3599 nuntius
3010 3549 3143 3600 venit
3172 3548 3240 3599 ad
3269 3548 3489 3617 Job,qui
3518 3551 3713 3605 diceret
3735 3569 3755 3605 :
3776 3552 3875 3606 Bo-

2273 3650 2355 3687 res
2382 3635 2624 3701 orabant,
2655 3643 2703 3688 et
2732 3638 2894 3690 asina:
2923 3638 3263 3707 pascebantur
3284 3640 3440 3709 juxta
3480 3658 3566 3695 eos
3586 3684 3601 3707 ,
3630 3653 3679 3697 et
3701 3646 3870 3697 irrue-

2273 3734 2395 3777 runt
2423 3724 2615 3789 Sabazi,
2650 3727 2975 3799 tuleruntque
3002 3731 3193 3794 omnia,
3219 3741 3269 3784 et
3299 3749 3483 3802 pueros
3512 3745 3872 3803 percusserunt

2276 3816 2484 3885 gladio;
2518 3827 2540 3857 ιε
2572 3826 2621 3869 et
2650 3820 2790 3872 evasi
2818 3836 2912 3889 ego
2943 3821 3103 3886 solus,
3132 3831 3189 3874 ut
3228 3824 3520 3878 nuntiarem
3544 3825 3655 3879 tibi.

2349 3909 2433 3963 7|.
2465 3908 2624 3965 Fides
2663 3914 2904 3967 virtutum
2938 3916 3163 3969 omnium
3195 3919 3529 3980 primm—In
3571 3920 3869 3976 electorum

2274 3999 2437 4054 corde
2466 4002 2615 4070 prior
2644 4003 2911 4059 bonorum
2943 4008 3282 4074 sequentium
3313 4011 3577 4079 sapientia
3611 4014 3869 4081 nascitur,

2274 4096 2437 4158 atque
2479 4090 2593 4146 haec
2632 4108 2732 4162 per
2774 4093 2975 4149 donum
3023 4096 3253 4166 Spiritus
3304 4102 3455 4168 quasi
3512 4104 3872 4173 primogenita

2271 4180 2455 4250 proles
2480 4184 2769 4251 profertur.
2795 4185 2925 4251 Quae
2951 4188 3193 4257 profecto
3222 4192 3506 4261 sapientia,
3535 4205 3716 4250 nostra
3742 4198 3874 4253 ﬁdes

2274 4280 2388 4339 est,
2423 4275 2688 4343 prepbeta
2719 4286 3010 4334 attestante
3032 4322 3045 4348 ,
3076 4282 3167 4350 qui
3195 4284 3268 4337 ait
3321 4301 3334 4336 :
3374 4283 3497 4340 Nisi
3549 4290 3879 4345 credideritis

2272 4381 2374 4419 non
2404 4366 2702 4438 intelligetis
2742 4368 2898 4442 (Isai.
2940 4389 3041 4438 νη,
3070 4376 3127 4429 9.
3168 4393 3270 4431 sec.
3306 4376 3502 4451 LXX).
3538 4379 3691 4436 Tunc
3725 4385 3874 4439 enim

2269 4469 2397 4511 vere
2422 4457 2489 4511 ad
2512 4458 2913 4530 intelligendum
2941 4466 3198 4535 sapimus,
3232 4485 3353 4523 cum
3384 4473 3592 4527 cunctis
3615 4474 3721 4545 65
3752 4490 3875 4544 qua:

2270 4547 2520 4604 conditor
2545 4550 2700 4615 dicit,
2735 4554 3065 4631 credulitatis
3095 4569 3294 4615 nostra:
3333 4560 3489 4616 {idem
3534 4565 3862 4633 prmbemus.

2188 4632 2242 4694 D
2269 4640 2328 4695 In
2344 4641 2504 4697 domo
2529 4658 2659 4713 ergo
2670 4644 2851 4703 fratris
2880 4650 3219 4719 primogeniti
3241 4632 3595 4712 convivantur
3610 4660 3725 4727 lilii,
3746 4677 3871 4716 cum

2276 4734 2501 4789 virtutes
2526 4736 2746 4807 reliquae
2778 4741 3065 4810 epulantur
3095 4744 3147 4799 in
3179 4746 3300 4800 fide.
3328 4748 3455 4814 Quin
3482 4750 3525 4803 si
3562 4767 3667 4806 non
3691 4755 3867 4822 prima

2272 4826 2326 4881 in
2352 4827 2517 4881 corde
2561 4837 2751 4885 nostro
2780 4833 3043 4901 gignitur,
3076 4836 3277 4905 reliqua
3303 4853 3531 4910 qumque
3572 4859 3693 4898 esse
3722 4846 3870 4900 bona

2272 4934 2377 4972 non
2409 4930 2651 4988 possunt,
2685 4923 2893 4979 etiamsi
2922 4926 3062 4979 bona
3084 4926 3386 4985 videantur.
3408 4930 3468 4987 In
3491 4933 3654 4989 domo
3685 4933 3871 4994 fratris

2270 5012 2611 5081 primogeniti
2644 5013 2731 5069 lilii
2761 5018 3143 5086 convivantur,
3175 5020 3299 5075 dum
3330 5022 3554 5079 virtutes
3584 5037 3783 5083 nostra}
3812 5029 3867 5083 in

2271 5101 2577 5159 habitacula
2626 5106 2769 5171 ﬁdei,
2819 5108 2956 5163 sacri
3004 5111 3215 5184 eloquii
3234 5114 3356 5169 cibo
3405 5116 3688 5174 satiantur.
3720 5119 3869 5175 Sari-

2270 5203 2419 5261 ptum
2450 5196 2646 5265 quippe
2671 5205 2751 5250 est
2776 5214 2787 5248 :
2816 5197 2943 5252 Sine
2962 5200 3067 5269 ﬁde
3086 5203 3400 5272 impossibile
3419 5216 3495 5261 est
3524 5210 3732 5277 placere
3753 5211 3865 5267 Deo

2270 5284 2458 5355 (Hebr.
2493 5303 2563 5353 χι,
2606 5287 2681 5357 6).
2715 5288 2866 5345 Tunc
2894 5306 3024 5360 ergo
3062 5295 3289 5351 virtutes
3320 5306 3519 5353 nostra!
3545 5316 3701 5356 veras
3738 5305 3866 5359 vitm

2267 5378 2453 5447 epulas
2502 5390 2738 5445 sumunt,
2781 5399 2902 5438 eum
2950 5386 3144 5441 nutriri
3176 5386 3299 5444 ﬁdei
3330 5396 3682 5448 sacramentis
3730 5397 3867 5451 inci—

2265 5466 2437 5537 piunt.
2468 5469 2524 5524 In
2566 5470 2726 5526 domo
2761 5472 2939 5531 fratris
2970 5477 3312 5547 primogeniti
3346 5484 3700 5540 convivantur
3730 5488 3822 5540 lilii
3842 5531 3864 5556 ,

2266 5560 2390 5627 quia
2413 5561 2513 5616 nisi
2534 5562 2762 5619 virtutes
2791 5566 3007 5637 reliqua:
3036 5570 3311 5639 sapientia:
3339 5574 3509 5643 epulis
3531 5576 3770 5653 repletas,
3796 5594 3867 5633 ea

2266 5739 2653 5823 restituendam
2679 5786 2691 5806 ,
2722 5757 2826 5795 non
2851 5751 3026 5823 autem
3056 5746 3108 5800 in
3133 5749 3383 5805 omnibus
3409 5749 3562 5819 locis,
3590 5765 3713 5807 cum
3732 5767 3863 5823 pro-

2271 5812 2439 5883 fectus
2461 5828 2565 5865 vox
2596 5829 2893 5883 synonyma
2919 5817 3006 5869 sit.

2344 5892 2365 5918 ο
2397 5881 2496 5937 llic
2525 5881 2710 5939 versus
2739 5881 2894 5941 abeSt
2918 5901 2948 5941 a
2969 5885 3069 5945 Ms.
3097 5887 3261 5947 Corb.
3285 5888 3469 5949 Germ.
