4180 6450
293 385 399 445 589

1241 383 1603 443 MORALIUM
1644 384 1775 443 LIB.
1816 383 1881 443 II.
1911 414 1982 431 --
2022 389 2091 446 IN
2127 390 2283 448 CAP.
2326 390 2346 448 I
2386 393 2448 452 Β.
2486 396 2622 456 JOB.

3474 412 3583 472 590

286 522 408 581 quae
438 512 698 578 appetunt
729 504 1020 577 prudenter
1045 510 1226 574 agant,
1255 505 1484 560 virtutes
1513 518 1635 562 esse
1682 521 1887 575 nequa—
1913 508 1970 571 Α
1991 508 2119 563 dum
2150 511 2326 565 subita
2357 511 2423 565 ad
2453 527 2553 569 nos
2578 517 2985 588 perturbatione
3028 522 3352 582 Mutationis
3400 528 3584 599 irruit,

286 615 447 671 quam
466 607 709 669 possunt.

360 691 446 745 72.
503 687 784 742 Virtutibus
814 689 1003 741 nostris
1033 702 1188 758 quam
1225 686 1366 739 varie
1390 686 1664 740 insidietur
1693 687 1878 741 diabo-

287 784 388 836 lus.
419 810 483 820 ο-
512 778 617 833 Sed
657 792 786 833 ecce
832 778 956 832 dum
1013 778 1154 831 bona
1186 790 1303 847 quae
1333 778 1538 845 agimus
1559 815 1572 840 ,
1606 778 1879 844 sapientia}

286 872 459 942 epulis
487 868 718 940 ﬁdeique
738 876 1049 938 pascuntur,
1074 867 1243 921 hostis
1269 874 1450 921 noster
1472 876 1687 922 arantes
1710 869 1879 922 boves

291 973 348 1020 et
376 969 660 1035 pascentes
689 962 868 1016 asinas
897 959 1189 1026 subtrahit,
1211 967 1265 1014 et
1303 974 1500 1029 pueros
1525 960 1704 1028 gladio
1735 963 1879 1016 occi-

274 1055 384 1121 dit.
418 1052 556 1119 Quid
586 1060 801 1105 arantes
828 1052 1016 1117 boves,
1040 1050 1140 1104 nisi
1179 1049 1453 1117 graviores
1483 1057 1694 1105 nostras
1726 1051 1877 1118 cogi-

288 1147 518 1199 tationes
550 1144 881 1213 accipimus?
908 1156 1029 1211 qua:
1069 1142 1194 1195 dum
1221 1154 1317 1194 cor
1347 1139 1586 1195 studiosa
1616 1141 1879 1195 exercita-

287 1239 436 1293 tione
464 1237 775 1301 confieiunt,
800 1237 994 1291 uberes
1014 1239 1369 1305 provectuum
1392 1231 1598 1288 fructus
1620 1234 1875 1301 reddunt,

287 1333 425 1399 Quid
473 1339 751 1402 pascentes
797 1330 1145 1397 intelligimus
1192 1329 1412 1395 asinas,
1455 1328 1557 1387 nisi
1602 1328 1877 1397 simplices

285 1433 464 1479 motus
480 1424 655 1478 cordis
671 1424 695 1477 ’ἓ
711 1436 847 1491 quos
868 1422 992 1475 dum
1013 1419 1253 1474 studiose
1274 1433 1305 1471 a
1334 1417 1663 1488 duplicitatis
1692 1433 1877 1473 errore

286 1517 695 1589 compescimus,
729 1514 882 1585 quasi
914 1515 965 1569 in
996 1528 1188 1583 campo
1221 1513 1402 1565 liberae
1430 1512 1680 1582 puritatis
1710 1513 1876 1567 nutri-

286 1625 423 1663 mus.
457 1607 564 1663 Sed
592 1608 905 1678 plerumque
936 1606 1103 1660 hostis
1133 1604 1379 1667 callidus,
1415 1620 1536 1657 cum
1568 1618 1759 1672 graves
1784 1620 1877 1659 co-

286 1699 578 1767 gitationes
604 1697 657 1750 in
687 1695 850 1751 corde
875 1693 1160 1763 conspicit,
1188 1707 1280 1747 eas
1318 1694 1416 1745 sub
1441 1694 1746 1748 introducta
1775 1710 1878 1749 vo-

280 1790 505 1861 luptatis
529 1788 891 1844 delectatione
911 1786 1237 1855 corrumpit;
1270 1784 1471 1839 et'dum
1500 1796 1677 1842 motus
1697 1787 1879 1842 cordis

1985 602 2497 691 circumspectiones
2520 608 2701 665 cordis
2731 613 3009 683 inopinate
3045 619 3402 689 praeveniens,
3431 625 3587 691 quasi

1985 690 2132 760 ipsos
2154 693 2405 749 custodes
2426 711 2625 765 pueros
2640 698 2823 766 gladio
2851 706 3069 761 occidit.
3095 706 3206 764 Sed
3234 718 3415 767 tamen
3445 690 3585 771 unus

1985 784 2137 852 fugit,
2191 786 2281 857 qui
2335 798 2357 826 ο
2388 788 2493 844 alia
2523 792 2751 860 periisse
2780 798 3009 864 nuntiet,
3039 801 3163 870 quia
3217 802 3271 857 in
3321 816 3388 860 eo
3438 804 3587 876 q'uod

1985 891 2138 929 mens
2168 878 2234 931 ab
2263 878 2422 934 hoste
2451 882 2671 949 patitur,
2703 884 2927 942 rationis
2968 888 3227 948 discretio
3267 908 3484 966 semper
3514 898 3585 952 ad
3614 924 3619 935 ’

1986 967 2223 1022 animum
2267 970 2439 1038 redit;
2489 980 2548 1027 et
2580 974 2731 1042 quasi
2758 977 2929 1033 solam
2968 994 3028 1036 se
3056 985 3295 1043 evasisse
3328 987 3581 1054 indicat,
3618 1008 3625 1015 ’

1986 1075 2107 1129 quae
2148 1062 2289 1132 apud
2340 1064 2683 1135 semetipsam
2732 1065 2946 1124 fortiter
2994 1073 3251 1144 quidquid
3298 1062 3583 1148 pertulerit

1986 1160 2200 1222 pensat.
2254 1152 2388 1209 Aliis
2414 1168 2543 1224 ergo
2570 1160 2926 1227 pereuntibus
2970 1177 3110 1220 unus
3147 1167 3216 1220 ad
3242 1167 3459 1225 domum
3494 1186 3585 1229 re-

1986 1243 2081 1311 dit,
2113 1245 2141 1281 d
2169 1244 2296 1298 dum
2328 1247 2551 1302 turbatis
2598 1248 2651 1303 in
2692 1252 2991 1307 tentatione
3038 1254 3278 1313 motibus
3324 1261 3583 1319 discretio
3616 1294 3623 1301 υ

1986 1336 2054 1391 ad
2080 1338 2467 1393 conscientiam
2517 1343 2781 1409 recurrit;
2815 1353 2872 1397 ut
2909 1347 3051 1416 quod
3080 1349 3375 1418 repentinis
3402 1353 3583 1410 incur-

1985 1430 2133 1485 sibus
2184 1441 2558 1503 prazoccupata
2606 1451 2759 1490 mens
2798 1440 3095 1507 perdidisse
3139 1455 3200 1499 se
3240 1454 3455 1514 pensat,
3482 1448 3586 1505 hoc

1985 1523 2417 1591 eompunctionis
2439 1523 2619 1579 studio
2649 1526 2849 1581 afflicta
2879 1530 3124 1599 recipiat.

2548 1615 2781 1672 CAPUT
2828 1617 3038 1676 XLVII.

2058 1703 2219 1759 Vens.
2256 1706 2687 1779 16.—Cumque
2734 1712 2902 1773 adhuc
2952 1714 3041 1766 ille
3088 1713 3399 1788 loqueretur,
3447 1720 3587 1776 venit

1986 1797 2140 1863 alter,
2172 1804 2223 1850 et
2243 1799 2373 1851 dixit
2396 1816 2414 1853 :
2444 1798 2591 1870 Ignis
2621 1800 2720 1855 Dei
2744 1804 2927 1856 cecidit
2949 1804 3013 1857 de
3033 1807 3178 1873 cmlo,
3203 1816 3251 1861 et
3279 1818 3586 1867 taetas‘oves

283 1880 554 1949 simplices
573 1879 738 1945 videt,
763 1878 977 1932 subtilia
1007 1877 1379 1930 inventionum
1410 1877 1655 1931 acumina
1694 1888 1874 1933 osten-
1901 1886 1953 1949 Β
1980 1907 2267 1961 puerosque
2290 1893 2635 1961 consumpsit;
2664 1901 2712 1948 et
2728 1894 2885 1965 effugi
2908 1912 3003 1966 ego
3021 1895 3184 1966 solus,
3205 1905 3262 1952 ut
3289 1900 3584 1957 nuntiarem

282 1971 390 2035 dit;
427 1977 484 2024 ut
528 1970 654 2024 dum
700 1969 816 2022 laus
860 1967 926 2021 de
974 1967 1270 2022 subtilitate
1306 1968 1588 2035 quaeritur,
1623 1970 1873 2038 puritatis

280 2066 595 2136 simplicitas
639 2065 944 2129 amittatur;
979 2075 1029 2117 et
1061 2064 1105 2116 si
1138 2078 1307 2132 usque
1356 2063 1421 2115 ad
1471 2078 1606 2133 Opus
1647 2079 1871 2133 pravum

282 2159 599 2230 pertrahere
630 2174 735 2212 non
768 2158 934 2226 valet,
969 2157 1224 2213 tentando
1258 2167 1435 2212 tamen
1476 2159 1741 2213 bonorum
1772 2175 1865 2214 co-

281 2250 629 2319 gitationibus
650 2258 674 2285 η
704 2250 1008 2319 subripiens
1034 2258 1223 2317 nocet;
1254 2257 1311 2303 ut
1336 2249 1462 2304 dum
1490 2251 1706 2305 turbare
1732 2252 1869 2306 bona

282 2342 476 2396 mentis
497 2340 825 2410 agnoscitur,
854 2356 916 2395 ea
944 2342 1092 2411 quasi
1123 2340 1357 2395 funditus
1388 2342 1672 2396 abstulisse
1697 2343 1871 2395 videa-

285 2442 394 2489 tur.
431 2434 660 2496 Possunt
708 2432 869 2488 etiam
902 2448 998 2503 per
1026 2440 1245 2489 arantes
1285 2434 1481 2499 boves,
1514 2433 1871 2503 cogitationes

281 2525 559 2582 charitatis
583 2524 781 2594 accipi;
808 2524 998 2593 quibus
1024 2523 1279 2594 prodesse
1305 2524 1422 2579 aliis
1443 2516 1723 2588 conamur,
1748 2537 1870 2577 eum

283 2619 506 2673 fraterni
535 2617 715 2673 cordis
743 2616 993 2671 duritiam
1041 2615 1381 2688 prmdicando
1424 2615 1671 2671 scindere
1714 2615 1867 2683 cupi-

282 2727 420 2767 mus.
452 2710 640 2765 Potest
659 2710 820 2765 etiam
843 2726 938 2780 per
958 2710 1154 2775 asinas,
1173 2726 1291 2778 qua:
1314 2708 1561 2762 nimirum
1592 2722 1710 2762 sese
1739 2721 1870 2760 one-

282 2802 544 2867 rantibus,
574 2801 720 2855 nulla
768 2799 1063 2856 ferocitatis
1106 2801 1309 2855 insania
1357 2800 1632 2862 resistunt,
1662 2800 1870 2867 patien-

281 2894 371 2948 tiae
399 2890 751 2948 mansuetudo
780 2890 999 2960 signari.
1024 2889 1091 2944 Et
1112 2906 1254 2960 saepe
1275 2890 1445 2944 hostis
1471 2889 1719 2957 antiquus
1748 2902 1870 2941 eum

277 2985 420 3040 velle
450 2985 705 3055 prodesse
744 2998 842 3037 nos
893 2981 1163 3051 loquendo
1194 2980 1312 3035 aliis
1340 2979 1622 3049 conspicit,
1657 2979 1710 3031 in
1736 2993 1870 3045 quo-

283 3078 408 3131 dam
437 3083 656 3147 torpore
692 3075 787 3130 otii
818 3082 1056 3129 mentem
1105 3074 1328 3143 mergit;
1379 3082 1436 3125 ut
1468 3073 1587 3127 aliis
1613 3072 1871 3141 prodesse

283 3186 393 3225 non
423 3168 605 3236 libeat,
637 3169 799 3223 etiam
826 3182 944 3222 cum
969 3182 998 3220 a
1020 3166 1253 3236 prepriis
1279 3172 1456 3220 vacat.
1487 3165 1713 3217 Arantes
1741 3177 1870 3233 ergo

1982 1979 2091 2033 tibi.

2053 2068 2139 2123 74.
2188 2069 2436 2123 Diabolus
2466 2078 2635 2124 castas
2664 2072 3008 2143 cogitationes
3045 2090 3374 2148 corrumpere
3419 2095 3583 2137 cona-

1982 2169 2084 2215 tur.
2120 2162 2227 2216 Sed
2254 2162 2493 2216 discretio
2531 2164 2814 2232 periculum
2844 2166 3031 2222 evadit.
3055 2196 3124 2208 -—
3144 2168 3283 2235 Quid
3304 2186 3402 2240 per
3428 2178 3581 2245 ov’cs,
3610 2182 3613 2189 '

1980 2253 2080 2306 nisi
2112 2254 2498 2321 cogitationum
2544 2254 2872 2322 innocentia,
2925 2257 3051 2327 quid
3085 2268 3108 2297 ο
3138 2275 3237 2329 per
3274 2277 3434 2332 oves,
3478 2265 3584 2323 nisi

1979 2344 2243 2398 bonorum
2267 2344 2504 2398 cordium
2529 2345 2788 2400 munditia
2810 2345 3165 2417 designatur?
3185 2351 3395 2408 leum
3409 2369 3538 2412 vero
3557 2356 3577 2395 ί

1980 2438 2187 2491 aerium
2212 2437 2316 2492 dici
2335 2437 2497 2507 paulo
2519 2447 2646 2493 ante
2664 2439 2776 2508 jam
2796 2439 3029 2496 diximus
3050 2459 3064 2496 :
3083 2443 3227 2499 unde
3244 2453 3299 2499 et
3314 2461 3440 2503 aves
3454 2447 3583 2505 caeli

1980 2527 2341 2581 nominamus.
2369 2526 2437 2581 Et
2468 2528 2668 2584 scimus
2689 2529 2835 2598 quod
2858 2532 3119 2587 immundi
3141 2535 3385 2605 spiritus,
3417 2539 3511 2607 qui
3546 2553 3579 2594 e

1979 2620 2121 2675 coelo
2149 2623 2383 2675 mthereo
2414 2622 2546 2691 lapsi
2576 2629 2723 2690 sunt,
2746 2622 2799 2677 in
2827 2623 2930 2679 hoc
2951 2625 3075 2680 (εωιί
3106 2633 3371 2697 terraeque
3397 2630 3577 2687 medio

1979 2719 2283 2778 vagantur:
2306 2710 2398 2778 qui
2422 2718 2574 2765 tanto
2597 2712 2768 2781 magis
2796 2715 2961 2769 corda
2985 2715 3260 2771 hominum
3285 2721 3581 2775 ascendere

1981 2802 2047 2855 ad
2078 2802 2317 2857 caelestia
2345 2803 2602 2868 invident,
2628 2814 2832 2873 quanto
2861 2822 2920 2861 se
2948 2822 2979 2861 a
3008 2808 3320 2864 coelestibus
3348 2826 3445 2880 per
3468 2813 3581 2866 ela-

1980 2892 2143 2946 tionis
2170 2908 2277 2948 sum
2308 2893 2701 2949 immunditiam
2745 2896 3018 2967 projectos
3046 2899 3251 2957 vident.
3284 2901 3418 2968 Quia
3448 2917 3579 2973 ergo

1981 2983 2049 3037 ab
2080 2985 2252 3038 aereis
2300 2986 2655 3054 potestatibus
2708 2996 2896 3042 contra
2943 2990 3332 3059 cogitationum
3364 3006 3578 3050 neSIra-

1981 3092 2101 3131 rum
2133 3078 2448 3133 munditiam
2488 3079 2705 3135 ﬂamma
2738 3082 2919 3136 livoris
2974 3084 3148 3151 irruit,
3178 3086 3244 3140 de
3272 3087 3409 3143 cmlo
3444 3089 3584 3158 ignis

1982 3168 2051 3222 ad
2078 3185 2205 3223 oves
2233 3172 2399 3224 venit.
2429 3170 2583 3241 Saepe
2611 3173 2751 3226 enim
2783 3174 3006 3228 mundas
3036 3177 3232 3232 mentis
3259 3188 3456 3234 nostra:
3485 3195 3582 3236 co-

280 3262 449 3316 boves
495 3260 783 3325 subtrahit,
815 3275 943 3315 eum
993 3258 1348 3328 cogitationes
1397 3258 1591 3311 mentis
1622 3256 1871 3311 fraterna:
1898 3280 1946 3343 ρ
1984 3260 2272 3329 gitationes
2324 3261 2518 3316 ardore
2562 3263 2797 3318 libidinis
2828 3265 3160 3333 accendunt;
3193 3276 3247 3322 et
3275 3272 3427 3338 quasi
3458 3273 3582 3342 igne

283 3354 530 3411 utilitatis
557 3354 819 3409 fructibus
860 3351 1091 3419 deditas,
1121 3368 1217 3421 per
1246 3352 1568 3406 submissum
1600 3351 1872 3419 negligen-

284 3449 370 3503 tiae
403 3457 673 3517 torporem
722 3443 937 3513 frangit.
985 3442 1051 3499 Et
1079 3444 1325 3514 quamvis
1364 3442 1660 3498 electorum
1708 3442 1872 3497 corda

286 3544 422 3599 intra
454 3556 647 3597 arcana
676 3554 786 3595 suae
818 3538 1164 3607 cogitationis
1219 3536 1533 3605 invigilant,
1574 3544 1628 3591 et
1674 3536 1801 3606 quid
1840 3551 1871 3590 a

289 3642 555 3689 tentatore
606 3633 887 3696 sustineat,
940 3638 1255 3699 superantes
1302 3636 1563 3697 pensant,
1597 3643 1662 3682 eo
1692 3636 1873 3683 tamen

288 3726 407 3796 ipso
457 3724 721 3792 malignus
767 3722 1016 3776 inimicus
1045 3719 1241 3787 aliquid
1285 3719 1529 3787 rapuisse
1557 3734 1615 3771 se
1644 3718 1871 3785 gaudet,

282 3830 391 3885 quo
453 3811 867 3881 cogitationibus
928 3810 1196 3864 bonorum
1252 3808 1337 3863 vel
1409 3809 1477 3863 ad
1534 3816 1875 3863 momentum

282 3905 560 3977 praevalet.

358 3996 504 4070 [νει.
520 3990 709 4049 XXXI
727 3991 765 4047 V
776 3990 812 4064 .]
828 3991 915 4044 75.
954 3988 1084 4062 Ejus
1101 3988 1367 4045 conatibus
1391 3996 1585 4061 quanta
1603 3989 1878 4060 vigilantia

283 4086 679 4146 occurrendum.
704 4081 1046 4137 Discretionis
1062 4095 1247 4135 munus
1270 4081 1324 4135 in
1344 4088 1427 4135 ten
1437 4080 1880 4152 tatione.—-Saepe

286 4189 465 4237 autem
489 4194 612 4235 eum
641 4183 995 4250 prmparatam
1034 4180 1274 4230 mentem
1319 4173 1386 4228 ad
1426 4172 1769 4229 tolerantiam
1798 4174 1881 4229 vi-

286 4276 397 4339 det,
434 4270 563 4344 quid
603 4270 670 4325 ab
719 4284 782 4325 ea
830 4267 1063 4323 maxime
1115 4266 1367 4334 diligatur
1416 4265 1670 4334 exquirit,
1713 4274 1768 4320 et
1808 4265 1877 4321 ibi

286 4367 523 4425 scandali
552 4366 775 4434 laqueos
806 4361 1012 4429 inserit,
1033 4369 1092 4414 ut
1113 4375 1221 4430 quo
1241 4358 1412 4429 magis
1440 4374 1527 4414 res
1553 4372 1777 4427 qumque
1806 4358 1882 4412 di-

287 4461 488 4530 ligitur,
524 4472 589 4513 eo
639 4471 737 4527 per
786 4468 905 4508 eam
957 4452 1167 4507 facilius
1204 4450 1464 4519 patientia
1508 4450 1772 4504 turbetur.
1812 4447 1882 4501 Et

285 4554 502 4624 quidem
548 4550 842 4606 electorum
863 4546 1026 4602 corda
1057 4544 1123 4598 ad
1152 4558 1210 4598 se
1255 4558 1472 4613 semper
1498 4542 1745 4597 sollicite
1793 4558 1881 4597 re-

1984 3364 2111 3404 oves
2142 3358 2511 3417 concremant,
2544 3350 2670 3405 dum
2699 3361 2876 3409 castos
2918 3363 3097 3411 motus
3124 3357 3322 3425 animi,
3354 3359 3580 3416 luxuriae

1982 3447 2282 3501 tentatione
2312 3446 2644 3516 perturbant.
2671 3446 2770 3514 Qui
2800 3449 2935 3518 ignis
2961 3448 3054 3505 Dei
3079 3450 3293 3517 dicitur,
3324 3453 3447 3522 quia
3477 3455 3581 3509 etsi

1984 3552 2093 3590 non
2124 3536 2357 3591 faciente
2392 3536 2523 3602 Deo,
2559 3546 2736 3592 tamen
2766 3541 3138 3609 permittente,
3171 3551 3478 3611 generatur.
3512 3542 3581 3599 Et

1984 3629 2108 3697 quia
2138 3628 2369 3697 impulsu
2396 3628 2575 3683 subito
2615 3629 2757 3699 ipsas
2783 3646 3168 3700 nonnunquam
3214 3634 3579 3705 circumspec-

1985 3719 2161 3773 tiones
2190 3719 2384 3773 mentis
2411 3720 2665 3783 obruunt,
2697 3722 2849 3789 quasi
2893 3722 3144 3779 custodes
3176 3740 3371 3793 pueros
3400 3726 3578 3794 gladio

1987 3810 2258 3865 occidunt.
2289 3810 2395 3865 Sed
2421 3820 2599 3865 tamen
2620 3827 2755 3866 unus
2777 3812 3062 3870 incolumis
3090 3814 3244 3883 fugit,
3268 3816 3394 3870 dum
3417 3830 3579 3871 omne

1986 3900 2130 3969 quod
2162 3915 2313 3954 mens
2350 3900 2570 3969 patitur,
2601 3915 2957 3969 perseverans
3005 3902 3255 3959 discretio
3307 3904 3580 3960 subtiliter

1985 3991 2224 4061 respicit,
2241 3992 2466 4060 solaque
2486 3992 2675 4045 mortis
2699 3992 2996 4061 periculum
3019 3994 3228 4061 evadit;
3263 3995 3386 4065 quia
3412 3995 3577 4051 etiam

1985 4082 2314 4154 perturbatis
2355 4081 2790 4151 cogitationibus,
2820 4081 3073 4139 discretio
3122 4099 3229 4138 non
3252 4085 3575 4154 succumbit,

1986 4186 2046 4232 ut
2069 4175 2263 4230 damna
2294 4190 2391 4232 sua
2417 4176 2598 4231 animo
2624 4175 2913 4243 renuntiet,
2945 4183 3001 4232 et
3023 4176 3176 4246 quasi
3206 4176 3479 4234 dominum
3507 4176 3579 4233 ad

1985 4270 2279 4326 lamentum
2307 4276 2545 4325 revocet.

2313 4361 2540 4417 CAPUT
2577 4359 2787 4416 XLVIII
2826 4359 2975 4434 [Rem
3013 4358 3252 4433 XXVI].

2058 4458 2219 4514 Vens.
2251 4456 2338 4510 17.
2362 4455 2552 4511 —Sed
2572 4463 2621 4510 et
2650 4455 2742 4509 illo
2770 4454 2939 4507 adhuc
2964 4454 3227 4526 loquente,
3257 4453 3391 4507 venit
3417 4453 3573 4515 alius,

1988 4562 2036 4606 et
2067 4552 2239 4605 dixit:
2271 4548 2505 4603 Chaldaei
2535 4549 2768 4619 fecerunt
2800 4556 2901 4600 tres
2949 4555 3161 4609 turmas,
3195 4552 3242 4597 et
3280 4543 3579 4609 invaserunt

286 4646 476 4712 deum,
499 4652 554 4701 et
581 4642 868 4713 semetipsa
895 4640 1128 4707 graviter
1158 4637 1242 4691 vel
1267 4651 1365 4705 pro
1388 4635 1492 4690 levi
1516 4645 1665 4690 motu
1695 4650 1878 4692 exces-
1905 4662 1958 4722 D
1987 4644 2230 4707 camelos,
2257 4652 2304 4696 et
2327 4640 2551 4694 tulerunt
2572 4656 2681 4707 eos,
2703 4654 2899 4692 necnon
2930 4643 2978 4688 et
3002 4650 3184 4701 pueros
3220 4636 3578 4703 percusserunt

286 4737 456 4794 sionis
485 4736 760 4803 atlligunt;
789 4741 844 4787 et
864 4731 991 4785 dum
1020 4736 1168 4783 mota
1192 4728 1406 4783 discunt
1433 4728 1708 4795 quomodo
1735 4738 1881 4785 stare

288 4828 612 4893 debuerint,
667 4824 959 4893 aliquando
1013 4822 1202 4875 melius
1251 4836 1511 4875 concussa
1562 4821 1879 4877 solidantur.

287 4922 397 4980 Sed
426 4920 675 4990 antiquus
702 4916 893 4981 hostis,
926 4914 1050 4968 dum
1088 4912 1391 4966 tolerantia:
1421 4911 1771 4981 cogitationes
1799 4913 1885 4966 vel

290 5012 364 5068 ad
392 5017 725 5066 momentum
777 5005 973 5070 turbat,
1016 5002 1170 5071 quasi
1220 5002 1504 5056 abstulisse
1552 5018 1612 5057 se
1658 5005 1724 5057 ab
1755 5018 1885 5072 agro

291 5104 469 5161 cordis
500 5102 677 5157 asinas
698 5098 951 5155 exsultat.
974 5095 1033 5149 In
1058 5095 1140 5148 his
1169 5102 1350 5149 autem
1380 5108 1499 5161 qua:
1524 5108 1685 5163 agere
1710 5094 1887 5163 dispo-

292 5198 487 5262 nimus,
516 5192 821 5251 rationabili
850 5188 1095 5247 custodia
1126 5188 1252 5258 quid
1277 5187 1301 5225 δ
1344 5186 1538 5256 quibus
1568 5188 1728 5241 rebus
1757 5202 1888 5241 con-

292 5297 473 5361 gruat,
493 5288 721 5344 sollicite
749 5286 857 5358 66
878 5296 1185 5355 pensamus.
1210 5278 1318 5335 Sed
1346 5280 1664 5349 plerumque
1692 5274 1883 5345 hostis,

371 5440 395 5463 ⁸
436 5425 656 5493 Quoties
685 5423 737 5477 in
772 5420 939 5493 Editis
960 5415 1221 5493 occurrit“
1240 5413 1516 5493 subrepens
1546 5409 1888 5493 subrepithut

292 5501 401 5557 hoc
424 5481 481 5552 ἰιῖ
510 5499 651 5559 loco,
686 5494 844 5548 toties
874 5492 927 5544 in
957 5488 1155 5543 nostris
1183 5481 1506 5559 Cod._manu
1537 5482 1771 5535 exaratis
1800 5481 1881 5535 ιθ-

299 5557 795 5642 giturgubripieus,‘
809 5560 1045 5630 subripit,
1059 5566 1168 5642 _aut
1195 5557 1503 5626 surripiens,
1528 5560 1633 5607 etc.

372 5640 400 5680 δ
443 5629 659 5714 Excusi,
690 5629 1167 5714 quibusqué‘rebuf;
1203 5698 1232 5714 ν
1281 5712 1288 5714 Α

374 5723 398 5751 ε
442 5711 497 5764 In
527 5694 787 5775 Vulgatis,
817 5694 904 5774 qui
931 5700 1081 5754 alios.
1114 5698 1301 5752 Melius
1330 5695 1480 5762 Mss,
1509 5694 1595 5765 qui
1623 5694 1748 5759 alia,
1778 5694 1881 5748 sci-

301 5784 455 5845 licet,
485 5783 670 5839 boves,
702 5776 896 5837 asinas,
918 5786 1134 5845 pueros.

377 5834 541 5906 (ita
572 5834 697 5904 Mss.
748 5834 962 5907 Nonii,
1005 5841 1184 5903 Reum,
1213 5839 1441 5905 Remig.
1479 5836 1707 5907 Turon.,
1736 5834 1881 5907 AVal.

310 5924 422 5991 (3.1.,
443 5905 584 5987 etc.,
619 5934 648 5975 a
678 5916 871 5987 quibus
900 5924 1086 5968 ouines
1134 5908 1273 5963 Editi
1313 5909 1628 5964 recedentes
1662 5905 1880 5972 habent,

1986 4736 2192 4809 gladio;
2217 4744 2262 4788 et
2285 4734 2440 4804 effugi
2471 4749 2561 4803 ego
2593 4732 2752 4795 solus,
2782 4738 2837 4782 ut
2858 4729 3147 4781 nuntiarem
3180 4723 3288 4777 tibi.

2059 4827 2145 4881 75.
2191 4826 2410 4891 Quantis
2439 4823 2679 4893 periculis
2721 4833 3037 4874 terrenarum
3064 4831 3235 4869 rmtnt
3262 4813 3578 4883 dispensatio

1987 4924 2053 4975 sit
2075 4921 2319 4976 obnoxia.
2343 4948 2410 4958 —-
2429 4916 2531 4969 Per
2567 4914 2819 4976 camelos,
2852 4911 2943 4981 qui
2969 4907 3226 4963 mundum
3254 4908 3452 4978 aliquid
3478 4908 3577 4963 ha-

1987 5014 2139 5079 bent,
2163 5012 2285 5063 dum
2310 5007 2601 5068 rnminant,
2622 5014 2676 5057 et
2706 5000 3203 5068 immundum,dum
3233 5016 3576 5071 nequaquam

1991 5101 2243 5170 ungulam
2293 5098 2520 5164 findunt,
2550 5110 2708 5165 supra
2747 5095 2859 5164 jam
2906 5094 3135 5147 diximus
3183 5093 3352 5147 bonas
3395 5108 3577 5147 rerum

1991 5191 2366 5261 temporalium
2397 5188 2826 5258 dispensationes
2868 5184 3109 5253 intelligi,
3150 5184 3205 5239 in
3233 5184 3425 5254 quibus
3468 5198 3577 5251 quo

1993 5292 2076 5340 est
2106 5298 2234 5337 cura
2284 5280 2591 5345 di:tcnsier,
2621 5293 2687 5334 eo
2729 5279 2885 5333 nobis
2914 5276 3261 5347 multiplicius
3291 5274 3579 5330 insidiatur

1992 5421 2114 5473 dum
2142 5416 2346 5471 turbata
2376 5416 2671 5469 tentationis
2698 5414 2803 5484 (vel
2834 5414 2884 5467 in
2910 5410 3238 5484 tentationis)
3263 5409 3501 5484 ntotibus.

2068 5501 2089 5526 ε
2132 5489 2231 5543 llic
2277 5487 2473 5553 legitur
2520 5487 2570 5539 in
2617 5478 2788 5539 Editis
2824 5492 2879 5539 et
2905 5484 3069 5538 duob.
3103 5478 3236 5548 Reg.
3267 5480 3420 5553 ᾔδει..
3453 5478 3577 5548 quid

1992 5577 2083 5631 per
2112 5548 2451 5631 ριιρνοδξΝρο
2482 5556 2770 5625 incongrue
2799 5555 2981 5631 quoad
2992 5567 3230 5631 sensum.
3267 5548 3575 5631 Legeod'um

1995 5620 2175 5686 iamet]
2203 5629 2325 5701 quid
2353 5645 2442 5698 per
2470 5644 2603 5701 oues,
2636 5620 2933 5701 secundum
2963 5624 3088 5677 Mss.
3123 5620 3303 5685 Rem,
3332 5620 3571 5687 Bemig.,

1991 5694 2449 5769 No|'|i|.,"l'urtjtl.,
2481 5697 2668 5769 Corb.,
2694 5694 2878 5769 Germ.
3018 5760 3061 5769 η
3352 5759 3364 5769 _
3456 5757 3471 5769 ,
3517 5757 3548 5769 Α,

2070 5779 2079 5810 ι
2132 5757 2205 5826 Ita
2238 5757 2520 5840 legendum
2564 5757 2761 5823 docent
2809 5765 2971 5820 iidem
3014 5760 3140 5819 Mss.
3179 5774 3302 5831 sup.
3348 5757 3573 5823 laudati,

1992 5846 2138 5915 quib.
2172 5839 2355 5899 acced.
2388 5839 2655 5895 Bellovac.
