4180 6460
579 395 682 455 591

1773 374 2017 436 SANCTI
2055 374 2385 434 GREGORII
2427 373 2642 433 MAGNI

3744 375 3854 431 593

573 496 1291 579 inimicus.|’Vet.'XXXV.]
1319 495 1505 553 Omnis
1530 493 1695 561 enim,
1720 492 1810 565 qui
1830 491 2147 563 dispensan~
2178 492 2233 552 Α
2255 489 2361 545 cita
2387 489 2601 545 sibimet
2647 487 2824 543 anima
2854 486 2983 558 quid
3021 485 3200 579 suln’to
3246 482 3483 555 impulsu
3529 484 3859 545 tentationis

576 601 662 657 dis
691 595 921 654 terrenis
948 594 1109 649 rebus
1134 590 1404 664 praesidet,
1432 586 1629 643 occulti
1657 586 1830 641 hostis
1862 584 2056 653 jaculis
2085 583 2163 636 la-

577 691 683 747 tius
708 696 877 760 patet.
907 684 1172 741 Nonnulla
1200 682 1343 737 enim
1371 679 1658 751 providens
1684 691 1844 747 agere
1874 676 2078 738 nititur,
2107 683 2165 729 et

573 798 721 855 saepe
748 783 877 838 dum
897 786 1086 835 cautus
1115 777 1291 831 futura
1318 773 1583 829 subtiliter
1610 770 1886 843 praevidet,
1919 769 2163 823 incautus

578 876 778 932 damna
806 870 1090 944 praesentia
1114 881 1451 939 nequaquam
1481 865 1656 930 videt;
1703 877 1845 933 stupe
1869 861 1993 916 dum
2022 875 2162 931 pra:-

573 968 816 1025 sentibus
842 964 1101 1034 invigilat,
1131 964 1198 1017 ad
1222 960 1476 1017 instantia
1505 957 1845 1030 praevidenda
1875 955 2160 1022 dormitat;

571 1072 717 1128 sepe
740 1057 864 1112 dum
894 1056 1071 1123 aliqua
1098 1061 1317 1123 torpens
1343 1051 1471 1119 agit,
1497 1064 1617 1119 qua:
1645 1047 1930 1117 vigilanter
1958 1046 2163 1115 agenda

574 1155 706 1206 sunt
747 1146 998 1215 negligit;
1027 1159 1171 1214 saepe
1198 1143 1324 1198 dum
1371 1145 1490 1212 plus
1509 1141 1653 1209 justo
1684 1138 1992 1207 vigilantem
2021 1150 2081 1191 se
2110 1135 2162 1190 in

572 1238 790 1295 actione
814 1237 1050 1301 exhibet,
1080 1244 1103 1270 α
1137 1234 1250 1304 ipsa
1282 1231 1511 1288 actionis
1540 1244 1651 1285 suae
1682 1226 2051 1296 inquietudine
2078 1240 2165 1279 re-

572 1328 676 1385 bus
721 1326 953 1384 subditis
1000 1326 1157 1396 pejus
1202 1332 1381 1379 nocet.
1416 1320 1719 1390 Aliquando
1749 1327 1927 1374 autem
1974 1317 2166 1387 linguze

572 1418 795 1475 modum
825 1432 1026 1487 ponere
1055 1417 1267 1480 nititur,
1291 1414 1387 1469 sed
1416 1427 1582 1469 onere
1605 1409 2025 1481 dispensationis
2052 1407 2167 1463 exi-

574 1517 770 1579 gente,
799 1509 960 1564 silere
999 1507 1338 1577 prohibetur.
1388 1504 1688 1573 Aliquando
1730 1504 1856 1557 dum
1904 1502 2067 1556 nimia
2108 1514 2168 1555 se

572 1613 803 1656 censura
831 1598 1123 1666 restringit,
1156 1604 1300 1651 tacet
1327 1596 1487 1650 etiam
1514 1596 1620 1665 67
1649 1608 1769 1665 quae
1797 1594 1940 1663 loqui
1962 1592 2166 1647 debuit.

576 1689 885 1760 Aliquando
910 1688 977 1742 ad
1006 1687 1283 1744 inferenda
1310 1688 1617 1744 necessaria
1645 1687 1772 1742 dum
1801 1702 1860 1742 se
1888 1687 2049 1740 latius
2078 1699 2167 1740 re-

574 1779 745 1847 laxat,
776 1780 907 1836 dicit
934 1780 1096 1835 etiam
1123 1795 1243 1849 qua:
1283 1779 1431 1849 loqui
1460 1795 1570 1833 non
1599 1778 1802 1833 debuit.
1846 1777 2166 1847 Plerumque

2265 584 2588 639 intrinsecus
2617 581 2847 647 amittat,
2873 580 3138 648 intelligit.
3165 578 3442 649 Sequitur.

2581 677 2812 733 CAPUT
2851 676 3015 731 XLIX
3065 675 3215 747 [Rec.
3255 674 3526 747 XXVII].

2336 770 2498 825 Vens.
2532 768 2621 837 18,
2650 768 2733 823 l9.
2750 800 2822 812 —-
2847 779 2869 807 ε
2896 768 3223 839 Loquebatur
3251 767 3358 831 ille,
3383 776 3432 821 et
3470 782 3587 819 ecce
3614 768 3749 821 alius
3776 770 3863 821 in-

2272 864 2446 928 travit,
2471 870 2517 916 et
2548 863 2682 915 dixit
2708 880 2719 913 :
2754 860 2799 913 F
2804 861 2909 915 iliis
2940 862 3038 914 tuis
3062 867 3109 912 et
3136 857 3342 928 ﬁliabus
3366 859 3681 913 nascentibus
3712 871 3761 913 et
3784 860 3866 914 bi-

2270 953 2506 1009 bentibus
2528 956 2698 1008 vinum
2717 954 2769 1007 in
2794 954 2944 1007 domo
2968 951 3147 1023 fratris
3176 952 3255 1005 sui
3275 952 3623 1023 primogeniti,
3651 954 3865 1023 repente

2265 1054 2442 1099 ventus
2484 1044 2749 1098 vehemens
2775 1046 2926 1097 irruit
2950 1061 2981 1097 a
3016 1045 3224 1114 regione
3268 1043 3491 1109 deserti,
3530 1052 3577 1096 et
3600 1046 3864 1097 concussit

2265 1144 2485 1206 quatuor
2511 1135 2725 1206 angulos
2756 1135 2958 1201 domus,
2979 1151 3092 1206 qua:
3121 1151 3365 1188 corruens
3397 1136 3651 1204 oppressit
3674 1136 3865 1190 liberos

2270 1242 2401 1297 tuos,
2418 1242 2468 1286 et
2480 1234 2667 1287 mortui
2678 1240 2798 1285 sunt
2822 1250 2834 1285 :
2848 1240 2897 1285 et
2908 1231 3066 1301 eﬂ'ugi
3078 1248 3171 1301 ego
3185 1229 3325 1284 solus
3339 1274 3349 1290 .
3364 1240 3420 1282 ut
3434 1231 3729 1283 nuntiarem
3746 1231 3862 1283 tibi.

2338 1321 2427 1375 76.
2477 1322 2760 1376 Virtutibus
2786 1330 3005 1394 quatuor
3032 1324 3269 1375 innititur
3296 1322 3529 1391 spiritale
3557 1322 3861 1392 aediﬁcium.

2274 1414 2423 1470 Unde
2444 1416 2788 1469 concutiatur.
2811 1442 2883 1454 -
2910 1414 3063 1469 Sicut
3090 1429 3253 1483 supra
3280 1413 3390 1482 jam
3428 1413 3685 1482 diximus,
3712 1415 3865 1484 regio

2268 1505 2466 1561 deserti
2502 1514 2587 1561 est
2617 1504 3016 1559 immundorum
3058 1506 3341 1576 spirituum
3388 1505 3677 1560 multitudo
3706 1506 3865 1560 dere-

2268 1596 2395 1653 licta
2420 1615 2431 1649 :
2457 1612 2575 1666 quae
2602 1596 2730 1651 dum
2754 1596 3051 1651 conditoris
3078 1596 3161 1651 sui
3182 1594 3572 1650 beatitudinem
3601 1596 3866 1663 deseruit,

2269 1689 2421 1757 quasi
2450 1703 2667 1743 manum
2696 1686 2920 1742 cultoris
2948 1686 3131 1740 amisit
3160 1702 3188 1739 a
3211 1701 3317 1755 qua
3347 1694 3539 1740 ventus
3569 1686 3869 1741 vehemens

2269 1780 2435 1843 venit,
2460 1788 2515 1833 et
2532 1780 2752 1833 domum
2772 1778 3011 1843 subruit;
3040 1777 3165 1847 quia
3188 1777 3255 1831 ab
3281 1776 3569 1831 immundis
3587 1776 3869 1845 Spiritibus

577 1878 761 1927 autem
788 1871 951 1926 tantis
965 1872 1353 1941 cogitationum
1370 1869 1731 1924 voluminibus
1759 1868 2084 1938 implicatur,
2108 1875 2168 1922 ut
2197 1868 2246 1931 B
2271 1867 2424 1924 fortis
2455 1869 2678 1923 tentatio
2712 1867 2961 1937 subripit,
2993 1874 3049 1921 et
3075 1882 3107 1920 a
3137 1866 3539 1936 tranquillitatis
3580 1882 3691 1920 sua:
3722 1874 3865 1920 statu

577 1959 694 2031 ipsa
723 1960 865 2016 ferre
892 1961 981 2015 vix
1003 1961 1197 2026 valeat,
1226 1974 1343 2028 qua:
1383 1960 1521 2013 intra
1568 1974 1628 2014 se
1673 1957 1924 2028 providus
1952 1966 2163 2024 versat;

578 2058 637 2107 et
664 2067 786 2107 cum
814 2051 887 2105 nil
915 2066 1081 2119 opere
1104 2050 1283 2116 taciat,
1310 2048 1336 2089 δ
1367 2052 1465 2105 sub
1493 2063 1687 2119 magno
1715 2048 1895 2104 cordis
1923 2049 2005 2103 sui
2032 2064 2167 2119 pon-

576 2142 709 2200 dere
732 2144 1081 2199 vehementer
1108 2142 1340 2198 insudat.
1398 2142 1534 2209 Quia
1561 2142 1704 2197 enim
1731 2141 1867 2196 dura
1898 2150 2022 2196 sunt
2048 2156 2168 2211 qua:

576 2235 722 2306 apud
748 2237 1095 2305 semetipsum
1124 2236 1265 2291 intus
1289 2235 1511 2305 patitur,
1543 2235 1757 2303 quietus
1783 2234 1913 2288 foris
1941 2234 2170 2289 otiosus-

577 2340 686 2396 que
708 2326 958 2381 lassatur.
991 2325 1313 2395 Plerumque
1344 2326 1487 2380 enim
1519 2325 1673 2393 quasi
1699 2332 1929 2379 ventura
1959 2326 2168 2379 animus

578 2416 864 2484 conspicit,
891 2424 1167 2484 totamque
1198 2424 1385 2471 contra
1423 2415 1540 2469 hzec
1583 2416 1937 2470 intentionem
1964 2430 2165 2486 propo-

576 2507 688 2572 nit;
719 2521 1053 2575 magnusque
1084 2506 1246 2560 ardor
1277 2506 1638 2561 contentionis
1676 2520 1735 2561 se
1765 2506 1973 2574 inserit,
2004 2520 2167 2575 sopor

577 2595 735 2665 fugit,
760 2612 868 2651 nox
898 2597 951 2651 in
979 2596 1118 2651 diem
1142 2598 1396 2663 vertitur;
1425 2605 1482 2652 et
1507 2612 1626 2652 cum
1652 2598 1833 2666 quieta
1855 2597 1983 2652 foris
2006 2612 2168 2652 mem-

518 2740 522 2745 .
575 2686 676 2742 bra
699 2676 925 2741 lectulus
946 2694 1150 2751 teneat,
1172 2686 1315 2741 intus
1342 2687 1548 2757 magnis
1570 2688 1898 2743 clamoribus
1919 2689 1971 2743 in
1989 2688 2165 2743 cordis

576 2776 699 2834 foro
724 2777 979 2847 litigatur.
1005 2776 1072 2832 Et
1103 2776 1161 2831 ﬁt
1184 2778 1498 2849 plerumque
1520 2787 1579 2833 ut
1605 2779 1750 2833 nulla
1775 2780 2023 2833 eveniant
2046 2795 2166 2848 qua:

574 2868 973 2939 prtevidentur:
1005 2876 1229 2939 totaque
1250 2871 1338 2926 illa
1359 2872 1634 2940 cogitatio,
1653 2887 1771 2941 quae
1798 2871 1889 2925 diu
1920 2888 1978 2927 se
2007 2872 2164 2941 plena

577 2960 881 3018 intentione
909 2971 1214 3033 paraverat,
1246 2973 1468 3034 repente
1498 2980 1667 3019 vacua
1695 2965 1959 3033 quiescat.
1994 2964 2166 3019 Tanto

576 3061 760 3109 autem
782 3054 991 3125 longius
1018 3072 1172 3111 mens
1200 3071 1231 3109 a
1252 3057 1571 3112 necessariis
1597 3066 1793 3119 cessat,
1820 3065 2022 3125 quanto
2044 3058 2163 3112 ina-

574 3145 667 3201 nia
717 3146 877 3202 latius
922 3148 1143 3217 cogitat.
1175 3146 1310 3214 Quia
1359 3148 1519 3216 igitur
1556 3147 1971 3218 dispensationis
2008 3164 2165 3204 curas

2271 1959 2662 2016 conscientiam
2708 1958 2919 2014 evertit.
2976 1956 3132 2030 [Vet.
3174 1954 3481 2026 χχχιιι]
3532 1955 3590 2009 In
3630 1966 3870 2026 quatuor

2269 2065 2401 2106 vero
2433 2050 2641 2119 angulis
2668 2050 2858 2105 domus
2886 2049 2987 2103 ista
3028 2047 3291 2115 consistit,
3324 2047 3447 2116 quia
3490 2048 3741 2102 nimirum
3772 2063 3864 2103 so—

2269 2142 2436 2197 lidum
2479 2142 2675 2196 mentis
2714 2149 2910 2195 nostra:
2955 2138 3270 2202 aedilicium,
3304 2138 3617 2208 prudentia,
3653 2148 3865 2207 tempe-

2270 2232 2466 2300 rantia,
2492 2231 2773 2299 fortitudo,
2796 2231 3002 2299 justitia
3033 2232 3280 2286 sustinet.
3312 2229 3370 2283 In
3395 2239 3626 2299 quatuor
3655 2231 3864 2299 angulis

2269 2323 2463 2378 domus
2508 2324 2608 2377 ista
2638 2323 2899 2389 subsistit,
2931 2322 3055 2391 quia
3094 2324 3149 2377 in
3198 2323 3282 2377 his
3312 2331 3545 2391 quatuor
3573 2325 3862 2379 virtutibus

2269 2425 2383 2473 tota
2402 2416 2529 2472 boui
2549 2418 2659 2487 68
2681 2416 2860 2485 operis
2879 2423 3146 2471 structura
3162 2416 3453 2483 consurgit.
3474 2414 3626 2469 Unde
3652 2425 3709 2471 et
3727 2431 3862 2485 qua-

2270 2518 2393 2565 tuor
2414 2509 2648 2579 paradisi
2679 2507 2897 2562 llumina
2938 2516 3135 2561 terram
3180 2508 3423 2577 irrigant,
3457 2508 3583 2577 quia
3613 2510 3739 2562 dum
3774 2510 3859 2563 his

2270 2609 2501 2669 quatuor
2526 2601 2816 2655 virtutibus
2840 2614 2936 2654 cor
2958 2597 3274 2666 inlunditur,
3298 2598 3365 2653 ab
3390 2598 3535 2652 omni
3563 2597 3861 2653 desiderio-

2268 2707 2388 2746 rum
2418 2692 2711 2746 carnalium
2752 2700 2885 2745 :estu
2931 2698 3279 2759 temperatur.
3327 2688 3432 2745 Sed
3472 2705 3859 2759 nonnunquam

2268 2783 2395 2839 dum
2425 2784 2593 2838 menti
2618 2783 2826 2853 ignavia
2859 2781 3107 2851 subripit,
3138 2781 3416 2851 prudentia
3438 2779 3704 2849 frigescit;
3734 2797 3859 2835 nam

2269 2890 2389 2930 cum
2412 2874 2551 2928 fessa
2575 2882 2771 2943 torpet,
2796 2880 3021 2927 ventura
3042 2888 3149 2927 non
3172 2871 3434 2943 providet.
3462 2871 3858 2942 Nonnunquam

2268 2967 2394 3021 dum
2424 2967 2678 3021 nonnulla
2708 2966 2874 3021 menti
2901 2965 3188 3020 delectatio
3226 2965 3473 3035 subripit,
3502 2968 3857 3036 temperantia

2269 3066 2452 3111 nostra
2474 3056 2789 3121 marcescit;
2822 3056 2874 3109 in
2906 3064 3165 3123 quantum
3187 3055 3329 3109 enim
3354 3055 3421 3109 ad
3442 3054 3861 3112 delectationem

2270 3148 2611 3217 prasentium
2656 3147 2933 3225 ducimur,
2967 3147 3021 3200 in
3067 3154 3276 3200 tantum
3314 3146 3493 3200 minus
3541 3146 3606 3200 ab
3657 3147 3861 3201 illicitis

575 3235 800 3304 maligni
838 3238 1059 3307 spiritus
1098 3237 1258 3291 modo
1305 3237 1540 3307 torpenti
1568 3238 1653 3292 vel
1704 3239 2034 3309 praecipitata
2073 3256 2166 3295 ac-
2193 3245 2239 3307 ο
2272 3247 2653 3309 temperamus.
2708 3238 3101 3306 Nonnunquam
3131 3252 3189 3293 se
3216 3237 3378 3292 timor
3413 3237 3564 3293 cordi
3600 3239 3858 3304 insinuat,

574 3324 727 3380 tione
750 3324 967 3391 feriunt,
998 3326 1161 3381 modo
1189 3327 1342 3397 pigra
1369 3328 1456 3383 vel
1506 3328 1864 3383 immoderata
1895 3330 2169 3387 locutione

576 3414 950 3483 confundunt,
990 3431 1131 3487 pene
1176 3426 1357 3472 autem
1406 3432 1623 3487 semper
1656 3419 1835 3475 nimiis
1881 3422 2168 3488 cogitatio-

574 3520 709 3561 num
729 3507 958 3563 molibus
977 3516 1249 3579 premunt,
1276 3509 1444 3563 tribus
1467 3512 1655 3565 turmis
1680 3510 1915 3565 Chaldmi
1936 3513 2172 3569 camelos

575 3602 818 3673 rapiunt.
849 3600 1012 3668 Quasi
1058 3602 1203 3656 enim
1231 3610 1342 3658 tres
1370 3609 1576 3657 turmas
1607 3611 1795 3657 contra
1821 3605 2057 3659 camelos
2086 3605 2169 3660 fa-

576 3707 739 3763 cere,
780 3700 864 3749 est
904 3701 1242 3750 terrenarum
1290 3693 1751 3764 dispensationum
1792 3696 1965 3751 studia
2006 3697 2169 3752 modo

577 3783 768 3840 illicito
796 3798 980 3855 opere,
1014 3785 1175 3841 modo
1204 3783 1472 3855 superflua
1504 3786 1795 3851 locutione,
1829 3788 1991 3843 modo
2023 3789 2169 3843 inor-

576 3872 763 3929 dinata
800 3874 1128 3943 cogitatione
1152 3882 1405 3941 vastare;
1448 3882 1509 3929 ut
1543 3874 1669 3929 dum
1716 3891 1775 3931 se
1814 3877 1881 3932 ad
1909 3877 2167 3933 adminis-

576 3963 773 4018 tranda
798 3965 1037 4021 exterius
1063 3981 1215 4022 mens
1243 3966 1537 4022 emcaciter
1564 3968 1858 4022 extendere
1900 3970 2106 4037 nititur,
2137 3984 2167 4024 a

575 4054 662 4110 sui
699 4057 1132 4113 consideratione
1171 4067 1482 4129 separetur;
1529 4067 1585 4113 et
1623 4074 1690 4114 eo
1718 4059 1912 4114 damna
1952 4076 2072 4130 quae
2100 4060 2169 4115 de

576 4147 869 4217 semetipsa
906 4147 1108 4218 patitur
1152 4150 1376 4215 nesciat,
1408 4164 1517 4219 quo
1559 4163 1684 4217 erga
1733 4150 1907 4205 aliena
1957 4150 2168 4207 fortiori

580 4238 761 4294 studio
787 4254 948 4308 quam
977 4240 1135 4295 decet
1160 4241 1422 4296 elaborat.
1455 4240 1623 4295 Recta
1654 4248 1833 4295 autem
1863 4256 2014 4298 mens
2043 4259 2168 4298 cum

582 4343 744 4385 curas
772 4328 1186 4398 dispensationis
1225 4330 1469 4400 suscipit,
1501 4331 1628 4400 quid
1658 4330 1781 4399 sibi,
1823 4332 1949 4400 quid
1980 4335 2166 4404 proxi-

581 4422 688 4477 mis
716 4420 910 4476 debeat
936 4420 1194 4487 attendit;
1237 4431 1292 4477 et
1319 4438 1419 4478 nec
1456 4438 1553 4493 per
1578 4424 1768 4479 aliena:
1793 4424 2169 4483 sollicitudinis

577 4512 1083 4568 immoderationem
1114 4527 1210 4568 sua
1256 4514 1432 4569 studia
1486 4516 1724 4584 negligit,
1773 4532 1875 4572 nec
1921 4534 2018 4587 per
2059 4535 2167 4574 suae

2272 3337 2329 3383 et
2354 3329 2497 3383 vires
2545 3336 2741 3382 nostra:
2788 3326 3118 3381 fortitudinis
3166 3328 3374 3393 turbat;
3427 3336 3482 3382 et
3520 3343 3587 3383 eo
3616 3329 3859 3384 minores

2274 3429 2461 3475 contra
2493 3419 2716 3473 adversa
2744 3419 3048 3486 existimus,
3073 3433 3191 3490 quo.
3216 3420 3463 3488 qumdam
3502 3420 3729 3489 perdere
3758 3420 3859 3475 im-

2272 3512 2601 3568 moderatius
2629 3512 2827 3567 dilecta
2855 3512 3223 3568 formidamus.
3255 3512 3651 3582 Nonnunquam
3681 3530 3811 3570 vero
3834 3514 3859 3551 ἀ

2273 3621 2425 3661 amor
2453 3620 2579 3659 suus
2608 3620 2665 3659 se
2694 3604 2863 3659 menti
2894 3604 3116 3672 ingerit,
3148 3619 3378 3673 eamque
3426 3605 3615 3660 latenti
3648 3614 3798 3659 motu
3829 3622 3858 3661 a

2271 3697 2592 3753 rectitudine
2617 3695 2839 3765 justitite
2866 3696 3109 3763 divertit;
3142 3704 3197 3750 et
3223 3711 3331 3766 quo
3359 3712 3418 3753 se
3448 3706 3615 3752 totam
3647 3701 3855 3755 auctori

2271 3789 2499 3846 reddere
2538 3789 2787 3858 negligit,
2829 3803 2896 3843 eo
2940 3788 2993 3842 in
3025 3803 3085 3843 se
3122 3788 3343 3857 justitia:
3368 3789 3477 3859 juri
3519 3792 3856 3848 contradicit.

2272 3880 2478 3935 Ventus
2503 3894 2632 3950 ergo
2662 3880 2953 3935 vehemens
2982 3888 3212 3949 quatuor
3251 3882 3474 3950 angulos
3512 3883 3705 3939 domus
3733 3900 3863 3940 con-

2273 3975 2441 4041 cutit;
2474 3974 2601 4029 dum
2641 3974 2794 4029 tortis
2823 3974 3048 4029 tentatio
3098 3974 3322 4029 occultis
3365 3976 3601 4032 motibus
3629 3986 3862 4047 quatuor

2271 4068 2496 4125 virtutes
2538 4068 2740 4139 quatit;
2788 4074 2841 4122 et
2878 4067 3029 4137 quasi
3068 4068 3333 4137 quassatis
3379 4069 3591 4139 angulis
3630 4070 3860 4125 domus°

2272 4162 2497 4225 eruitur,
2515 4160 2640 4214 dum
2662 4158 2885 4229 pulsatis
2914 4158 3204 4214 virtutibus
3224 4160 3557 4216 conscientia
3588 4161 3856 4217 turbatur.

2344 4253 2432 4308 77.
2476 4251 2607 4308 Inde
2634 4254 2844 4308 virtutes
2876 4263 3075 4309 cit-terte
3104 4254 3252 4323 quasi
3280 4255 3451 4309 cordis
3478 4256 3679 4309 soboles
3706 4273 3763 4309 se
3787 4259 3867 4310 in-

2269 4346 2426 4399 vicem
2451 4354 2686 4415 pascunt.
2708 4377 2778 4388 —
2797 4342 2941 4399 lntra
2968 4346 3064 4400 hos
3088 4353 3270 4399 autem
3294 4354 3527 4413 quatuor
3555 4346 3749 4401 domus
3771 4362 3864 4401 an-

2270 4435 2426 4503 gulos
2446 4434 2537 4488 ﬁlii
2562 4435 2934 4503 convivantur,
2954 4436 3081 4506 quia
3110 4436 3251 4489 intra
3274 4451 3472 4511 arcana
3501 4438 3719 4504 mentis,
3746 4454 3863 4509 quae

2271 4529 2639 4600 principaliter
2669 4529 2753 4584 his
2780 4539 3009 4597 quatuor
3036 4528 3326 4583 virtutibus
3355 4528 3422 4582 ad
3449 4545 3674 4584 summa:
3703 4532 3863 4585 recti-

576 4604 822 4659 utilitatis
844 4603 1175 4673 vigilantiam
1201 4605 1373 4661 aliena
1394 4607 1690 4676 postponit.
1716 4606 1821 4662 Sed
1849 4616 2026 4664 tamen
2055 4611 2168 4680 ple-
2195 4626 2249 4689 Ῑ)
2274 4621 2475 4676 tudinis
2503 4621 2716 4676 culmen
2747 4621 2992 4687 erigitur,
3033 4621 3261 4676 virtutes
3286 4628 3495 4676 autem
3524 4621 3677 4689 quasi
3717 4636 3865 4691 qum-

576 4710 806 4767 rumque
828 4697 956 4753 dum
985 4696 1053 4752 ad
1073 4706 1303 4769 utraque
1322 4713 1476 4754 mens
1496 4699 1727 4755 solerter
1754 4701 2012 4771 invigilat,
2039 4702 2167 4757 dum

578 4787 788 4856 magnis
815 4803 941 4857 erga
976 4802 1053 4855 se,
1086 4796 1142 4844 et
1168 4805 1232 4844 ea
1260 4805 1378 4859 quae
1415 4790 1516 4844 sibi
1546 4792 1832 4846 commissa
1858 4802 2016 4859 sunt,
2058 4794 2166 4848 cir-

578 4878 1072 4947 cumspectionibns
1090 4888 1266 4946 vacat,
1310 4880 1595 4949 repentino
1637 4881 1848 4935 turbata
1880 4881 2166 4949 cujuslibet

578 4980 755 5023 causa:
780 4968 1105 5036 emergentis
1132 4969 1380 5033 articulo,
1412 4970 1485 5023 ita
1515 4970 1569 5024 in
1591 4986 1831 5041 praeceps
1855 4972 2081 5041 rapitur,
2108 4981 2166 5026 ut

580 5057 650 5112 ab
669 5072 735 5113 ea
748 5058 926 5113 subito
947 5066 1153 5114 cunctae
1176 5060 1685 5130 circumspectiones
1708 5063 1824 5132 ejus
1845 5064 2159 5118 obruantur.

581 5149 736 5207 Unde
763 5161 819 5208 et
848 5153 1096 5208 custodes
1117 5155 1445 5211 camelorum
1493 5172 1692 5226 pueros
1719 5156 1951 5214 Chaldaei
1992 5160 2169 5228 gladio

576 5239 798 5299 feriunt.
826 5240 935 5298 Sed
963 5249 1145 5299 tamen
1184 5260 1322 5301 unus
1365 5246 1535 5312 redit;
1589 5249 1712 5317 quia
1744 5248 1884 5303 inter
1912 5250 2025 5305 haec
2055 5251 2165 5307 dis-

576 5331 837 5390 cretionis
859 5332 999 5389 ratio
1017 5333 1214 5391 mentis
1234 5344 1433 5392 nostra:
1455 5336 1627 5391 oculis
1653 5340 1908 5407 occurrit,
1934 5348 1990 5394 et
2016 5340 2167 5396 solli-

584 5489 840 5613 “;mllss.
861 5490 1046 5547 Norm.
1078 5499 1134 5548 et
1161 5493 1425 5560 nonnulli,
1457 5495 1567 5565 ipse
1595 5496 1813 5550 actionis
1836 5512 1945 5552 sum
1970 5498 2166 5569 inquie-

737 5578 785 5613 ε.

737 5578 785 5616 ε.

646 5626 897 5707 δ-ᾼυιὶς.
925 5630 1144 5701 Rhem.,
1166 5631 1407 5707 Turon.,4
1448 5634 1632 5699 Corb.,
1673 5634 1878 5703 Germ.,
1909 5638 2027 5693 Val.
2059 5638 2165 5707 Cl.,

577 5702 636 5751 et
654 5697 781 5775 alii,
796 5697 887 5753 sub
908 5717 1103 5769 magna
1129 5697 1301 5757 cordis
1331 5697 1687 5775 suiipmtdera.

654 5776 680 5850 per
710 5766 856 5847 .llinc
879 5778 940 5823 ut
966 5766 1025 5850 et
1050 5786 1380 5850 supra,__cap.
1406 5766 1495 5841 2'1,
1528 5776 1842 5849 particulam
1871 5779 2042 5834 adhuc
2078 5796 2163 5838 re-

581 5840 848 5895 movimus
872 5840 1195 5896 auctoritate
1220 5840 1346 5899 Mss.

2276 4711 2399 4766 dam
2451 4710 2630 4766 cordis
2676 4710 2890 4766 soboles
2942 4726 3000 4765 se
3050 4710 3278 4765 invicem
3343 4719 3590 4779 pascunt.
3652 4711 3863 4766 Donum

2272 4804 2470 4874 quippe
2500 4802 2756 4873 Spiritus,
2789 4802 2931 4871 quod
2981 4803 3035 4857 in
3077 4803 3316 4871 subjecta
3357 4810 3538 4858 mente
3587 4815 3715 4860 ante
3764 4807 3868 4860 alia

2272 4894 2631 4965 prudentiam,
2688 4893 3115 4963 temperantiam,
3149 4891 3551 4958 fortitudinem,
3599 4894 3867 4962 justitiam

2271 4982 2505 5051 format,
2536 4982 2781 5039 eamdem
2834 4992 3069 5038 mentem
3100 4991 3157 5037 ut
3185 4992 3373 5038 contra
3400 4984 3603 5052 singula
3636 5000 3867 5055 qumque

2278 5081 2606 5129 tentamenta
2647 5072 2878 5140 erudiat,
2910 5073 2965 5126 in
2992 5062 3201 5140 septem
3232 5087 3359 5126 mox
3382 5072 3671 5127 virtutibus
3722 5083 3866 5129 tem-

2272 5178 2449 5239 perat,
2476 5176 2745 5224 utcontra
2764 5166 3065 5229 stultitiam,
3090 5165 3446 5235 sapientiam;
3474 5175 3663 5222 contra
3693 5168 3865 5223 hebe-

2271 5260 2532 5327 tudinem,
2565 5260 2926 5325 intellectum;
2958 5265 3146 5314 contra
3188 5258 3694 5329 praecipitationem,
3726 5277 3865 5316 con-

2266 5350 2479 5417 silium;
2512 5358 2698 5406 contra
2730 5350 2979 5405 timorem
3001 5388 3017 5415 ,
3059 5346 3458 5415 fortitudinem;
3490 5360 3681 5404 contra
3706 5351 3862 5421 igno-

2346 5502 2373 5541 ά
2412 5504 2488 5559 lta
2518 5503 2638 5559 Vet.
2683 5502 2782 5558 Ed.
2813 5517 2935 5557 cum
2965 5502 3091 5557 Mss.
3124 5501 3213 5555 At.
3253 5499 3449 5566 Gilot.,
3479 5500 3680 5567 Vatic.,
3722 5501 3862 5559 Gus-

2273 5589 2424 5630 sanv.
2436 5618 2450 5643 ,
2480 5591 2626 5629 amor
2655 5591 2752 5627 sui.

2345 5656 2367 5683 ε
2406 5642 2483 5699 Ita
2510 5659 2699 5699 omnes
2744 5642 2868 5698 Mss.
2920 5642 3110 5704 nostri,
3143 5643 3222 5697 vel
3248 5644 3506 5709 evertitur,
3541 5659 3649 5699 non
3675 5654 3860 5699 autem

2268 5716 2516 5780 obruitur,
2562 5716 2637 5768 uti
2685 5713 2834 5783 prius
2875 5714 3194 5782 legebatur:
3227 5720 3283 5767 et
3325 5728 3457 5769 sane
3502 5714 3699 5771 domus
3743 5730 3859 5771 non

2266 5787 2528 5851 obruitur,
2557 5785 2651 5841 sed
2682 5784 2862 5840 obruit
2886 5784 3011 5838 dum
3041 5785 3201 5841 cadit.
