4180 6452
324 452 430 513 595

1274 439 1628 498 MORALIUM
1668 438 1795 495 LIB.
1836 437 1901 493 ll.
1941 464 2012 478 -
2052 434 2118 492 IN
2155 434 2310 491 CAP.
2350 437 2370 492 Ι
2408 437 2468 491 Β.
2510 434 2648 490 JOB.

3480 402 3591 491 est

323 567 573 632 William.
590 561 899 625 scientiam;
919 564 1106 615 00mm
1122 555 1665 626 ἀυΐίιίόωτῐὶίθιειεηι
1683 571 1699 621 ἱ
1715 560 1904 610 contra
1933 564 1983 622 A
2012 566 2109 630 tit;
2140 570 2196 619 et
2223 569 2376 616 tanto
2398 562 2539 616 hanc
2567 559 2789 616 solidius
2812 556 3024 628 recipit,
3046 562 3251 627 quanto
3269 553 3391 624 ejus
3418 552 3593 611 virtu-

325 658 635 731 superbiam
657 663 684 693 α
711 654 801 709 det
829 652 1094 706 timorem.

399 750 488 804 78.
511 748 614 802 His
638 746 723 816 qui
743 743 1007 799 virtutibus
1034 739 1239 812 praediti
1262 748 1400 803 sunt,
1423 738 1596 809 gratia
1624 732 1905 805 aliquando

327 845 525 899 utiliter
549 857 604 897 se
632 838 903 895 subtrahit.
937 868 1005 878 —
1036 833 1145 889 Sed
1168 843 1569 898 nonnunquam,
1600 826 1725 881 dum
1754 838 1908 880 mens

329 943 517 990 nostra
545 932 679 986 tanti
702 928 938 984 muneris
981 923 1314 996 plenitudine
1343 929 1504 990 atque
1525 918 1771 973 ubertate
1804 915 1908 970 ful-

331 1026 565 1094 citur,-si
588 1022 841 1080 continua
880 1020 935 1074 in
964 1020 1051 1073 his
1078 1015 1366 1073 securitate
1407 1011 1717 1084 perfruitur,
1748 1025 1778 1063 a
1803 1022 1910 1078 quo

332 1118 434 1176 sibi
462 1118 577 1171 htec
602 1114 712 1169 sint
739 1109 1102 1174 obliviscitur;
1143 1121 1307 1176 seque
1334 1121 1366 1159 a
1407 1119 1467 1158 se
1506 1103 1706 1157 habere
1735 1105 1910 1170 putat,

333 1209 477 1281 quod
500 1219 774 1274 nunquam
817 1202 919 1257 sibi
960 1200 1149 1254 abesse
1189 1195 1513 1252 considerat.
1565 1191 1717 1246 Unde
1763 1189 1821 1243 ﬂt
1856 1194 1915 1243 ut

336 1298 620 1369 aliquando
650 1312 710 1351 se
738 1296 851 1350 haec
880 1293 1067 1349 eadem
1103 1290 1275 1359 gratia
1298 1287 1503 1343 utiliter
1530 1282 1830 1347 subtrahat,
1860 1287 1915 1334 et

335 1388 681 1461 prtesumenti
699 1386 885 1451 menti,
917 1390 1176 1453 quantum
1204 1380 1259 1433 in
1286 1393 1346 1433 se
1374 1377 1693 1439 inﬁrmatur,
1735 1378 1917 1427 osten-

340 1484 448 1540 dat.
482 1482 635 1536 Tunc
662 1480 806 1535 enim
834 1490 963 1532 vere
990 1471 1360 1543 cognoscimus
1398 1468 1537 1523 bona
1566 1472 1749 1519 nostra
1777 1459 1917 1515 unde

337 1581 481 1641 sunt,
510 1572 725 1642 quando
760 1571 883 1625 haec
911 1565 1067 1636 quasi
1103 1560 1418 1626 amittendo,
1452 1556 1713 1613 sentimus
1734 1552 1859 1621 quia
1884 1565 1916 1603 a

340 1666 493 1720 nobis
534 1662 738 1719 servari
766 1677 874 1716 non
904 1664 1147 1730 possunt.
1174 1654 1253 1709 Ad
1278 1654 1384 1708 hoc
1410 1650 1591 1718 itaque
1612 1642 1922 1702 intimandte

278 1784 283 1787 ν
338 1754 654 1811 humilitatis
702 1751 1103 1823 magisterium,
1136 1746 1196 1799 tit
1235 1744 1553 1814 plerumque
1586 1746 1647 1793 ut
1682 1736 1924 1790 irruente

339 1845 653 1902 tentationis
669 1843 918 1907 articulo,
934 1847 1079 1895 tanta
1096 1838 1322 1893 stultitia
1342 1832 1662 1904 sapientiam
1686 1835 1925 1884 nostram

2009 660 2081 715 tis
2105 658 2317 728 pondus
2345 655 2499 725 quasi
2525 653 2825 710 amittendo
2862 650 3132 722 pensavit.

2082 753 2168 807 79.
2202 749 2588 806 Tentationibus
2612 750 2943 819 acquiruntur
2979 742 3242 799 humilitas
3284 748 3335 795 et
3373 738 3601 810 vigilans-

2010 843 2377 900 tia-Eversa
2426 842 2585 910 igitur
2612 841 2797 908 domo,
2828 828 3132 893 moriuntur
3177 833 3270 888 ﬂlii
3309 831 3434 903 quia
3474 836 3604 884 tur-

2009 939 2138 995 bata
2165 938 2221 992 in
2259 935 2557 991 tentatione
2594 930 2943 995 conscientia,
2978 940 3000 968 ο
3033 928 3102 983 ad
3141 925 3428 982 utilitatem
3468 937 3602 993 pro-

2011 1032 2143 1103 priae
2189 1028 2510 1101 cognitionis
2556 1025 2751 1095 raptim
2806 1030 2861 1077 et
2908 1021 2962 1075 in
3012 1026 3288 1074 momento
3343 1012 3606 1085 temporis

2015 1123 2316 1177 obruuntur
2336 1120 2528 1187 genitte
2549 1117 2601 1171 in
2631 1112 2799 1169 corde
2815 1113 3062 1167 virtutes.
3096 1110 3239 1184 [Vet.
3274 1108 3431 1164 XXX
3444 1108 3515 1161 Vl
3528 1104 3604 1178 1.]

2016 1215 2117 1282 Qui
2172 1214 2418 1285 profecto
2466 1211 2557 1266 ﬁlii
2604 1211 2748 1265 intus
2804 1222 2903 1278 per
2942 1207 3187 1276 spiritum
3229 1206 3447 1269 vivunt,
3478 1203 3608 1256 dum

2017 1307 2252 1363 exterius
2299 1320 2462 1361 carne
2512 1303 2843 1366 moriuntur,
2886 1299 3009 1368 quia
3082 1295 3333 1350 videlicet
3383 1293 3612 1347 virtutes
3672 1296 3675 1297 ⁷

2018 1409 2215 1457 nostrte
2242 1397 2558 1453 tentationis
2587 1405 2833 1463 tempore
2862 1390 2964 1445 etsi
2992 1390 3045 1443 in
3074 1393 3349 1441 momento
3385 1384 3611 1437 turbata:

2019 1495 2087 1549 ab
2116 1500 2286 1561 status
2313 1491 2395 1545 sui
2425 1488 2793 1543 incolumitate
2837 1482 3113 1546 deficiunt,
3163 1494 3262 1548 per
3300 1474 3615 1531 intentionis

2020 1596 2201 1645 tamen
2230 1584 2685 1657 perseverantiam
2716 1582 2937 1648 integra:
2968 1578 3021 1632 in
3052 1575 3247 1630 mentis
3274 1570 3459 1626 radice
3487 1567 3615 1623 sub-

2021 1682 2236 1737 sistunt.
2262 1679 2396 1734 Cum
2438 1676 2630 1747 quibus
2660 1674 2822 1730 etiam
2852 1680 2964 1725 tres
3010 1680 3226 1723 sorores
3265 1660 3613 1725 occumbunt,

2023 1774 2150 1845 quia
2204 1773 2260 1826 in
2318 1770 2482 1826 corde
2523 1779 2905 1834 nonnunquam
2956 1776 3055 1831 per
3108 1756 3317 1827 ﬂagella
3368 1752 3619 1808 turbatur

2029 1865 2296 1928 charitas,
2326 1878 2424 1932 per
2451 1860 2787 1916 formidinem
2818 1850 3123 1911 concutitur
3149 1864 3305 1918 spes,
3325 1861 3423 1918 per
3466 1858 3616 1912 quac-

345 1936 525 2005 ’,θῆκ’
554 1944 612 1991 ut
641 1936 853 1989 turbata
881 1930 1313 2025 menslqualiter
1341 1926 1497 2025 mali?
1526 1918 1926 2025 imminemib‘fs
1957 1927 2003 1987 Β
2030 1918 2233 2014 stiones
2250 1918 2500 2025 pulsatur
2530 1952 2681 2008 ﬂdes.
2713 1950 2868 2020 Stepe
2889 1946 3033 2001 enim
3063 1942 3217 2013 quasi
3264 1956 3294 1994 a
3324 1936 3620 1994 conditoris

339 2028 547 2095 obviet,
564 2026 649 2082 vel
670 2033 859 2080 contra
880 2022 1235 2078 tentationem
1257 2015 1528 2089 quomodo
1547 2028 1608 2070 se
1633 2015 1920 2083 praeparet,

340 2119 575 2187 ignoret.
606 2115 715 2171 Sed
755 2116 858 2169 hac
901 2114 1015 2183 ipsa
1044 2111 1270 2168 stultitia
1297 2124 1393 2164 cor
1418 2105 1716 2177 prudenter
1743 2098 1926 2156 erudi-

338 2214 450 2273 tur,
475 2207 600 2276 quia
624 2203 767 2260 unde
787 2202 856 2258 ad
883 2209 1215 2257 momentum
1238 2198 1457 2268 desipit,
1487 2211 1554 2251 eo
1580 2201 1703 2265 post
1721 2191 1923 2255 verius,

340 2314 449 2368 quo
474 2306 528 2353 et
556 2297 827 2361 humilius,
858 2294 1027 2364 sapit;
1056 2301 1111 2348 et
1139 2290 1403 2361 sapientia
1426 2287 1569 2342 unde
1597 2284 1748 2356 quasi
1776 2281 1926 2336 amit-

343 2388 496 2454 titur,
523 2386 647 2441 inde
675 2384 876 2440 certius
905 2381 1227 2453 possidetur.
1259 2377 1561 2449 Aliquando
1590 2375 1718 2429 dum
1760 2370 1926 2426 subli-

343 2479 449 2533 mia
472 2476 817 2545 intelligendo
838 2476 892 2531 in
913 2474 1146 2529 elatione
1174 2487 1234 2526 se
1256 2470 1464 2524 animus
1485 2467 1661 2537 erigit,
1686 2465 1741 2518 in
1763 2462 1926 2517 rebus

344 2571 463 2627 imis
490 2578 545 2625 et
563 2569 756 2625 vilibus
784 2567 934 2637 gravi
963 2563 1286 2620 hebetudine
1316 2559 1588 2632 pigrescit,
1617 2565 1676 2610 ut
1702 2560 1928 2624 repente

344 2660 443 2717 sibi
476 2660 636 2716 etiam
664 2659 770 2712 ima
795 2657 976 2713 clausa
997 2655 1199 2721 videat,
1219 2651 1310 2723 qui
1331 2650 1358 2689 ι’
1387 2649 1577 2720 pernix
1605 2658 1811 2700 summa
1834 2656 1929 2711 pe-

346 2752 609 2808 netrabat.
659 2748 766 2806 Sed
794 2750 908 2804 haec
934 2748 1051 2818 ipsa
1088 2743 1359 2801 hebetudo
1388 2740 1718 2797 intellectum
1750 2734 1925 2800 nobis,

347 2842 475 2898 dum
500 2841 803 2907 subtrahit,
845 2846 1041 2904 servat,
1075 2838 1201 2907 quia
1232 2835 1359 2890 dum
1387 2833 1453 2887 ad
1478 2835 1809 2885 momentum
1835 2840 1931 2880 cor

347 2934 611 3001 humiliat,
643 2932 825 2987 verius
868 2931 937 2985 ad
974 2928 1225 2985 sublimia
1252 2921 1598 2992 intelligenda
1625 2916 1928 2975 confirmat.

354 3024 653 3095 Aliquando
682 3024 809 3078 dum
846 3029 1040 3078 cuncta
1091 3034 1188 3075 nos
1230 3030 1391 3086 agere
1432 3012 1640 3070 consilii
1670 3008 1933 3079 gravitate

350 3117 665 3189 gaudemus,
688 3115 937 3186 pulsante
962 3127 1137 3168 causa:
1158 3107 1486 3179 emergentis
1515 3102 1763 3167 articulo,
1793 3114 1932 3170 pra:-

351 3210 663 3281 cipitatione
690 3208 866 3264 subita
894 3207 1162 3277 rapimur;
1194 3213 1248 3259 et
1272 3202 1363 3273 qui
1393 3216 1491 3256 nos
1520 3210 1732 3266 semper
1752 3193 1935 3263 dispo-

353 3304 454 3359 site
485 3302 681 3358 vixisse
728 3300 1072 3363 credidimus,
1100 3304 1323 3368 repente
1352 3296 1463 3367 69
1509 3291 1697 3346 intima
1742 3285 1935 3344 confu-
1963 3299 2011 3364 ρ

355 3396 507 3452 sione
553 3402 848 3450 vastamur.
907 3392 1015 3448 Sed
1069 3400 1251 3445 tamen
1309 3388 1551 3458 ejusdem
1607 3381 1937 3440 confusionis

356 3486 655 3543 eruditione
680 3484 932 3541 discimus
953 3522 970 3551 ,
997 3497 1068 3538 ne
1096 3480 1292 3537 nostris
1317 3478 1522 3535 viribus
1563 3474 1787 3531 consilia
1810 3487 1939 3528 nos-

358 3584 440 3631 tra
463 3577 786 3643 tribuamus;
835 3582 891 3630 et
919 3580 1072 3628 tanto
1098 3570 1360 3626 maturius
1386 3567 1451 3622 ad
1482 3564 1799 3635 gravitatem
1826 3574 1940 3615 res-

324 3692 327 3693 ν
358 3668 661 3738 tringimur,
688 3674 890 3737 quanto
919 3665 987 3719 ad
1039 3664 1179 3717 hanc
1203 3660 1357 3731 quasi
1385 3657 1637 3713 amissam
1683 3652 1938 3709 redimus.

358 3759 662 3828 Aliquando
714 3757 838 3812 dum
887 3770 1041 3809 mens
1097 3753 1308 3808 fortiter
1356 3751 1581 3804 adversa
1623 3742 1941 3804 contemnit,

361 3850 601 3906 subortis
617 3846 956 3903 adversitatis
974 3844 1277 3905 eventibus,
1300 3841 1442 3895 hanc
1460 3845 1637 3892 metus
1656 3836 1947 3890 vehemens

361 3942 614 4012 percutit.
664 3937 771 3993 Sed
798 3951 895 4006 per
924 3936 1070 3989 hunc
1115 3946 1380 3988 concussa
1410 3927 1571 3983 discit
1617 3926 1704 3981 cui
1748 3923 1950 3978 tribuat

363 4030 510 4103 quod
540 4031 592 4085 in
622 4028 940 4099 quibusdam
968 4026 1180 4081 fortiter
1205 4023 1385 4089 stetit;
1417 4029 1474 4076 et
1503 4028 1650 4073 tanto
1674 4023 1798 4087 post
1824 4014 1953 4069 vali-

364 4125 484 4180 dius
512 4122 878 4179 fortitudinem
921 4119 1143 4187 retinet,
1173 4122 1381 4186 quanto
1418 4113 1561 4168 hanc
1599 4115 1824 4180 repente
1876 4106 1952 4160 ir-

366 4224 559 4271 ruente
584 4212 871 4270 formidine
898 4212 1000 4266 sibi
1026 4210 1138 4280 jam
1176 4206 1332 4277 quasi
1376 4205 1613 4275 elapsam
1641 4200 1807 4256 videt.
1838 4196 1953 4252 Ali-

369 4305 585 4376 quando
613 4306 742 4359 dum
769 4315 963 4372 magna
995 4316 1095 4356 nos
1137 4299 1277 4355 scire
1315 4295 1632 4367 gaudemus,
1662 4287 1957 4360 repentinae

371 4395 684 4467 ignorantiae
710 4395 953 4450 caecitate
982 4390 1359 4461 torpescimus.
1385 4383 1497 4441 Sed
1524 4396 1633 4452 quo
1654 4380 1959 4451 ignorantia

373 4466 567 4543 mentis
615 4485 803 4543 oculus
848 4483 917 4539 ad
958 4489 1293 4539 momentum
1319 4476 1603 4536 clauditur,
1635 4488 1701 4528 eo
1738 4478 1860 4541 post
1892 4466 1961 4523 ad

375 4579 653 4633 scientiam
680 4576 857 4630 verius
887 4573 1125 4644 aperitur
1148 4612 1163 4639 ,
1209 4578 1270 4625 ut
1319 4567 1570 4623 nimirum
1608 4559 1825 4630 ﬂagello
1853 4571 1963 4614 sua:

377 4674 629 4729 caecitatis
652 4671 911 4734 eruditus,
936 4677 991 4723 et
1017 4668 1159 4723 scire
1190 4667 1367 4736 ipsum
1389 4679 1419 4718 a
1448 4676 1557 4732 quo
1582 4658 1781 4713 habeat
1806 4655 1960 4710 sciat.
1993 4671 2046 4733 υ

377 4764 677 4833 Aliquando
693 4761 819 4816 dum
840 4758 1088 4827 religiose
1115 4766 1310 4811 cuncta
1332 4753 1680 4823 disponimus,
1704 4747 1829 4802 dum
1859 4745 1969 4815 pie-

379 4858 506 4913 tatis
532 4858 739 4912 viscera
771 4854 929 4925 plene
974 4867 1071 4906 nos
1110 4850 1313 4905 habere
1354 4846 1705 4915 gratulamur,
1735 4839 1967 4911 quadam

382 4950 577 5004 mentis
590 4941 1033 5002 duritia'irruente
1055 4940 1402 5011 percutimur.
1418 4935 1523 4991 Sed
1547 4932 1701 5003 quasi
1719 4928 1968 4986 obdurati

381 5038 772 5107 cognoscimus,
802 5034 887 5090 cui
908 5031 1123 5104 pietatis
1147 5028 1342 5083 habitae
1373 5027 1516 5080 bona
1549 5022 1879 5082 tribuamus;
1912 5026 1973 5072 et

382 5130 555 5201 pietas
595 5128 774 5182 verius
810 5125 958 5181 velut
1002 5122 1264 5178 exstincta
1316 5115 1590 5186 recipitur,
1641 5112 1766 5167 dum
1815 5106 1968 5178 quasi

384 5221 580 5275 amissa
602 5219 828 5289 amplius
853 5222 1083 5271 amatur.
1110 5208 1411 5279 Aliquando
1427 5206 1552 5263 dum
1582 5202 1883 5271 subjectum
1910 5214 1971 5255 se

384 5310 577 5365 divinae
632 5288 902 5364 formidini
944 5305 1151 5359 animus
1190 5298 1408 5369 gaudet,
1453 5300 1676 5366 repente
1722 5288 1971 5361 superbia

384 5407 633 5455 tentante
660 5399 896 5467 rigescit.
943 5395 1049 5451 Sed
1078 5402 1257 5448 tamen
1285 5388 1441 5444 valde
1466 5402 1593 5441 mox
1623 5384 1816 5438 timens
1845 5379 1971 5449 quia

387 5507 494 5547 non
526 5492 699 5557 timet,
728 5490 794 5545 ad
824 5488 1178 5543 humilitatem
1216 5499 1274 5538 se
1315 5481 1506 5536 iterum
1532 5476 1755 5532 festinus
1783 5471 1970 5527 innec-

466 5655 491 5682 ει
529 5645 564 5697 2
584 5644 778 5698 Rhem.
810 5650 865 5696 et
892 5655 1031 5713 unus
1062 5636 1294 5713 Remig,
1318 5635 1402 5713 det
1428 5630 1977 5713 humilitateniaerror

386 5724 474 5773 est
515 5716 753 5783 librarii,
793 5711 1055 5783 superbiae
1101 5698 1568 5783 magisadversari
1595 5698 1974 5782 _liumilitatem

387 5772 678 5859 cogitantis
698 5827 714 5853 ,
741 5772 950 5859 'qua'm
981 5772 1499 5859 timoremuverum
1533 5772 1643 5855 .hic
1694 5775 1974 5859 enumerat

389 5837 834 5918 Eilié'iEé'béctai
861 5852 1090 5922 Spiritus
1128 5846 1484 5922 sancti__dona
1531 5844 1587 5901 in
1626 5839 1820 5913 quibus
1847 5837 1973 5894 ulti-

390 5946 515 6013 tnus
539 5936 787 5992 censetur
813 5920 983 5995 timor,
1016 5936 1126 5983 non
1151 5920 1436 5979 humilitas.

2027 2064 2213 2105 amore
2258 2045 2650 2116 torpescimus,
2706 2042 2831 2094 dum
2879 2038 3021 2092 ultra
3075 2048 3235 2102 quam
3290 2029 3447 2084 nobis
3484 2042 3618 2081 con-

2025 2156 2219 2212 gruere
2244 2139 2530 2201 credimus,
2565 2132 2777 2202 ﬂagello
2807 2129 3111 2196 fatigamur.
3162 2122 3316 2191 Saepe
3344 2120 3468 2173 dum
3498 2116 3620 2186 plus

2026 2249 2185 2304 quam
2217 2245 2438 2288 necesse
2463 2236 2547 2285 est
2587 2240 2740 2281 mens
2786 2219 3068 2286 formidat,
3113 2214 3364 2269 fiduciam
3406 2209 3623 2265 sibimet

2026 2299 2140 2395 spei
2191 2322 2454 2379 debilitat.
2514 2319 2668 2389 Saepe
2723 2315 2848 2369 dum
2913 2306 3188 2366 immensis
3234 2299 3623 2372 qumstionihus

2028 2388 2236 2469 animus
2285 2411 2550 2475 tenditur,
2599 2388 2913 2477 perturbata
2968 2400 3102 2455 fides
3147 2394 3298 2466 quasi
3344 2388 3622 2445 defectura

2026 2506 2298 2575 fatigatur.
2337 2503 2443 2558 Sed
2497 2510 2675 2557 tamen
2703 2499 2893 2553 vivunt
2936 2492 3090 2555 filiae,
3147 2502 3267 2558 quae
3295 2484 3456 2540 domo
3485 2497 3623 2536 con-

2028 2614 2183 2655 cussa
2212 2595 2533 2657 moriuntur,
2557 2590 2683 2661 quia
2713 2588 2812 2643 etsi
2836 2587 2976 2642 intra
2999 2577 3385 2637 conscientiam
3403 2614 3418 2638 ,
3446 2586 3621 2641 spem,

2030 2687 2221 2757 fidem,
2270 2687 2697 2750 charitatemque
2735 2692 2875 2749 pene
2918 2671 3237 2730 occumbere
3288 2662 3624 2736 perturbatio

2031 2781 2145 2851 ipsa
2175 2779 2486 2843 renuntiat,
2517 2776 2615 2829 has
2637 2780 2819 2827 tamen
2841 2776 2965 2822 ante
2989 2764 3087 2819 Dei
3112 2761 3297 2818 oculos
3320 2758 3469 2812 vivas
3497 2768 3625 2823 per-

2032 2850 2334 2931 severantia
2387 2874 2551 2923 rectae
2597 2860 2914 2918 intentionis
2953 2862 3153 2911 servat.
3202 2850 3357 2906 Unde
3401 2854 3458 2901 et
3490 2858 3630 2916 puer

2035 2968 2125 3038 qui
2147 2969 2260 3021 haec
2289 2961 2500 3019 nuntiet
2540 2958 2689 3013 solus
2725 2952 2933 3013 evadit,
2977 2948 3103 3018 quia
3149 2942 3345 2999 mentis
3372 2935 3627 2995 discretio

2035 3028 2196 3115 etiam
2241 3057 2381 3111 inter
2432 3054 2768 3107 tentamenta
2813 3041 3098 3099 incolumis
3143 3040 3445 3108 permanet.
3471 3028 3627 3097 Agit-

2034 3165 2141 3221 que
2162 3163 2295 3219 puer
2322 3152 2384 3200 ut
2424 3141 2526 3198 Job
2570 3140 2709 3195 filios
2755 3133 2931 3191 ﬂendo
2955 3128 3212 3200 recipiat,
3236 3126 3363 3181 dum
3380 3163 3395 3188 ,
3426 3120 3632 3220 discre:

2036 3247 2186 3303 tione
2233 3238 2543 3300 nuntiante,
2600 3230 2791 3287 dolens
2844 3225 3056 3280 animus
3100 3220 3245 3275 vires
3302 3228 3437 3285 quas
3476 3206 3635 3280 quasi

2041 3335 2289 3393 amittere
2328 3331 2567 3397 coeperat
2609 3315 2923 3391 paenitendo
2951 3316 3259 3369 conservat.
3287 3304 3421 3359 Mira
3451 3307 3636 3355 autem
3726 3288 3735 3295 ’

2039 3430 2147 3485 hoc
2172 3423 2451 3482 nobiscum
2497 3410 2901 3484 dispensatione
2946 3403 3150 3473 agitur,
3183 3406 3245 3455 ut
3270 3409 3425 3452 mens
3450 3399 3639 3446 nostra
3729 3466 3741 3476 .

2041 3519 2211 3588 culpae
2232 3522 2616 3578 nonnunquam
2643 3500 2948 3575 pulsatione
2981 3494 3226 3550 feriatur.
3256 3487 3391 3542 Nam
3415 3497 3536 3540 esse
3579 3492 3642 3535 se

2044 3619 2359 3676 magnarum
2383 3601 2581 3655 virium
2599 3597 2765 3650 homo
2804 3589 3070 3650 crederet,
3100 3584 3145 3638 si
3174 3579 3377 3636 nullum
3402 3586 3643 3645 unquam

2046 3672 2351 3756 earumdem
2383 3691 2576 3747 virium
2601 3684 2870 3741 defectum
2900 3679 3041 3733 intra
3068 3672 3263 3729 mentis
3286 3682 3482 3725 arcana
3512 3678 3643 3720 sen-

2047 3790 2194 3843 tiret.
2223 3784 2331 3840 Sed
2358 3782 2483 3837 dum
2524 3776 2824 3833 tentatione
2853 3771 3092 3825 irruente
3120 3762 3377 3834 quatitur,
3410 3771 3466 3812 et
3489 3751 3649 3824 quasi

2050 3879 2193 3933 ultra
2222 3887 2383 3945 quam
2412 3867 2609 3924 sufﬁcit
2636 3864 2925 3929 fatigatur,
2952 3858 3002 3912 ei
3044 3861 3233 3911 contra
3259 3849 3431 3906 hostis
3454 3845 3536 3903 sui
3566 3844 3651 3898 in-

2052 3967 2215 4023 sidias
2239 3938 2530 4017 .munimen
2579 3951 2898 4010 humilitatis
2940 3945 3262 4008 ostenditur,
3302 3948 3356 3996 et
3400 3938 3544 3994 unde
3591 3949 3653 3990 se

2054 4052 2388 4129 pertimescit
2432 4046 2703 4104 enerviter
2749 4041 2966 4107 cadere,
3018 4036 3143 4093 inde
3194 4032 3393 4102 accipit
3441 4029 3654 4084 fortiter

2054 4158 2221 4207 stare.
2252 4144 2515 4200 Tentatus
2554 4147 2733 4196 autem
2753 4178 2768 4204 ,
2801 4150 2909 4191 non
2948 4132 3124 4189 solum
3151 4128 3294 4183 vires
3323 4141 3353 4179 a
3382 4138 3489 4194 quo
3510 4118 3653 4175 acci-

2056 4249 2171 4321 piat
2193 4243 2382 4306 discit,
2424 4239 2519 4295 sed
2545 4243 2746 4308 quanta
2775 4247 2869 4289 eas
2913 4225 3188 4299 vigilantia
3228 4227 3411 4279 servet
3456 4214 3656 4272 intelli—

2059 4317 2154 4412 git.
2193 4339 2303 4410 7o
2327 4334 2485 4406 Saepe
2532 4331 2675 4387 enim
2704 4340 2864 4397 quem
2902 4317 3215 4378 tentationis
3243 4321 3516 4370 certamen
3560 4322 3658 4363 su-

2061 4445 2254 4504 perare
2304 4442 2413 4483 non
2461 4423 2659 4489 valuit,
2710 4434 2807 4474 sua
2847 4414 3086 4472 deterius
3131 4408 3394 4465 securitas
3437 4399 3655 4481 stravit.

2063 4493 2196 4580 Nam
2222 4522 2351 4577 dum
2379 4521 2581 4575 lassum
2610 4530 2669 4571 se
2696 4512 2924 4583 quisque
2952 4509 3007 4563 in
3033 4505 3146 4561 otio
3173 4497 3429 4559 remittit,
3478 4493 3658 4547 disso-

2068 4617 2235 4671 lutam
2292 4621 2529 4667 mentem
2577 4601 2883 4674 corruptori
2926 4593 3229 4667 prostituit;
3281 4596 3337 4642 at
3364 4585 3411 4640 si
3440 4596 3562 4638 eum
3591 4595 3659 4635 ex

2111 4704 2472 4777 ispensatione
2519 4712 2765 4770 superna:
2792 4690 3008 4764 pietatis
3036 4681 3264 4739 tentatio
3296 4691 3403 4732 non
3437 4680 3663 4744 repente

2070 4762 2421 4855 vehementer
2446 4762 2685 4851 irruens,
2715 4762 2810 4841 sed
2837 4781 3135 4848 temperato
3165 4783 3387 4826 accessu
3414 4762 3664 4821 erudiens

2071 4892 2276 4961 pulsat,
2303 4885 2556 4941 nimirum
2588 4878 2652 4934 ad
2676 4873 2897 4931 insidias
2921 4861 3281 4939 providendas
3305 4858 3553 4927 evigilat,
3607 4860 3664 4907 ut

2071 4943 2260 5036 contra
2282 4978 2490 5031 hostem
2520 4985 2579 5025 se
2608 4969 2661 5022 in
2688 4961 2983 5022 certamine
3004 4965 3193 5014 cautus
3220 4952 3486 5020 accingat.
3514 4943 3664 5001 Unde

2072 5080 2128 5131 et
2163 5072 2304 5126 bene
2334 5063 2673 5135 subiungitur
2697 5078 2710 5112 :

2694 5167 2922 5229 CAPUT
2969 5166 3031 5222 L.

2393 5273 2556 5328 Vens.
2606 5264 2916 5323 ‘20.—-Tunc
2956 5258 3183 5316 surrexit
3222 5252 3344 5309 Iob.

2145 5370 2234 5424 80.
2270 5366 2523 5422 Discretio
2566 5354 2936 5417 tentationibus
2962 5339 3471 5424 proﬁcit—Sedere
3498 5331 3667 5399 enim,

2075 5463 2400 5540 quiescentis
2421 5468 2535 5528 est;
2565 5468 2874 5527 assurgere,
2906 5442 3250 5506 decertantis.
3299 5432 3510 5493 Auditis
3536 5441 3668 5500 ergo

2151 5619 2178 5659 ι)
2219 5619 2413 5687 Antiq.
2433 5615 2613 5687 Rem.,
2640 5610 2727 5687 qu_i
2772 5600 3065 5687 peritissimi“
3092 5611 3291 5687 summa
3339 5584 3668 5687 penetrabat;

2078 5663 2841 5747 νει.Εδῖὶῗῖδξιὶῖξίὲδιόειὲἱι.
2872 5690 2993 5747 cu_m
3025 5666 3287 5731 Barthol.,
3316 5663 3402 5735 qui
3422 5663 3670 5732 pertinax

2077 5744 2299 5818 summa.
2329 5755 2484 5825 Quod
2514 5755 2677 5809 habet
2699 5749 2889 5825 gora,
2910 5744 3092 5825 Germ.

2150 5797 2409 5897 $37.19;?
2416 5797 2653 5897 iitéiaﬁ:
2660 5797 3238 5897 ⁷(ξᾶιίέἷξλέῑυοιιιιιιὶιὶ
3252 5848 3268 5874 ,
3300 5802 3371 5863 ad
3397 5797 3673 5859 humilita-

2078 5916 2175 5964 tem
2200 5892 2427 5976 propria:
2453 5892 2780 5971 cognitionis.
