4180 6458
616 346 723 403 595

1819 344 2064 402 SANCTI
2106 341 2438 401 GREGORII
2478 342 2693 399 MAGNI

3800 344 3911 402 596

614 460 855 517 adversis
881 472 1134 527 surgere,
1168 467 1251 514 est
1277 458 1514 528 expertis
1541 458 1933 513 tentationibus
1973 467 2209 513 mentem
2238 460 2288 519 Α
2315 455 2520 524 magnis
2565 455 2772 511 actibus
2811 454 3192 521 cogitationum
3231 452 3478 509 ﬁduciam
3521 470 3628 511 non
3682 458 3910 514 habere.

610 550 681 606 ad
700 550 995 606 certamina
1013 549 1287 606 robustius
1316 563 1530 620 parare.
1580 548 1785 616 Quibus
1812 550 2061 604 nimirum
2093 556 2212 603 ten-

610 640 901 695 tationibus
928 641 1091 696 etiam
1121 642 1374 697 discretio
1404 640 1638 711 prolicit,
1672 642 1798 711 quia
1843 651 1903 697 ut
1932 642 2156 697 virtutes
2176 656 2208 695 a

605 730 748 787 vitiis
793 734 1043 791 subtilius
1067 734 1393 804 distinguat,
1441 734 1705 804 agnoscit.
1758 734 1913 792 Unde
1962 742 2017 791 et
2069 734 2209 790 bene

592 822 952 894 Inbjungitur
977 842 992 878 :

591 950 601 956 -
962 914 1192 971 CAPUT
1224 915 1290 971 Ll
1318 916 1464 991 [Vet.
1491 913 1849 986 XXXVIII].

588 1042 591 1045 λ
677 1042 804 1098 Iam.
823 1044 1075 1100 —Scidit
1102 1048 1403 1099 vestimenta
1430 1063 1542 1099 sua.

674 1151 765 1206 81.
800 1153 1186 1211 Tentationibus
1225 1157 1415 1227 pulsati
1446 1158 1514 1209 ad
1544 1157 1733 1211 luctum
1762 1158 2075 1227 pamitentia:
2105 1156 2202 1211 Itu-

602 1241 973 1316 militatemque
1019 1247 1324 1317 confugiant
1378 1257 1435 1299 ut
1484 1246 2202 1301 sonantum—Vestimenta

601 1334 914 1403 scindimus,
962 1352 1084 1391 cum
1114 1338 1470 1392 discernendo
1513 1348 1696 1393 nostra
1745 1355 1909 1408 Opera
1943 1348 2200 1393 retracta-

601 1439 738 1477 mus.
797 1424 853 1478 Si
909 1427 1051 1479 enim
1103 1428 1242 1497 apud
1286 1428 1454 1481 Deum
1504 1445 1603 1483 nos
1634 1445 1801 1499 Opera
1834 1438 2017 1484 nostra
2047 1410 2199 1499 quasi

600 1514 919 1569 vestimenta
949 1531 1058 1570 non
1088 1526 1361 1584 tegerent,
1408 1534 1747 1588 nequaquam
1781 1535 1915 1573 voce
1956 1521 2199 1586 angelica

577 1597 868 1660 'diceretur
895 1624 908 1660 :
961 1606 1154 1662 Beatus
1184 1611 1267 1679 qui
1299 1610 1507 1680 vigilat,
1562 1619 1609 1663 et
1640 1610 1861 1663 custodit
1898 1611 2199 1663 vestimenta

596 1710 711 1759 sua,
745 1713 808 1750 ne
836 1698 1005 1752 nudus
1043 1699 1287 1765 ambulet,
1321 1709 1370 1754 et
1417 1702 1623 1753 videant
1669 1702 2033 1772 turpitudinem
2086 1702 2198 1771 ejus

598 1785 780 1858 (Apoc.
811 1804 919 1854 xvr,
954 1787 1064 1859 15).
1101 1790 1403 1861 Turpitudo
1448 1792 1591 1847 enim
1645 1801 1826 1846 nostra
1858 1800 1984 1847 tunc
2017 1792 2196 1846 cerni-

596 1883 701 1942 tur,
735 1893 857 1932 cum
887 1880 999 1934 vita
1037 1882 1477 1951 reprehensibilis
1524 1891 1649 1937 ante
1693 1882 1960 1950 justorum
2006 1883 2196 1938 oculos

596 1966 651 2020 in
702 1966 936 2037 judicio,
991 1986 1332 2042 nequaquam
1398 1973 1774 2043 subsequentis
1838 1974 1965 2029 boni
2019 1974 2199 2044 operis

584 2056 832 2126 tegmine
859 2060 1088 2116 velatur.
1136 2062 1242 2118 Sed
1284 2064 1409 2133 quia
1440 2079 1562 2119 cum
1604 2064 1759 2134 culpa
1791 2073 2082 2131 tentamur,
2128 2064 2198 2119 ad

594 2147 829 2204 lamenta
871 2152 1247 2219 accendimur;
1284 2162 1450 2223 atque
1497 2155 1624 2221 ipsis
1655 2155 1903 2209 lamentis
1951 2154 2193 2219 excitati,

595 2238 662 2293 ad
728 2242 1157 2310 perspiciendam
1207 2245 1384 2299 lucem
1438 2246 1661 2314 justitite
1710 2246 1958 2301 subtilius
2009 2245 2194 2299 oculos

592 2330 790 2384 mentis
812 2332 1103 2400 aperimus,
1128 2334 1285 2402 quasi
1318 2334 1373 2387 in
1403 2334 1590 2389 dolore
1632 2336 1954 2389 vestimenta
1992 2334 2193 2389 scindi-

592 2434 731 2486 mus,
757 2421 883 2490 quia
922 2436 987 2475 ex
1045 2420 1208 2488 ﬂetu,
1254 2423 1583 2479 discretione
1635 2434 1944 2491 crescente,
1999 2432 2192 2480 cuncta

582 2508 712 2580 qua:
762 2510 996 2579 agimus,
1039 2511 1333 2568 districtius
1386 2514 1520 2567 irata
1569 2529 1732 2568 manu
1786 2524 1811 2552 ⁸
1866 2514 2184 2583 judicamus.

591 2598 745 2655 Tunc
769 2602 944 2659 omnis
989 2611 1173 2659 nostra
1213 2604 1379 2659 elatio
1427 2607 1663 2672 corruit,
1714 2614 1842 2661 tunc
1883 2615 2075 2661 cuncta
2121 2608 2189 2662 ab

590 2693 771 2750 animo
796 2695 1181 2765 cogitationum
1227 2697 1571 2767 superﬂuitas
1602 2698 1763 2754 cadit.
1798 2697 1950 2754 Unde
1979 2709 2035 2755 et
2055 2701 2183 2755 sub-

591 2782 739 2841 ditur
771 2802 785 2840 :

1197 2878 1428 2937 CAPUT
1452 2878 1559 2937 ιιι.

574 3056 578 3060 -
660 3014 936 3071 lum—Et
966 3026 1113 3073 tonso
1132 3020 1300 3090 capite
1316 3037 1562 3076 corruens
1603 3024 1659 3076 in
1690 3031 1885 3077 terram
1924 3026 2177 3081 adoravit.

661 3126 749 3181 82.
783 3126 958 3184 Elatia
987 3140 1037 3184 et
1064 3132 1437 3201 cogitationum
1467 3136 1688 3200 vanitas,
1746 3138 1998 3207 quomodo
2047 3154 2182 3191 rese-

2314 547 2393 602 Eo
2420 549 2535 617 ipso
2565 548 2707 601 enim
2736 562 2845 616 quo
2870 555 3056 601 contra
3085 547 3216 600 vitia
3257 546 3467 601 fortiter
3506 549 3724 611 vivitur,
3759 551 3919 619 cogi-

2314 642 2573 694 tationum
2602 640 2946 710 praesumptio
2999 641 3051 693 in
3100 640 3270 695 corde
3316 649 3637 707 generatur;
3694 651 3750 696 et
3781 659 3913 698 cum

2311 748 2465 787 mens
2492 732 2637 787 foras
2664 733 2848 803 culpas
2878 733 3122 787 valenter
3140 734 3389 799 conterit,
3419 733 3738 803 plerumque
3761 734 3913 804 apud

2310 824 2651 892 semetipsam
2706 824 2936 878 latenter
3007 824 3345 889 intumescit;
3405 824 3627 894 jamque
3678 841 3737 879 se
3786 842 3913 881 esse

2310 915 2488 981 magni
2511 914 2734 983 alicujus
2761 915 2937 969 meriti
2961 916 3209 979 aestimat,
3243 930 3344 970 nec
3381 931 3441 970 se
3484 932 3711 985 peccare
3735 919 3792 971 in
3815 934 3914 972 co-

2309 1007 2566 1074 gitatione
2587 1022 2696 1060 sua:
2719 1005 3088 1060 aestimationis
3108 1015 3279 1075 putat.
3306 1007 3444 1061 Ante
3470 1007 3695 1061 districti
3719 1018 3911 1063 autem

2304 1098 2500 1167 judicis
2544 1100 2731 1154 oculos
2775 1108 2926 1153 tanto
2971 1100 3210 1153 deterius
3254 1100 3610 1168 delinquitur,
3646 1113 3667 1138 ε
3698 1110 3911 1171 quanto

2308 1192 2461 1259 culpa
2492 1194 2539 1261 7
2555 1196 2594 1261 ι
2627 1208 2735 1259 quo
2758 1193 3038 1255 occultius,
3073 1206 3140 1247 eo
3159 1207 3299 1261 pene
3322 1192 3758 1261 incorrigibiliter
3783 1209 3911 1262 per-

2308 1291 2553 1351 petratur
2586 1302 2597 1335 :
2632 1293 2685 1338 et
2734 1292 2886 1338 tanto
2914 1285 2982 1338 ad
3025 1285 3320 1340 vorandum
3357 1285 3514 1339 latius
3544 1296 3694 1355 patet
3721 1285 3903 1349 fovea,

2306 1387 2509 1443 quanto
2539 1376 2607 1429 de
2635 1378 2922 1446 semetipsa
2953 1377 3145 1430 elatius
3192 1378 3453 1444 gloriatur
3478 1377 3605 1430 vita.
3642 1376 3817 1439 Unde,
3847 1386 3907 1430 ut

2305 1483 2446 1538 smpc
2480 1470 2590 1537 jam
2619 1470 2867 1535 diximus,
2914 1471 2997 1539 pia
3040 1470 3337 1526 conditoris
3363 1471 3765 1541 dispensatione
3790 1473 3907 1539 agi-

2306 1568 2410 1624 tur,
2442 1569 2500 1614 ut
2548 1561 2615 1614 de
2657 1576 2717 1615 se
2758 1560 3033 1616 conﬁdens
3056 1562 3262 1625 anima,
3294 1562 3688 1630 dispensatoris
3720 1572 3902 1614 tenta-

2307 1653 2453 1706 tione
2480 1654 2723 1721 pulsetur
2788 1663 3053 1721 quatenus
3082 1653 3373 1717 inlirmata,
3401 1653 3527 1723 quid
3550 1654 3617 1706 sit
3639 1654 3903 1718 inveniat,

2305 1753 2360 1799 et
2388 1746 2820 1814 praesumptionis
2850 1745 3081 1814 propria:
3111 1745 3305 1798 fastum
3326 1744 3583 1814 deponat.
3608 1742 3729 1796 κω
3757 1743 3898 1796 enim

2229 1850 2275 1909 Β
2305 1843 2362 1889 ut
2393 1838 2619 1891 tentatio
2649 1845 2884 1890 mentem
2931 1836 3258 1905 pulsaverit,
3306 1836 3481 1889 omnis
3508 1836 3903 1903 cogitationum

2304 1936 2609 1982 nostrarum
2661 1928 3008 1998 praesumptio
3037 1928 3402 1997 tumultusque
3429 1928 3792 1995 conquiescit.

2373 2019 2460 2073 84.
2491 2020 2643 2074 Mens
2691 2022 2829 2075 elata
2881 2024 2936 2075 in
2992 2022 3317 2092 tyrannidem
3364 2023 3619 2091 erumpit;
3651 2022 3901 2075 satellites

2302 2112 2413 2182 ejus
2461 2112 2741 2165 tentatione
2789 2111 3330 2182 fugantur.—-Mens
3381 2113 3525 2166 enim
3570 2128 3693 2167 cum
3735 2128 3797 2165 se
3847 2112 3899 2166 in

2302 2203 2536 2257 elatione
2562 2204 2738 2271 erigit,
2779 2205 2930 2274 quasi
2956 2205 3009 2257 in
3038 2205 3378 2273 tyrannidem
3419 2207 3674 2275 erumpit.
3725 2204 3900 2260 Habet

2300 2302 2479 2347 autem
2511 2294 2806 2364 tyrannidis
2834 2311 2943 2350 sua:
2971 2296 3261 2361 satellites,
3295 2298 3535 2351 faventes
3563 2298 3783 2351 sibimet
3805 2313 3898 2352 co-

2298 2384 2583 2450 gitationes
2606 2392 2749 2438 suas.
2783 2384 2888 2439 Sed
2920 2386 2963 2440 si
2985 2401 3147 2455 super
3175 2395 3461 2456 tyrannum
3494 2388 3664 2442 hostis
3706 2390 3899 2454 irruat,

2298 2474 2449 2531 lavor
2470 2495 2593 2533 mox
2616 2478 2903 2533 satellitum
2927 2486 3121 2533 cessat.
3153 2478 3391 2534 intrante
3436 2494 3669 2548 namque
3700 2479 3898 2533 adver-

2296 2571 2469 2636 sario,
2499 2569 2759 2625 satellites
2799 2569 3038 2639 fugiunt,
3098 2584 3329 2638 eumque
3375 2570 3547 2623 territi
3595 2569 3898 2636 declinant,

2296 2680 2456 2733 quem
2502 2664 2552 2716 in
2586 2678 2717 2733 pace
2769 2665 2929 2733 positi
2975 2663 3165 2718 callida
3212 2663 3518 2718 adulatione
3570 2664 3894 2719 laudabant.

2294 2752 2583 2810 Subductis
2614 2770 2743 2811 vero
2770 2757 3108 2826 satellitibus,
3136 2766 3261 2813 ante
3298 2759 3513 2812 hostem
3543 2758 3693 2813 solus
3715 2774 3899 2813 rema-

2295 2856 2405 2911 net,
2441 2848 2566 2917 quia
2596 2848 2976 2903 recedentibus
3006 2849 3161 2904 elatis
3200 2849 3642 2917 cogitationibus,
3678 2859 3895 2919 pertur-

2292 2936 2450 2991 batus
2480 2939 2689 2993 animus
2731 2955 2788 2993 se
2818 2940 3156 2995 solummodo
3181 2938 3206 2975 ἀ
3240 2949 3294 2995 et
3324 2941 3680 2995 tentationem
3721 2941 3891 2995 videt.

2292 3026 2500 3081 Auditis
2523 3043 2651 3097 ergo
2690 3029 2927 3084 adversis
2969 3041 3129 3100 caput
3158 3031 3503 3097 detondetur,
3546 3048 3668 3085 cum
3714 3040 3895 3086 tenta-

2293 3120 2526 3173 tionibus
2574 3122 2919 3177 vehementer
2967 3123 3322 3187 irruentibus,
3376 3140 3405 3177 a
3453 3126 3892 3194 prtcsumptionis

586 3220 996 3275 centum—Nam
1031 3222 1156 3290 quid
1184 3224 1463 3278 moraliter
1487 3241 1583 3294 per
1607 3226 1855 3294 capillos,
1882 3227 1983 3282 nisi
2012 3227 2179 3283 dellu-
2206 3237 2251 3296 α
2287 3226 2397 3265 δαῖε
2449 3214 2861 3280 cogitationibus
2913 3232 3062 3272 mens
3110 3217 3357 3272 "lidalur-
3417 3218 3553 3285 Ουίά
3609 3230 3693 3274 εει
3744 3222 3891 3275 enim

587 3317 741 3363 entes
782 3311 946 3364 animi
992 3313 1347 3379 cogitationes
1403 3316 1731 3385 accipimus?
1776 3316 1926 3373 Unde
1956 3330 2009 3373 et
2051 3322 2183 3375 alias

568 3400 842 3456 Ecclesiae
887 3403 1081 3457 dicitur
1132 3423 1143 3456 :
1198 3404 1347 3459 Sicut
1370 3406 1395 3444 ¹ι
1427 3409 1554 3460 vitta
1603 3410 1842 3463 coccinea
1885 3411 2023 3465 labia
2074 3422 2183 3486 tua,

584 3503 797 3559 sponsa,
827 3499 879 3545 et
903 3491 1161 3562 eloquium
1191 3503 1331 3547 tuum
1378 3495 1529 3548 dulce
1584 3495 1760 3564 (Cant.
1805 3514 1876 3563 tv,
1926 3499 2004 3569 5).
2036 3500 2183 3555 Vitta

561 3583 785 3653 'quippe
812 3584 990 3639 crines
1031 3586 1231 3655 capitis
1272 3587 1538 3655 astringit.
1593 3587 1755 3643 Labia
1795 3604 1925 3657 ergo
1971 3607 2183 3661 sponsae

560 3675 722 3757 :sicut
746 3677 879 3731 vitta
910 3686 1066 3744 sunt,
1110 3680 1235 3748 quia
1267 3680 1648 3735 exhortatione
1675 3691 1875 3735 sancta:
1902 3681 2181 3750 Ecclesiae,

581 3775 790 3822 cunctae
828 3768 883 3823 in
931 3768 1241 3825 auditorum
1283 3771 1553 3827 mentibus
1584 3770 1791 3827 diﬂ'usa:
1827 3774 2185 3841 cogitationes

580 3861 841 3930 ligantur;
875 3880 943 3921 ne
989 3868 1227 3923 remisse
1258 3868 1521 3935 deﬂuant,
1572 3885 1641 3925 ne
1687 3885 1809 3925 sese
1850 3886 1948 3941 per
1996 3872 2181 3926 illicita

579 3965 931 4024 spargant,ne
943 3972 1145 4027 sparsae
1164 3959 1343 4014 cordis
1360 3960 1549 4015 oculos
1563 3960 1898 4029 deprimant;
1920 3962 2013 4015 sed
2024 3962 2180 4029 quasi

547 4041 554 4051 ’
580 4048 649 4103 ad
680 4065 839 4103 unam
854 4066 915 4105 se
938 4051 1291 4107 intentionem
1316 4053 1589 4121 colligant,
1622 4053 1748 4107 dum
1777 4055 1905 4108 vitta
1936 4070 2029 4109 eas
2057 4071 2181 4111 san-

580 4146 683 4193 cta:
722 4139 1118 4207 prmdicationis
1162 4142 1310 4211 ligat.
1368 4142 1539 4209 Quam
1587 4152 1737 4197 recte
1786 4153 1841 4198 et
1869 4146 2176 4199 coccineam

550 4230 805 4296 'asserit;
861 4231 985 4298 quia
1023 4241 1333 4287 sanctorum
1378 4235 1685 4303 praedicatio
1740 4236 1860 4289 solo
1902 4237 2179 4291 charitatis

548 4320 777 4375 ardore
814 4320 1148 4379 ﬂammescit.
1194 4324 1331 4390 Quid
1373 4340 1505 4381 vero
1554 4342 1652 4396 per
1706 4336 1905 4396 caput,
1959 4330 2057 4383 nisi
2090 4345 2175 4393 ea,

554 4429 700 4484 'quze
723 4416 1017 4486 principale
1045 4419 1463 4488 uniuscujusque
1492 4423 1722 4476 actionis
1743 4431 1853 4489 est,
1881 4439 2033 4478 mens
2064 4426 2176 4493 ipsa

552 4507 853 4577 signatur?
875 4507 1029 4565 Unde
1057 4518 1114 4564 et
1140 4510 1274 4565 alias
1297 4510 1491 4565 dicitur
1526 4530 1538 4565 :
1574 4511 1643 4565 Et
1690 4513 1856 4567 oleum
1898 4516 1963 4568 de
2009 4518 2177 4583 capite

2295 3305 2437 3373 quod
2468 3305 2702 3361 Nazarrei
2730 3309 2951 3377 capillos
2994 3312 3236 3364 nutriunt
3293 3311 3477 3377 (Num.
3526 3327 3596 3373 v1,
3648 3310 3722 3379 5),
3787 3313 3890 3367 nisi

2291 3399 2433 3465 quod
2458 3415 2552 3467 per
2594 3401 2755 3453 vitam
2787 3415 2991 3469 magna:
3010 3403 3355 3456 continentiae
3402 3404 3884 3473 pnesumptionum

2290 3492 2644 3560 cogitationes
2671 3494 2956 3547 crescunt?
2986 3493 3090 3547 Sed
3121 3494 3248 3564 quid
3277 3504 3359 3549 est
3399 3496 3562 3563 quod,
3594 3494 3887 3548 devotione

2291 3585 2578 3654 completa,
2610 3596 2771 3655 caput
2800 3585 3081 3639 Nazamus
3103 3586 3291 3640 radere
3314 3586 3647 3655 capillosque
3677 3587 3727 3640 in
3761 3588 3885 3655 igne

2288 3673 2537 3729 sacriﬁcii
2569 3690 2771 3744 ponere
2814 3674 3061 3743 jubetur,
3122 3674 3223 3727 nisi
3272 3675 3414 3743 quod
3468 3680 3596 3729 tunc
3650 3676 3718 3728 ad
3760 3692 3881 3745 per-

2288 3764 2535 3819 lectionis
2574 3781 2836 3819 summam
2887 3766 3270 3835 pertingitnus,
3331 3781 3451 3825 cum
3483 3766 3563 3820 sic
3608 3768 3879 3821 exteriora

2287 3858 2415 3913 vitia
2458 3859 2749 3926 vincimus,
2803 3867 2860 3912 ut
2904 3860 3066 3913 etiam
3114 3859 3469 3925 cogitationes
3506 3858 3805 3926 superﬂuas
3846 3875 3874 3911 a

2214 3956 2217 3957 '
2287 3958 2467 4002 mente
2496 3950 2835 4004 resecemus?
2864 3950 3007 4014 Quas
3040 3949 3287 4003 nimirum
3320 3949 3570 4003 sacriﬁcii
3598 3951 3718 4017 igne
3747 3966 3876 4003 con-

2286 4055 2562 4103 crcmare,
2622 4048 2703 4094 cst
2753 4040 2964 4093 llamma
2996 4056 3086 4093 eas
3117 4041 3279 4093 divini
3328 4042 3528 4095 amoris
3551 4042 3865 4104 incendere,

2286 4144 2341 4187 ut
2370 4144 2541 4188 totum
2584 4150 2681 4189 cor
2728 4134 2779 4187 in
2822 4133 2913 4187 Dei
2947 4149 3129 4187 amore
3158 4134 3373 4200 ardeat,
3418 4145 3473 4189 et
3520 4136 3875 4203 cogitationes

2283 4228 2576 4297 superﬂuas
2607 4242 2990 4289 concrematis,
3046 4227 3197 4293 quasi
3245 4226 3478 4281 Nazarzei
3528 4228 3754 4295 capillos
3784 4228 3876 4282 de-

2282 4320 2514 4375 votionis
2546 4320 2873 4389 perfectione
2903 4326 3199 4374 consumat.
3238 4319 3379 4389 Wet.
3414 4319 3559 4389 XL]
3590 4320 3654 4372 Et
3682 4330 3877 4374 notan-

2282 4412 2407 4465 dum
2454 4413 2596 4481 quod
2649 4414 2701 4466 in
2749 4422 2948 4467 terram
2980 4428 3236 4465 corruens
3267 4413 3530 4466 adoravit.
3585 4411 3677 4466 llle
3726 4414 3869 4467 enim

2282 4520 2464 4557 veram
2518 4504 2624 4558 Deo
2672 4515 2694 4541 ε
2726 4504 3090 4557 adorationem
3123 4504 3339 4558 exhibet
3378 4505 3467 4573 qui
3501 4506 3866 4574 semetipsum,

574 4608 666 4656 mo
717 4619 823 4657 ηοη
880 4602 1092 4671 deﬁciar
1138 4601 1369 4673 (Εεειεε,
1405 4619 1457 4658 ιχ
1478 4646 1491 4670 ,
1524 4604 1615 4673 8),
1672 4605 1858 4660 meum
1888 4609 2086 4677 quippe
2115 4608 2166 4663 in
2202 4612 2253 4669 Ι)
2280 4598 2403 4666 quia
2430 4596 2603 4666 pulvis
2632 4596 2725 4659 sit,
2751 4596 3024 4650 humiliter
3049 4596 3211 4660 videt,
3241 4596 3329 4665 qui
3357 4597 3486 4650 nihil
3528 4598 3627 4650 sibi
3660 4599 3873 4652 virtutis

578 4694 785 4763 capite,
816 4703 899 4750 est
944 4696 1178 4750 charitas
1217 4697 1270 4749 in
1302 4706 1512 4762 mente;
1570 4706 1626 4751 et
1674 4714 1702 4750 a
1758 4700 1934 4767 capite
1990 4699 2170 4755 deficit

580 4789 787 4855 oleum,
846 4807 966 4847 cum
1002 4792 1237 4848 charitas
1266 4807 1295 4845 a
1327 4801 1507 4846 mente
1551 4792 1798 4847 discedit.
1837 4793 2008 4860 Caput
2036 4809 2167 4862 ergo

577 4881 873 4937 detondere
901 4892 985 4939 est
1012 4886 1366 4954 cogitationes
1391 4884 1689 4954 superﬂuas
1730 4899 1759 4938 a
1790 4893 1969 4938 mente
2014 4900 2164 4941 rese-

576 4988 722 5030 care.
752 4972 822 5027 Et
845 4975 1070 5031 detonso
1095 4979 1272 5046 capite
1302 4979 1353 5031 in
1378 4985 1575 5031 terram
1593 4977 1815 5039 corruit,
1840 4977 1930 5045 qui
1955 4991 2165 5046 repres-

577 5064 653 5119 sis
670 5066 1097 5134 prassumptionis
1116 5082 1225 5121 suae
1252 5068 1682 5135 cogitationibus,
1704 5082 1867 5135 quam
1889 5068 1943 5121 in
1965 5077 2164 5122 semet-

578 5154 699 5226 ipso
723 5155 963 5211 inﬁmus
990 5158 1059 5211 sit
1099 5158 1371 5213 humiliter
1398 5160 1660 5225 agnoscit.

650 5246 792 5319 [γει.
823 5244 1117 5317 XXXIX.]
1147 5246 1236 5301 85.
1288 5248 1511 5317 Difﬁcile
1538 5266 1729 5319 magna
1776 5265 1955 5319 agere,
2011 5258 2059 5302 et
2106 5251 2169 5304 de

575 5338 707 5391 actis
760 5336 1006 5408 ﬁduciam
1057 5352 1161 5392 non
1216 5336 1743 5392 liabere.—Ditlicile
1796 5353 2031 5407 namque
2084 5347 2169 5393 est

573 5444 767 5501 magna
814 5444 1008 5501 agere,
1049 5438 1107 5486 et
1161 5430 1302 5500 apud
1351 5432 1695 5501 semetipsum
1747 5433 2053 5502 quempiam
2099 5431 2166 5487 de

650 5564 829 5635 frllss.
860 5565 1045 5623 Norm.
1099 5573 1154 5619 et
1180 5565 1423 5635 plurimi,
1464 5565 1800 5620 vindicamus.

648 5633 676 5673 δ
696 5633 756 5690 In
786 5638 1084 5703 nonnullis,
1114 5633 1243 5691 sicut
1274 5638 1411 5692 vitta:
1457 5644 1593 5691 sunt.
1784 5694 1791 5701 ,

649 5704 773 5783 flta
802 5709 1131 5783 restituimus
1180 5726 1243 5762 ex
1284 5708 1403 5783 Mss.
1442 5708 1942 5783 Pt‘iushlcgebatur:
1971 5721 2161 5783 quanto

570 5775 723 5879 culpa
743 5781 1008 5841 occultius,
1040 5789 1088 5831 et
1119 5797 1242 5847 pene
1286 5778 1704 5901 incorrigibiliter
1746 5775 2085 5850 perpetratur.

705 5840 875 5907 Editi,
906 5849 957 5899 in
991 5851 1266 5900 tentatione
1292 5851 1444 5907 ridet.
1480 5850 1601 5903 .lss.
1628 5850 1918 5907 sequimur.

859 5886 875 5909 ν
906 5865 957 5899 tn
991 5865 1266 5900 ιεηιηιιοιιιξ
1292 5865 1444 5907 υιαει.
1480 5865 1601 5903 MSS.
1628 5865 1918 5918 scqmmur.

2277 4686 2479 4750 tribuit,
2510 4686 2600 4753 qui
2632 4686 2768 4739 bona
2794 4701 2911 4753 qum
2943 4687 3050 4753 agit
3078 4702 3196 4740 esse
3234 4686 3300 4740 de
3341 4686 3706 4742 misericordia
3737 4704 3873 4743 con--

2277 4778 2460 4832 ditoris
2506 4778 2768 4845 agnoscit.
2802 4775 2951 4832 Unde
2974 4786 3028 4832 et
3049 4787 3419 4848 competenter
3459 4778 3588 4833 dicit
3638 4797 3652 4833 :

2862 4931 3089 4988 CAPUT
3138 4933 3268 4988 Llll.

2350 5068 2509 5121 Vnus.
2562 5066 2649 5119 21.
2688 5067 2958 5122 —Nudus
2992 5086 3224 5139 egressus
3261 5087 3373 5124 sum
3403 5071 3467 5125 de
3502 5082 3646 5127 utero
3679 5075 3869 5128 matris

2274 5178 2439 5217 mea:
2468 5161 2636 5214 nudus
2684 5172 2908 5214 revertar
2934 5162 3076 5215 illuc.

2345 5252 2433 5307 85.
2466 5249 2567 5315 Qui
2591 5268 2699 5305 sea
2736 5253 2998 5305 virtutibus
3048 5253 3240 5307 nudum
3296 5264 3461 5323 putat,
3512 5258 3625 5327 ipsa
3682 5260 3867 5311 melius

2273 5346 2559 5399 humilitate
2606 5344 2988 5399 vestitur.—Ac
3046 5346 3091 5401 si
3139 5355 3370 5401 tentatus
3412 5348 3622 5403 animus
3671 5360 3722 5402 et
3759 5349 3776 5386 ί
3812 5352 3864 5403 in

2273 5436 2598 5492 inﬁrmitatis
2619 5452 2729 5492 suae
2768 5438 2945 5506 inopia
2990 5437 3354 5507 deprehensus
3404 5438 3549 5493 dicat
3594 5458 3604 5491 :
3650 5439 3863 5493 Nudum

2344 5580 2365 5606 °
2390 5570 2550 5625 Corb.
2573 5614 2588 5638 ,
2631 5571 2813 5627 Germ.
2841 5612 2854 5637 ,
2886 5587 3004 5625 cum
3032 5574 3320 5637 nonnullis,
3345 5575 3717 5629 adorationem.
3759 5575 3865 5630 Va-

2230 5642 2247 5699 ξ
2269 5641 2408 5717 riant
2459 5642 2673 5717 Excusi.
2724 5642 2863 5717 Edit.
2894 5642 3059 5717 Paris.
3088 5642 3227 5697 M95
3248 5646 3449 5717 Ahabeti
3478 5647 3863 5717 adorationem,

2269 5710 2626 5788 _Basil._l$li,
2651 5715 2957 5769 orationem.
3005 5714 3169 5780 Coc.,
3235 5713 3375 5781 Gi|.,
3409 5716 3583 5771 Vatic.
3608 5758 3621 5781 ,
3672 5710 3867 5788 Guss.;

2269 5782 2407 5836 hanc
2441 5784 2562 5837 lect.
2594 5796 2891 5837 servarunt.

2345 5854 2363 5889 τ
2412 5853 2459 5905 1.
2506 5853 2672 5921 Reg.,
2722 5865 2767 5907 el
2814 5857 3135 5926 inﬁrmitatis
3182 5873 3289 5912 sua
3336 5859 3511 5927 inopia
3558 5858 3860 5931 depressus,
