4180 6446
309 354 413 411 597

1248 350 1606 407 MORALIUM
1649 349 1777 405 LIB.
1818 349 1883 404 ll.
1926 380 1996 392 —
2037 349 2105 405 IN
2144 350 2301 407 CAP.
2345 353 2365 408 l
2405 355 2465 410 Β.
2510 354 2648 412 JOB.

3488 358 3592 415 598

307 480 396 523 me
425 466 479 521 in
508 464 613 520 ﬁde
635 463 809 539 prima
838 464 1008 535 gratia
1037 464 1249 533 genuit,
1280 464 1481 519 nudum
1511 464 1696 518 eadem
1724 460 1895 532 gratia
1925 462 1978 522 Α
2001 477 2088 515 ros
2123 463 2321 532 (Amos.
2356 480 2449 530 vn,
2492 466 2604 535 M).
2657 466 2943 533 Quomodo
2984 475 3161 525 autem
3190 470 3457 541 propheta
3486 487 3597 528 non

306 557 363 612 in
393 556 761 625 assumptione
793 565 815 593 ⁸
845 554 1090 612 salvabit.
1130 553 1225 609 Est
1246 569 1475 623 namque
1502 568 1752 622 magnum
1782 551 1897 605 ani-

308 647 382 701 mi
413 646 613 700 turbati
643 645 890 699 solatium
912 688 927 713 ,
959 653 1017 699 ut
1045 647 1289 715 pulsatus
1316 645 1475 710 vitiis,
1509 660 1630 700 cum
1660 659 1719 699 se
1745 644 1899 713 quasi

306 738 500 791 nudari
545 736 828 791 virtutibus
878 737 1169 807 conspicit,
1202 736 1271 789 ad
1302 736 1474 790 solam
1522 734 1901 790 misericordia:

306 845 461 900 spem
503 837 777 895 recurrat;
821 836 875 883 et
904 844 970 884 eo
999 844 1057 884 se
1085 829 1272 883 nudari
1314 844 1422 883 non
1452 828 1609 892 sinat,
1641 843 1749 897 quo
1780 842 1838 881 se
1866 842 1898 881 a

311 920 594 974 virtutibus
646 920 919 975 humiliter
950 921 1149 974 nudum
1180 928 1332 991 putat
1365 938 1377 973 :
1405 920 1497 990 qui
1524 920 1624 975 etsi
1671 918 1898 974 fortasse

310 1013 486 1082 aliqua
521 1013 717 1068 virtute
755 1013 808 1067 in
852 1016 1150 1068 tentatione
1189 1014 1483 1082 detegitur,
1536 1012 1898 1067 inﬁrmitatem

308 1113 491 1158 tamen
510 1104 782 1173 propriam
833 1116 1157 1172 agnoscens,
1207 1104 1320 1173 ipsa
1366 1103 1556 1158 melius
1599 1103 1899 1157 humilitate

307 1198 563 1257 vestitur;
593 1206 647 1251 et
674 1196 829 1251 valde
856 1197 1129 1251 robustius
1150 1212 1309 1265 quam
1339 1205 1564 1251 steterat
1588 1196 1750 1265 jacet,
1776 1210 1897 1249 eum

308 1288 413 1341 sibi
437 1288 552 1343 sine
580 1288 667 1343 div
693 1305 763 1342 no
785 1289 1052 1357 adjutorio
1082 1296 1258 1344 cessat
1282 1288 1515 1342 tribuere
1542 1288 1685 1357 quod
1712 1288 1892 1341 habet.

313 1376 467 1433 Unde
490 1388 542 1433 et
588 1396 807 1435 manum
837 1397 962 1436 mox
1010 1381 1284 1451 largitoris
1307 1389 1361 1436 et
1404 1380 1599 1450 judicis
1627 1380 1899 1436 humiliter

311 1470 552 1536 agnoscit
572 1511 586 1536 ,
640 1470 823 1525 dicens
852 1488 865 1523 :

894 1560 1124 1617 CAPUT
1165 1561 1295 1617 LIV.

380 1651 838 1708 lum—Dominus
867 1654 1038 1723 dedit,
1070 1655 1319 1709 Dominus
1350 1655 1578 1708 abstulit.

378 1743 466 1797 86.
503 1744 804 1800 Tentatione
829 1748 1017 1800 eruditi
1040 1749 1333 1801 crescimus.
1360 1777 1428 1790 ——
1450 1745 1590 1802 Ecce
1639 1746 1896 1801 tentatio-

1999 552 2125 619 luit,
2154 555 2243 623 qui
2273 555 2341 609 de
2368 554 2561 611 futuris
2608 564 2691 612 tot
2722 564 2846 614 vera
2876 560 3160 630 ρηὰίιὶιῖ
3185 565 3295 617 Aut
3317 564 3597 632 quomodo

2000 646 2262 717 propheta
2287 646 2415 714 fuit,
2457 648 2503 701 si
2531 648 2603 703 de
2628 664 2687 704 se
2725 650 2781 704 in
2810 654 3065 721 praesenti
3111 668 3237 708 vera
3268 654 3597 723 denegavit?
3638 724 3639 727 η

1997 735 2104 792 Sed
2142 739 2267 807 quia
2313 738 2503 793 eadem
2528 739 2659 795 hora
2697 756 2802 809 qua
2844 744 3133 814 requisitas
3178 754 3260 800 est
3298 745 3595 815 prophetiae

1998 830 2099 885 sibi
2124 831 2370 901 spiritum
2390 831 2579 887 deesse
2606 834 2796 902 sensit,
2819 837 2886 890 de
2914 840 3208 908 semetipso
3230 840 3595 893 testimonium

1999 924 2268 977 veraciter
2310 924 2515 990 intulit,
2548 924 2733 979 dicens
2775 940 2794 979 :
2835 924 2960 980 Non
3007 946 3119 982 sunt
3172 930 3443 1000 propheta.
3495 929 3597 995 Qui

2001 1020 2181 1067 tamen
2204 1024 2416 1069 secutus
2431 1013 2675 1083 adjunxit
2700 1034 2713 1068 :
2737 1014 2808 1069 Et
2827 1034 2962 1071 nunc
2983 1022 3105 1073 audi
3129 1020 3333 1074 verbum
3360 1020 3592 1075 Domini.

2000 1101 2132 1156 Htec
2161 1104 2283 1157 dicit
2312 1103 2565 1158 Dominus
2602 1122 2618 1158 :
2652 1104 2798 1159 Uxor
2823 1116 2906 1158 tua
2931 1108 2983 1159 in
3009 1110 3215 1163 civitate
3234 1110 3598 1181 fornicamur,

1999 1205 2047 1249 et
2069 1197 2167 1265 ﬁlii
2197 1200 2267 1251 tui
2298 1207 2345 1251 et
2372 1200 2499 1267 filia:
2528 1208 2628 1253 tua:
2661 1202 2715 1253 in
2742 1200 2919 1271 gladio
2938 1201 3145 1266 cadent,
3189 1210 3238 1253 et
3280 1202 3462 1255 humus
3512 1209 3601 1255 tua

2002 1290 2229 1361 funiculo
2252 1292 2518 1357 metietur;
2543 1302 2592 1345 et
2621 1302 2671 1347 tu
2694 1293 2747 1346 iu
2779 1303 2915 1345 terra
2937 1293 3135 1361 polluta
3159 1295 3399 1347 morieris
3431 1293 3599 1363 (Ibid.

2001 1378 2099 1445 16,
2138 1381 2247 1451 l7).
2297 1380 2500 1447 Quibus
2544 1384 2821 1454 propheta:
2874 1384 3046 1438 verbis
3072 1392 3257 1455 aperte
3294 1385 3603 1447 ostenditur

2000 1470 2124 1539 quia
2154 1469 2279 1525 dum
2309 1472 2376 1526 de
2399 1488 2457 1526 se
2487 1473 2576 1526 illa
2608 1474 2938 1542 loqueretur,
2970 1474 3221 1543 impletus
3252 1482 3365 1539 est;
3396 1482 3450 1528 et
3476 1489 3603 1528 mox

1999 1558 2200 1613 habere
2225 1561 2581 1631 prOpbetaudi
2610 1563 2854 1632 spiritum
2880 1564 3096 1628 meruit,
3121 1565 3245 1633 quia
3274 1580 3331 1619 se
3363 1564 3601 1634 prophe-

2001 1658 2111 1703 tam
2176 1666 2284 1705 non
2332 1667 2453 1707 esse
2496 1652 2774 1707 humiliter
2830 1654 3065 1722 agnovit.
3112 1653 3179 1706 Et
3225 1654 3269 1708 si
3306 1654 3602 1726 prophetia:

2000 1740 2217 1809 spiritus
2240 1742 2519 1811 prophetis
2548 1758 2763 1813 semper
2778 1742 3012 1810 adesset,
3044 1743 3213 1799 David
3231 1745 3342 1813 regi
3369 1745 3437 1799 de
3466 1753 3603 1799 tem-

308 1835 465 1890 nibus
504 1838 742 1892 eruditus
769 1839 957 1902 crevit,
988 1839 1080 1906 qui
1116 1847 1170 1892 et
1199 1839 1250 1892 in
1282 1838 1481 1892 virtute
1522 1837 1705 1892 habita
1733 1836 1896 1906 largi-
1925 1843 1974 1903 B
1998 1829 2073 1899 ι)Ιὶ
2102 1844 2164 1884 se
2197 1833 2597 1887 constructione
2627 1832 2949 1899 conwlenti,
3010 1848 3349 1903 nequaquam
3390 1834 3602 1890 Nathan

306 1933 472 1981 tatem
501 1928 705 1993 dantis,
754 1938 809 1982 et
854 1928 907 1981 in
956 1930 1361 1997 perturbatione
1410 1926 1894 1999 fortitudinis,po-

306 2025 558 2073 testatem
583 2019 819 2073 tollentis
840 2020 1101 2086 agnoscit.
1136 2020 1267 2085 Qute
1295 2031 1475 2075 tamen
1502 2017 1757 2075 fortitudo
1788 2034 1897 2074 non

303 2111 530 2175 tollitur,
564 2110 661 2165 sed
697 2112 1009 2181 perturbata
1035 2112 1317 2182 fatigatur;
1349 2120 1614 2181 quatenus
1636 2127 1897 2167 concussa

302 2217 481 2269 mens,
510 2202 637 2257 dum
666 2219 727 2258 se
756 2204 893 2258 hanc
913 2202 1246 2273 jamjamque
1273 2205 1425 2274 quasi
1449 2205 1697 2261 amittere
1724 2204 1896 2275 trepi-

303 2292 416 2359 dat,
438 2307 652 2362 semper
679 2291 822 2347 facta
852 2293 1068 2348 humilis
1098 2310 1371 2363 nunquam
1400 2295 1608 2365 perdat.

899 2385 1125 2441 CAPUT
1190 2386 1301 2443 LV.

375 2473 728 2530 Imm—Sicut
747 2474 971 2531 Domino
994 2478 1204 2547 placuit,
1232 2480 1311 2532 ita
1334 2480 1525 2551 factum
1566 2486 1671 2545 est,
1695 2480 1762 2534 sit
1797 2495 1898 2535 no-

304 2580 419 2618 men
448 2564 784 2635 72_Domini
807 2567 1147 2622 benedictum.

377 2658 463 2711 b7.
490 2657 707 2713 Tentato
730 2660 852 2732 quid
886 2660 1299 2729 agendum—In
1328 2662 1433 2718 hoc
1454 2705 1469 2731 ,
1513 2663 1658 2734 quod
1686 2663 1899 2719 interna

303 2751 706 2818 perturbatione
734 2753 1093 2818 concutimur,
1121 2752 1339 2821 dignum
1369 2762 1452 2809 est
1479 2763 1538 2809 ut
1560 2754 1625 2809 ad
1654 2754 1909 2810 condito-

303 2842 378 2895 ris
400 2841 655 2911 judicium
686 2858 1055 2909 recurramus;
1088 2852 1147 2898 ut
1172 2844 1296 2899 inde
1329 2861 1424 2900 cor
1471 2854 1714 2901 nostrum
1742 2845 1900 2915 adju-

305 2932 411 2986 tori
457 2948 556 2988 suo
603 2933 835 3002 majores
886 2932 1070 2988 laudes
1116 2935 1399 3000 exhibeat,
1441 2936 1583 2991 unde
1630 2937 1907 3006 pulsatum

310 3022 486 3076 verius
522 3023 945 3079 imbecillitatem
982 3038 1094 3078 suae
1136 3022 1469 3083 inﬁrmitatis
1511 3034 1725 3096 pensat.
1754 3026 1902 3083 Bono

309 3125 484 3172 autem
524 3117 720 3174 dicitur
748 3137 765 3173 :

898 3188 1128 3245 CAPUT
1184 3189 1319 3248 LVI.

382 3280 539 3336 Vens.
573 3281 805 3337 22.—In
835 3285 1073 3339 omnibus
1121 3285 1201 3340 his
1234 3302 1341 3341 non
1386 3286 1614 3357 peccavit
1657 3284 1755 3342 Job
1803 3300 1898 3343 uec

312 3371 514 3425 stultum
548 3373 744 3445 aliquid
771 3382 954 3429 contra
973 3374 1141 3431 Deum
1176 3377 1371 3432 locutus
1405 3385 1502 3432 est.

380 3460 468 3516 88.
525 3462 602 3518 De
648 3467 933 3520 tentatioue
974 3484 1080 3521 non
1136 3469 1676 3537 murmuret.—Quia
1714 3468 1902 3526 solerti

312 3570 435 3608 cura
464 3556 734 3612 custodire
760 3557 949 3615 dolens
977 3559 1187 3615 animus
1216 3558 1396 3626 debet,
1428 3576 1496 3615 ne
1524 3576 1644 3616 cum
1674 3576 1731 3617 se
1759 3561 1903 3617 intus

312 3645 533 3699 tentatio
581 3646 847 3714 stimulat,
900 3648 951 3702 in
986 3650 1162 3704 verbis
1206 3648 1352 3705 foras
1387 3650 1586 3705 illicita:
1615 3650 1904 3705 locutionis

311 3744 576 3806 erumpat,
619 3753 685 3792 ne
714 3738 781 3792 de
809 3740 1126 3808 probatione
1174 3750 1498 3807 murmuret,
1532 3749 1587 3795 et
1629 3742 1765 3810 ignis
1812 3742 1906 3811 qui

311 3825 453 3879 huue
480 3824 625 3878 velut
654 3842 840 3879 aurum
870 3837 1179 3883 eoucremat
1199 3871 1214 3896 ,
1245 3845 1343 3901 per
1378 3845 1659 3886 excessum
1698 3846 1909 3888 sermo-

311 3917 393 3971 nis
423 3916 592 3970 illiciti
628 3918 677 3970 in
709 3918 877 3989 paleae
904 3917 1139 3974 favillam
1166 3928 1364 3975 vertat.

384 4009 528 4083 [Vet.
577 4008 739 4080 XLI,
791 4010 914 4065 Rec.
966 4011 1281 4086 xxvmq
1328 4013 1417 4069 89.
1470 3992 1625 4071 Don/a
1664 4015 1763 4072 Dei
1812 4018 1915 4072 ali-

312 4105 517 4176 quando
537 4105 733 4159 utiliter
763 4105 1152 4161 subtrahuntur.
1195 4106 1494 4177 Prop/retia:
1537 4110 1765 4179 Spiritus
1789 4126 1913 4179 pro—

312 4195 479 4264 pltetis
522 4211 626 4249 non
668 4194 813 4249 adest
860 4197 1301 4268 semper.—Nibil
1328 4214 1460 4254 vero
1508 4200 1689 4256 obstat
1736 4202 1779 4255 si
1810 4201 1915 4256 hoc

315 4287 458 4355 quod
480 4287 546 4341 de
575 4288 862 4342 virtutibus
884 4288 1135 4354 diximus,
1161 4290 1228 4345 de
1256 4292 1340 4347 bis
1372 4309 1491 4363 qum
1522 4294 1574 4348 in
1606 4296 1918 4351 ostensione

315 4374 527 4432 virtutis
554 4378 751 4433 dantur
791 4378 949 4435 donis
990 4383 1163 4437 sancti
1209 4382 1439 4453 Spiritus
1467 4387 1779 4440 sentiamus.
1815 4386 1919 4441 Alii

316 4488 548 4542 namque
569 4474 885 4543 prephetite,
905 4475 993 4528 alii
1017 4490 1214 4543 genera
1236 4478 1559 4547 linguarum,
1578 4480 1666 4533 alii
1691 4481 1921 4536 virtutes

2002 1924 2263 1992 propheta
2317 1926 2637 1981 concederet
2677 1926 2823 1995 quod
2868 1936 2994 1996 post
3048 1927 3331 1996 paululum
3378 1934 3603 1997 negaret

2000 2011 2092 2083 (ΙΙ
2121 2012 2250 2085 Reg.
2286 2031 2322 2081 ι,
2356 2016 2425 2080 ’5,
2458 2014 2535 2086 5).
2968 2082 2983 2087 _

2073 2106 2160 2161 90.
2194 2106 2447 2177 Spiritum
2480 2108 2667 2162 habere
2709 2118 3095 2179 permanentem
3139 2108 3333 2164 Christi
3378 2118 3455 2163 est
3493 2110 3604 2180 pri-

2002 2198 2257 2269 vilegium.
2304 2196 2401 2262 Qui
2454 2199 2657 2252 dicatur
2701 2208 2751 2253 et
2802 2201 2856 2254 in
2912 2200 3181 2271 discipulis
3229 2217 3603 2257 mansurus.—

2004 2286 2159 2345 Unde
2203 2290 2341 2345 bene
2391 2298 2445 2346 et
2496 2291 2551 2345 in
2606 2289 2899 2359 Evangelio
2957 2293 3217 2361 scriptum
3275 2300 3399 2348 est:
3430 2291 3603 2361 Super

2001 2397 2149 2452 quem
2174 2381 2361 2436 videris
2390 2380 2643 2452 Spiritum
2674 2382 3068 2437 descendentem
3082 2392 3129 2437 et
3144 2394 3435 2438 manentem
3448 2400 3604 2454 super

2002 2491 2146 2543 eum,
2175 2475 2256 2528 hic
2286 2484 2360 2529 est
2401 2477 2485 2547 qui
2517 2477 2748 2545 baptizat
2794 2476 2987 2545 (Joan.
3038 2495 3089 2545 ι,
3135 2477 3256 2546 '55).
3302 2477 3358 2531 lu
3394 2476 3602 2531 cunctis

2004 2581 2239 2636 namque
2267 2566 2513 2621 ﬁdelibus
2550 2566 2780 2636 Spiritus
2808 2568 2974 2634 venit,
3007 2568 3102 2623 sed
3149 2569 3201 2621 in
3247 2568 3364 2623 solo
3394 2568 3601 2622 Media-

2003 2663 2123 2712 tore
2156 2668 2178 2696 ο
2203 2657 2542 2725 singulariter
2577 2666 2877 2727 permanet,
2906 2658 3031 2726 quia
3055 2658 3170 2725 ejus
3212 2658 3603 2713 humanitatem

2004 2762 2279 2817 nunquam
2328 2748 2587 2811 deseruit,
2614 2764 2681 2802 ex
2728 2749 2883 2817 cujus
2919 2749 3200 2804 divinitate
3248 2750 3507 2819 procedit.
3542 2749 3603 2804 in

2003 2841 2098 2897 illo
2147 2841 2309 2910 igitur
2336 2850 2547 2907 manet,
2602 2842 2693 2910 qui
2742 2842 2889 2896 solus
2946 2852 2998 2896 et
3054 2844 3234 2897 omnia
3288 2853 3344 2899 et
3390 2860 3605 2913 semper

2003 2943 2203 3006 potest.
2236 2934 2369 2989 Nam
2400 2934 2617 2999 ﬁdeles,
2649 2934 2741 3002 qui
2770 2935 2912 2989 hunc
2941 2935 3239 3005 accipiunt,
3276 2953 3395 2991 cum
3422 2939 3605 3005 signo-

2004 3040 2122 3079 rum
2154 3025 2295 3080 dona
2343 3025 2547 3091 habere
2588 3039 2834 3095 semper,
2868 3033 2933 3081 ut
2956 3027 3173 3092 volunt,
3207 3043 3315 3082 non
3356 3036 3605 3099 possunt,

2004 3118 2149 3174 hunc
2177 3133 2236 3172 se
2264 3118 2539 3188 accepisse
2589 3118 2741 3187 quasi
2773 3118 2828 3172 in
2876 3119 3131 3174 transitus
3180 3121 3489 3176 ostensione
3520 3130 3605 3176 te-

1930 3220 1983 3284 ε
2007 3217 2237 3267 stantur.
2270 3208 2375 3263 Sed
2401 3224 2520 3264 cum
2562 3224 2774 3265 rursum
2804 3208 2871 3264 de
2910 3209 3099 3266 eodem
3128 3210 3330 3280 Spiritu
3352 3210 3609 3269 Veritatis

2004 3321 2101 3362 ore
2122 3304 2400 3376 discipulis
2427 3306 2641 3372 dicitur,
2665 3306 2819 3376 Apud
2847 3323 2933 3362 vos
2972 3307 3218 3372 manebit,
3264 3316 3315 3363 et
3358 3309 3415 3361 in
3467 3307 3609 3361 vobis

2006 3400 2101 3452 erit
2142 3396 2322 3466 (Joan.
2356 3413 2475 3464 xiv,
2525 3396 2639 3467 l8),
2690 3398 2819 3470 quid
2846 3409 2930 3454 est
2957 3399 3103 3469 quod
3131 3399 3313 3454 divina
3335 3414 3470 3455 voce
3498 3398 3611 3453 Me-

2006 3488 2230 3544 diatoris
2256 3486 2280 3525 ἀ
2313 3488 2521 3559 signum
2553 3489 2671 3545 haec
2706 3489 2899 3545 eadem
2925 3490 3100 3545 sancti
3140 3490 3372 3562 Spiritus
3403 3490 3611 3544 mansio

2006 3579 2331 3644 declaratur,
2355 3595 2477 3635 cum
2501 3580 2693 3635 dicitur
2719 3598 2733 3634 :
2767 3580 2939 3651 Super
2962 3598 3112 3652 quem
3138 3584 3325 3636 uideris
3356 3580 3614 3651 Spiritum

2010 3672 2436 3741 descendentem,
2483 3680 2532 3726 et
2580 3683 2873 3727 manentem
2921 3690 3075 3743 super
3133 3674 3287 3727 eam?
3339 3671 3396 3726 Si
3450 3673 3615 3740 igitur

2007 3762 2163 3832 juxta
2211 3762 2453 3829 magistri
2499 3777 2688 3817 vocem
2740 3772 2796 3818 et
2845 3763 2899 3817 in
2927 3762 3202 3831 discipulis
3240 3770 3443 3825 manet,
3472 3776 3612 3829 quo-

2013 3856 2177 3911 modo
2206 3856 2320 3924 jam
2347 3855 2616 3924 singulare
2644 3856 2853 3923 signum
2876 3856 2981 3911 erit
3018 3855 3165 3924 quod
3218 3855 3273 3909 in
3318 3853 3616 3909 Mediatore

2016 3949 2122 4019 73
2163 3947 2478 4017 permanet?
2509 3946 2665 4012 Quod
2698 3955 2876 4000 tamen
2918 3947 3077 4001 citius
3120 3945 3527 4015 cognoscimus,
3566 3943 3617 4001 si

2016 4038 2159 4094 dona
2184 4036 2421 4108 ejusdem
2452 4036 2680 4107 Spiritus
2700 4035 3087 4091 discernamus.

2091 4128 2237 4202 [νει.
2293 4125 2481 4195 XLII,
2532 4125 2657 4182 Rec.
2710 4125 2950 4199 ΧΧΙΧ.]
3003 4126 3091 4182 9i.
3131 4126 3415 4183 Mansurus
3445 4134 3521 4182 est
3560 4128 3621 4183 in

2022 4221 2173 4275 donis
2202 4220 2386 4291 quibus
2408 4221 2658 4274 sanctitas
2681 4221 2964 4292 confertur,
2997 4236 3101 4274 non
3130 4220 3187 4273 in
3213 4219 3276 4274 iis
3301 4210 3483 4289 quibus
3508 4218 3620 4274 hac

2025 4328 2123 4382 pro
2154 4311 2375 4365 aliorum
2404 4311 2626 4365 utilitate
2654 4310 2967 4366 declaratur.
2991 4342 3065 4361 --
3084 4309 3203 4366 Alia
3232 4325 3464 4382 namque
3493 4317 3621 4364 sunt

2023 4402 2165 4458 dona
2190 4403 2349 4467 illius,
2374 4402 2492 4457 sine
2516 4403 2711 4474 quibus
2741 4403 2809 4457 ad
2838 4404 3005 4457 vitam
3044 4418 3387 4477 nequaquam
3414 4402 3620 4471 pertin-

2025 4496 2186 4566 gitur,
2216 4495 2319 4549 alia
2350 4496 2548 4564 quibus
2568 4496 2692 4552 vita:
2718 4498 2976 4552 sanctitas
3006 4512 3105 4566 pro
3129 4497 3357 4551 aliorum
3388 4494 3620 4548 utilitate

318 4566 652 4620 curationum
675 4566 1012 4621 dantur.Sed
1038 4568 1162 4636 quia
1192 4570 1305 4625 haec
1332 4571 1447 4640 ipsa
1474 4570 1613 4626 dona
1637 4587 1744 4626 non
1772 4589 1908 4629 sem-

2024 4586 2352 4640 declaratur.
2398 4585 2754 4643 Mansuetudo
2797 4601 3049 4656 namque.
3083 4586 3374 4651 humilitas,
3407 4583 3620 4654 patien-

319 4670 417 4726 per
463 4658 514 4709 in
561 4665 744 4712 mente
773 4657 961 4712 eodem
1009 4660 1170 4713 modo
1198 4668 1350 4725 sunt,
1381 4661 1584 4731 liquido
1616 4663 1920 4720 ostenditur

321 4750 461 4819 quod
486 4764 551 4803 ne
579 4765 638 4803 se
668 4765 821 4804 mens
853 4750 905 4803 in
949 4751 1367 4821 przesumptione
1391 4753 1601 4816 elevet,
1632 4753 1918 4824 aliquando

323 4841 523 4895 utiliter
551 4842 957 4897 subtrahuntur.
991 4842 1121 4896 Nam
1152 4844 1196 4897 si
1225 4844 1522 4913 prophetize
1544 4846 1762 4915 spiritus
1790 4863 1919 4917 pro-

318 4929 499 5005 phetis
543 4947 758 5001 semper
800 4933 1040 4998 adesset,
1087 4933 1337 4986 nimirum
1385 4933 1608 4990 Elisatus
1655 4938 1920 5006 propheta

322 5043 429 5081 non
462 5026 671 5083 diceret
695 5042 709 5082 :
738 5021 951 5079 Dimitte
975 5038 1113 5093 eam,
1136 5024 1311 5079 animo
1332 5026 1473 5081 enim
1495 5026 1608 5099 ejus
1648 5028 1702 5086 in
1725 5029 1924 5086 amari-

325 5120 501 5173 tudine
525 5130 619 5184 est,
654 5128 705 5173 et
744 5118 995 5173 Dominus
1026 5119 1206 5173 celavit
1247 5136 1277 5172 a
1330 5135 1408 5173 me
1430 5121 1635 5175 verbum
1660 5122 1767 5193 (IV
1790 5123 1920 5196 Reg.

325 5209 378 5274 4,
426 5211 539 5281 2“).
587 5211 642 5265 Si
674 5212 969 5282 prophetia:
998 5212 1216 5281 spiritus
1261 5213 1537 5282 prophetis
1579 5231 1793 5286 semper
1820 5216 1922 5271 ad-

326 5313 496 5369 esset,
548 5305 831 5373 inquisitus
879 5302 1044 5359 Amos
1074 5307 1337 5374 propheta
1378 5323 1485 5361 non
1526 5308 1769 5364 diceret:
1798 5309 1922 5365 Non

326 5413 439 5450 sum
485 5398 772 5468 propheta,
823 5398 911 5452 ubi
962 5406 1016 5453 et
1068 5398 1300 5452 subdidit
1348 5417 1361 5453 :
1410 5396 1592 5471 Neque
1620 5402 1763 5472 filius
1798 5420 1921 5474 pro-

324 5486 523 5557 phetae;
553 5488 644 5542 sed
670 5491 1016 5543 armentarius
1047 5488 1073 5527 δ
1102 5506 1194 5563 ego
1220 5506 1351 5557 sum,
1395 5491 1637 5548 vellicans
1686 5510 1919 5567 sycomo-

398 5632 427 5662 ⁸
447 5624 507 5680 In
535 5624 807 5679 nonnullis
825 5622 963 5680 Cod.
980 5667 997 5692 ,
1023 5626 1258 5680 saluauit.

312 5766 315 5767 ν
398 5692 426 5733 δ
457 5696 611 5771 Brius
654 5696 929 5759 legebatur
956 5696 1010 5771 in
1037 5695 1535 5771 Ed.,_armentarius
1556 5716 1698 5771 puer.

402 5776 426 5805 ο
457 5765 961 5842 Ῡοξρεηιῃενηᾳυες
984 5766 1033 5819 in
1061 5768 1324 5842 editis_hic
1346 5765 1725 5842 interponitur,
1767 5774 1921 5834 abest

326 5844 465 5896 vero
486 5850 518 5893 a
546 5834 673 5894 Mss.
704 5833 892 5904 Corb.,
916 5833 1099 5892 Germ.
1133 5846 1188 5895 et
1214 5836 1371 5911 Reg.,
1399 5833 1509 5897 visa
1535 5850 1618 5899 est
1651 5833 1913 5917 ad'dititia,

2026 4679 2119 4745 tia,
2152 4678 2305 4748 lides,
2338 4694 2480 4748 spes,
2508 4679 2763 4744 charitas,
2797 4677 2939 4733 dona
2970 4677 3087 4745 ejus
3110 4684 3250 4740 sunt,
3284 4673 3377 4728 sed
3408 4689 3471 4728 ea
3501 4674 3620 4730 sine

2026 4770 2219 4841 quibus
2249 4770 2315 4823 ad
2346 4771 2510 4825 vitam
2542 4771 2787 4825 homines
2816 4769 3101 4840 pervenire
3128 4782 3463 4837 nequaquam
3494 4783 3619 4838 pos-

2026 4874 2171 4919 sunt.
2205 4862 2511 4932 Prophetire
2561 4870 2765 4926 autem,
2807 4861 2978 4915 virtus
3027 4860 3390 4925 curationum,
3419 4876 3619 4931 genera

2025 4954 2349 5021 linguarum,
2384 4952 2759 5022 interpretatio
2790 4966 3119 5018 sermonum,
3154 4948 3297 5006 dona
3328 4952 3445 5022 ejus
3472 4961 3619 5022 sunt,

2032 5045 2130 5105 sed
2182 5060 2303 5118 quae
2350 5044 2566 5102 virtutis
2611 5043 2730 5118 ejus
2769 5044 3113 5118 prmsentiam
3144 5060 3244 5119 pro
3282 5046 3623 5105 correctione

2031 5138 2350 5194 intuentium
2378 5137 2688 5195 ostendunt.
2714 5137 2773 5195 In
2800 5139 2882 5194 his
2921 5139 3080 5212 igitur
3108 5139 3265 5196 donis
3292 5142 3406 5197 sine
3429 5142 3621 5212 quibus

2028 5232 2096 5287 ad
2125 5232 2287 5287 vitam
2319 5231 2587 5301 perveniri
2617 5249 2724 5289 non
2756 5242 2962 5306 potest,
2991 5244 3210 5291 sanctus
3239 5237 3469 5307 Spiritus
3509 5238 3623 5289 sive

2030 5322 2082 5376 in
2101 5321 2541 5392 praedicatoribus
2580 5326 2717 5395 suis,
2745 5326 2859 5381 sive
2890 5327 2943 5381 in
2974 5326 3164 5382 electis
3211 5330 3457 5382 omnibus
3479 5343 3618 5382 sem-

2028 5430 2127 5487 per
2154 5423 2362 5477 manet;
2396 5416 2447 5470 in
2477 5416 2579 5472 illis
2605 5426 2784 5473 autem
2814 5416 3005 5490 quibus
3035 5435 3133 5491 per
3160 5420 3521 5474 ostensionem
3553 5418 3617 5471 il-
3646 5448 3653 5461 ι

2028 5505 2133 5562 lius
2157 5521 2266 5561 non
2293 5520 2476 5562 nostra
2503 5509 2611 5563 vita
2652 5518 2915 5575 servatur,
2959 5509 3056 5565 sed
3084 5509 3313 5563 aliorum
3340 5507 3619 5576 qumritur,

2028 5652 2085 5699 et
2112 5643 2234 5698 ideo
2263 5643 2483 5713 rejecta.

2100 5712 2127 5752 ἀ
2166 5714 2222 5789 l_n
2254 5712 2454 5783 Editis,
2492 5717 2694 5789 signum
2722 5717 2835 5771 hoc.
2874 5715 3226 5789 Restituimus
3251 5714 3394 5783 hac,
3431 5713 3625 5789 supple

2028 5786 2250 5853 mansio,
2278 5800 2342 5842 ex
2367 5789 2613 5842 omnibus
2642 5786 2763 5841 Mss.
2799 5788 3015 5842 nostris.
