4180 6456
645 404 747 474 ‘599
1821 405 2063 465 SANCTI
2098 400 2427 459 caseum!
2467 399 2681 457 MAGNI
3799 392 3908 460 δοο

645 544 984 602 nequaquam
1047 540 1261 597 semper
1316 525 1371 580 in
1435 522 1876 596 praedicatoribus
1924 526 2227 595 permanet,
2254 518 2305 579 Δ
2332 515 2458 587 pitis
2486 515 2539 570 in
2572 510 2891 584 quibusdam
2927 512 3215 569 virtutibus
3262 506 3528 581 emicant,
3559 513 3741 585 ipsum
3789 531 3923 575 vero

643 627 770 697 quia
797 638 1012 694 semper
1032 621 1246 692 quidem
1276 634 1460 675 eorum
1490 618 1641 675 cordi
1669 617 1737 672 ad
1764 617 1905 673 bene
1938 614 2228 671 vivendum
2328 614 2489 697 caput
2514 606 2567 661 in
2615 607 2820 697 cunctis
2854 605 3142 661 virtutibus
3179 602 3390 677 ﬂagrat.
3421 605 3771 663 Dissimiliter
3794 622 3925 679 ergo

643 694 921 788 praesidet,
942 728 1045 769 nec
1067 721 1248 767 tamen
1272 727 1371 783 per
1398 726 1492 767 eos
1516 711 1775 765 virtutum
1816 710 1967 778 signa
2013 718 2228 775 semper
2327 694 2557 788 Spiritus
2585 696 2639 788 i_n
2660 696 2751 751 illo
2771 702 2990 788 manet.
3009 703 3037 733 ει
3062 710 3094 749 a
3120 709 3229 788 quo
3256 709 3352 765 per
3371 702 3618 751 naturam
3644 712 3926 768 nunquam

645 809 883 865 ostendit
914 827 925 859 :
960 806 1060 862 sed
1089 804 1374 874 aliquando
1409 820 1470 860 se
1496 805 1574 861 eis
1601 820 1632 859 a
1662 804 1935 875 signorum
1965 799 2225 856 ostensio-

2345 785 2557 841 recedit.
2589 786 2739 841 Dona
2768 802 2899 842 vero
2943 785 3063 855 ejus
3112 785 3308 855 quibus
3353 786 3421 840 ad
3465 786 3632 842 vitam
3662 787 3923 856 tenditur,

648 900 806 957 nibus
832 896 1120 963 subtrahit,
1144 903 1205 950 ut
1224 910 1291 951 eo
1328 896 1579 951 humilius
1602 895 1831 950 virtutes
1859 892 1976 963 ejus
2002 890 2233 947 habean-
2330 878 2447 934 Sine
2468 876 2705 947 ρθτίοιιιο
2725 876 2898 931 animi
2919 892 3029 932 non
3050 883 3316 946 Ροεδιιηῑῖ
3346 876 3492 932 dona
3511 884 3697 931 amem
3723 876 3923 945 quib“

650 998 759 1056 tur,
784 1004 894 1058 Quo
925 989 1121 1043 habitae
1153 987 1321 1042 teneri
1351 1002 1460 1041 non
1490 993 1735 1057 possunt.
2333 972 2458 1026 vitae
2482 971 2741 1026 sanctitas
2784 969 3210 1038 demonstratur,
3237 970 3576 1040 plerumque,
3621 977 3685 1023 ut
3722 968 3926 1023 dictum

721 1079 811 1134 92.
845 1078 1023 1151 Longe
1050 1080 1201 1135 aliter
1221 1079 1283 1131 ab
1316 1079 1391 1132 his
1418 1086 1589 1132 manet
1620 1078 1675 1131 in
1696 1076 1919 1130 Christo.
1943 1106 2015 1116 —
2043 1072 2237 1128 Media-
2335 1077 2438 1137 est,
2469 1068 2585 1123 sine
2614 1067 2865 1137 dipendio
2889 1066 3298 1121 subtrahuntur.
3324 1064 3422 1119 illa
3452 1079 3579 1134 ergo
3608 1077 3709 1133 pro
3741 1068 3928 1116 nostra

654 1178 741 1225 tor
762 1178 943 1224 autem
972 1169 1067 1223 Dei
1097 1178 1153 1224 et
1196 1168 1472 1223 hominum
1511 1170 1674 1223 homo
1704 1167 1947 1222 Christus
1975 1164 2149 1230 Jesus,
2181 1163 2236 1218 in

654 1262 862 1315 cunctis
890 1276 1013 1315 eum
1055 1269 1109 1315 et
1149 1276 1361 1332 semper
1415 1269 1470 1315 et
1517 1260 1772 1314 continue
1801 1258 1965 1312 habet
2005 1271 2238 1326 praesen-

653 1359 786 1417 tem,
830 1351 954 1419 quia
984 1358 1040 1404 et
1081 1365 1151 1405 ex
1180 1351 1273 1405 illo
1302 1351 1471 1405 isdem
1501 1350 1730 1419 Spiritus
1758 1364 1855 1419 per
1881 1348 2237 1402 substantiam

653 1440 946 1511 profertur.
981 1440 1151 1496 Recte
1175 1455 1304 1509 ergo
1333 1448 1389 1494 et
1415 1457 1536 1495 cum
1553 1442 1607 1495 in
1636 1441 1743 1511 74.
1764 1438 1965 1493 sanctis
1985 1438 2240 1508 praedica-

656 1531 866 1585 toribus
914 1539 1157 1597 maneat,
1208 1532 1264 1585 in
1307 1531 1600 1587 Mediatore
1645 1530 1985 1599 singulariter
2022 1541 2242 1582 manere

655 1622 989 1691 perhibetur,
1019 1623 1144 1691 quia
1187 1622 1240 1675 in
1290 1622 1405 1676 istis
1434 1637 1532 1691 per
1564 1620 1791 1690 gratiam
1837 1627 2017 1674 manet
2045 1618 2111 1673 ad
2141 1617 2241 1672 ali-

656 1712 805 1780 quid,
832 1713 885 1765 in
910 1713 1002 1767 illo
1030 1721 1208 1766 autem
1237 1728 1335 1782 per
1354 1711 1705 1768 substantiam
1726 1718 1911 1766 manet
1939 1709 2007 1765 ad
2028 1716 2239 1765 cuncta.

656 1800 809 1857 Sicut
834 1803 976 1857 enim
1008 1819 1204 1874 corpus
1234 1812 1476 1860 nostrum
1517 1818 1731 1859 sensum
1756 1800 2129 1856 tantummodo
2160 1808 2244 1854 ta-

2336 1164 2636 1221 eruditione
2658 1161 2889 1218 tenenda
2921 1168 3067 1226 sunt,
3096 1159 3213 1216 haec
3233 1174 3335 1230 pro
3362 1157 3553 1214 alienis
3579 1152 3928 1226 provectibus

2338 1258 2688 1330 exquirenda.
2719 1257 2779 1311 In
2803 1256 2906 1310 illis
2936 1270 3035 1310 nos
3061 1261 3264 1309 terreat
3291 1251 3544 1319 formido,
3568 1264 3640 1305 ne
3666 1254 3925 1317 pereant;

2339 1352 2393 1405 in
2426 1350 2543 1404 istis
2564 1362 2693 1403 vero
2720 1346 2785 1400 ad
2810 1354 3021 1415 tempus
3048 1341 3336 1412 aliquando
3364 1339 3590 1396 sublatis
3617 1336 3930 1392 consoletur

2340 1441 2633 1505 humilitas,
2660 1436 2787 1508 quia
2815 1435 2885 1490 ad
2908 1436 3197 1491 elationem
3225 1438 3461 1487 mentem
3491 1429 3723 1483 fortasse
3753 1426 3928 1480 suble.

2341 1542 2492 1591 vant.
2520 1534 2655 1590 Cum
2677 1533 2839 1602 igitur
2862 1543 3119 1586 concessa
3142 1526 3298 1580 nobis
3332 1524 3589 1578 virtutum
3618 1521 3777 1588 signa
3812 1517 3931 1571 sub-

2343 1626 2647 1690 trahuntur,
2680 1624 2922 1679 dicamus
2949 1628 3098 1676 recte
3132 1636 3145 1672 :
3179 1616 3435 1672 Dominus
3478 1614 3639 1679 dedit,
3678 1611 3929 1666 Dominus

2345 1716 2585 1781 abstulit;
2619 1717 2748 1769 sicut
2786 1713 3009 1767 Domino
3036 1710 3262 1782 placuit,
3293 1709 3368 1761 ita
3393 1709 3591 1778 factum
3617 1712 3726 1768 est;
3751 1703 3822 1756 sit
3844 1717 3933 1755 no-

2345 1823 2463 1862 men
2484 1806 2694 1860 Domini
2720 1804 3058 1859 benedictum.
3083 1800 3237 1856 Tunc
3276 1799 3420 1855 enim
3446 1813 3577 1853 vere
3600 1794 3933 1852 ostendimus

658 1898 776 1945 ctus
806 1895 1065 1961 agnoscit,
1089 1902 1249 1964 caput
1277 1902 1456 1949 autem
1484 1894 1727 1964 corporis
1755 1908 1909 1947 usum
1948 1891 2105 1946 simul
2127 1906 2243 1945 om-
2274 1884 2321 1943 B
2347 1897 2471 1966 quia
2494 1903 2714 1967 accepta
2743 1902 2887 1949 recte
2914 1893 3205 1960 tenuimus,
3243 1905 3366 1946 cum
3415 1888 3664 1959 profecto
3702 1882 3933 1957 aequani-

657 1981 807 2035 nium
855 1984 1091 2053 quinque
1138 2000 1390 2041 sensuum
1419 1986 1680 2056 possidet,
1720 1992 1778 2039 ut
1801 1985 1999 2052 videat,
2042 1982 2244 2049 audiat,

657 2081 857 2143 gustet,
888 2075 1170 2149 odorctur,
1204 2088 1260 2134 et
1284 2087 1501 2151 tangat;
1542 2081 1618 2135 ita
1645 2080 1885 2136 membra
1914 2079 2131 2150 superni
2156 2091 2247 2133 ca-

624 2250 629 2257 ~
662 2290 693 2303 ﬂ
731 2230 759 2302 ξ
791 2223 943 2292 Apud
974 2224 1393 2303 _Gilot.,‘Vatic.,
1424 2226 1608 2303 Guss.,
1648 2235 1814 2303 post.,
1858 2228 2009 2303 Co_c_._,
2038 2227 2127 2283 hic
2154 2226 2250 2281 ad-

652 2295 873 2359 jicitur:
906 2295 987 2346 cui
1034 2310 1088 2350 se
1117 2295 1186 2348 ad
1225 2306 1393 2351 votum
1421 2296 1832 2353 substantialiter
1857 2297 2091 2365 exhibet;
2131 2313 2250 2368 qua:

2350 1987 2512 2044 miter
2536 1986 2603 2041 ad
2626 1993 2957 2042 momentum
2984 1982 3192 2040 sublata
3222 1981 3534 2038 toleramus.

2353 2208 2548 2263 absunt
2569 2221 2599 2259 a
2615 2204 2741 2259 Mss.
2771 2210 2827 2257 et
2853 2200 3021 2269 antiq.
3053 2197 3152 2254 Ed.
3178 2205 3342 2267 atque
3364 2196 3559 2269 abesse
3578 2192 3814 2259 debent;
3842 2203 3936 2261 pu-

2355 2291 2523 2348 gnare
2549 2275 2694 2332 enim
2720 2272 2969 2329 videntur
2984 2266 3117 2326 cum
3145 2266 3413 2325 sententia
3439 2278 3580 2334 seq..

675 2424 3930 2462 _—.————_—u———_—

1810 2556 2157 2674 LIBER
2227 2555 2778 2641 TERTIUS.

660 2720 896 2782 Totum
939 2727 1130 2804 caput
1184 2722 1526 2787 secundum
1562 2722 1716 2788 libri
1765 2721 1916 2800 Job,
1975 2724 2058 2785 ad
2106 2722 2358 2804 modum
2405 2717 2809 2804 superiorum
2858 2713 3190 2793 librorum,
3241 2711 3574 2787 historice,
3602 2705 3939 2790 allegorice

1899 2822 1971 2865 ac
1998 2802 2334 2867 moraliter
2357 2800 2681 2880 explanat.

1178 3029 1405 3088 CAPUT
1433 3029 1725 3091 PRIMUM.

731 3136 1051 3199 HISTOBICUS
1076 3156 1286 3200 sensus.
1312 3174 1383 3184 —
1422 3146 1471 3199 1.
1522 3145 1721 3202 Beatus
1765 3144 1866 3202 Job
1908 3145 1979 3202 ad
2018 3152 2249 3201 mortem

661 3230 865 3299 petitus
908 3232 964 3287 in
1004 3235 1327 3301 tentatione,
1359 3236 1430 3290 ad
1455 3236 1622 3291 vitam
1646 3246 1672 3275 α
1693 3236 1863 3292 crevit
1889 3252 1958 3292 ex
1986 3236 2245 3303 verbere;

659 3325 717 3373 et
758 3319 1011 3391 antiquus
1052 3322 1226 3379 hostis
1249 3324 1393 3382 unde
1419 3342 1479 3383 se
1505 3328 1649 3382 bona
1678 3327 1799 3397 ejus
1841 3328 2127 3383 aestimavit
2152 3343 2250 3384 ex-

661 3408 957 3476 stinguere,
1008 3411 1131 3467 inde
1175 3414 1349 3470 doluit
1398 3417 1803 3487 multiplicasse.
1860 3417 1967 3473 Sed
2019 3419 2145 3487 quia
2196 3417 2253 3473 in

662 3498 839 3567 primo
862 3503 1157 3559 certamine
1176 3520 1235 3560 se
1261 3506 1609 3563 succubuisse
1624 3507 1950 3575 considerat,
1974 3507 2042 3563 ad
2069 3508 2173 3562 alia
2193 3522 2253 3563 se

664 3591 1023 3648 tentationum
1051 3594 1191 3652 bella
1226 3606 1515 3667 restaurat,
1545 3609 1602 3657 et
1640 3600 1710 3657 de
1748 3609 1937 3657 sancto
1965 3602 2083 3658 viro
2109 3601 2250 3657 mala

662 3680 836 3739 adhuc
865 3685 1205 3757 impudenter
1231 3699 1447 3759 sperat;
1478 3694 1604 3762 quia
1651 3695 1793 3749 bona
1826 3693 2001 3749 malus
2028 3693 2252 3750 credere

661 3787 771 3828 non
793 3784 992 3846 potest,
1011 3780 1094 3834 vel
1120 3788 1363 3851 experta.
1393 3781 1467 3837 Ea
1491 3792 1670 3840 autem
1695 3800 1816 3855 qua:
1842 3785 1896 3840 in
1918 3785 2089 3857 prima
2132 3784 2252 3855 ejus

661 3870 1011 3936 percussione
1056 3875 1331 3943 prtemissa
1395 3884 1550 3945 sunt,
1599 3877 1796 3934 iterum
1835 3878 2251 3948 subnectuntur,

661 3972 785 4013 cum
814 3959 1011 4016 dicitur
1037 3981 1050 4016 :

730 4071 896 4130 Vens.
926 4076 977 4141 1,
1011 4076 1065 4140 2,
1088 4078 1142 4132 5.
1164 4112 1237 4123 --
1264 4079 1486 4153 Factum
1530 4090 1607 4137 est
1647 4099 1763 4137 cum
1785 4084 2009 4151 quadam
2039 4084 2123 4138 die
2167 4100 2253 4139 ve-

661 4163 860 4216 nissent
889 4166 990 4233 ﬁlii
1014 4167 1111 4221 Dei
1140 4180 1189 4222 et
1210 4172 1507 4225 assisterent
1528 4190 1702 4239 coram
1723 4173 1969 4240 Domino,
2000 4175 2250 4229 venisset-

660 4269 758 4323 que
780 4254 948 4309 Satan
972 4258 1109 4311 inter
1136 4278 1244 4326 eos,
1275 4270 1322 4315 et
1353 4270 1515 4315 staret
1535 4264 1589 4316 in
1619 4274 1891 4334 conspectu
1918 4266 2051 4334 ejus,
2082 4273 2139 4318 ut
2165 4265 2249 4319 di-

661 4353 796 4398 ceret
827 4344 1080 4403 Dominus
1121 4350 1190 4403 ad
1237 4350 1409 4406 Satan
1437 4370 1453 4407 :
1500 4352 1650 4407 Unde
1696 4357 1872 4408 venis?
1902 4354 2003 4418 Qui
2032 4373 2249 4428 respon-

660 4433 806 4501 dens,
845 4437 961 4491 ait:
997 4436 1219 4495 Circuivi
1270 4451 1480 4510 terram,
1530 4452 1580 4497 et
1618 4444 1965 4514 perambulavi
1995 4463 2128 4500 eam.
2179 4446 2252 4502 Et

657 4522 794 4578 dixit
832 4525 1088 4583 Dominus
1129 4529 1199 4583 ad
1240 4529 1411 4585 Satan
1442 4548 1460 4585 :
1492 4530 1744 4605 Nunquid
1774 4535 2116 4590 considerasti
2141 4552 2251 4590 ser-

655 4633 772 4672 vum
804 4635 971 4675 meum
999 4620 1120 4687 Job,
1148 4622 1286 4694 quod
1316 4639 1419 4678 non
1447 4626 1513 4678 sit
1556 4627 1603 4679 ei
1646 4626 1829 4682 similis
1854 4644 2009 4699 super
2032 4637 2247 4699 terram,

657 4710 809 4765 homo
831 4713 1051 4786 simplex
1069 4724 1119 4770 et
1147 4723 1339 4784 rectus,
1385 4717 1572 4771 timens
1612 4716 1802 4787 Deum,
1852 4727 1902 4773 et
1944 4719 2188 4775 recedens
2214 4737 2249 4774 α

658 4802 817 4855 malo.

730 4891 1023 4962 Inﬁrmitas
1050 4901 1302 4970 superbia
1344 4902 1541 4959 diaboli
1564 4903 2101 4977 increpatur.—Ha:c
2120 4905 2247 4977 quia

658 4982 820 5039 latius
841 5000 1003 5057 supra
1024 4989 1396 5059 disseruimus,
1428 4994 1619 5049 melius
1642 4994 1849 5052 silendo
1876 4996 2242 5066 praeterimus:

656 5089 750 5142 ne,
778 5074 906 5130 dum
948 5079 1143 5149 sapius
1186 5082 1426 5139 discussa
1472 5085 1783 5154 repetimus,
1837 5088 2043 5142 tardius
2072 5086 2141 5142 ad
2168 5088 2245 5143 in-

655 5165 899 5222 discussa
924 5169 1224 5227 veniamus.
1257 5172 1513 5239 Quamvis
1541 5175 1664 5240 hoc,
1697 5177 1843 5245 quod
1868 5194 2003 5234 voce
2028 5177 2244 5235 Domini

654 5258 721 5313 ad
762 5258 926 5315 Satan
969 5259 1163 5316 dieitur
1195 5280 1208 5316 :
1246 5262 1394 5318 Unde
1418 5267 1599 5321 venis?
1648 5282 1986 5338 nequaquam
2034 5271 2242 5327 aestimo

654 5352 800 5421 quod
826 5353 896 5420 ei,
926 5361 986 5408 ut
1011 5352 1180 5423 prius,
1211 5354 1438 5413 dicatur.
1468 5358 1603 5413 Cum
1634 5360 1777 5415 enim
1803 5362 1870 5417 ab
1895 5378 1961 5418 eo
1990 5364 2244 5419 certami—

653 5455 723 5495 ne
749 5442 801 5496 in
822 5457 930 5511 quo
950 5444 1224 5501 relaxatus
1251 5445 1431 5502 fuerat
1452 5449 1629 5505 victus
1651 5450 1824 5518 redit;
1852 5459 1907 5508 et
1931 5454 2073 5510 unde
2092 5454 2244 5510 venit

652 5534 965 5603 requiritur,
998 5538 1091 5607 qui
1120 5538 1264 5594 unde
1308 5540 1490 5595 veniat
1518 5541 1690 5597 scitur
1714 5558 1729 5609 ;
1753 5543 1885 5613 quid
1906 5544 2054 5600 aliud
2076 5559 2243 5615 quam

654 5623 937 5681 infirmitas
976 5628 1242 5696 superbiae
1288 5628 1407 5699 ejus
1451 5630 1792 5701 increpatur?
1819 5648 1884 5688 ac
1906 5635 1950 5689 si
1979 5635 2029 5689 ei
2054 5642 2244 5705 aperte

654 5712 831 5770 divina
856 5732 959 5773 vox
985 5718 1131 5774 dicat
1154 5737 1166 5773 :
1192 5719 1332 5777 Ecce
1357 5723 1425 5778 ab
1446 5738 1557 5778 uno
1583 5731 1638 5779 et
1661 5724 1715 5779 in
1736 5722 1943 5780 infirma
1967 5739 2129 5781 carne
2152 5739 2245 5795 po-

728 5860 752 5888 “
784 5852 959 5923 Aliqui
984 5853 1129 5923 Mss,
1152 5861 1307 5915 crevit
1335 5878 1399 5917 ex
1437 5864 1662 5922 vulnere.

2352 3028 2458 3085 sito
2482 3024 2703 3082 homine
2726 3021 2978 3089 vinceris,
3006 3018 3101 3090 qui
3121 3026 3175 3074 te
3201 3024 3391 3074 contra
3414 3030 3504 3072 me
3520 3022 3805 3072 auctorem
3830 3031 3939 3073 om-

2354 3117 2503 3173 nium
2527 3115 2738 3187 erigere
2763 3111 2997 3169 conaris.
3031 3107 3181 3165 Unde
3206 3123 3335 3163 mox
3363 3106 3623 3162 Dominus
3650 3122 3777 3162 cum
3803 3108 3941 3162 beati

2277 3202 2322 3267 C
2351 3210 2454 3267 Job
2478 3210 2640 3276 bona,
2695 3208 2835 3263 sicut
2881 3204 3033 3275 prius
3085 3201 3323 3267 diceret,
3373 3200 3489 3258 haec
3537 3215 3662 3257 cum
3704 3198 3941 3256 victoriae

2352 3301 2641 3373 triumphis
2668 3311 2993 3358 enumerans
3020 3293 3298 3365 adiungit:

2967 3406 3198 3465 CAPUT
3234 3406 3299 3461 ll.

2422 3505 2551 3562 Iam.
2572 3534 2644 3546 —
2671 3503 2742 3559 Et
2764 3503 2931 3557 adhuc
2959 3502 3187 3555 retinens
3211 3498 3564 3553 innocentiam
3589 3512 3763 3551 suam.

2419 3598 2474 3652 2.
2514 3598 2613 3653 Job
2641 3598 2991 3652 innocentiam
3019 3593 3291 3665 gloriosius
3320 3592 3538 3647 servavit
3557 3591 3611 3644 in
3638 3589 3941 3644 verbere.—

2352 3689 2432 3745 Ac
2458 3688 2503 3744 si
2532 3696 2719 3759 aperte
2745 3688 2890 3743 dicat
2921 3704 2934 3740 :
2978 3684 3061 3740 Tu
3093 3683 3311 3755 quidem
3338 3680 3631 3739 exercuisti
3660 3680 3939 3742 malitiam,

2354 3779 2451 3834 sed
2479 3778 2569 3834 ille
2600 3777 2966 3833 innocentiam
2993 3791 3103 3831 non
3131 3774 3343 3840 amisit;
3372 3781 3428 3829 et
3455 3772 3598 3828 unde
3636 3780 3692 3827 te
3713 3772 3943 3827 aestima-

2352 3872 2421 3929 sti
2443 3879 2763 3942 provectum
2785 3869 2901 3939 ejus
2922 3868 3257 3934 imminuere,
3281 3864 3407 3920 inde
3427 3863 3739 3934 compulsus
3754 3878 3815 3919 es
3834 3861 3943 3931 ejus

2352 3962 2632 4034 provectui
2661 3960 2959 4026 deservire,
2990 3959 3118 4029 quia
3147 3956 3342 4012 mentis
3371 3954 3763 4020 innocentiam,
3786 3968 3942 4024 quam

2352 4054 2586 4125 gloriose
2606 4052 2780 4108 tenuit
2805 4053 2861 4106 in
2880 4048 3291 4122 tranquillitate,
3313 4046 3603 4118 gloriosius
3625 4044 3867 4103 servavit
3887 4043 3939 4099 in

2352 4145 2600 4202 verbere.
2631 4142 2887 4213 Sequitur
2910 4160 2925 4195 :

2813 4249 3044 4309 CAPUT
3078 4250 3145 4307 ιιι
3176 4251 3325 4326 meo.
3368 4248 3479 4322 11].

2424 4348 2554 4404 IBID.
2575 4380 2647 4391 —
2677 4347 2755 4401 Tu
2784 4355 2955 4401 autem
2982 4347 3299 4402 commovisti
3330 4360 3412 4400 me
3440 4342 3690 4399 adversus
3720 4358 3861 4411 eum,
3890 4348 3942 4395 ut

2355 4440 2631 4512 aﬂligerem
2650 4439 2799 4493 illunt
2826 4441 3044 4509 frustra.

2424 4531 2477 4586 '5.
2520 4530 2659 4585 Deus
2694 4531 2881 4602 aﬂlixit
2909 4528 3010 4585 Job
3043 4531 3261 4602 frustra,
3293 4530 3414 4603 quia
3441 4530 3498 4584 in
3519 4545 3579 4584 eo
3609 4544 3718 4583 non
3749 4527 3942 4599 punivit

2353 4633 2651 4697 peccatum;
2676 4633 2847 4680 etnon
2877 4626 3093 4696 frustra,
3125 4623 3248 4696 quia
3276 4622 3420 4679 auxit
3443 4622 3558 4693 ejus
3584 4619 3851 4676 meritum.
3876 4645 3945 4659 —

2354 4715 2492 4772 Cum
2519 4716 2589 4771 sit
2614 4715 2755 4771 Deus
2793 4714 2971 4784 justus
3000 4722 3054 4770 et
3083 4728 3268 4782 verax,
3298 4712 3455 4769 valde
3482 4710 3835 4783 quaerendum
3864 4716 3947 4763 est

2353 4807 2627 4878 quomodo
2672 4807 2889 4862 beatum
2934 4804 3035 4862 Job
3082 4804 3278 4861 frustra
3323 4802 3578 4860 altlixisse
3625 4817 3689 4860 se
3719 4802 3943 4858 indicat.

2353 4896 2487 4963 Quia
2515 4896 2658 4952 enim
2677 4895 2851 4965 justus
2871 4903 2974 4964 est,
3002 4893 3199 4949 frustra
3221 4891 3460 4962 afﬂigere
3480 4909 3587 4950 non
3616 4893 3827 4964 potuit;
3850 4888 3948 4946 sed

2349 5002 2568 5044 rursum
2588 4986 2715 5056 quia
2736 5000 2903 5042 verax
2923 4994 3027 5054 est,
3050 4984 3206 5041 aliter
3233 5000 3339 5041 non
3365 4985 3543 5055 potuit
3562 4983 3764 5039 dixisse
3785 4995 3949 5051 quam

2348 5077 2495 5135 fecit.
2548 5076 2620 5133 Ut
2663 5090 2791 5147 ergo
2834 5075 2983 5146 justo
3025 5084 3081 5132 et
3107 5076 3288 5132 veraci
3315 5084 3548 5146 utraque
3594 5074 3946 5137 conveniant,

2347 5178 2619 5240 quatenus
2642 5177 2698 5224 et
2716 5183 2846 5225 vera
2867 5169 3029 5237 dicat,
3058 5174 3114 5224 et
3144 5168 3342 5238 injusta
3373 5182 3483 5223 non
3508 5166 3706 5234 faciat;
3738 5178 3947 5234 cogno-

2348 5274 2563 5315 scamus
2601 5259 2821 5315 beatum
2845 5258 2947 5315 Job
2977 5268 3033 5315 et
3054 5258 3212 5329 juxta
3254 5258 3457 5329 aliquid
3481 5257 3703 5325 frustra,
3740 5267 3794 5313 et
3823 5274 3945 5312 rur—

2345 5365 2466 5407 sum
2491 5350 2647 5421 juxta
2673 5350 2876 5421 aliquid
2905 5366 3013 5406 non
3040 5349 3238 5405 frustra
3265 5364 3599 5421 percussum.
3631 5347 3771 5414 Quia
3800 5346 3943 5403 enim

2341 5441 2521 5512 justus
2542 5451 2597 5499 et
2615 5459 2780 5499 verax
2800 5444 2916 5499 hzec
2944 5443 3013 5499 de
3040 5444 3329 5514 semetipso
3356 5443 3573 5512 asserit,
3593 5440 3951 5498 ostendamus

2350 5543 2407 5591 et
2431 5550 2617 5591 verum
2643 5535 2912 5592 exstitisse
2939 5534 3084 5606 quod
3111 5535 3267 5601 dixit,
3288 5543 3343 5590 et
3370 5544 3581 5590 rectum
3610 5532 3779 5589 fuisse
3796 5528 3949 5600 quod

2348 5625 2496 5682 fecit.
2526 5626 2758 5683 Necesse
2780 5627 2978 5697 quippe
3001 5634 3136 5693 erat,
3159 5632 3219 5681 ut
3238 5633 3458 5681 sanctus
3481 5625 3564 5680 vir
3590 5624 3704 5679 Deo
3734 5622 3840 5679 soli
3879 5619 3951 5675 si-

2351 5718 2513 5787 bique
2541 5718 2809 5789 cognitus,
2855 5726 3054 5787 quanta
3108 5718 3306 5774 virtute
3333 5717 3583 5789 polleret,
3615 5714 3687 5772 ad
3725 5713 3951 5771 imitan-
