4180 6460
314 429 419 489 θυι

1230 420 1588 480 MOBALIUM
1626 419 1754 477 LIB.
1798 417 1887 473 Ill.
1930 445 1999 457 —
2038 414 2105 470 ΙΝ
2144 416 2295 472 CAP.
2341 415 2385 473 ll
2425 416 2483 471 Β.
2525 415 2662 473 .IOB.

3476 412 3580 470 602

317 541 447 597 dum
475 536 684 596 cunctis
705 534 1083 592 innotesceret.
1113 532 1313 603 Aperte
1332 547 1568 603 namque
1594 531 1715 590 aliis
1732 530 1900 585 virtu-
1925 530 1977 592 Α
2002 537 2156 586 cator
2171 530 2453 602 impudens
2470 530 2553 585 vel
2568 544 2710 600 saepe
2729 529 2901 586 victus
2917 528 3278 585 Obmutescat.
3306 526 3595 601 Sequitur:

318 634 389 690 tis
418 631 667 701 exempla
694 645 804 685 non
832 629 1005 695 daret,
1045 626 1093 683 si
1120 626 1237 697 ipse
1264 626 1380 682 sine
1405 625 1707 681 tentatione
1732 636 1910 678 rema-

320 733 497 782 neret.
521 724 716 779 Actum
738 735 866 792 ergo
892 728 975 777 est
1000 726 1061 775 ut
1079 727 1137 775 et
1160 718 1304 775 vires
1326 717 1442 789 ejus
1464 717 1671 773 cunctis
1696 715 1911 770 imitan-

320 818 421 875 das
442 818 559 888 ipsa
586 816 667 872 vis
695 813 1061 885 percussionis
1102 812 1429 877 ostenderet,
1460 818 1517 866 et
1540 809 1749 881 ﬂagella
1787 822 1913 879 pro-

321 912 513 968 derent
552 907 696 979 quod
736 909 792 963 in
843 906 1233 976 tranquillitate
1268 905 1535 973 latuisset.
1574 904 1682 960 Sed
1708 903 1911 987 eisdem

318 1000 543 1071 ﬂagellis
571 1000 741 1055 crevit
769 998 938 1054 virtus
973 996 1265 1068 patientiae,
1298 1002 1462 1065 atque
1488 1009 1555 1049 ex
1583 994 1773 1049 dolore
1792 1007 1915 1047 ver-

304 1095 465 1150 ‘beris
486 1101 643 1149 aucta
665 1099 747 1147 est
766 1092 936 1162 gloria
954 1088 1423 1146 remunerationis.
1454 1086 1525 1141 Ut
1545 1100 1674 1156 ergo
1694 1086 1748 1140 in
1769 1086 1914 1140 dicto

319 1182 532 1239 Domini
576 1183 776 1238 veritas
803 1222 819 1249 ,
852 1181 1118 1237 rectitudo
1164 1188 1345 1235 autem
1386 1187 1637 1235 teneatur
1657 1179 1710 1232 in
1749 1177 1912 1242 facto,

316 1272 509 1328 beatus
534 1271 634 1328 Job
662 1281 717 1328 et
754 1288 862 1327 non
901 1272 1101 1327 frustra
1141 1270 1461 1340 percutitur,
1514 1268 1637 1339 quia
1688 1274 1917 1335 augetur

322 1365 603 1431 meritum;
647 1372 703 1419 et
730 1371 910 1419 tamen
948 1363 1145 1418 frustra
1175 1362 1493 1432 percutitur,
1537 1360 1661 1429 quia
1711 1358 1917 1412 nullum

320 1456 542 1526 punitur
570 1457 674 1526 75
700 1455 1019 1511 admissum.
1053 1455 1274 1511 Frustra
1305 1455 1448 1510 enim
1478 1468 1764 1525 percussus
1812 1460 1914 1516 est,

321 1547 406 1601 cui
421 1547 576 1616 culpa
599 1546 744 1601 nulla
771 1546 1060 1613 reciditur;
1090 1554 1145 1602 et
1164 1561 1273 1602 non
1295 1545 1491 1603 lrustra
1513 1560 1800 1617 percussus
1814 1551 1914 1609 est,

320 1638 406 1693 cui
426 1637 635 1692 virtutis
665 1636 915 1693 meritum
951 1638 1280 1693 cumulatur.

392 1724 538 1798 [Vet.
577 1726 603 1779 Ι
616 1724 693 1797 1.]
722 1725 777 1780 4.
819 1725 1115 1783 Commotus
1164 1726 1303 1783 Deus
1347 1728 1433 1798 qui
1473 1728 1816 1799 intelligatur.
1848 1757 1922 1769 —

318 1812 426 1868 Sed
468 1813 597 1883 quid
653 1822 736 1871 est
762 1816 908 1886 quod
934 1817 1131 1872 dicitur
1160 1835 1173 1870 :
1206 1815 1537 1871 Commouisti
1566 1833 1644 1871 me
1671 1818 1919 1871 adversus

2461 622 2691 677 CAPUT
2730 622 2774 677 v
2815 621 2963 693 [Rec.
3010 620 3155 694 III].

2083 715 2246 771 Vens.
2278 716 2330 769 6.
2352 714 2581 769 -—Dia:it
2601 732 2721 786 ergo
2754 715 3005 771 Dominus
3036 716 3107 769 ad
3136 715 3307 771 Satan
3337 732 3358 771 :
3388 714 3525 771 Ecce
3545 717 3601 772 in

2012 825 2170 862 manu
2202 817 2290 861 tua
2330 816 2425 874 est,
2450 816 2798 862 verumtamen
2826 809 3055 863 animam
3082 808 3225 863 illius
3252 826 3417 864 serua.

2084 900 2137 955 6.
2168 898 2353 953 Μαηυὶ
2382 898 2776 954 adversariiJob
2805 900 2879 952 sic
2908 900 3152 967 traditur,
3182 901 3317 955 utin
3346 901 3605 973 adjutoris

2014 1008 2173 1046 manu
2211 1007 2411 1062 semper
2447 991 2751 1045 retineatur.
2784 1022 2855 1032 —
2877 989 3015 1046 Ecce
3058 991 3254 1047 iterum
3292 993 3605 1062 permissio-

2015 1099 2140 1140 nem
2182 1083 2425 1139 verberis
2491 1083 2784 1139 comitatur
2833 1083 3078 1139 custodia
3125 1087 3497 1155 protectionis,
3554 1097 3610 1142 et

2017 1177 2249 1234 electum
2274 1192 2429 1232 suum
2459 1176 2643 1233 divina
2654 1175 2987 1247 dispensatio
3005 1178 3358 1234 custodiendo
3387 1179 3605 1248 deserit,

2018 1269 2316 1326 deserendo
2368 1270 2631 1334 custodit,
2665 1268 2769 1324 alia
2802 1268 2944 1323 illius
2988 1268 3188 1338 prodit,
3220 1269 3321 1323 alia
3350 1270 3607 1339 protegit.

2017 1361 2077 1417 Si
2105 1362 2249 1417 enim
2276 1368 2450 1417 totum
2478 1360 2579 1418 Job
2607 1360 2882 1417 desereret
2907 1361 2963 1415 in
2989 1374 3152 1415 manu
3194 1361 3329 1415 tanti
3355 1362 3610 1417 adversa-

2016 1454 2105 1522 rii,
2130 1455 2295 1509 homo
2321 1453 2448 1523 quid
2477 1454 2655 1508 esset?
2678 1452 2735 1508 In
2754 1453 2870 1523 ipsa
2899 1467 3027 1522 ergo
3051 1452 3261 1523 justitia
3290 1452 3612 1522 permissio-

2019 1547 2105 1601 nis
2130 1547 2387 1602 miscetur
2412 1545 2662 1615 qumdam
2693 1545 2827 1600 libra
2856 1545 3095 1615 pietatis,
3126 1552 3392 1616 quatenus
3420 1545 3474 1599 in
3504 1558 3614 1601 uno

2020 1639 2319 1708 eodemque
2342 1639 2641 1695 certamine
2664 1646 2718 1692 et
2745 1651 2935 1693 servus
2959 1636 3176 1693 humilis
3204 1652 3272 1692 ex
3301 1635 3614 1708 oppressio-

2022 1745 2090 1785 ne
2119 1728 2385 1800 proliciat,
2416 1738 2471 1785 et
2500 1730 2669 1785 hostis
2685 1729 3003 1800 superbiens
3027 1743 3098 1785 ex
3118 1729 3473 1799 permissione
3499 1743 3617 1785 suc-

2023 1823 2256 1879 cumbat.
2284 1821 2463 1876 Manui
2486 1821 2668 1891 itaque
2695 1819 2989 1875 adversarii
3009 1828 3228 1875 sanctus
3253 1820 3336 1876 vir
3361 1819 3615 1890 traditur,

316 1906 467 1959 eum?
507 1905 759 1973 Nunquid
808 1905 1024 1960 Satanae
1052 1906 1230 1962 verbis
1256 1905 1468 1961 Veritas
1496 1906 1834 1975 accendilll‘,
1862 1914 1921 1959 ιιι
1948 1919 1999 1979 Β
2022 1912 2117 1969 sed
2146 1912 2400 1966 tamenin
2424 1911 2625 1966 intimis
2654 1911 2915 1981 adjutoris
2934 1911 3018 1966 sui
3043 1926 3207 1966 manu
3228 1911 3515 1968 retinetur.
3539 1912 3617 1968 De

319 1996 377 2051 in
420 1996 763 2051 subditorum
792 2012 1029 2055 suorum
1070 1998 1401 2053 cruciatibus
1438 1999 1758 2067 instigetur?
1788 1996 1918 2064 Quis

314 2087 435 2143 haec
462 2087 531 2143 de
560 2088 672 2143 Deo
714 2089 963 2156 senserit,
998 2105 1118 2160 quae
1161 2100 1314 2146 recto
1341 2092 1507 2146 etiam
1536 2092 1760 2147 homine
1781 2090 1920 2147 indi-

314 2192 423 2249 gna
465 2178 788 2250 perpendit?
834 2178 944 2236 Sed
988 2182 1115 2251 quia
1162 2197 1264 2239 nos
1309 2180 1472 2238 lerire
1519 2184 1621 2238 nisi
1661 2182 1919 2239 commoti

321 2268 613 2351 nescimus,
651 2269 768 2338 ipsa
812 2269 992 2324 divina
1021 2272 1300 2340 percussio
1329 2273 1623 2328 commotio
1650 2280 1912 2339 vocatur;

316 2369 373 2417 et
399 2360 467 2415 ad
496 2371 684 2417 nostra
726 2360 893 2416 verba
934 2362 1114 2418 divina
1147 2379 1282 2420 voce
1320 2364 1683 2434 descenditur,
1712 2375 1771 2422 ut
1799 2366 1916 2436 ejus

321 2452 523 2508 iactum
573 2453 640 2508 ab
679 2453 900 2509 homine
943 2462 1219 2527 utcunque
1243 2459 1508 2529 capiatur.
1540 2458 1637 2515 Illa
1665 2461 1810 2516 enim
1838 2460 1918 2517 vis

325 2560 447 2616 qua:
476 2545 683 2615 absque
710 2547 1036 2603 necessitate
1062 2548 1245 2605 omnia
1290 2550 1514 2614 creavit,
1546 2559 1601 2605 et
1630 2559 1657 2589 α
1675 2552 1793 2606 sine
1823 2551 1919 2607 de-

322 2644 515 2709 spectu
535 2637 787 2694 omnibus
815 2639 1089 2709 praesidet,
1123 2648 1180 2695 et
1206 2641 1325 2697 sine
1374 2641 1563 2698 labore
1591 2650 1786 2698 cuncta
1827 2657 1919 2698 su-

316 2736 536 2796 stentat,
561 2736 618 2785 et
641 2729 759 2785 sine
784 2731 1141 2801 occupatione
1160 2733 1318 2803 regit,
1341 2734 1506 2789 etiam
1525 2734 1644 2790 sine
1670 2749 1917 2791 commo-

322 2820 470 2876 tione
540 2821 790 2890 corrigit,
841 2821 1025 2893 sicque
1064 2824 1331 2881 humanas
1360 2833 1571 2881 mentes
1599 2826 1669 2881 ad
1696 2841 1762 2883 ea
1797 2842 1918 2896 quae

322 2913 557 2969 voluerit
598 2912 826 2985 ﬂagellis
878 2913 1097 2984 format,
1128 2926 1187 2973 ut
1221 2918 1276 2973 in
1318 2919 1644 2975 diversitatis
1673 2921 1920 2975 umbram

320 3018 353 3060 a
374 3019 485 3062 sua:
505 3005 1059 3063 incommutabililatis
1086 3009 1206 3065 luce
1224 3026 1331 3066 non
1352 3017 1610 3067 transeat.
1633 3010 1915 3083 Sequitur:

944 3099 1176 3156 CAPUT
1214 3102 1306 3159 IV.

390 3187 555 3245 Vens.
581 3188 639 3256 4,
675 3187 728 3244 5.
754 3221 826 3232 -
854 3188 1196 3261 Respondeas
1228 3193 1420 3261 Satan,
1453 3197 1566 3249 ait:
1594 3194 1796 3250 Pellem
1822 3212 1919 3267 pro

2021 2003 2127 2057 illis
2151 2003 2354 2072 quippe
2377 2002 2569 2056 ovibus
2599 2000 2718 2066 l‘uit,
2751 2002 2821 2058 de
2848 2002 3043 2071 quibus
3085 2003 3139 2055 in
3184 2001 3473 2071 Evangelio
3502 2003 3619 2073 ipsa

2020 2092 2232 2149 Veritas
2259 2093 2388 2149 dicit
2418 2110 2431 2146 :
2466 2090 2591 2147 Non
2624 2094 2791 2163 rapiet
2820 2109 2910 2147 eas
2936 2094 3205 2164 quisquam
3232 2092 3296 2146 de
3316 2110 3476 2147 manu
3500 2108 3618 2147 mea

2022 2181 2202 2255 (Joan.
2253 2199 2309 2247 x,
2359 2181 2487 2253 28);
2533 2190 2587 2237 et
2637 2189 2819 2237 tamen
2875 2183 3156 2253 expetenti
3197 2182 3343 2239 hosti
3369 2183 3605 2238 dicitur:

2020 2275 2156 2331 Ecce
2176 2276 2230 2329 in
2251 2293 2409 2330 manu
2431 2284 2519 2329 tua
2542 2285 2639 2329 est.
2667 2274 2842 2330 Isdem
2871 2289 3000 2345 ergo
3025 2276 3081 2331 in
3106 2291 3274 2331 manu
3300 2276 3417 2341 Dei,
3447 2275 3619 2332 isdem

2019 2368 2076 2423 in
2114 2383 2277 2423 manu
2307 2376 2389 2422 est
2429 2367 2649 2422 diaboli.
2692 2366 2827 2421 Nam
2856 2366 3041 2423 dicens
3071 2386 3084 2421 :
3118 2365 3186 2421 In
3214 2385 3373 2422 manu
3399 2375 3489 2422 tua
3512 2377 3620 2434 est;

2020 2475 2142 2515 cum
2181 2459 2429 2529 protinus
2472 2458 2758 2528 adjungit:
2795 2458 3161 2513 Verumtamen
3201 2459 3430 2513 animam
3479 2459 3621 2515 illius

2020 2567 2199 2617 serva;
2244 2557 2491 2620 patenter
2540 2550 2661 2620 pius
2718 2549 2934 2619 adjutor
2981 2550 3238 2618 innotuit,
3293 2552 3421 2620 quia
3450 2553 3622 2608 tenuit

2020 2657 2181 2713 quem
2211 2642 2515 2709 concessit,
2555 2650 2611 2697 et
2633 2641 2812 2696 dando
2840 2657 2949 2697 non
2973 2642 3141 2708 dedit,
3173 2656 3334 2712 quem
3363 2643 3620 2699 adversa-

2020 2735 2086 2790 rii
2115 2734 2197 2789 sui
2225 2735 2335 2804 76
2360 2732 2551 2802 jaculis
2567 2730 2592 2769 δ
2612 2732 2833 2801 ejiciens
2858 2731 3162 2787 abscondit.

2094 2824 2242 2897 [Vet.
2275 2821 2420 2894 111.]
2451 2822 2621 2877 Satan
2643 2821 2700 2875 id
2719 2837 2924 2876 servare
2950 2821 3157 2887 dicitur,
3183 2823 3238 2875 in
3259 2822 3397 2894 quod
3423 2823 3618 2877 irrum-

2019 2934 2142 2989 pere
2170 2933 2272 2971 non
2300 2916 2511 2970 sinitur.
2543 2944 2615 2956 —-
2638 2912 2777 2980 Quid
2807 2922 2890 2969 est
2914 2921 3094 2969 autem
3114 2914 3238 2982 hoc,
3264 2914 3411 2984 quod
3432 2914 3502 2969 ad
3518 2915 3621 2971 Sa-

2021 3019 2114 3067 tan
2153 3010 2348 3066 dicitur
2387 3027 2400 3063 :
2450 3010 2692 3063 Animam
2720 3007 2860 3061 illius
2890 3024 3037 3061 serua
3065 3008 3089 3060 ?
3114 3005 3230 3073 Quo
3284 3007 3427 3063 enim
3454 3014 3617 3077 pacto

2021 3102 2112 3158 ille
2138 3100 2397 3169 custodit,
2419 3099 2511 3170 qui
2532 3098 2800 3154 custodita
2821 3112 3036 3168 semper
3056 3097 3359 3168 irrumpere
3379 3097 3621 3168 appetit?

2022 3197 2131 3253 Sed
2173 3210 2389 3252 servare
2439 3194 2607 3249 Satan
2648 3191 2864 3260 dicitur,
2910 3191 3211 3260 irrumpere
3240 3205 3350 3246 non
3390 3188 3617 3257 audere,

321 3279 471 3349 pelle,
496 3286 546 3334 et
567 3286 755 3333 cuncta
782 3296 900 3352 qna:
928 3280 1079 3335 habet
1100 3282 1252 3338 homo
1282 3282 1424 3337 dabit
1463 3302 1557 3357 pro
1586 3287 1765 3339 anima
1787 3302 1909 3353 sua;
1941 3300 1989 3362 ο
2020 3288 2162 3345 sicut
2190 3302 2222 3343 e
2248 3284 2525 3342 contrario
2549 3282 2766 3337 Patrem
2794 3281 2848 3336 in
2879 3280 3126 3336 oratione
3149 3279 3512 3351 postulamus,
3546 3277 3624 3333 di.

234 3384 239 3385 ’
324 3372 551 3443 alioquin
569 3372 714 3425 mitte
733 3389 944 3426 manum
968 3381 1132 3443 tuam,
1154 3383 1203 3428 et
1226 3384 1378 3447 tange
1394 3393 1452 3430 os
1472 3378 1585 3448 ejus
1606 3387 1653 3431 et
1682 3394 1912 3444 carnem,

326 3470 381 3519 et
403 3472 520 3519 tunc
541 3464 736 3520 videbis
759 3466 896 3537 quod
923 3466 979 3519 in
1002 3468 1189 3538 faciem
1211 3465 1478 3522 benedicat
1503 3467 1611 3524 tibi.

393 3554 445 3611 5.
486 3555 627 3613 Deus
647 3559 771 3613 sinit
792 3558 1059 3614 diabolum
1084 3570 1268 3616 contra
1288 3569 1496 3617 sanctos
1526 3562 1712 3617 bellum
1740 3563 1921 3619 redin—

324 3656 548 3721 tegrare,
568 3658 626 3704 ut
650 3652 841 3722 swpius
862 3653 1023 3706 victus
1053 3652 1738 3725 obmutescat.—Antiquus
1752 3655 1925 3711 hostis

324 3758 396 3800 ex
419 3745 584 3800 rebus
629 3744 989 3799 exterioribus
1031 3742 1256 3811 colligit,
1285 3745 1433 3813 quod
1480 3745 1642 3800 beato
1687 3746 1806 3801 viro
1859 3745 1928 3800 ad

324 3834 525 3890 mentis
553 3834 758 3889 crimen
805 3833 1017 3904 inﬂigit.
1057 3832 1263 3889 Pellem
1315 3834 1459 3890 enim
1508 3849 1608 3905 pro
1638 3836 1781 3906 pelle
1809 3831 1927 3891 dari

330 3926 549 3994 asserit,
574 3926 700 3996 quia
742 3940 886 3996 saepe
928 3925 1056 3981 dum
1089 3925 1275 3982 venire
1308 3926 1475 3982 ictum
1505 3935 1698 3985 contra
1733 3929 1928 3985 faciem

329 4018 624 4085 cernimus,
654 4033 873 4075 manum
912 4018 1187 4091 palpebris
1231 4018 1586 4091 opponimus,
1635 4028 1695 4075 ut
1724 4020 1791 4076 ab
1818 4020 1930 4077 ictu

328 4111 516 4166 oculos
553 4109 945 4177 defendamus;
976 4117 1033 4166 et
1060 4125 1259 4181 corpus
1284 4110 1495 4167 vulneri
1523 4110 1826 4181 objicimus,
1861 4127 1932 4170 ne

330 4201 383 4257 in
400 4215 628 4272 corpore
645 4202 903 4258 teneriori
928 4201 1294 4258 vulnerentur.
1311 4201 1381 4257 Sa
1388 4209 1479 4257 tan
1490 4215 1619 4272 ergo
1635 4200 1787 4259 tuncb
1802 4217 1933 4259 con-

330 4299 483 4348 suete
506 4292 625 4348 ﬁeri
652 4292 851 4362 sciens,
896 4292 1028 4349 dicit
1068 4311 1081 4347 :
1114 4291 1314 4348 Pellem
1356 4310 1450 4362 pro
1478 4293 1631 4364 pelle,
1676 4302 1726 4349 et
1746 4305 1931 4350 cuncta

332 4400 445 4457 qua:
484 4385 635 4439 habet
681 4386 855 4453 homo,
897 4386 1041 4440 dabit
1084 4402 1179 4453 pro
1216 4386 1393 4440 anima
1422 4402 1539 4441 sua.
1570 4385 1650 4441 Ac
1672 4386 1719 4441 si
1745 4395 1933 4457 aperte

332 4477 509 4533 dicat:
537 4477 741 4535 Idcirco
767 4477 869 4533 Job
897 4486 980 4534 tot
1015 4484 1169 4535 extra
1198 4493 1259 4533 se
1298 4477 1512 4547 ﬂagella
1557 4477 1933 4547 aequanimiter

335 4568 555 4638 patitur,
586 4569 714 4638 quia
742 4576 922 4640 pavet,
954 4584 1026 4625 ne
1060 4570 1177 4640 ipse
1198 4569 1444 4625 feriatur.
1477 4568 1620 4625 Cura
1647 4582 1777 4641 ergo
1806 4584 1933 4625 car.

2022 3387 2208 3435 centes
2232 3394 2245 3430 :
2275 3373 2362 3429 Ne
2377 3391 2472 3430 nos
2495 3373 2713 3429 inducas
2738 3374 2795 3427 in
2819 3373 3153 3426 tentationem
3173 3368 3389 3441 (Matth.
3412 3385 3481 3436 vr,
3510 3365 3620 3440 13).

2022 3471 2208 3539 Neque
2255 3469 2399 3524 enim
2446 3468 2500 3522 in
2552 3467 2914 3522 tentationem
2966 3463 3225 3520 Dominus
3270 3462 3496 3529 inducit,
3530 3461 3623 3532 qui

2023 3579 2238 3635 semper
2260 3579 2290 3619 a
2322 3563 2620 3619 tentatione
2648 3561 2893 3617 subditos
2915 3558 3344 3615 misericorditer
3362 3556 3622 3628 protegit:

2026 3654 2121 3711 sed
2161 3662 2341 3709 tamen
2366 3654 2422 3709 in
2454 3652 2811 3708 tentationem
2840 3651 2995 3721 quasi
3024 3649 3145 3719 ejus
3171 3647 3429 3703 inducere
3468 3654 3572 3713 est,
3594 3660 3626 3706 a

2026 3745 2346 3801 tentationis
2372 3760 2474 3800 nos
2505 3743 2761 3798 illecebra
2792 3757 2904 3797 non
2933 3742 3163 3795 munire.
3195 3738 3265 3793 Et
3292 3747 3425 3795 tunc
3452 3753 3553 3793 nos
3570 3737 3627 3793 in

2029 3835 2348 3893 tentationis
2388 3835 2640 3904 laqueum
2685 3848 2795 3888 non
2846 3831 3072 3898 inducit,
3132 3844 3256 3885 cum
3301 3828 3500 3885 tentari
3525 3842 3627 3883 nos

2030 3927 2170 3983 ultra
2189 3940 2352 3995 quam
2382 3937 2667 3994 possumus
2696 3936 2805 3978 non
2832 3922 3117 3993 permittit.
3149 3919 3301 3976 Sicut
3329 3934 3457 3990 ergo
3485 3918 3628 3973 Deus

2032 4018 2289 4074 inducere
2311 4033 2414 4073 nos
2441 4018 2495 4072 in
2526 4016 2883 4073 tentationem
2903 4013 3120 4079 dicitur,
3150 4012 3195 4068 si
3221 4026 3321 4068 nos
3349 4012 3418 4066 ab
3437 4011 3627 4066 adver-

2032 4112 2175 4169 sario
2198 4111 2379 4167 induci
2401 4110 2660 4182 patiatur;
2686 4110 2761 4164 ita
2786 4106 3127 4163 adversarius
3147 4118 3367 4161 servare
3392 4103 3626 4159 animam

2033 4202 2229 4260 dicitur
2254 4217 2376 4259 cum
2413 4202 2553 4258 hanc
2582 4199 2845 4255 tentando
2883 4210 3147 4268 superare
3173 4195 3510 4266 prohibetur.

2102 4295 2269 4352 Vsus.
2305 4295 2355 4349 7.
2384 4326 2456 4337 —
2481 4292 2735 4366 Egressus
2775 4293 2934 4364 igitur
2970 4290 3143 4345 Satan
3173 4305 3206 4342 a
3232 4287 3367 4360 facie
3389 4286 3625 4342 Domini.

2107 4387 2391 4455 Quomodo
2412 4388 2578 4444 Satan
2608 4402 2639 4440 a
2666 4386 2805 4441 facie
2834 4382 3049 4440 Domini
3076 4388 3258 4448 exeat,
3285 4394 3351 4437 ea
3375 4378 3489 4449 jam
3509 4390 3629 4448 quae

2036 4479 2283 4550 superius
2319 4486 2445 4533 sunt
2468 4476 2630 4543 dicta,
2661 4473 3026 4531 manifestam.
3048 4471 3301 4542 Sequitur
3330 4486 3344 4522 :

2657 4566 2886 4623 CAPUT
2930 4565 3015 4621 VI.

338 4658 422 4715 nis
462 4668 580 4730 est,
629 4659 774 4730 quod
824 4660 1019 4716 damno
1057 4659 1348 4716 aﬂ‘ectuum
1394 4661 1691 4718 carnalium
1755 4669 1936 4719 motus
1962 4669 2012 4730 ι)
2108 4665 2316 4721 Inm.—
2341 4663 2609 4719 Percussit
2636 4661 2735 4717 Job
2756 4660 2927 4715 ulcere
2953 4658 3200 4727 pessimo,
3231 4671 3263 4708 a
3284 4652 3467 4725 planta
3487 4652 3630 4724 pedis

338 4766 449 4807 non
514 4759 630 4819 est,
701 4752 830 4822 quia
898 4752 1027 4808 dum
1093 4752 1415 4823 sibimetipsi
1464 4754 1696 4823 metuit,
1758 4756 1935 4812 minus

338 4855 563 4897 suorum
621 4842 1000 4913 percussiones
1064 4843 1247 4899 sentit.
1307 4841 1462 4900 Unde
1517 4853 1574 4900 et
1639 4861 1767 4902 mox
1817 4846 1934 4917 ejus

339 4947 558 4990 carnem
604 4932 901 4990 feriendam
946 4934 1209 5006 postulat,
1262 4934 1445 4992 dicens
1477 4953 1490 4990 :
1522 4935 1676 4991 Mitte
1721 4955 1937 4994 manum

340 5034 502 5095 tuam,
533 5036 583 5081 et
613 5035 766 5100 tange
794 5045 851 5084 os
888 5028 1002 5100 ejus
1028 5038 1077 5083 et
1106 5044 1333 5095 carnem,
1365 5036 1414 5083 et
1436 5037 1556 5083 tunc
1588 5031 1780 5085 videbis
1800 5031 1937 5103 quod

338 5117 396 5171 in
428 5118 615 5189 faciem
647 5118 916 5173 benedicat
940 5121 1033 5174 tibi
1057 5118 1178 5191 (Job
1209 5137 1266 5186 ιι,
1292 5119 1370 5191 5).
1404 5119 1665 5191 Superius
1684 5123 1895 5179 dixerat
1920 5142 1932 5178 :

344 5206 522 5280 Tange
535 5218 719 5265 cuncta
732 5228 846 5284 qua:
859 5212 1110 5283 possidet,
1132 5220 1181 5267 et
1195 5222 1315 5267 tunc
1329 5212 1523 5268 videbis
1536 5215 1671 5286 quod
1682 5216 1736 5268 in
1749 5216 1938 5286 {aciem

344 5298 611 5355 benedicat
636 5301 724 5357 tibi
751 5313 773 5343 ο
808 5303 927 5375 (Job
948 5320 985 5370 ι,
1011 5303 1123 5375 (li).
1137 5304 1290 5361 Nunc
1310 5306 1464 5376 quasi
1486 5306 1680 5376 prioris
1695 5308 1942 5378 proposi-

344 5390 508 5451 tionis
526 5394 744 5463 oblitus,
756 5396 957 5454 fractus
972 5399 1038 5454 de
1055 5399 1175 5455 aliis
1194 5400 1297 5455 alia
1318 5399 1573 5473 postulat.
1592 5399 1746 5467 Quod
1760 5410 1941 5459 tamen

347 5493 494 5543 recte
506 5486 684 5545 divina
695 5488 1094 5561 dispensatione
1116 5493 1465 5564 permittitur,
1492 5502 1760 5565 quatenus
1785 5496 1944 5552 alter-

422 5630 447 5660 a
462 5621 540 5677 Ita
559 5637 749 5679 omnes
767 5622 891 5680 Mss.
906 5627 1072 5681 nostri
1087 5635 1142 5681 et
1157 5634 1264 5681 vet.
1286 5625 1429 5681 Edit.
1445 5625 1615 5681 Paris.
1635 5626 1860 5682 etBasil.
1879 5626 1937 5682 In

352 5692 833 5769 nonnullisiilditis,
863 5699 1043 5769 et_sine
1070 5693 1288 5769 defectu.
1320 5696 1473 5753 Prior
1493 5698 1655 5753 lectio
1685 5707 1770 5753 est
1798 5700 1941 5769 opti—

350 5776 469 5841 ma,
509 5762 1076 5841 signiﬁcatque__Deum
1102 5762 1299 5841 cuncta
1334 5784 1430 5841 sua
1469 5768 1811 5841 providentia
1835 5762 1938 5841 gu-

351 5831 601 5913 bernare,
628 5850 709 5913 ne
718 5831 1000 5913 vilioribus
1024 5839 1243 5913 quidem
1262 5831 1486 5900 entibus'
1498 5839 1790 5913 despectis.

423 5902 451 5945 δ
480 5904 754 5979 Nonnulli,
781 5906 1012 5988 consulte
1026 5902 1164 5981 ﬁeri.

2036 4777 2196 4834 usque
2218 4760 2288 4814 ad
2314 4760 2555 4815 verticem
2585 4756 2715 4827 ejus.

2108 4852 2162 4907 8.
2200 4853 2263 4906 In
2293 4867 2507 4922 corpore
2526 4847 2625 4903 Job
2665 4846 2797 4901 nihil
2826 4852 2975 4899 vacat
3001 4860 3034 4897 a
3067 4857 3238 4913 paena,
3280 4849 3339 4896 ut
3376 4842 3433 4896 in
3456 4843 3629 4896 anima

2038 4944 2169 4998 nihil
2190 4950 2333 4997 vacet
2358 4958 2390 4994 a
2411 4942 2597 5012 gloria.
2622 4970 2693 4982 -—
2721 4937 2940 4992 Duobus
2967 4939 3185 5006 semper
3211 4933 3388 4990 modis
3414 4931 3629 5005 ﬂagella

2040 5036 2316 5107 pensanda
2344 5041 2488 5099 sunt,
2521 5041 2580 5089 ut
2634 5030 2841 5087 scilicet
2868 5029 3294 5101 perpendantur,
3327 5035 3421 5085 aut
3451 5027 3632 5099 qualia

2042 5128 2171 5195 sint,
2198 5136 2291 5183 aut
2314 5134 2534 5197 quanta.
2562 5125 2695 5180 Nam
2724 5139 2866 5194 saepe
2894 5124 3059 5179 multa
3084 5139 3151 5180 ex
3177 5122 3461 5193 qualitate,
3489 5132 3633 5189 saepe

2043 5221 2225 5291 gravia
2275 5236 2343 5276 ex
2393 5218 2695 5288 quantitate
2746 5217 3093 5286 levigantur:
3142 5216 3187 5271 si
3214 5213 3462 5271 videlicet
3507 5224 3631 5265 cum

2044 5313 2213 5369 multa
2259 5318 2410 5378 sunt,
2455 5325 2563 5365 non
2611 5310 2718 5365 sint
2773 5309 2987 5379 gravia;
3047 5322 3170 5363 cum
3224 5318 3357 5359 vero
3404 5298 3627 5368 gravia,

2045 5422 2154 5461 non
2211 5405 2321 5460 sint
2384 5402 2569 5457 multa.
2628 5400 2698 5456 Ut
2745 5401 2906 5470 igitur
2966 5397 3285 5455 ostendatur
3356 5387 3630 5459 quomodo

2044 5510 2143 5567 per
2198 5495 2547 5567 asperitatem
2618 5491 2814 5563 ﬂagelli
2859 5489 3196 5546 adversarius
3242 5488 3429 5538 contra
3477 5493 3634 5534 sanc-

2122 5638 2143 5666 °
2173 5627 2253 5683 Ita
2283 5628 2464 5692 Rem.,
2495 5626 2729 5693 Remig.,
2748 5619 3101 5694 HCom‘pend”
3134 5614 3320 5694 cori},
3350 5610 3631 5694 German

2045 5679 2588 5765 secunda—maniliiet
2604 5679 2728 5750 v51:
2746 5693 2841 5747 Ed.
2893 5679 2961 5744 At
3005 5679 3159 5755 Coc,
3184 5683 3373 5749 Gilot.,
3405 5679 3633 5749 aliaeque

2046 5786 2160 5838 seq.
2194 5769 2317 5834 Ed.,
2358 5769 2556 5823 habent
2610 5766 2795 5821 oblitus
2826 5766 3023 5885 laetus,
3060 5804 3063 5805 ν

2118 5839 2145 5879 d
2176 5840 2336 5885 Snlns
2364 5838 2546 5885 Ωιιςς.-
2581 5836 2763 5885 iaculis
2791 5848 2821 5885 0
2861 5846 3059 5885 ueiens.

2118 5836 2145 5879 (ι
2175 5840 2336 5898 Solus
2364 5838 2546 5907 Guss.,
2570 5836 2763 5911 jaculis
2791 5836 3059 5905 objiciens.
