4180 6456
646 337 751 397 603

1827 337 2076 398 SANCTI
2115 336 2439 395 GREGORII
2482 341 2697 400 MAGNI

3816 364 3924 418 604

643 462 756 509 mm
810 452 981 508 virum
1041 466 1149 510 non
1207 451 1382 511 solum
1432 469 1530 527 per
1575 452 1867 524 nequitiam
1922 453 2217 525 qualitatis,
2252 453 2296 510 A
2328 464 2659 526 nasceretur,
2689 465 2909 512 renatus
2936 476 2947 511 :
2970 459 3059 516 ille
3088 463 3291 519 amicus
3320 467 3519 535 sponsi,
3555 469 3663 537 ille,
3694 487 3806 542 quo
3838 476 3920 529 in-

640 544 733 599 sed
760 544 922 599 etiam
952 559 1051 614 per
1076 547 1287 615 pondus
1313 547 1628 616 quantitatis
1654 546 1875 611 exarsit,
1909 546 1976 600 ad
1999 545 2221 601 demon-

638 634 909 689 strandam
952 638 1261 705 qualitatem
1299 638 1492 695 dicitur
1524 658 1537 693 ε
1575 640 1837 695 Percussit
1859 656 1972 693 eum
2006 648 2029 675 η
2052 638 2223 692 ulcere

637 725 889 793 pessimo;
932 725 999 779 ad
1045 727 1419 782 insinuandam
1459 745 1586 785 vero
1616 732 1971 799 quantitatem
2002 728 2223 796 subjuno

636 816 777 883 gitur
800 834 815 870 :
840 816 882 868 Α
904 818 1084 887 planta
1110 819 1255 889 pedis
1278 836 1436 892 usque
1476 822 1546 875 ad
1594 824 1851 886 uerticem,
1886 829 1943 875 ut
1971 820 2222 874 nimirum

604 894 768 960 inihil
819 908 873 961 in
924 918 1105 963 mente
1154 919 1311 965 vacet
1339 928 1367 965 a
1397 912 1587 981 gloria,
1620 913 1673 966 in
1697 912 1849 982 cujus
1878 926 2106 982 corpore
2149 908 2223 964 nil

636 1006 788 1051 vacat
814 1013 845 1052 a
870 1013 1047 1068 pinna.
1076 998 1369 1069 Sequitur:

1076 1090 1305 1146 CAPUT
1342 1091 1432 1147 VII
1470 1093 1617 1165 [Rea
1650 1091 1778 1163 IV].

709 1180 868 1236 Vens.
915 1183 967 1238 8.
998 1215 1066 1225 —-
1111 1184 1210 1249 Qui
1257 1194 1385 1241 testa
1425 1188 1621 1241 saniem
1666 1186 1903 1255 radebat,
1945 1186 2129 1240 sedens
2164 1184 2221 1239 in

631 1274 973 1344 sterquilinio.

600 1414 605 1419 .
704 1363 755 1417 9.
786 1364 883 1417 Job
925 1373 1055 1420 testa
1083 1367 1281 1421 saniem
1326 1384 1555 1438 corporis
1587 1370 1795 1434 radens,
1834 1385 1927 1422 nos
1958 1368 2105 1421 docet
2130 1383 2217 1421 vas

631 1455 789 1522 fictile
808 1457 943 1527 quod
962 1466 1217 1527 gestamus
1245 1460 1345 1513 cito
1367 1461 1752 1513 conterendum.
1780 1490 1846 1499 —
1873 1458 2025 1513 Unde
2057 1466 2213 1522 testa,

634 1545 731 1599 nisi
757 1560 822 1600 ex
852 1548 963 1601 luto
990 1550 1303 1604 coniicitur?
1329 1550 1463 1617 Quid
1490 1568 1619 1605 vero
1642 1560 1723 1605 est
1750 1552 1922 1605 sanies
1952 1552 2213 1619 corporis,

631 1637 733 1691 nisi
760 1638 968 1693 lutum?
996 1640 1212 1695 Saniem
1245 1658 1373 1711 ergo
1397 1642 1586 1697 radere
1632 1652 1769 1698 testa
1802 1643 2130 1711 perhibetur,
2154 1657 2218 1699 ac

629 1726 675 1780 si
702 1739 888 1797 aperte
913 1730 1183 1787 diceretur
1221 1750 1236 1786 :
1276 1733 1411 1787 Luto
1456 1734 1700 1803 tergebat
1729 1735 1918 1788 lutum.
1952 1732 2217 1788 Pensabat

628 1821 826 1889 quippe
845 1822 927 1875 vir
942 1831 1158 1878 sanctus
1184 1825 1324 1880 unde
1351 1836 1623 1895 sumptum
1649 1825 1821 1881 fuerat
1860 1827 2002 1895 quod
2043 1835 2211 1895 gesta-
2240 1826 2289 1886 B

628 1909 737 1974 bat,
766 1918 819 1965 et
848 1912 1147 1979 fragmento
1174 1916 1315 1970 vasis
1348 1916 1525 1971 ﬁctilis
1563 1917 1896 1972 confractum
1929 1934 2021 1973 vas
2051 1918 2211 1974 ﬁctile

626 1999 872 2056 radebat.
911 2001 1030 2068 Quo
1066 2001 1209 2057 facto
1231 2012 1477 2071 patenter
1501 2007 1804 2061 ostenditur
1831 2022 2028 2077 corpus
2056 2022 2213 2063 suum

625 2091 898 2158 quomodo
919 2093 1019 2147 sibi
1049 2109 1238 2149 sanum
1254 2096 1507 2159 subdidit,
1547 2098 1690 2167 quod
1719 2108 1774 2153 et
1795 2114 2104 2168 percussum
2136 2100 2213 2156 sic

625 2177 930 2250 despiciens
948 2185 1179 2251 curavit;
1198 2202 1354 2255 quam
1378 2188 1465 2241 ille
1479 2190 1754 2243 mollitiem
1779 2206 1923 2245 same
1945 2206 2053 2245 sua:
2065 2191 2212 2245 carui

625 2276 920 2341 concessit,
961 2279 1050 2345 qui
1084 2292 1189 2332 non
1218 2287 1454 2345 vestem,
1498 2297 1604 2334 non
1634 2281 1858 2349 digitos,
1888 2284 1980 2337 sed
2022 2293 2213 2337 testam

625 2364 793 2417 etiam
813 2365 1125 2423 vulneribus
1148 2367 1403 2422 admovit.
1423 2368 1582 2423 Testa
1598 2385 1726 2437 ergo
1748 2371 1969 2426 radebat
1983 2375 2210 2439 saniem,

624 2462 687 2509 ut
713 2458 1059 2526 semetipsum
1105 2467 1160 2514 et
1207 2461 1259 2514 in
1307 2461 1607 2530 lragmento
1647 2464 2019 2534 considerans,
2049 2466 2212 2522 etiam

625 2543 695 2598 de
720 2547 1024 2603 extersione
1048 2550 1283 2605 vulneris
1312 2564 1547 2608 sumeret
1571 2570 1754 2609 curam
1782 2556 1994 2611 mentis.

699 2634 843 2707 [Vet.
878 2636 1009 2712 Ν]
1034 2642 1118 2695 i0.
1152 2641 1177 2695 Ι
1186 2659 1218 2694 ιι
1246 2645 1569 2715 sterquilinio
1584 2646 1767 2717 jaccns
1808 2649 2001 2719 cogitat
2026 2666 2211 2720 corpus

628 2723 767 2781 brevi
789 2736 984 2785 stercus
1009 2734 1258 2804 futurum.
1290 2766 1361 2777 —
1388 2733 1523 2801 Quia
1556 2752 1683 2791 vero
1712 2752 1854 2807 saepe
1885 2754 1979 2807 per
2001 2755 2063 2794 ea
2092 2756 2211 2810 quae

624 2814 766 2872 circa
805 2833 1001 2891 corpus
1045 2831 1189 2888 sunt,
1220 2826 1429 2879 animus
1458 2824 1694 2893 inﬂatur,
1726 2838 1777 2882 et
1825 2844 1923 2898 per
1938 2831 2040 2885 hoc
2066 2832 2207 2901 quod

625 2919 753 2973 erga
791 2924 895 2965 nos
937 2910 1114 2983 agitur
1155 2914 1413 2985 fragilitas
1457 2920 1627 2973 nostri
1681 2922 1921 2989 corporis
1945 2922 2013 2975 ab
2040 2924 2209 2979 oculis

625 2999 808 3056 cordis
833 3015 1113 3060 amovetur
1138 3006 1309 3077 (sicut
1336 3010 1577 3064 nonnulli
1605 3011 1890 3066 surculares
1930 3028 2050 3067 cum
2074 3024 2207 3068 tem-

623 3093 901 3160 poralibus
919 3096 1264 3166 dignitatibus
1288 3099 1598 3167 iniciuntur,
1623 3104 1747 3158 dum
1777 3104 1907 3159 locis
1930 3107 2208 3164 altioribus

624 3184 935 3251 president,
964 3188 1091 3243 dum
1113 3190 1401 3247 multorum
1425 3194 1681 3265 obsequia
1711 3196 1809 3251 sibi
1835 3210 2119 3267 suppetere
2141 3200 2206 3254 ad

626 3282 810 3328 votum
838 3278 1046 3345 vident,
1100 3280 1439 3350 fragilitatem
1489 3302 1640 3340 suam
1682 3289 1876 3343 intueri
1918 3292 2212 3360 negligunt,

626 3371 683 3415 et
710 3378 806 3419 vas
829 3366 973 3434 quod
999 3376 1212 3436 gestant
1241 3371 1421 3449 ﬁctile,
1454 3389 1613 3443 quam
1642 3377 1711 3429 sit
1738 3378 1995 3432 velociter
2023 3371 2211 3436 conte;

627 3453 875 3519 tendum,
906 3456 1285 3515 obliviscentes
1328 3463 1475 3517 omni
1518 3465 1680 3520 modo
1728 3482 1834 3520 non
1883 3471 2208 3540 attendunt),

629 3541 821 3599 beatus
845 3544 947 3601 Job
974 3556 1033 3602 ut
1056 3550 1547 3609 considerationem
1577 3555 1878 3625 fragilitatis
1903 3576 2014 3615 suae
2048 3562 2210 3617 etiam

628 3646 697 3687 ex
726 3634 1196 3695 circumstantibus
1226 3642 1483 3711 traheret,
1511 3653 1566 3699 et
1592 3655 1717 3701 ante
1743 3649 1928 3704 oculos
1953 3666 2080 3706 suos
2104 3652 2211 3708 vim

638 3738 751 3779 sua:
762 3724 1124 3796 despectionis
1137 3741 1378 3802 augeret,
1397 3734 1424 3773 ι)
1441 3752 1546 3791 non
1568 3739 1810 3807 quolibet
1837 3741 1889 3795 in
1909 3750 2070 3809 terra,
2093 3759 2211 3813 quae

626 3829 766 3884 pene
787 3818 986 3888 ubique
1012 3823 1213 3877 munda
1240 3826 1527 3894 reperitur,
1562 3830 1651 3884 sed
1680 3831 1732 3885 in
1759 3834 2097 3903 sterquilinio
2125 3851 2212 3891 se-

625 3904 769 3962 disse
806 3909 1142 3967 describitur.
1172 3912 1232 3968 ln
1262 3918 1597 3986 sterquilinio
1630 3922 1861 3988 ponebat
1888 3938 2106 3994 corpus,
2153 3934 2213 3981 ut

625 4010 692 4051 ex
735 4008 873 4089 terra
902 4013 1115 4073 sumpta
1144 4020 1264 4076 quae
1294 4018 1438 4089 esset
1480 4012 1657 4066 carnis
1700 4015 2021 4084 substantia,
2072 4021 2212 4076 bene

624 4087 911 4179 proﬁciens
938 4094 1297 4162 perpenderet
1332 4087 1559 4156 animus.
1590 4100 1647 4156 in
1677 4106 2010 4175 sterquilinio
2039 4124 2209 4179 pone-

626 4177 720 4272 bat
735 4194 945 4272 corpus
969 4192 1029 4239 ut
1064 4186 1226 4241 etiam
1250 4203 1317 4246 ex
1340 4191 1442 4246 loci
1472 4186 1642 4249 fetore
1669 4208 1908 4267 caperet,
1934 4177 2209 4272 77iquod

605 4267 820 4325 'lestine
846 4286 1042 4342 corpus
1071 4277 1138 4331 ad
1164 4278 1391 4337 fetorem
1418 4284 1638 4341 rediret.

698 4360 845 4434 [Rea
886 4362 974 4435 V].
1018 4368 1105 4424 ii.
1145 4369 1230 4426 Ex
1258 4384 1549 4430 sanctorum
1572 4380 1795 4450 ﬂagellis
1814 4382 2211 4455 intelligendum

622 4467 738 4522 qua
767 4455 896 4525 ipsis
920 4472 1144 4526 merces,
1176 4478 1291 4532 quin
1316 4466 1506 4537 iniquis
1532 4484 1681 4538 paena
1712 4477 2210 4533 reservatum—Sed

2327 548 2411 595 ter
2449 553 2604 599 natos
2648 548 2929 604 mulierum
2972 551 3146 621 major
3182 570 3342 610 nemo
3387 564 3649 627 surrexit;
3702 564 3794 618 ille
3837 567 3917 622 sic

2326 637 2608 707 prepheta,
2642 649 2699 693 ut
2720 642 2838 710 plus
2862 645 3022 698 etiam
3049 661 3207 715 quam
3241 652 3502 721 propheta
3544 653 3793 725 (Hattlt.,
3834 674 3911 724 ιι,

2326 724 2390 795 9)
2411 769 2425 793 ,
2471 729 2539 784 ab
2570 732 2763 801 iniquis
2784 736 2837 788 in
2863 752 3136 793 carcerem
3164 743 3423 811 mittitur,
3472 754 3527 800 et
3556 724 3666 817 pro
3716 750 3914 819 puella:

2324 820 2539 887 saltatu,
2567 825 2742 893 capite
2770 837 3064 896 truncatur,
3095 839 3150 884 et
3190 833 3270 886 vir
3292 840 3453 889 tantm
3482 840 3791 893 severitatis
3814 856 3913 909 pro

2323 910 2436 964 risu
2462 914 2693 981 turpium
2721 918 2969 974 moritur.
2999 918 3372 991 Nunquidnam
3404 927 3670 983 credimus
3704 931 3908 999 aliquid

2325 1002 2504 1069 fuisse,
2519 1006 2662 1073 quod
2686 1008 2738 1061 in
2761 1011 2874 1077 ejus
2891 1012 2999 1065 vita
3013 1013 3100 1066 illa
3114 1015 3192 1069 sic
3209 1014 3455 1085 despecta
3476 1034 3621 1074 mors
3641 1023 3912 1090 tergeret?
3968 1002 3977 1007 ’

2322 1097 2427 1151 Sed
2444 1099 2658 1167 quando
2673 1101 2761 1157 ille
2774 1105 2854 1158 vel
2868 1105 2920 1159 in
2936 1107 3055 1161 cibo
3074 1111 3337 1179 peccavit,
3352 1113 3442 1180 qui
3461 1114 3697 1169 locustae
3709 1116 3915 1171 solum-

2323 1193 2486 1247 modo
2498 1202 2550 1247 cl
2566 1202 2669 1257 mel
2693 1200 2936 1254 silvestre
2957 1203 3224 1257 comedit?
3251 1203 3390 1271 Quid
3416 1205 3527 1259 Deo
3541 1208 3624 1261 vel
3647 1207 3713 1261 de
3737 1209 3915 1277 quali-

2322 1298 2437 1357 tate,
2453 1293 2532 1348 sui
2558 1294 2803 1363 tegminis
2826 1294 3068 1362 deliquit,
3091 1295 3185 1363 qui
3214 1296 3544 1351 camelorum
3567 1299 3691 1368 pilis
3712 1315 3911 1369 corpus

2322 1386 2559 1453 operuit?
2572 1384 2708 1451 Quid
2721 1386 2785 1440 de
2798 1388 3205 1441 conversatione
3218 1403 3311 1441 sua
3324 1387 3595 1444 offendere
3607 1392 3806 1461 potuit,
3820 1392 3911 1461 qui

2321 1476 2387 1530 de
2416 1492 2600 1531 eremo
2618 1493 2723 1530 non
2754 1478 3013 1533 recessit?
3036 1478 3172 1544 Quid
3198 1479 3343 1533 illum
3362 1480 3704 1550 loquacitatis
3728 1493 3909 1538 reatus

2319 1569 2528 1638 polluit,
2543 1570 2634 1638 qui
2648 1568 2945 1638 disjunctus
2961 1570 3116 1639 longe
3129 1572 3195 1625 ab
3208 1571 3511 1626 hominibus
3526 1574 3661 1627 fuit?
3682 1572 3908 1638 Quando

2318 1661 2465 1714 illum
2484 1661 2569 1714 vel
2598 1662 2796 1716 silentii
2812 1662 2967 1732 culpa
2986 1663 3177 1732 attigit,
3205 1663 3295 1733 qui
3309 1663 3373 1717 ad
3402 1678 3461 1719 se
3489 1665 3773 1719 venientes
3802 1674 3908 1718 tam

2320 1754 2668 1809 vehementer
2695 1756 3007 1827 increpavit,
3040 1757 3225 1813 dicens
3250 1774 3263 1811 :
3289 1756 3563 1811 Genimina
3594 1760 3907 1828 viperarum,

2314 1846 2425 1917 quis
2454 1844 2822 1899 demonstravit
2862 1845 3001 1899 vobis
3024 1849 3199 1918 fugere
3228 1864 3260 1900 α
3290 1857 3498 1901 ventura
3528 1849 3607 1900 ira
3631 1848 3657 1900 Ρ
3685 1847 3901 1919 (Matth.

2316 1950 2391 1999 ιιι,
2427 1935 2493 2002 7;
2526 1934 2651 1991 Luc.
2684 1952 2761 2002 tu,
2792 1937 2857 2003 7;
2891 1936 3060 1992 Marc.
3094 1954 3133 2000 ι,
3164 1936 3247 2008 4.)
3288 1937 3426 2006 Quid
3456 1947 3537 1993 est
3567 1954 3729 2007 ergo,
3765 1940 3906 2009 quod

2316 2024 2416 2080 Job
2447 2027 2541 2081 Dei
2572 2028 2880 2083 testimonio
2912 2028 3209 2097 praefertur,
3244 2037 3298 2083 et
3327 2037 3502 2083 tamen
3534 2029 3702 2098 plagis
3734 2045 3903 2099 usque

2317 2119 2384 2173 ad
2413 2120 2806 2188 sterquilinium
2850 2119 3140 2175 sternitur?
3169 2119 3307 2186 Quid
3336 2128 3418 2174 est
3443 2164 3454 2181 ,
3487 2120 3635 2190 quod
3670 2119 3904 2176 Joannes

2316 2210 2411 2265 Dei
2441 2226 2573 2264 voce
2604 2200 2873 2275 laudatur,
2911 2219 2965 2265 et
3009 2220 3187 2264 tamen
3216 2226 3315 2279 pro
3345 2210 3625 2265 temulenti
3668 2212 3847 2267 verbis
3875 2211 3898 2246 4

2317 2303 2371 2356 in
2398 2302 2700 2356 saltationis
2725 2301 3000 2371 prmmium
3028 2302 3296 2356 moritur?
3324 2300 3461 2368 Quid
3486 2311 3588 2368 est,
3616 2302 3761 2371 quod
3785 2312 3902 2357 Om-

2315 2396 2565 2466 nipotens
2587 2394 2729 2451 Deus
2756 2395 2834 2450 sic
2862 2395 3211 2452 vehementer
3232 2397 3285 2450 in
3314 2396 3418 2452 hoc
3439 2398 3636 2452 saeculo
3656 2398 3903 2469 despicit,

2314 2506 2450 2559 quos
2471 2490 2549 2544 sic
2575 2490 2875 2543 sublimiter
2895 2498 3021 2544 ante
3042 2492 3235 2545 saecula
3259 2491 3419 2560 elegit
3445 2510 3456 2543 :
3482 2492 3583 2546 nisi
3612 2492 3734 2557 hoc,
3764 2491 3906 2561 quod

2314 2581 2501 2651 pietati
2530 2579 2767 2635 ﬁdelium
2794 2590 2962 2651 patet,
2993 2583 3249 2651 quoniam
3293 2583 3491 2638 idcirco
3542 2584 3618 2638 sic
3650 2599 3749 2639 eos
3780 2600 3904 2654 pre-

2316 2674 2413 2727 mit
2456 2673 2510 2727 in
2554 2672 2785 2739 inﬁmis,
2837 2675 2962 2745 quia
3009 2675 3153 2729 videt
3198 2675 3470 2744 quomodo
3509 2686 3823 2731 remuneret
3852 2678 3902 2733 in

2313 2766 2566 2834 summis;
2598 2775 2653 2821 et
2679 2765 2824 2821 foras
2853 2782 3022 2835 usque
3052 2766 3117 2821 ad
3147 2767 3400 2837 despecta
3430 2767 3630 2837 dejicit,
3671 2770 3797 2837 quia
3824 2770 3905 2823 in-

2317 2866 2400 2911 tus
2429 2872 2599 2925 usque
2629 2856 2696 2911 ad
2723 2857 3285 2926 incomprehensibilia
3313 2859 3575 2929 perducit.
3612 2857 3749 2914 Hinc
3777 2875 3904 2929 ergo

2318 2947 2679 3015 unusquisque
2709 2947 2943 3023 colligat
2968 2948 3095 3015 quid
3124 2948 3232 3003 illic
3261 2950 3371 3004 sint
3410 2952 3620 3021 passuri
3651 2967 3789 3020 quos
3820 2968 3905 3006 re-

2314 3036 2507 3105 probat
2527 3074 2541 3099 ,
2574 3035 2617 3089 si
2649 3035 2735 3090 hic
2752 3036 2840 3090 sic
2870 3036 3074 3091 cruciat
3102 3053 3238 3107 quos
3279 3050 3455 3105 amat;
3506 3049 3600 3095 aut
3627 3042 3902 3112 quomodo

2313 3124 2573 3180 ferientur
2601 3127 2694 3194 qui
2734 3128 2786 3181 in
2828 3127 3031 3196 judicio
3062 3132 3319 3198 arguendi
3347 3140 3505 3200 sunt,
3535 3133 3578 3187 si
3609 3134 3687 3188 sic
3710 3149 3904 3189 eorum

2236 3206 2283 3270 C
2311 3214 2418 3268 vita
2448 3216 2745 3284 premitur,
2788 3217 2877 3286 qui
2922 3217 3040 3287 ipso
3077 3218 3257 3287 judice
3288 3229 3423 3276 teste
3451 3221 3763 3278 laudantur.
3806 3220 3909 3280 Se-

2316 3307 2498 3377 quitur
2531 3325 2543 3359 :

2743 3420 2973 3476 CAPUT
3013 3421 3123 3477 VIII
3162 3423 3315 3498 [Rec.
3359 3423 3475 3498 νη.

2388 3533 2551 3589 Vens.
2583 3534 2636 3589 9.
2661 3566 2731 3577 —
2753 3533 2904 3590 Dixit
2945 3545 3115 3591 autem
3142 3537 3221 3592 illi
3248 3554 3384 3593 uxor
3408 3556 3505 3594 sua
3526 3555 3545 3593 :
3565 3540 3747 3594 Adhuc
3784 3558 3905 3609 pcr-

2314 3644 2490 3684 msnes
2516 3629 2572 3683 in
2601 3628 2930 3698 simplicitate
2960 3632 3084 3685 tua?
3113 3631 3337 3686 Benedic
3367 3631 3505 3699 Deo,
3536 3643 3586 3687 et
3616 3650 3835 3689 morere.

2385 3742 2472 3796 12.
2516 3741 2703 3797 Tentat
2722 3744 2957 3798 diabolus
2978 3754 3173 3799 stantes
3195 3755 3285 3798 aut
3304 3745 3727 3801 tribulationibus
3755 3750 3905 3817 fran-

2312 3853 2449 3907 gere,
2463 3843 2553 3888 aut
2569 3835 2989 3906 persuasionibus
3008 3836 3229 3890 mollire.
3257 3834 3457 3900 Quaerit
3470 3839 3745 3891 mulierem
3760 3837 3907 3910 quasi

2313 3930 2531 3996 scalam,
2562 3946 2663 3999 qua
2690 3930 2747 3982 in
2773 3945 2863 3983 cor
2886 3927 2987 3983 Job
3015 3930 3303 3983 ascendat:
3326 3930 3417 3984 sed
3452 3930 3905 4002 {rusum—Auti-

2313 4035 2452 4090 quus
2492 4021 2661 4075 hostis
2706 4021 3001 4075 humanum
3029 4035 3199 4089 genus
3227 4020 3437 4078 duobus
3482 4022 3660 4077 modis
3703 4030 3905 4077 tentare

2313 4112 2626 4177 consuevit;
2655 4118 2715 4166 ut
2734 4112 2989 4168 videlicet
3009 4114 3175 4167 corda
3196 4113 3455 4168 stantium
3480 4122 3576 4167 aut
3603 4112 3905 4167 tribulatio-

2312 4204 2470 4258 nibus
2489 4203 2717 4271 frangat,
2743 4210 2837 4256 aut
2860 4202 3299 4273 persuasionibus
3328 4202 3556 4257 molliat.
3578 4200 3641 4256 In
3665 4201 3905 4269 utrisque

2313 4308 2444 4363 ergo
2490 4304 2681 4350 contra
2726 4294 2945 4347 beatum
2991 4291 3093 4348 Job
3139 4308 3198 4349 se
3246 4294 3601 4348 vehementer
3639 4292 3900 4347 exercuit.

2316 4395 2339 4422 ε
2380 4384 2511 4438 Nam
2558 4384 2711 4454 prius
2754 4377 3124 4453 patrifamilias
3188 4384 3369 4440 intulit
3427 4383 3629 4438 damna
3682 4398 3901 4447 rerum,

2314 4477 2525 4533 orbavit
2550 4484 2762 4546 patrem
2792 4485 2969 4531 morte
2999 4475 3250 4542 ﬁliorum,
3281 4476 3550 4547 percussit
3576 4475 3900 4532 incolumem

622 4562 750 4647 ecce
777 4563 899 4604 eum
928 4550 1116 4609 beatus
1140 4552 1242 4609 Job
1266 4563 1344 4611 tot
1373 4573 1549 4615 rerum
1574 4563 1764 4617 damna
1793 4568 2041 4634 sustinet,
2072 4581 2093 4608 ο
2118 4578 2199 4627 tot
2222 4586 2278 4647 Β
2307 4569 2594 4645 putredine
2631 4567 2937 4624 vulnerum.
2966 4566 3074 4625 Sed
3113 4570 3239 4639 quia
3283 4572 3689 4639 putrescentem
3716 4566 3864 4621 foras
3885 4616 3901 4644 ,

619 4640 897 4699 funeribus
923 4645 1206 4715 pignerum
1236 4666 1522 4720 percussus
1548 4654 1726 4720 dolet,
1762 4666 1843 4713 tot
1870 4662 2089 4717 vulnera
2119 4673 2205 4721 to-

621 4729 789 4799 lerat;
821 4734 945 4791 dum
976 4738 1355 4796 decurrentem
1384 4746 1584 4801 saniem
1618 4756 1754 4803 testa
1778 4751 1937 4814 radit,
1962 4752 2087 4808 dum
2108 4771 2205 4824 per

622 4824 959 4891 putrediuem
986 4828 1227 4887 deﬂuens
1274 4835 1326 4889 in
1371 4838 1711 4907 sterquilinio
1742 4842 1972 4906 residet;
2006 4844 2203 4901 intueri

620 4914 755 4979 libet
776 4919 904 4986 quid
932 4931 1034 4987 est,
1064 4925 1207 4993 quod
1236 4928 1578 4999 omnipotens
1607 4932 1748 4987 Deus
1790 4948 1924 5002 quos
1952 4935 2055 4990 sibi
2093 4944 2202 4991 tam

621 5007 816 5067 charos
844 5011 898 5066 in
927 5020 1186 5072 aeternum
1216 5024 1497 5092 conspicit,
1530 5033 1638 5078 tam
1672 5026 2018 5081 vehementer
2047 5030 2201 5099 quasi

620 5103 925 5174 despiciens
950 5108 1154 5182 aﬁligit.
1180 5113 1317 5171 Ecce
1339 5127 1516 5174 autem
1545 5121 1671 5175 dum
1692 5121 1832 5175 beati
1856 5122 1957 5178 Job
1980 5126 2199 5183 vulnera

618 5197 992 5270 cruciatusque
1035 5206 1351 5276 considero,
1396 5221 1619 5281 repente
1664 5214 1859 5268 mentis
1902 5217 2089 5272 oculos
2134 5220 2199 5273 ad

615 5286 879 5348 Joannem
910 5294 1129 5363 reduco,
1156 5306 1213 5353 et
1239 5316 1344 5355 non
1373 5303 1489 5357 sine
1512 5305 1826 5371 gravissima
1848 5309 2203 5367 admiratione

614 5383 910 5452 perpendo,
944 5388 1087 5456 quod
1131 5390 1221 5445 ille
1264 5394 1561 5462 prophetiae
1588 5396 1779 5461 spiritu
1824 5400 1965 5455 intra
2015 5404 2201 5459 matris

615 5480 827 5531 uterum
858 5479 1144 5549 impletus,
1176 5491 1357 5552 atque,
1390 5493 1447 5537 ut
1475 5487 1548 5539 ita
1578 5486 1805 5543 dixerim
1829 5532 1843 5557 ,
1891 5493 2197 5564 priusquam

688 5616 711 5683 ξ
741 5609 925 5683 garb,
950 5612 1155 5679 Germ.,
1186 5615 1273 5670 hic
1295 5625 1350 5671 et
1375 5633 1556 5683 Supra,
1587 5621 1812 5677 uulnere.

684 5673 933 5758 {Omnes
958 5673 1171 5751 Excusi,
1202 5704 1304 5740 non
1332 5673 1556 5758 qualibel
1584 5692 1637 5745 in
1659 5673 1817 5757 terra,
1847 5702 2035 5752 contra
2063 5697 2191 5757 Mss.

614 5749 998 5799 testimonium-

723 5764 998 5807 tmoumm.

691 5825 711 5853 ο
752 5814 993 5888 Ebroic.,
1027 5831 1097 5876 tot
1126 5825 1413 5883 vulneribus
1440 5832 1725 5901 pignerum.

2308 4680 2501 4721 sanum
2530 4663 2706 4718 adhuc
2728 4663 2957 4718 interius
2974 4671 3122 4717 stare
3140 4663 3448 4732 conspexit;
3481 4671 3536 4716 et
3560 4676 3727 4731 quem
3756 4669 3903 4715 exte-

2307 4758 2419 4812 rius
2450 4756 2648 4810 nudum
2678 4754 2928 4820 reddidit,
2958 4754 3103 4810 hunc
3130 4754 3353 4809 interius
3377 4754 3632 4809 ditiorem
3663 4751 3783 4807 ﬁeri
3809 4765 3904 4820 per

2308 4849 2601 4904 exhibitam
2626 4847 2839 4902 laudem
2868 4846 3160 4902 conditoris
3187 4846 3406 4912 invidit;
3437 4845 3631 4901 callide
3657 4844 3902 4913 cogitans

2305 4947 2497 5011 pensat
2526 4937 2671 5007 quod
2713 4946 2902 4992 contra
2946 4937 3244 4994 se-athleta
3274 4936 3367 4991 Dei
3414 4936 3558 4991 unde
3604 4935 3897 5006 premitur,

2306 5031 2435 5087 inde
2460 5030 2788 5098 sublevatur,
2822 5031 3099 5101 victusque
3128 5032 3193 5086 ad
3222 5030 3434 5085 subtilia
3468 5031 3715 5083 tentandi
3745 5043 3901 5096 argu-

2304 5136 2489 5182 menta
2512 5127 2861 5181 convertitur.
2895 5125 3038 5197 [Vet.
3080 5123 3173 5197 V.]
3202 5126 3332 5179 Nam
3359 5124 3593 5193 antiqua:
3618 5123 3752 5177 artis
3778 5122 3898 5177 insi-

2306 5218 2422 5273 dias
2449 5219 2674 5289 repetit;
2719 5228 2775 5273 et
2801 5220 2925 5288 quia
2954 5220 3059 5275 scit
3098 5217 3373 5290 quomodo
3402 5217 3572 5271 Adam
3604 5216 3780 5285 decipi
3810 5231 3897 5269 sov

2305 5309 2412 5364 leat
2431 5354 2444 5375 ,
2480 5310 2545 5363 ad
2576 5309 2741 5364 Evam
2771 5312 3016 5365 recurrit.
3051 5312 3160 5380 78
3196 5308 3420 5363 Beatum
3453 5308 3601 5362 enim
3626 5305 3730 5361 Job
3761 5307 3898 5358 inter

2304 5408 2386 5455 tot
2413 5416 2594 5455 rerum
2619 5401 2815 5457 damna
2841 5442 2857 5468 ,
2901 5403 3043 5457 inter
3087 5410 3168 5457 tot
3197 5399 3605 5471 percussionum
3648 5398 3893 5462 vulnera,

2306 5494 2459 5562 quasi
2489 5494 2543 5547 in
2572 5495 2803 5565 quadam
2836 5495 3092 5549 virtutum
3124 5510 3247 5549 arce
3277 5502 3420 5548 stare
3448 5491 3706 5546 invictum
3738 5489 3893 5544 vidit.

2338 5700 2347 5711 _
2377 5625 2403 5663 (ι
2443 5628 2519 5682 ita
2563 5644 2704 5713 pene
2743 5646 2932 5686 omnes
2960 5630 3087 5686 Mss.
3120 5631 3347 5698 Quidam
3376 5628 3536 5695 Editi,
3568 5628 3625 5683 in
3651 5626 3897 5685 saltatri-

2302 5714 2376 5753 αι
2409 5715 2697 5768 praemium.

2378 5775 2401 5805 °
2442 5770 2557 5827 Duo
2590 5771 2765 5840 Rem.,
2798 5787 2923 5826 nam
2947 5773 3031 5843 qui
3056 5771 3218 5844 prius.
