4180 6472
333 347 436 404 605

1239 344 1594 407 MORALIUM
1640 344 1767 403 LIB.
1812 342 1899 403 lll.
1941 371 2012 387 —
2050 342 2113 399 IN
2151 343 2303 401 CAP.
2346 343 2389 403 Il
2432 343 2492 398 Β.
2532 342 2669 399 10B.

3484 346 3590 403 606

329 464 386 519 In
419 463 531 517 alto
560 461 759 533 quippe
787 467 1021 517 mentem
1052 459 1240 515 fixerat
1267 478 1281 525 ;
1322 469 1377 517 et
1415 461 1614 516 idcirco
1642 461 1780 529 hanc
1807 458 1906 512 bo-
1934 458 1986 518 A
2012 455 2159 510 lento
2186 472 2435 512 sermone
2457 470 2823 526 corrumpere.
2849 454 3025 512 Verba
3051 456 3196 513 enim
3220 464 3345 529 post
3371 458 3597 517 vulnera

329 558 478 612 stiles
503 555 709 610 insidim
734 554 1029 624 irrumpere
1060 569 1165 606 non
1194 552 1459 607 valebant.
1492 552 1756 618 Qumritur
1783 564 1909 618 ergo

328 649 396 703 ab
434 646 743 702 adversario
772 645 824 699 in
865 644 1003 698 lianc
1044 659 1218 698 arcem
1270 645 1675 698 munitissimam
1718 642 1911 712 quibus

328 739 580 811 gradibus
611 736 950 791 ascendatur.
1004 735 1189 789 Vicina
1236 746 1319 791 est
1365 746 1543 789 autem
1576 736 1689 791 viro
1721 734 1912 788 mulier

329 839 490 900 atque
514 837 538 865 η
560 827 858 895 subjuncta.
883 827 991 881 Cor
1015 826 1174 896 igitur
1196 826 1433 879 mulieris
1465 826 1653 889 tenuit,
1679 833 1733 877 et
1758 822 1909 892 quasi

327 921 547 985 scalam,
590 934 693 988 qua
724 918 789 971 ad
820 933 914 971 eor
942 917 1042 971 viri
1072 917 1361 971 ascendere
1386 916 1651 986 potuisset
1682 915 1904 969 invenit.

327 1009 621 1080 Occupavit
648 1009 881 1062 animum
911 1007 1169 1076 conjugis,
1192 1007 1392 1060 scalam
1419 1008 1617 1060 mariti.
1640 1006 1744 1060 Sed
1776 1005 1909 1060 nihil

326 1100 427 1155 hac
471 1108 585 1154 arte
627 1099 935 1170 praevaluit,
980 1099 1100 1169 quia
1132 1107 1346 1151 sanctus
1378 1098 1458 1151 vir
1482 1097 1777 1165 subjectam
1808 1096 1908 1150 sibi

324 1193 623 1256 mulierem,
651 1200 706 1245 et
726 1207 830 1245 non
860 1174 1204 1260 prmpo'sitam
1234 1190 1494 1255 attendit;
1526 1198 1581 1243 et
1608 1198 1753 1244 recta
1776 1188 1799 1226 δ
1827 1188 1908 1242 Ιο-

323 1296 493 1349 quens
543 1281 753 1347 docuit,
806 1296 963 1350 quam
996 1282 1245 1351 serpens,
1298 1290 1355 1334 ut
1381 1294 1631 1350 perversa
1660 1279 1907 1346 loquere-

323 1381 426 1437 tur,
453 1373 741 1441 instigavit.
767 1372 992 1440 Dignum
1009 1374 1208 1442 quippe
1232 1379 1425 1427 eratut
1450 1370 1641 1425 ﬂuxam
1668 1379 1904 1424 mentem

322 1465 486 1519 virilis
515 1481 739 1520 censura
772 1467 1139 1535 restringeret,
1185 1480 1303 1519 eum
1334 1463 1579 1535 profecto
1608 1473 1663 1518 et
1692 1465 1757 1519 de
1788 1465 1903 1531 ipso

321 1560 492 1628 primo
542 1559 693 1630 lapsu
741 1560 957 1612 humani
991 1559 1203 1627 generis
1235 1568 1255 1595 ο
1289 1565 1473 1612 nosset
1516 1557 1659 1626 quod
1707 1555 1903 1609 docere

320 1650 508 1701 mulier
536 1657 681 1703 recta
726 1650 976 1703 nesciret.
1012 1647 1163 1702 Unde
1192 1649 1328 1703 bene
1358 1656 1412 1701 et
1440 1662 1536 1716 per
1565 1645 1785 1699 Paulum
1818 1645 1900 1698 di-

319 1738 491 1791 citur:
523 1737 716 1793 Docere
743 1748 913 1793 autem
941 1741 1141 1793 mulieri
1171 1756 1273 1793 non
1304 1740 1543 1809 permitto
1594 1737 1645 1809 (I
1680 1737 1809 1790 Tim.
1842 1752 1897 1801 tt,

2015 545 2220 612 intulit,
2264 555 2319 600 ut
2366 547 2616 601 nimirum
2657 563 2777 602 cum
2825 546 2906 602 vis
2946 546 3149 603 doloris
3180 548 3595 619 ingravesceret,

2014 636 2167 692 facile
2212 638 2572 707 persuasionis
2623 639 2894 707 suggestio
2951 654 3204 709 perversa
3260 640 3595 710 praevaleret.

2014 729 2157 801 [νει.
2214 728 2337 800 γι.)
2379 728 2482 783 Sed
2514 730 2556 784 si
2588 731 2759 799 ipsum
2810 731 3075 785 subtiliter
3121 734 3437 789 tentationis
3485 734 3601 804 ejus

2012 819 2251 873 ordinem
2283 819 2689 889 perpendimus,
2722 834 2825 888 qua
2857 822 3150 876 calliditate
3176 824 3363 877 saeviat
3391 824 3599 879 inveni-

2011 926 2148 964 mus.
2184 910 2347 964 Movit
2376 927 2605 981 namque
2637 912 2783 981 prius
2812 912 3003 967 damna
3035 915 3368 982 substantize,
3399 930 3517 986 quae
3547 926 3603 973 et

2012 1012 2160 1057 extra
2189 1015 2433 1059 naturam
2461 1003 2701 1074 profecto
2730 1012 2932 1071 essent,
2956 1014 3008 1059 et
3034 1014 3186 1060 extra
3214 1022 3429 1079 corpus.
3462 1008 3601 1066 Sub-

2014 1096 2175 1149 traxit
2222 1095 2358 1151 filios
2382 1137 2396 1161 ,
2444 1095 2585 1177 qu_od
2630 1094 2740 1165 jam
2787 1095 3001 1165 quidem
3031 1106 3184 1153 extra
3214 1106 3459 1154 naturam
3491 1116 3599 1155 non

2011 1198 2181 1255 esset,
2225 1193 2316 1245 sed
2360 1200 2535 1243 tamen
2566 1190 2740 1244 adhuc
2768 1190 3106 1259 aliquatenus
3135 1198 3288 1246 extra
3320 1195 3599 1263 proprium

2008 1300 2223 1353 corpus.
2258 1283 2336 1337 Ad
2370 1299 2667 1338 exrremum
2698 1284 2959 1352 percussit
2988 1291 3041 1337 et
3071 1299 3286 1354 corpus.
3319 1284 3426 1339 Sed
3470 1286 3597 1355 quia

2010 1374 2316 1428 vulneribus
2362 1374 2536 1428 carnis
2587 1373 2653 1427 ad
2700 1375 2894 1428 mentis
2938 1380 3129 1428 vulnus
3157 1376 3439 1445 pervenire
3487 1392 3597 1431 non

2008 1464 2192 1531 valuit,
2224 1466 2384 1520 etiam
2413 1465 2712 1536 conjunctm
2739 1466 2977 1520 mulieris
3003 1466 3112 1537 79
3138 1465 3374 1535 linguam
3405 1467 3598 1537 (ιυωεὶ-

2005 1556 2106 1611 vit.
2145 1556 2278 1623 Quia
2309 1558 2448 1611 enim
2481 1566 2671 1627 aperto
2702 1558 2999 1612 certamine
3027 1556 3274 1627 superari
3302 1574 3361 1613 se
3389 1558 3595 1628 doluit,

2005 1646 2072 1703 de
2094 1663 2187 1702 ore
2212 1647 2455 1716 conjugis
2475 1646 2713 1717 jaculum
2737 1649 2887 1717 quasi
2907 1648 2973 1702 de
2994 1648 3198 1703 insidiis
3218 1649 3449 1713 intorsit,
3479 1664 3597 1719 qua:

2005 1739 2249 1810 profecto
2270 1739 2473 1796 diceret
2502 1760 2512 1793 :
2540 1742 2720 1795 Adhuc
2747 1758 3017 1814 permanes
3040 1742 3094 1794 in
3113 1740 3444 1812 simplicitate
3474 1742 3598 1796 tua?

317 1827 443 1898 l2);
473 1831 593 1898 quia
626 1831 877 1885 nimirum
906 1830 1194 1899 aliquando
1225 1845 1345 1885 eum
1376 1829 1560 1883 docuit
1582 1870 1595 1894 ,
1628 1844 1657 1882 a
1687 1829 1897 1898 sapien-
1930 1838 1977 1900 Β
2006 1831 2225 1886 Benedic
2258 1831 2385 1899 Deo,
2416 1842 2466 1886 et
2493 1849 2712 1887 morere.
2746 1832 2887 1887 Ecce
2918 1836 3177 1886 tentando
3205 1832 3384 1887 omnia
3413 1833 3597 1887 abstu-

316 1920 403 1975 tite
442 1922 745 1979 aeternitate
788 1924 1077 1992 separavit.
1126 1923 1388 1990 Antiquos
1420 1922 1600 1988 itaque
1628 1920 1798 1976 hostis
1826 1920 1893 1975 ab

311 2010 484 2065 Adam
525 2012 578 2066 in
607 2014 942 2084 sterquilinio
980 2012 1007 2050 ά
1036 2012 1302 2084 perdidit,
1335 2013 1423 2083 qui
1454 2012 1624 2066 Adam
1654 2013 1705 2066 in
1737 2028 1894 2083 para-

268 2142 269 2145 η
310 2106 429 2161 diso
449 2108 749 2177 superavit;
776 2117 936 2178 atque
959 2109 1274 2179 adjutricem
1294 2125 1443 2164 suam
1467 2111 1747 2165 mulierem
1770 2110 1895 2165 dum

309 2196 377 2250 ad
406 2198 568 2252 verba
605 2200 759 2253 mala:
803 2201 1165 2270 persuasionis
1194 2201 1464 2267 accendit,
1499 2188 1895 2257 ad'doetrinam

309 2294 508 2340 unetze
556 2288 873 2344 eruditionis
919 2290 1095 2356 misit;
1128 2299 1182 2345 et
1213 2308 1329 2362 qum
1371 2293 1603 2347 excitata
1633 2292 1806 2347 fuerat
1838 2303 1897 2348 ut

308 2377 577 2448 perderet,
609 2380 815 2434 erudita
845 2388 927 2437 est
956 2397 1022 2435 ne
1052 2382 1270 2452 periret.
1307 2384 1397 2438 Sic
1422 2384 1500 2438 sic
1527 2398 1558 2437 a
1587 2386 1787 2438 nostris
1813 2385 1894 2439 vi-

308 2470 380 2525 ris
406 2468 631 2525 fortibus
656 2472 825 2527 hostis
849 2474 1165 2543 percutitur,
1200 2485 1256 2529 ut
1283 2490 1378 2529 sua
1409 2476 1459 2530 ei
1485 2475 1649 2530 etiam
1675 2476 1781 2529 tela
1811 2492 1897 2530 ra-

306 2561 539 2631 piantur.
584 2559 735 2617 Unde
764 2564 906 2617 enim
947 2578 1007 2619 se
1035 2578 1362 2633 exaggerare
1389 2568 1618 2621 aestimat
1648 2566 1895 2621 dolorem

306 2654 559 2722 vulneris,
592 2655 717 2711 inde
746 2665 769 2693 θ
799 2656 877 2712 eis
903 2666 1092 2712 contra
1114 2659 1461 2729 semetipsum
1485 2658 1718 2729 suggerit
1744 2674 1893 2713 arma

306 2744 535 2800 virtutis.

378 2855 464 2912 l5.
505 2854 593 2912 Ea:
619 2856 783 2913 verbis
815 2858 1052 2914 diabolus
1077 2876 1169 2932 per
1198 2877 1283 2915 eos
1313 2862 1399 2932 qui
1427 2860 1574 2916 nobis
1604 2861 1892 2931 adiurarent,

306 2964 400 3003 nos
427 2947 765 3003 tentat.—Ex
786 2950 962 3005 verbis
984 2958 1165 3006 autem
1192 2953 1334 3008 male
1363 2953 1735 3022 persuadentis
1763 2971 1894 3011 con-

303 3038 442 3109 iugis
470 3040 754 3108 vigilanter
785 3040 1045 3097 debemus
1072 3045 1315 3115 aspicere
1343 3045 1488 3114 quod
1518 3046 1771 3114 antiquus
1799 3046 1893 3101 ad-

303 3130 571 3185 versarius
614 3147 723 3186 non
768 3132 941 3187 solum
980 3150 1075 3205 per
1117 3137 1496 3207 semetipsum,
1534 3136 1628 3193 sed
1659 3153 1754 3208 per
1797 3153 1892 3193 eos

1999 1926 2078 1992 lit,
2121 1940 2248 1979 ecce
2278 1926 2535 1979 tentando
2565 1925 2849 1980 mulierem
2881 1925 3116 1996 reliquit,
3162 1933 3217 1980 et
3260 1933 3448 1982 sancto
3478 1926 3595 1981 viro

1996 2014 2188 2067 callide
2214 2022 2406 2069 cuncta
2430 2013 2679 2083 diripuit;
2707 2013 2802 2069 sed
2824 2013 2981 2068 valde
3003 2013 3250 2068 callidius
3274 2014 3593 2084 adjutricem

1995 2122 2146 2161 suam
2175 2106 2458 2161 mulierem
2485 2106 2801 2173 reservavit,
2829 2121 2950 2176 quas
2977 2106 3121 2161 dicat
3146 2125 3158 2160 :
3182 2106 3365 2161 Adhuc
3396 2125 3595 2177 perina-

1996 2215 2084 2251 nes
2114 2199 2167 2251 in
2196 2198 2524 2268 simplicitate
2552 2199 2684 2252 tua?
2715 2198 2887 2254 Verba
2927 2213 3024 2253 sua
3054 2197 3166 2252 Eva
3196 2198 3411 2269 repetit.
3455 2197 3589 2253 Nam

1997 2286 2124 2356 quid
2153 2295 2236 2342 est
2262 2287 2440 2342 dicere
2467 2306 2479 2341 :
2506 2287 2912 2357 Simplicitatem
2940 2287 3151 2355 desere,
3170 2288 3593 2344 nisi:0bedien-

1998 2378 2149 2443 tiam,
2190 2378 2208 2415 ί
2239 2379 2464 2432 vetitum
2495 2378 2859 2447 eomedendo,
2901 2380 3223 2433 contemne?
3259 2377 3325 2432 Et
3352 2378 3479 2448 quid
3510 2388 3594 2435 est

1996 2468 2176 2523 dicere
2199 2487 2214 2522 :
2241 2468 2461 2523 Benedic
2491 2468 2623 2536 Deo,
2652 2479 2701 2523 et
2728 2486 2946 2539 morere,
2970 2470 3073 2524 nisi
3106 2469 3594 2543 :Transcendendq

1998 2568 2348 2629 praeceptum,
2374 2560 2514 2614 ultra
2536 2576 2697 2630 quam
2724 2576 2782 2615 es
2806 2561 3074 2626 conditus,
3101 2561 3255 2616 vive?
3284 2560 3390 2616 Sed
3415 2560 3590 2616 Adam

1996 2662 2182 2707 noster
2224 2651 2378 2707 fortis
2426 2655 2480 2708 in
2526 2654 2863 2723 sterquilinio
2889 2654 3088 2723 jacuit,
3131 2655 3222 2725 qui
3255 2655 3306 2709 in
3338 2654 3590 2725 paradiso

1997 2742 2269 2811 quondam
2297 2743 2486 2799 debilis
2516 2744 2684 2798 stetit.
2714 2743 2848 2799 Nam
2881 2743 3021 2799 :11ieo
3050 2742 3115 2799 ad
3147 2745 3286 2799 male
3314 2744 3589 2801 suadentis

1996 2838 2159 2893 verba
2188 2838 2486 2911 respondit,
2518 2838 2703 2894 dicens
2729 2857 2743 2893 :

2448 2956 2674 3014 CAPUT
2710 2955 2783 3012 tx
2819 2956 2966 3033 [Rea
3006 2954 3162 3028 vn].

2086 3046 2244 3102 Vens.
2287 3047 2372 3103 10.
2396 3080 2468 3091 -
2494 3046 2658 3114 Quasi
2670 3066 2774 3104 una
2803 3049 2866 3103 de
2887 3049 3056 3103 stultis
3087 3047 3385 3103 mulieribus
3409 3047 3584 3104 locuta

2010 3155 2082 3192 es.
2138 3138 2197 3193 Si
2224 3140 2358 3194 bona
2378 3142 2655 3210 accipimus
2681 3142 2744 3195 de
2766 3158 2922 3196 manu
2944 3141 3178 3212 Domini,
3211 3152 3236 3190 8
3256 3143 3397 3197 mala
3423 3158 3586 3213 quare

305 3224 466 3279 etiam
516 3225 607 3296 qui
654 3227 808 3282 nobis
846 3227 1155 3293 adhaerent,
1207 3238 1404 3284 statum
1454 3231 1649 3299 satagit
1696 3215 1967 3286 nostraeC
2010 3246 2112 3283 non
2142 3232 2526 3285 sustinemuus?

303 3318 498 3373 mentis
543 3316 820 3373 inclinare.
871 3317 1005 3373 Cum
1052 3320 1193 3374 enim
1236 3336 1330 3376 cor
1372 3330 1614 3376 nostrum
1644 3337 1740 3377 sua
1772 3336 1892 3391 per-

302 3410 552 3464 suasione
598 3425 706 3463 non
749 3410 976 3475 subruit,
1024 3410 1089 3464 ad
1135 3412 1240 3466 hoc
1266 3412 1516 3466 nimirum
1564 3429 1658 3481 per
1686 3413 1892 3481 linguas

302 3498 687 3554 adhaerentium
716 3501 874 3570 repit.
906 3498 1043 3555 Hinc
1071 3503 1213 3556 enim
1243 3504 1499 3573 scriptum
1531 3512 1612 3559 est
1638 3522 1648 3556 :
1678 3505 1721 3558 Α
1766 3505 1891 3576 ﬁliis

306 3590 402 3642 tuis
433 3606 585 3657 cave,
616 3601 665 3645 et
710 3608 742 3645 a
771 3592 1063 3648 domesticis
1098 3595 1194 3648 tuis
1226 3595 1433 3649 attende
1484 3595 1690 3665 (Eccli.
1724 3612 1889 3660 xxxii,

300 3678 412 3751 26).
460 3682 596 3739 Hinc
624 3699 720 3753 per
759 3686 1077 3755 prophetam
1106 3688 1299 3743 dicitur
1327 3708 1338 3741 :
1370 3687 1726 3761 Unusquisque
1766 3706 1819 3745 se
1859 3705 1891 3742 a

297 3777 539 3843 proximo
586 3792 677 3829 suo
708 3778 986 3841 custodiat,
1019 3788 1067 3833 et
1106 3782 1160 3832 in
1186 3782 1325 3834 omni
1354 3782 1515 3851 fratre
1541 3798 1633 3836 suo
1665 3798 1767 3834 non
1798 3781 1894 3834 Ita-

297 3865 416 3919 beat
441 3865 688 3934 ﬁduciam
718 3866 851 3936 (Jer.
882 3884 953 3933 ιι,
983 3867 1060 3937 4).
1088 3869 1224 3924 Hinc
1250 3887 1462 3925 rursum
1493 3871 1748 3941 scriptum
1771 3879 1887 3925 est:

300 3953 513 4009 Inimici
542 3955 763 4011 hominis
806 3957 1073 4012 domestici
1101 3960 1213 4030 ejus
1243 3959 1458 4031 (Matth.
1493 3978 1555 4025 ι,
1585 3960 1698 4032 56).
1732 3960 1891 4016 Calli-

298 4045 398 4101 dus
438 4063 671 4118 namque
699 4050 1077 4118 adversarius,
1120 4066 1239 4105 cum
1282 4068 1313 4105 a
1348 4052 1611 4107 bonorum
1642 4051 1892 4107 cordibus

299 4141 487 4210 repelli
515 4157 576 4198 se
605 4144 899 4214 conspicit,
932 4159 1026 4199 eos
1054 4144 1144 4214 qui
1174 4145 1241 4200 ab
1272 4145 1376 4202 illis
1414 4146 1571 4200 valde
1601 4145 1891 4217 diliguntur

299 4234 565 4304 exquirit;
597 4244 653 4290 et
674 4252 772 4306 per
798 4252 988 4292 eorum
1014 4237 1179 4292 verba
1206 4238 1488 4294 blandiens
1513 4239 1767 4307 loquitur,
1800 4240 1889 4310 qui

299 4326 419 4395 plus
447 4326 657 4383 creteris
686 4336 968 4395 amantur;
1001 4335 1059 4382 ut
1087 4329 1213 4383 dum
1246 4330 1324 4385 vis
1354 4331 1554 4385 amoris
1583 4348 1676 4385 cor
1710 4330 1887 4399 perfo-

298 4426 403 4481 rat,
434 4417 591 4474 facile
617 4420 981 4489 persuasionis
1010 4420 1125 4488 ejus
1154 4420 1363 4487 gladius
1389 4421 1452 4476 ad
1487 4422 1686 4476 intima:
1727 4424 1883 4478 recti-

299 4509 497 4563 tudinis
520 4511 814 4566 munimina
839 4513 1117 4583 irrumpat.
1146 4510 1273 4567 Post
1293 4514 1483 4567 damna
1508 4513 1664 4581 igitur
1685 4529 1885 4582 rerum,

2081 3317 2169 3375 15.
2201 3316 2302 3375 Job
2352 3322 2576 3381 externis
2620 3320 2770 3375 rebus
2816 3337 3026 3388 vacuus,
3054 3324 3193 3374 intus
3239 3320 3351 3375 Deo
3377 3322 3583 3391 plenus.

1996 3404 2143 3460 Mala
2172 3414 2423 3479 quatenus
2454 3414 2696 3463 vocentur
2721 3406 3175 3479 ﬂagella.—Ecce
3197 3410 3395 3481 ubique
3416 3408 3587 3465 hostis

1997 3496 2273 3567 frangitur,
2308 3499 2506 3569 ubique
2534 3506 2842 3569 superatur,
2876 3515 2974 3571 per
3001 3512 3195 3557 cuncta
3226 3502 3588 3558 tentationum

1994 3600 2309 3658 argumenta
2359 3590 2674 3660 succubuit,
2718 3592 2843 3660 quia
2882 3600 2938 3647 et
2979 3592 3109 3648 illud
3137 3609 3293 3650 suum
3324 3591 3588 3647 familiare

1994 3680 2245 3734 solatium
2276 3680 2437 3733 etiam
2488 3680 2556 3733 de
2606 3680 2830 3734 muliere
2860 3682 3059 3737 amisit.
3091 3680 3236 3737 Inter
3264 3681 3379 3736 htec
3427 3682 3587 3749 igitur

1993 3782 2238 3829 sanctum
2255 3774 2428 3827 virum
2452 3774 2647 3826 intueri
2675 3773 2826 3841 libet,
2857 3773 3001 3829 foras
3028 3775 3189 3830 rebus
3219 3789 3466 3838 vacuum,
3497 3775 3587 3829 in-

1994 3864 2258 3917 trinsecus
2288 3862 2398 3917 Deo
2431 3863 2668 3932 plenum.
2698 3862 2895 3917 Paulus
2925 3880 3049 3919 cum
3080 3866 3134 3921 in
3163 3866 3344 3935 seipso
3370 3863 3586 3920 divitias

1992 3954 2268 4024 sapientia:
2298 3956 2519 4007 interna:
2551 3954 2909 4025 conspiceret,
2942 3971 3109 4026 seque
3140 3958 3314 4027 ipsum
3345 3957 3585 4012 exterius

1992 4061 2110 4101 esse
2154 4044 2500 4114 corruptibile
2532 4059 2728 4114 corpus
2756 4044 3001 4115 videret,
3043 4049 3115 4101 ait
3144 4064 3156 4100 :
3186 4047 3445 4102 Habemus
3477 4049 3586 4102 tlte-

1994 4156 2202 4193 saurum
2230 4140 2387 4192 istum
2414 4139 2469 4191 in
2498 4138 2634 4191 vasis
2665 4139 2909 4209 ﬁctilibus
2941 4138 3033 4209 (ΙΙ
3062 4139 3183 4197 Cor.
3216 4157 3301 4207 tv,
3336 4141 3409 4211 7).
3444 4139 3585 4196 Ecce

1992 4234 2045 4289 in
2087 4234 2248 4288 beato
2276 4231 2378 4287 Job
2406 4247 2501 4286 vas
2544 4232 2705 4287 fictile
2748 4232 3008 4288 scissuras
3056 4235 3295 4289 ulcerum
3346 4234 3585 4289 exterius

1992 4325 2187 4390 sensit;
2233 4324 2329 4379 sed
2375 4324 2463 4380 hic
2509 4324 2797 4379 thesaurus
2844 4326 3069 4380 interius
3111 4326 3317 4396 integer
3364 4325 3582 4381 mansit.

1992 4419 2157 4473 Foras
2199 4418 2342 4473 enim
2392 4433 2489 4487 per
2520 4418 2740 4472 vulnera
2774 4419 3022 4489 crepuit,
3074 4419 3166 4472 sed
3216 4418 3585 4474 indelicienter

1992 4509 2216 4563 interius
2264 4523 2494 4563 nascens
2545 4508 2827 4562 thesaurus
2874 4509 3151 4579 sapientiae
3207 4524 3305 4579 per
3351 4505 3374 4543 ιι
3421 4508 3583 4561 verba

297 4609 421 4670 post
466 4600 650 4658 funera
703 4605 986 4674 pignorum
1013 4647 1027 4672 ,
1081 4614 1204 4675 post
1253 4608 1473 4661 vulnera
1523 4609 1887 4679 scissurasque
1920 4606 1966 4667 D
1991 4610 2191 4657 saneta:
2234 4601 2550 4656 eruditionis
2591 4601 2896 4669 emanavit,
2928 4601 3111 4656 dicens
3139 4619 3150 4653 :
3181 4600 3242 4654 Si
3273 4600 3407 4652 bona
3433 4615 3582 4653 acce-

298 4693 692 4761 membrorum,
725 4697 977 4765 antiquus
1006 4697 1176 4751 hostis
1220 4698 1452 4766 linguam
1488 4701 1652 4753 movit
1683 4702 1883 4756 uxoris.

372 4781 456 4836 14.
499 4782 564 4838 1η
610 4786 740 4839 serie
771 4789 1106 4840 tentalionum
1134 4787 1231 4839 Job
1271 4804 1382 4859 qua:
1412 4798 1549 4843 artes
1578 4792 1793 4845 inimici.
1817 4825 1888 4835 —-

299 4874 365 4929 Et
391 4878 686 4935 notandum
717 4894 823 4950 quo
851 4887 1094 4952 tempore
1120 4882 1219 4937 viri
1244 4893 1479 4938 mentem
1519 4884 1719 4941 studuit
1739 4887 1889 4943 viru-

371 5058 399 5128 εξ
435 5049 887 5128 lta_om_nesils§.
917 5054 1105 5128 Corb.,
1134 5053 1340 5120 Germ.,
1376 5073 1482 5111 non
1514 5058 1779 5128 subjecta,
1827 5070 1885 5116 ut

298 5120 571 5196 legiturin
615 5122 799 5196 Editis.
834 5124 999 5180 Paulo
1028 5120 1149 5194 pest
1178 5135 1354 5181 tamen
1386 5120 1644 5196 legimus,
1676 5120 1883 5187 sanctus

298 5191 374 5262 uir
401 5193 682 5262 subjectam
710 5194 807 5249 sibi
836 5191 1128 5261 mulierem,
1180 5205 1309 5261 etc.,
1359 5206 1415 5253 et
1442 5191 1533 5253 vita
1581 5191 1639 5253 in.
1680 5204 1881 5258 omnib.

299 5260 427 5317 Mss.
472 5260 717 5319 habetur.

372 5332 397 5370 λ)
440 5331 678 5409 ξξΙυτίιηὶ,
711 5346 761 5409 et
783 5346 923 5391 recta
954 5339 1093 5409 loqui
1121 5338 1314 5393 docuit.

375 5415 399 5442 ε
440 5402 577 5482 vera
614 5408 784 5482 lectio
830 5425 893 5462 ex
944 5402 1364 5482 oninibusMss.
1414 5411 1770 5482 confirmata;
1835 5415 1889 5469 in

298 5475 569 5597 Bonn‘ullis
614 5476 782 5533 Editis
831 5496 927 5550 pro
984 5490 1154 5537 nosset
1202 5481 1396 5550 legitur
1444 5494 1607 5552 nocet,
1660 5486 1712 5539 in
1757 5475 1887 5540 aliis

335 5563 426 5597 0C9
454 5588 467 5597 .

335 5555 467 5601 0081.

372 5615 398 5693 ξι
436 5615 535 5673 Hic
564 5620 774 5693 variant
801 5621 925 5677 Mss.
960 5625 1129 5693 antiq.
1164 5624 1450 5680 Rem.eum
1470 5626 1883 5693 Corb.,Germ.,

298 5686 506 5769 habet}.
526 5691 786 5769 antiquus_
805 5694 977 5769 itaque
1005 5686 1166 5749 hostis
1195 5695 1257 5769 ab
1287 5697 1453 5751 Adam
1484 5700 1535 5751 in
1567 5686 1886 5769 sterquilinio

300 5760 747 5839 peruium-quam
773 5760 1071 5839 lectionem
1085 5767 1463 5839 atnplectimur
1485 5780 1621 5839 post.
1650 5760 1753 5823 vet.
1783 5768 1885 5825 Ed.

303 5827 473 5886 Paris.
503 5830 539 5884 2
560 5827 777 5903 Rhem.,
821 5848 1010 5891 omnes
1042 5827 1272 5907 Remig.,
1321 5827 1570 5907 Vindoc.,
1604 5840 1882 5907 Norman.,

1990 4699 2158 4767 pimus
2187 4696 2249 4749 de
2271 4712 2426 4748 manu
2451 4693 2683 4759 Domini,
2715 4694 2856 4747 mala
2884 4711 3043 4765 quare
3069 4710 3172 4747 non
3202 4691 3585 4747 sustineamus?

1992 4788 2131 4843 bona
2173 4788 2411 4849 scilicet,
2459 4787 2599 4838 dona
2631 4785 2723 4838 Dei
2754 4785 2835 4837 vel
2870 4783 3188 4852 temporalia
3225 4783 3310 4838 vel
3347 4792 3580 4850 (eterna;

1992 4880 2131 4933 mala
2164 4886 2366 4945 autem,
2401 4876 2607 4943 ﬂagella
2637 4875 2922 4945 praesentia
2954 4855 3230 4943 appellans
3251 4916 3268 4943 ,
3296 4874 3365 4931 de
3389 4876 3585 4946 quibus

1992 5058 2110 5112 Val.
2143 5058 2246 5119 CL,
2276 5070 2404 5120 etc.,
2440 5052 2881 5125 antiquuswitaque
2906 5053 3068 5125 hostis
3093 5053 3260 5107 Adam
3284 5054 3338 5107 in
3365 5055 3583 5125 sterqui-

1994 5130 2119 5183 lmio
2146 5128 2392 5197 perdidit.
2421 5125 2498 5180 Ita
2526 5124 3006 5197 vet._Edit._Basil.

2070 5211 2092 5236 ε
2134 5193 2388 5252 Mcndose
2421 5197 2471 5249 in
2501 5206 2607 5250 vel.
2644 5194 2785 5248 Edit.
2821 5193 3018 5262 Paris,
3049 5203 3101 5249 et
3132 5193 3315 5260 Basil.,
3348 5204 3401 5250 et
3431 5204 3584 5251 emto-

1994 5270 2095 5335 ris,
2139 5270 2258 5322 inde
2293 5268 2358 5320 ei.
2407 5267 2483 5319 Ad
2524 5266 2656 5320 viros
2698 5268 2857 5337 fortes
2884 5265 2950 5319 de
2990 5266 3185 5329 quibus
3212 5281 3371 5335 supra
3402 5275 3581 5337 actum

1994 5333 2506 5421 est-referturninde
2550 5337 2624 5389 eis
2652 5333 2831 5392 contra
2863 5338 3185 5407 semetipsum
3217 5333 3430 5410 (satan)
3462 5352 3585 5405 sug-

1997 5419 2127 5483 gerit
2154 5426 2303 5463 arma
2332 5419 2548 5462 virtutis.
3541 5473 3555 5487 .

2074 5481 2090 5519 ί
2134 5482 2222 5535 Sic
2246 5479 2433 5544 Covb.,
2464 5480 2648 5534 Germ.
2680 5478 2733 5533 lu
2766 5479 2934 5533 Editis
2963 5478 3190 5546 legitur,
3223 5491 3430 5546 pomum
3456 5482 3583 5546 ueti-

1995 5564 2120 5609 tum.
2150 5554 2206 5607 ln
2241 5550 2396 5605 nullis
2427 5552 2546 5604 Msa
2582 5552 2881 5605 invenimus
2910 5544 3136 5619 pom—um,
3163 5544 3305 5616 quod
3336 5544 3585 5617 supplen-

1997 5626 2122 5681 dum
2153 5626 2376 5677 fortasse
2398 5631 2713 5691 putaverunt
2748 5620 3011 5673 Editores.

2069 5708 2093 5745 tt
2136 5696 2189 5749 In
2204 5686 2441 5748 secundo
2458 5693 2649 5746 Rheni.
2685 5701 2739 5744 et
2761 5708 2866 5744 uno
2889 5689 3097 5757 Remig.
3125 5702 3341 5759 semper
3365 5686 3583 5759 legitur.

2004 5770 2145 5838 mala
2174 5782 2334 5838 quare
2363 5780 2466 5818 non
2496 5762 2877 5838 suscipiamus?

2068 5837 2097 5876 ιι
2135 5826 2262 5893 Mss.
2292 5836 2504 5905 Norm.,
2536 5826 2654 5890 Val'.
2685 5833 2766 5889 Cl.
2797 5840 2853 5888 et
2878 5829 3000 5899 alii,
3030 5826 3101 5884 ad
3128 5826 3301 5885 verba.
