4180 6456
606 346 709 408 607

1803 350 2043 410 SANCTI
2081 350 2413 412 GREGORII
2450 356 2669 418 MAGNI

3789 382 3896 443 608

603 476 703 533 per
727 461 1046 533 prophetam
1074 460 1333 519 Dominus
1361 462 1529 520 dicit:
1558 464 1672 537 Ego
1706 464 1980 535 Dominus,
2013 477 2063 523 et
2087 484 2193 522 non
2219 469 2276 529 A
2293 470 2563 541 iungenda
2593 485 2736 544 sunt,
2779 486 2839 533 ut
2868 494 3033 537 unum
3056 496 3273 556 semper
3298 499 3367 543 ex
3394 487 3569 547 altero
3597 492 3896 565 iniciatur;

601 561 679 608 est
707 553 857 620 alter,
891 555 1122 624 formans
1151 555 1345 622 lucem,
1377 564 1427 609 et
1456 573 1636 612 creans
1665 559 1900 613 tenebras
1923 576 1943 625 ;
1988 561 2185 632 faciens

600 664 807 718 pacem,
847 656 897 701 et
934 664 1117 703 creans
1148 650 1288 718 mala
1320 648 1488 721 (Isai.
1522 668 1658 719 xcv,
1701 652 1792 722 7).
1832 653 2016 723 Neque
2046 654 2188 708 enim

601 740 772 807 mala,
824 756 941 810 quae
990 742 1134 797 nulla
1163 758 1260 798 sua
1288 750 1478 797 natura
1514 744 1828 811 subsistunt,
1882 760 1913 799 a
1960 744 2188 800 Domino

600 840 881 897 creantur;
919 833 1013 888 sed
1042 848 1226 889 creare
1252 850 1312 889 se
1341 835 1482 891 mala
1511 834 1767 891 Dominus
1806 836 2035 901 indicat,
2068 852 2189 892 cum

598 938 688 978 res
722 923 861 978 bene
888 923 1133 980 conditas
1162 926 1319 982 nobis
1360 928 1500 983 male
1529 929 1811 997 agentibus
1839 931 1893 983 in
1924 929 2189 998 ﬂagellum

595 1015 813 1081 format,
838 1026 898 1072 ut
922 1033 986 1073 ea
1010 1019 1125 1089 ipsa
1154 1027 1209 1075 et
1238 1036 1335 1091 per
1360 1021 1623 1087 dolorem,
1651 1039 1758 1093 quo
1784 1022 2000 1089 feriunt,
2027 1023 2192 1078 delin-

597 1111 888 1178 quentibus
918 1112 1058 1165 mala
1088 1112 1229 1180 sint;
1261 1121 1316 1168 et
1344 1129 1441 1183 per
1467 1122 1714 1168 naturam
1735 1155 1748 1179 ,
1794 1129 1899 1184 qua
1929 1114 2188 1180 existunt,

595 1202 757 1257 bona.
807 1200 960 1256 Unde
1002 1211 1056 1258 et
1100 1220 1368 1259 venenum
1406 1221 1553 1259 mors
1594 1205 1809 1273 quidem
1840 1213 1922 1260 est
1951 1206 2187 1271 homini,

595 1289 690 1346 sed
715 1301 895 1346 tamen
929 1293 1037 1346 vita
1067 1295 1327 1363 serpenti.
1359 1294 1558 1349 Amore
1583 1295 1725 1349 enim
1753 1297 2094 1365 prtesentium
2121 1296 2189 1350 ab

596 1382 836 1438 auctoris
883 1384 1053 1438 nostri
1101 1384 1390 1441 dilectione
1435 1388 1791 1454 recessimus;
1843 1398 1897 1443 et
1936 1403 2189 1458 perversa

595 1489 749 1528 mens
775 1474 901 1529 dum
932 1484 957 1512 ⁸
984 1475 1257 1531 dilectioni
1298 1486 1559 1532 creatura:
1586 1494 1644 1533 se
1673 1478 1938 1543 subdidit,
1972 1496 2000 1533 a
2031 1494 2187 1535 crea-

592 1566 730 1621 toris
768 1567 1029 1622 societate
1070 1568 1348 1637 disjunxit.
1380 1570 1461 1623 Ex
1490 1569 1574 1625 his
1605 1584 1735 1639 ergo
1764 1570 1830 1625 ab
1860 1580 2082 1627 auctore
2111 1570 2190 1625 fe-

592 1658 780 1713 rienda
810 1666 945 1725 erat,
969 1674 1087 1729 quae
1108 1675 1295 1714 errans
1317 1662 1523 1715 auctori
1548 1670 1935 1731 praeposuerat,
1962 1670 2019 1716 ut
2045 1661 2186 1718 unde

593 1749 758 1805 homo
806 1750 1019 1820 culpam
1050 1766 1158 1806 non
1201 1752 1380 1806 timuit
1407 1754 1671 1822 superbus
1700 1753 2015 1819 admittere,
2061 1753 2186 1808 inde

590 1858 804 1913 poenam
831 1844 1182 1913 corrigendus
1207 1846 1508 1914 inveniret;
1538 1856 1593 1903 et
1613 1856 1764 1904 tanto
1786 1848 1942 1904 citius
1964 1849 2183 1918 resipise-
2209 1842 2259 1903 Β

588 1943 739 1990 ceret
767 1936 834 1989 ad
862 1937 951 1990 illa
979 1953 1098 2008 quae
1126 1938 1379 2008 perdidit,
1413 1947 1617 2008 quanto
1647 1939 1848 1996 doloris
1876 1941 2033 2010 plena
2064 1956 2185 1996 esse

588 2026 927 2096 conspiceret
949 2042 1067 2097 quae
1093 2029 1357 2098 quaesivit.
1384 2027 1535 2085 Unde
1555 2037 1609 2085 et
1630 2030 1768 2086 bene
1793 2032 1986 2087 dicitur
2012 2049 2025 2085 :
2051 2030 2185 2087 For-

588 2134 743 2175 mans
772 2120 967 2186 lucem,
999 2131 1054 2177 et
1082 2139 1274 2179 creans
1304 2126 1555 2180 tenebras
1580 2167 1596 2195 ,
1642 2127 1768 2195 quia
1810 2143 1934 2183 cum
1961 2142 2059 2197 per
2082 2127 2183 2183 ﬂa-

587 2211 727 2279 gella
772 2214 1011 2269 exterius
1054 2215 1259 2269 doloris
1290 2217 1524 2271 tenebrae
1554 2226 1809 2272 creantur
1836 2260 1851 2287 ,
1900 2220 2043 2274 intus
2089 2236 2186 2290 per

589 2303 947 2358 eruditionem
976 2305 1069 2360 lux
1098 2307 1294 2361 mentis
1327 2308 1657 2363 accenditur.
1690 2309 1916 2365 Faciens
1961 2327 2182 2381 pacem,

589 2401 645 2446 et
672 2408 865 2448 creans
892 2395 1054 2462 mala,
1084 2396 1208 2465 quia
1238 2404 1366 2452 tunc
1394 2399 1548 2453 nobis
1578 2414 1683 2468 pax
1711 2417 1835 2455 cum
1865 2402 1978 2457 Deo
2006 2404 2185 2458 reddi-

590 2489 699 2550 tur,
724 2499 847 2537 cum
876 2487 989 2541 haec
1015 2501 1134 2557 quae
1162 2487 1302 2543 bene
1329 2497 1453 2543 sunt
1478 2490 1713 2559 condita,
1743 2493 1839 2548 sed
1861 2492 1889 2532 ι)
1912 2510 2019 2549 non
2044 2495 2186 2553 bene

591 2577 881 2645 concupita
902 2618 917 2642 ,
964 2578 1017 2632 in
1046 2592 1111 2633 ea
1140 2594 1259 2648 qua:
1287 2582 1442 2636 nobis
1472 2584 1610 2636 mala
1640 2594 1784 2648 sunt,
1817 2584 2028 2657 ﬂagella
2058 2605 2184 2645 ver-

592 2671 800 2719 tuntur.
826 2665 930 2721 Per
954 2669 1167 2740 culpam
1193 2672 1391 2741 quippe
1412 2671 1525 2728 Deo
1548 2674 1828 2731 discordes
1849 2680 2182 2749 exstitimus;

591 2754 812 2822 dignum
842 2772 972 2827 ergo
995 2768 1079 2815 est
1100 2769 1157 2815 ut
1177 2762 1243 2816 ad
1268 2778 1456 2831 pacem
1479 2764 1618 2821 illius
1641 2782 1737 2836 per
1758 2765 1967 2838 ﬂagella
1996 2773 2187 2828 redea-

591 2860 743 2913 mus;
792 2855 851 2902 ut
884 2865 1004 2905 cum
1034 2868 1368 2925 unaquaeque
1412 2871 1500 2913 res
1538 2858 1676 2913 bene
1704 2862 1919 2916 condita
1944 2864 2100 2920 nobis
2128 2867 2183 2922 in

592 2938 839 2997 dolorem
868 2947 1115 3013 vertitur,
1149 2951 1378 3005 correcti
1406 2952 1518 3022 80
1545 2969 1697 3010 mens
1726 2955 1794 3010 ad
1824 2960 2059 3013 auctoris
2087 2976 2184 3030 pa-

591 3050 711 3091 cem
739 3037 1015 3093 humiliter
1035 3039 1379 3097 reformetur.
1403 3043 1531 3099 Htec
1552 3046 1733 3116 itaque
1756 3046 1965 3115 ﬂagella
1992 3049 2183 3107 beatus

590 3121 692 3179 Job
721 3126 862 3181 mala
887 3129 1167 3197 nominat;
1198 3131 1323 3202 quia
1353 3133 1540 3189 salutis
1568 3144 1624 3191 et
1651 3138 2055 3208 tranquillitatis
2081 3140 2184 3198 bo-

590 3228 741 3279 num,
772 3230 879 3285 qua
906 3219 1311 3287 perturbatione
1339 3222 1551 3293 feriant,
1584 3236 1794 3297 pensat.

663 3312 752 3368 16.
792 3315 1024 3387 Flagelli
1050 3336 1201 3390 paena
1230 3326 1478 3379 memoria
1503 3326 1656 3393 doni,
1697 3330 1879 3385 twtitia
1913 3342 2050 3389 metu
2077 3336 2179 3406 ﬂa-

592 3402 714 3471 gelli
764 3408 1113 3475 temperanda.
1166 3409 1364 3467 Sensus
1391 3417 1596 3484 pravis,
1636 3435 1741 3475 non
1769 3437 1923 3478 sexus
1950 3427 2007 3480 in
2033 3428 2176 3487 vitio.

590 3491 789 3547 —Sed
836 3495 967 3552 illud
1013 3498 1170 3556 valde
1218 3502 1272 3556 in
1318 3504 1435 3573 ejus
1466 3508 1643 3565 verbis
1682 3511 2002 3572 intuendum
2054 3528 2175 3590 est,

590 3592 784 3640 contra
842 3591 1247 3657 persuasionem
1314 3597 1557 3668 conjugis
1614 3613 1814 3673 quanta
1870 3611 2179 3669 considera-

588 3675 753 3732 tionis
791 3687 909 3736 arte
955 3698 1014 3738 se
1061 3686 1317 3758 colligat,
1367 3690 1677 3752 dicens:Si
1727 3697 1859 3754 bona
1887 3706 2178 3775 accepimus

584 3765 652 3821 de
705 3786 864 3825 manu
918 3772 1164 3847 Domini,
1225 3782 1365 3837 mala
1421 3802 1580 3857 quare
1626 3807 1731 3847 non
1786 3796 2180 3853 sustineamus?

587 3862 734 3936 [γει.
795 3867 952 3942 γη]
997 3872 1189 3945 Magna
1224 3881 1425 3953 quippe
1470 3889 1772 3948 consolatio
1816 3894 2180 3954 tribulationis

585 3961 688 4019 est,
734 3956 781 4011 si
826 3974 949 4015 cum
995 3966 1217 4023 adversa
1274 3973 1540 4042 patimur,
1596 3981 1834 4038 auctoris
1883 3986 2053 4041 nostri
2108 3987 2176 4044 ad

582 4050 902 4106 memoriam
930 4054 1071 4111 dona
1096 4074 1433 4120 revocemus.
1460 4065 1570 4123 Nec
1596 4070 1794 4141 frangit
1816 4075 1960 4143 quod
1986 4091 2055 4132 ex
2079 4077 2181 4135 do-

580 4138 699 4196 lore
746 4144 966 4213 obviat,
1009 4151 1055 4203 si
1083 4155 1250 4207 menti
1278 4156 1438 4212 citius
1484 4158 1625 4227 hoc,
1677 4165 1823 4234 quod
1853 4182 1922 4221 ex
1949 4184 2173 4229 munere

580 4230 844 4300 sublevat,
873 4249 1143 4295 occurrat.
1166 4242 1302 4301 Hinc
1324 4262 1555 4317 namque
1575 4230 1833 4324 scriptum
1858 4267 1939 4312 est
1964 4276 1975 4311 :
2003 4258 2031 4312 1
2038 4278 2071 4313 η
2092 4262 2178 4316 die

580 4318 832 4375 bonorum
859 4340 923 4378 ne
949 4327 1217 4384 immemor
1249 4335 1323 4387 sis
1344 4337 1623 4409 malorum,
1657 4351 1707 4395 et
1732 4344 1786 4397 in
1812 4346 1895 4399 die
1918 4347 2175 4404 malorum

577 4424 665 4510 ηε.
686 4410 957 4510 immemor
1003 4419 1075 4472 sis
1114 4420 1362 4479 bonorum
1393 4426 1581 4498 (Eccli.
1633 4448 1723 4500 ιι,
1776 4434 1896 4506 27).
1922 4437 2174 4510 Quisquis

576 4500 722 4556 enim
740 4501 882 4561 dona
900 4509 1148 4580 percipit,
1172 4513 1265 4568 sed
1278 4514 1545 4575 donorum
1564 4530 1805 4596 tempore
1826 4545 2169 4604 nequaquam

2205 3209 2255 3273 C

2291 572 2555 634 quatenus
2582 574 2635 622 et
2666 567 2857 639 ﬂagelli
2885 587 3101 641 poenam
3125 579 3386 634 memoria
3414 586 3683 653 temperet
3709 586 3847 644 doni
3875 631 3893 658 ,

2291 665 2348 711 et
2374 656 2499 713 doni
2525 659 2764 717 laetitiam
2792 665 3039 721 mordeat
3059 670 3294 739 suspicio
3316 685 3381 726 ac
3409 671 3642 733 formido
3665 656 3894 750 ﬂagelli.

2290 745 2518 806 Sanctus
2548 752 2707 821 igitur
2734 755 2817 809 vir
2839 797 2854 822 ,
2897 764 2957 812 ut
2985 772 3301 830 oppressam
3328 772 3569 822 mentem
3600 745 3893 831 inteerul-

2292 854 2423 894 nera
2453 843 2706 913 mulceat,
2758 846 2812 901 in
2840 848 3175 919 ﬂagellorum
3204 854 3485 914 doloribus
3511 859 3894 923 blandimenta

2291 930 2555 989 donorum
2583 946 2795 1006 pensat,
2823 940 3008 998 dicens
3034 961 3046 997 :
3070 943 3134 999 Si
3161 945 3297 1001 bona
3323 951 3613 1021 accepimus
3636 955 3700 1009 de
3724 974 3895 1012 manu

2291 1020 2503 1078 Domini
2526 1067 2540 1093 ,
2585 1028 2724 1082 mala
2768 1048 2928 1101 quare
2962 1050 3067 1089 non
3104 1020 3495 1097 sustin‘eamus?
3534 1042 3637 1099 Ubi
3666 1054 3722 1101 et
3750 1047 3895 1106 bene

2290 1116 2587 1184 prmmittit,
2619 1117 2817 1175 Locuta
2843 1140 2896 1178 es
2924 1128 3071 1196 quasi
3098 1144 3202 1182 una
3224 1147 3289 1184 ea:
3310 1132 3671 1203 insipientibus
3699 1140 3893 1194 mulie-

2292 1204 2453 1259 ribus.
2510 1207 2647 1273 Quia
2676 1213 2819 1267 enim
2849 1229 3041 1272 sensus
3072 1229 3094 1257 ο
3128 1235 3307 1289 pravae
3336 1224 3596 1294 mulieris,
3646 1243 3757 1284 non
3787 1246 3890 1286 au-

2291 1302 2400 1350 tem
2446 1300 2608 1357 sexus
2647 1303 2703 1357 in
2751 1306 2881 1362 vitio
2930 1318 3034 1378 est,
3083 1327 3425 1386 nequaquam
3452 1318 3796 1379 aitzLocuta
3828 1340 3893 1381 es

2291 1391 2446 1459 quasi
2476 1408 2583 1447 una
2612 1411 2680 1452 ex
2706 1400 3041 1470 mulieribus,
3073 1407 3188 1473 sed,
3219 1424 3286 1463 ex
3313 1410 3510 1481 ineptis
3538 1416 3888 1486 mulieribus,

2290 1490 2350 1537 ut
2374 1483 2624 1542 videlicet
2646 1491 2962 1548 ostendatur
2985 1497 3111 1565 quia
3137 1500 3281 1567 quod
3307 1517 3533 1571 pravum
3557 1508 3716 1577 sapit,
3742 1507 3769 1546 ἀ
3792 1483 3891 1567 θεέ

2290 1572 2534 1631 cedentis
2562 1578 2820 1650 stultitiae,
2869 1600 2981 1641 non
3029 1596 3210 1645 autem
3254 1593 3486 1650 conditae
3535 1572 3887 1673 sit—naturae.

2287 1665 2545 1737 Sequitur
2573 1688 2585 1722 :

2714 1789 3012 1863 CAPUT‘X
3047 1796 3199 1869 [Rec.
3240 1797 3432 1873 VIII].

2358 1899 2487 1956 lBlD.
2505 1902 2657 1959 —In
2687 1908 2923 1963 omnibus
2950 1910 3030 1964 his
3058 1927 3159 1967 non
3190 1916 3417 1984 peccavit
3442 1914 3543 1972 Job
3573 1917 3725 1974 labiis
3750 1924 3883 1978 suis.

2359 2033 2448 2089 17.
2484 2036 2583 2091 Job
2612 2055 2717 2094 non
2744 2046 2970 2113 peccavit
2998 2045 3179 2114 labiis,
3220 2050 3341 2119 quia
3370 2066 3464 2104 nec
3491 2051 3689 2123 injusta
3718 2055 3879 2123 dixit,

2288 2141 2381 2179 nec
2403 2128 2549 2198 justa
2575 2133 3098 2193 reticuit.—Duobus
3126 2141 3302 2196 modis
3323 2142 3475 2198 labiis
3496 2145 3885 2218 delinquimus,

2288 2233 2411 2273 cum
2439 2229 2532 2274 aut
2577 2222 2775 2291 injusta
2804 2228 3032 2286 dicimus
3054 2271 3068 2297 ,
3100 2240 3193 2286 aut
3231 2231 3378 2301 justa
3407 2236 3713 2293 reticemus.
3748 2238 3885 2294 Nam

2286 2312 2331 2367 si
2360 2312 2648 2383 aliquando
2677 2326 2733 2371 et
2756 2326 2938 2375 tacere
2963 2324 3120 2393 culpa
3146 2340 3253 2379 non
3276 2335 3448 2392 esset,
3479 2329 3746 2399 propheta
3773 2346 3886 2387 non

2287 2404 2527 2460 diceret:
2564 2406 2657 2463 γω
2700 2411 2864 2477 mihi,
2914 2416 3035 2485 quia
3087 2419 3221 2471 tacui
3255 2404 3530 2489 (Ιδαὶςνι,
3577 2420 3653 2493 5).
3687 2422 3887 2480 Beatus

2286 2492 2448 2564 igitur
2492 2495 2593 2553 Job
2642 2500 2698 2554 in
2745 2504 2953 2559 cunctis
2997 2520 3115 2574 qum
3160 2508 3286 2576 egit,
3320 2509 3474 2566 labiis
3519 2492 3632 2568 suis
3657 2514 3884 2571 minime

2286 2589 2573 2659 peccavit,
2614 2593 2738 2661 quia
2782 2610 2885 2651 nec
2928 2608 3116 2653 contra
3146 2600 3429 2658 ferientem
3459 2605 3693 2676 superba
3722 2607 3880 2675 dixit,

2286 2694 2390 2735 nec
2417 2690 2606 2737 contra
2653 2685 2974 2743 suadentem
3016 2700 3166 2748 recta
3213 2696 3448 2751 reticuit.
3498 2697 3609 2754 Nec
3652 2698 3883 2768 loquens

2287 2786 2438 2843 ergo,
2468 2790 2572 2831 nec
2595 2783 2781 2834 tacens
2807 2780 3048 2851 deliquit,
3076 2786 3167 2855 qui
3194 2794 3249 2842 et
3277 2788 3568 2858 ﬂagellanti
3596 2791 3736 2860 patri
3763 2806 3884 2861 gra-

2285 2865 2390 2919 tias
2418 2867 2680 2935 reddidit,
2712 2878 2768 2926 et
2810 2875 2952 2929 male
2981 2876 3226 2932 suadenti
3254 2880 3470 2951 conjugi
3499 2880 3756 2937 doctrinae
3785 2898 3880 2938 sa-

2283 2954 2543 3024 pientiam
2570 2959 2913 3018 ministravit.
2948 2965 3082 3031 Quia
3122 2969 3266 3023 enim
3310 2971 3468 3025 scivit
3495 2972 3625 3042 quid
3652 2973 3882 3029 deberet

2285 3044 2418 3112 Deo,
2451 3048 2578 3119 quid
2605 3053 2875 3122 proximo,
2904 3056 3112 3114 scilicet
3136 3061 3451 3129 patientiam
3475 3062 3759 3129 conditori,
3790 3079 3879 3119 sa-

2285 3137 2546 3206 pientiam
2575 3143 2789 3214 conjugi
2816 3188 2832 3215 ,
2881 3147 3084 3205 idcirco
3111 3158 3167 3205 et
3195 3151 3333 3207 hanc
3374 3154 3745 3224 redarguendo
3773 3154 3878 3221 d9-

2285 3230 2437 3300 cuit,
2487 3239 2541 3287 et
2568 3232 2717 3289 illum
2747 3238 2947 3304 gratias
2974 3242 3181 3310 agendo
3221 3243 3475 3301 laudavit.
3524 3245 3653 3314 Quis
3692 3256 3880 3303 autem

2283 3328 2549 3391 nostrum,
2580 3324 2626 3379 si
2654 3341 2819 3382 unum
2845 3331 3123 3399 quodlibet
3150 3334 3340 3391 vulnus
3368 3345 3533 3392 tantae
3561 3336 3720 3408 hujus
3746 3353 3877 3408 per-

2284 3415 2549 3471 cussionis
2587 3419 2880 3489 acciperet,
2927 3440 3034 3479 non
3079 3441 3204 3481 mox
3233 3429 3302 3483 ab
3341 3430 3543 3486 intimis
3568 3440 3879 3502 prostratus

2283 3503 2522 3573 iaceret?
2550 3506 2691 3564 Ecce
2716 3519 2917 3567 stratus
2941 3513 3074 3569 foris
3098 3518 3409 3575 vulneribus
3437 3522 3641 3593 carnis,
3663 3532 3880 3580 erectus

2286 3599 2610 3655 intrinsecus
2638 3602 2933 3659 munimine
2963 3616 3243 3676 permanet
3270 3611 3501 3679 mentis;
3553 3622 3609 3668 et
3654 3616 3757 3670 sub
3788 3630 3879 3671 se-

2282 3692 2512 3762 metipso
2541 3708 2699 3748 omne
2723 3692 2970 3763 jaculum
3014 3700 3344 3756 transvolare
3387 3703 3678 3774 conspicit,
3730 3706 3881 3775 quod

2283 3779 2339 3835 in
2380 3796 2441 3837 se
2486 3784 2723 3841 exterius
2751 3785 2992 3843 districta
3038 3804 3199 3845 manu
3236 3792 3461 3848 saeviens
3500 3794 3674 3851 hostis
3721 3790 3874 3865 ﬁgit,

2281 3873 2568 3943 vigilanter
2597 3876 2952 3947 deprehendit
2974 3879 3177 3951 jacula,
3209 3883 3370 3940 modo
3398 3884 3707 3965 vulneribus
3736 3902 3872 3941 con-

2282 3972 2367 4019 tra
2393 3981 2452 4021 se
2480 3981 2510 4020 a
2538 3966 2698 4038 facie,
2738 3971 2900 4027 modo
2929 3972 3108 4028 verbis
3136 3975 3289 4043 quasi
3320 3990 3388 4031 ex
3432 3976 3602 4032 latere
3648 3978 3868 4033 intorta.

2281 4054 2351 4110 Et
2406 4057 2638 4114 bellator
2692 4071 2876 4118 noster
2931 4066 3453 4123 circumvallantium
3516 4070 3869 4126 certaminum

2282 4147 2493 4205 fervore
2519 4150 2908 4221 deprehensus,
2952 4156 3149 4226 ubique
3179 4159 3454 4228 patientiae
3481 4174 3589 4215 suae
3617 4160 3869 4232 clypeum

2280 4242 2538 4310 Opponit;
2559 4242 2807 4311 ~undique
2832 4247 3169 4303 venientibus
3195 4248 3418 4318 spiculis
3445 4250 3648 4320 obviat,
3690 4260 3745 4306 et
3771 4266 3870 4321 per

2279 4342 2473 4386 cuncta
2495 4331 2755 4388 virtutum
2775 4335 2945 4392 latera
2974 4339 3419 4411 circumspectam
3442 4352 3632 4399 contra
3658 4343 3867 4401 irruen-

2277 4424 2352 4477 tia
2383 4425 2605 4481 vulnera
2639 4439 2661 4467 ο
2692 4439 2929 4485 mentem
2960 4440 3123 4487 rotat.

2349 4534 2491 4608 [Vet.
2522 4538 2672 4593 VIII
2679 4537 2717 4611 .]
2758 4541 2845 4598 l8.
2887 4542 3135 4600 Tentatur
3162 4563 3253 4617 per
3281 4550 3573 4606 amicos.—
3588 4550 3695 4609 Sed
3721 4551 3866 4606 anti-

574 4592 738 4648 etiam
779 4594 989 4668 ﬂagella
1019 4604 1383 4677 pertimescit,
1433 4611 1488 4665 in
1517 4592 1753 4674 elatione
1781 4636 1879 4690 per
1915 4592 2167 4685 laetitiam
2192 4603 2252 4667 Β
2273 4592 2412 4697 quiis
2439 4630 2610 4687 hostis
2637 4592 2743 4702 uno
2774 4634 3040 4691 valentius
3068 4592 3321 4709 vincitur,
3364 4656 3430 4697 eo
3456 4644 3562 4714 ει
3595 4643 3770 4699 adhuc
3797 4642 3866 4697 ad

574 4685 771 4714 nnis-“:0
828 4687 1078 4714 n..:..-.-:-
1110 4702 1277 4714 ---_.-,._
1321 4698 1351 4714 ιι
1460 4702 1513 4714 ιη
1718 4709 1728 4714 -
1998 4712 2002 4714 Α

572 4685 794 4739 corruit.
828 4687 1081 4760 Quisquis
1107 4702 1288 4751 autem
1319 4698 1543 4769 ﬂagellis
1572 4685 1842 4779 atteritur,
1868 4714 1962 4769 sed
1982 4712 2167 4786 ﬂagel-

569 4773 745 4829 lorum
789 4786 1035 4851 tempore
1078 4801 1416 4857 nequaquam
1460 4810 1518 4849 se
1562 4814 1629 4851 ex
1664 4799 1849 4871 donis,

569 4868 796 4936 contigit
824 4876 1118 4945 accepisse,
1150 4883 1495 4954 consolatur,
1543 4891 1611 4945 ab
1650 4901 1794 4950 statu
1822 4901 2018 4957 mentis
2045 4919 2163 4960 om-

566 4957 783 5015 nimoda
830 4963 1210 5037 desperatione
1252 4974 1565 5039 destruitur.
1619 4983 1710 5042 Sic
1755 5004 1883 5063 ergo
1933 5004 2160 5069 utraque

563 5180 605 5235 G
637 5122 663 5150 ⁸
684 5113 866 5243 Antig.
892 5117 1107 5191 Rhem.,
1124 5142 1350 5212 unuse:
1374 5134 1605 5219 Remig.,
1630 5141 2153 5225 Compend.,Corb.,

610 5197 768 5243 erm..
855 5190 987 5243 01b..
1034 5205 1144 5243 vet-
1191 5198 1305 5243 Rdn
1363 5204 1508 5243 βαι-ιε
1564 5220 1619 5243 οι
1652 5213 1787 5243 nam
2032 5226 2053 5243 ,.
2090 5228 2102 5243 .

610 5197 775 5284 3Tb:
811 5190 1018 5284 (_l_o_lb‘._,___
1034 5190 1144 5284 vet.
1190 5190 1326 5257 Edit.
1360 5190 1620 5266 Ρειιιὶέξυέε
1638 5190 2156 5284 hagi'iJ'iiii‘itiél

559 5261 775 5310 ctationi
815 5271 1087 5321 creatum.

559 5324 660 5451 ac:
688 5324 856 5454 (ﬂigi,
891 5335 983 5387 sed
1011 5340 1144 5393 male
1181 5349 1472 5417 concupita.
1519 5351 1830 5426 Elegantius
1866 5361 2015 5434 Mss.,
2060 5370 2154 5424 sed

632 5467 771 5569 inita
814 5471 941 5569 biss.
982 5477 1167 5569 lgorm.
1207 5499 1421 5569 omunes,
1456 5490 1671 5569 Rhem.,
1717 5501 1903 5569 Corb.,
1935 5507 2117 5565 Germ.

697 5539 707 5551 .
1158 5534 1165 5535 ,
1214 5534 1421 5554 μνη--.νγ
1456 5534 1671 5565 “utaut,
1718 5534 1903 5569 υυιυ.,
1935 5534 2117 5565 υειίυ.

557 5534 956 5646 ἓξιηῗνριξξιυε
992 5548 1242 5636 Yindoc.,
1274 5555 1499 5626 Turon.,
1533 5564 1856 5643 Compend.,
1886 5578 2000 5631 Val.
2036 5554 2146 5646 CL:

556 5614 659 5705 ex}...
693 5612 912 5705 AtoEd.,
942 5612 1240 5705 quia‘enim
1260 5642 1453 5705 sensus_
1470 5612 1644 5701 pravw
1672 5612 2146 5705 51:55.21

899 5676 907 5679 _
1265 5676 1437 5682 --πη-
1508 5676 1639 5691 mm
1675 5676 1691 5693 ι
1735 5676 1783 5694 ιι.
1830 5676 1840 5696 ι

556 5676 1029 5775 νὶὺέιελζξιεῖευρξίιξξ
1059 5692 1282 5775 Vindoc.
1316 5676 1600 5760 conﬁtfmat
1628 5676 1765 5767 hanc

737 5751 749 5761 .
1208 5746 1221 5748 ,
1242 5746 1281 5749 -_
1322 5746 1473 5754 -v-.-"
1488 5746 1600 5760 ..ιι-υ
1628 5746 1765 5767 nlui”;
1795 5746 2103 5775 ιυυιιυιητιιι.

620 5746 647 5784 ά
686 5749 874 5825 thot.,
901 5757 1099 5831 Vatic.,
1124 5765 1412 5840 Gussanv.,
1438 5776 1737 5851 accidentis,
1766 5795 1953 5844 contra
1981 5790 2141 5849 ﬁdem

2276 4720 2497 4778 insidias
2544 4724 2820 4781 ardentius
2865 4727 3166 4797 instigatur.
3199 4731 3334 4787 Nam
3364 4734 3490 4804 quia
3518 4751 3656 4791 uxor
3684 4736 3863 4792 incre-

1894 4820 2012 4875 quze
2040 4824 2163 4867 eum
2272 4821 2399 4883 pata
2428 4816 2664 4881 reticuit,
2696 4819 2941 4888 protinus
2969 4822 3104 4876 alios
3131 4824 3223 4892 qui
3255 4822 3271 4861 ί
3305 4826 3620 4896 increpandi
3644 4826 3714 4881 ad
3740 4844 3867 4883 con-

2271 4907 2522 4963 tumelias
2568 4921 2890 4979 surgerent,
2947 4915 3223 4972 excitavit.
3274 4916 3429 4973 Sicut
3473 4920 3619 4975 enim
3664 4920 3864 4976 damna

2269 5010 2449 5051 rerum
2473 4999 2674 5055 studuit
2699 5003 2939 5062 crebrius
2957 5006 3252 5063 nuntiando
3280 5019 3591 5079 percutere;
3619 5011 3693 5066 ita
3720 5028 3866 5069 nunc

2262 5154 2396 5213 Mss.
2429 5166 2484 5213 et
2511 5166 2621 5215 vet.
2646 5159 2786 5215 Edit.

2342 5237 2366 5266 ε
2407 5228 2482 5283 lta
2530 5229 2715 5311 Corb.,
2766 5231 2948 5311 Germ.
2978 5243 3071 5311 _et_
3101 5241 3507 5311 omnesunostri
3546 5240 3699 5311 Mss.,
3751 5258 3862 5298 non

2263 5308 2486 5379 mentem
2512 5301 2743 5379 roborat,
2775 5314 2833 5356 ut
2859 5305 3216 5379 inplerisque
3238 5306 3408 5365 Editis
3438 5312 3652 5379 legitur.

2339 5369 2359 5408 τ
2394 5371 2519 5466 Acut.
2552 5369 2890 5466 Rhemglqui
2912 5369 3582 5466 increpuitdi‘conlumetias
3611 5401 3859 5466 suggere-

2258 5452 2403 5526 τεηι..
2425 5441 2702 5497 Secundus
2726 5441 2920 5526 linem.
2946 5454 3001 5499 et
3028 5441 3543 5526 secundusliemigg
3571 5441 3862 5526 quiincre-

2256 5513 2434 5594 panao
2481 5515 2813 5596 contunielias
2863 5528 3213 5596 suggererent.
3265 5513 3738 5596 Printusze'Inigq
3770 5526 3859 5596 qui

2256 5584 2330 5634 ad
2360 5584 2730 5653 increpantium
2761 5584 3082 5665 contum—etiis
3110 5600 3396 5665 surgerent.
3429 5592 3638 5665 Gemu,
3662 5584 3738 5648 ’ἇᾶ
3766 5584 3856 5649 in-

2252 5656 2502 5729 crepandi
2530 5657 2862 5729 contumelias
2892 5670 3180 5729 surgerent.
3201 5656 3398 5729 Corb.,
3422 5656 3636 5729 Germ.,
3661 5681 3857 5719 secun-

2253 5723 2335 5775 dis
2365 5727 2533 5808 curis,
2582 5726 2675 5780 sed
2690 5767 2718 5808 ,_
2740 5728 2817 5781 uti
2848 5723 3059 5786 videtur
3081 5771 3098 5799 ,
3146 5734 3215 5791 ab
3244 5723 3435 5793 eadem
3464 5723 3648 5808 manu,
3680 5737 3853 5791 incre-

2252 5794 2455 5865 pando,
2480 5812 2589 5852 non
2616 5797 2775 5853 male.
