4180 6456
537 404 636 466 6H

538 520 752 592 offeras,
778 535 882 575 non
910 522 1046 573 recte
1069 522 1241 571 autem
1261 511 1481 580 dividas,
1496 512 1721 585 peccasti
1738 510 1947 585 (Gener.
1971 525 2043 575 tv,
2074 506 2124 575 7,
2156 507 2204 568 Δ

538 629 639 666 sec.
674 607 870 679 LXX).
895 608 1061 665 Recte
1092 621 1323 677 namque
1353 603 1595 673 oflertur,
1630 619 1753 660 cum
1782 611 1929 660 recta
1963 602 2133 656 inten-

539 705 687 759 tione
707 702 836 771 quid
858 701 1051 771 agitur.
1076 699 1180 755 Sed
1205 704 1351 755 recte
1374 715 1482 755 non
1505 697 1780 764 dividitur,
1808 696 1851 752 si
1875 710 1981 751 non
2007 696 2133 762 hoc,

539 793 683 863 quod
713 790 799 847 die
845 793 1040 862 agitur,
1071 792 1232 847 etiam
1261 790 1530 846 subtiliter
1559 789 1917 844 discernatur.
1944 783 2134 841 Oblata

542 887 684 941 enim
716 892 863 940 recte
891 883 1129 939 dividere
1179 888 1262 939 est
1287 880 1541 953 quaelibet
1570 881 1712 935 bona
1744 886 1927 934 nostra
1961 876 2135 932 studia

540 977 772 1034 sollicite
803 984 829 1014 ⁸
857 975 1215 1032 discernendo
1256 988 1507 1046 pensare.
1535 971 1691 1040 Quod
1740 969 1992 1026 nimirum
2044 969 2135 1039 qui

542 1083 703 1138 agere
731 1067 1053 1133 dissimulat,
1087 1067 1249 1123 etiam
1279 1074 1425 1122 recte
1448 1064 1679 1121 offerens
1705 1066 1915 1131 peccat.

615 1182 763 1257 [Vet.
793 1179 891 1252 X.]
920 1180 1011 1236 24.
1038 1180 1424 1247 Providentiam
1450 1188 1505 1233 ut
1528 1178 1663 1248 quod
1686 1186 1825 1232 recto
1854 1174 2026 1231 studio
2054 1174 2137 1227 in-

542 1278 781 1348 cipimus,
805 1284 943 1329 recto
969 1275 1075 1344 ﬁne
1099 1289 1429 1345 peragamus.
1462 1304 1535 1313 —
1564 1271 1715 1342 Saepe
1742 1283 1871 1337 ergo
1912 1276 1965 1321 ct
1995 1263 2139 1335 quod

543 1369 687 1424 bono
726 1366 904 1421 studio
934 1365 1187 1433 gerimus,
1220 1364 1345 1417 dum
1379 1362 1685 1417 discernere
1723 1370 1881 1415 caute
1920 1355 2140 1427 negligi-

548 1474 689 1523 mus,
717 1472 823 1526 quo
868 1455 1135 1525 judicetur
1179 1454 1285 1508 Iine
1313 1453 1617 1518 nescimus;
1648 1462 1704 1507 et
1752 1463 2139 1518 nonnunquam

546 1553 651 1606 hoc
691 1550 748 1603 lit
776 1558 957 1604 reatus
983 1546 1245 1612 criminis,
1285 1545 1430 1615 quod
1456 1552 1677 1615 putatur
1708 1558 1869 1598 causa
1905 1540 2135 1594 virtutis.

547 1642 798 1711 Quisquis
822 1650 1002 1696 autem
1030 1640 1330 1695 amicorum
1360 1639 1505 1693 beati
1526 1637 1623 1691 Job
1652 1636 1790 1691 facta
1812 1634 2139 1699 considerat,

548 1749 708 1803 quam
755 1732 842 1803 pia
872 1731 940 1785 ad
970 1746 1091 1786 eum
1130 1725 1435 1785 intentione
1474 1728 1727 1783 venerint
1768 1742 1877 1781 non
1908 1726 2142 1794 ignorat.

549 1826 841 1880 Pensemus
879 1825 1023 1880 enim
1058 1823 1212 1893 cujus
1252 1822 1530 1877 charitatis
1573 1822 1759 1887 fuerit,
1792 1819 1858 1873 ad
1889 1816 2142 1873 afﬂictum

550 1920 891 1976 concorditer
915 1918 1267 1982 convenisse;
1299 1924 1500 1986 quanta
1527 1917 1697 1969 virtus
1724 1910 2144 1982 longanimitaﬁs

547 2011 827 2078 exstiterit,
865 2020 1069 2082 septem
1100 2009 1289 2065 diebus
1319 2017 1375 2064 et
1403 2008 1653 2063 noctibus
1681 2021 1803 2062 cum
1829 2002 2029 2059 alllicto
2065 2011 2144 2055 ta-

551 2104 757 2169 cuisse;
785 2118 903 2171 quze
930 2101 1227 2166 humilitas,
1252 2100 1307 2155 in
1324 2108 1466 2155 terra
1492 2107 1573 2153 tot
1600 2097 1790 2153 diebus
1812 2112 1875 2150 ac
1896 2094 2145 2150 noctibus

549 2195 908 2263 sedisse;83
925 2208 1044 2262 quae
1071 2192 1401 2261 compassio,
1429 2190 1649 2260 pulvere
1679 2188 1855 2258 capita
1886 2200 2145 2253 consper-

550 2286 705 2340 sisse.
736 2284 841 2337 Sed
866 2292 1046 2337 tamen
1068 2283 1388 2336 inchoantes
1417 2279 1581 2347 loqui,
1604 2279 1742 2332 unde
1768 2292 1827 2330 se
1846 2275 2149 2329 :cstimavc-

552 2385 677 2432 runt
705 2376 983 2445 praemium
1015 2373 1279 2427 mercedis
1308 2372 1607 2440 acquirere,
1637 2371 1763 2424 inde
1791 2383 1886 2423 eos
1924 2366 2150 2434 contigit

552 2478 769 2541 reaturn
793 2465 1228 2536 reprehensionis
1270 2463 1527 2527 invenire,
1560 2460 1684 2531 quia
1730 2458 1959 2513 incautis
2007 2470 2150 2525 saepe

554 2559 621 2613 ad
652 2558 859 2627 peccati
894 2556 1053 2611 linem
1071 2555 1317 2619 vertitur,
1349 2552 1513 2607 etiam
1540 2550 1683 2620 quod
1714 2566 1810 2619 pro
1834 2548 1949 2603 solo
1972 2547 2150 2602 studio

552 2649 819 2706 mercedis
854 2647 1161 2704 inchoatur.
1193 2646 1334 2701 Ecce
1372 2643 1635 2715 prmcipiti
1678 2640 1952 2697 locutione
1979 2638 2153 2709 perdi-

552 2743 748 2799 derunt
777 2742 1008 2807 bonum,
1039 2736 1182 2810 quod
1215 2745 1363 2791 tanto
1407 2735 1592 2789 labore
1633 2732 1858 2787 mercati
1910 2738 2053 2786 sunt.
2087 2727 2153 2783 Et

554 2834 657 2889 nisi
685 2834 850 2889 divini
877 2831 1047 2901 gratia
1072 2828 1267 2884 oﬂerre
1293 2843 1388 2883 eos
1408 2823 1731 2882 sacriﬁcium
1756 2840 1852 2894 pro
1875 2840 1972 2878 suo
1998 2830 2151 2878 reatu

554 2924 932 2997 prmcepisset,
974 2920 1100 2977 inde
1138 2937 1167 2974 a
1207 2919 1436 2975 Domino
1471 2919 1614 2986 juste
1654 2917 1831 2987 puniri
1872 2923 2150 2985 poterant,

554 3018 698 3076 unde
726 3032 785 3073 se
819 3016 1034 3086 placere
1064 3012 1293 3067 Domino
1330 3010 1646 3065 mirabiliter
1677 3008 2035 3064 :cstimabant.
2069 3005 2153 3060 In-

555 3110 623 3165 de
656 3108 828 3179 judlci
873 3105 1188 3176 displicent,
1225 3102 1364 3158 unde
1403 3102 1504 3157 sibi
1534 3101 1686 3171 quasi
1714 3114 1814 3169 pro
1845 3096 2155 3153 defensione

550 3198 749 3273 judicis
794 3214 893 3269 per
939 3196 1347 3253 ellrenationem
1378 3195 1616 3265 placent.
1642 3191 1848 3245 Idcirco
1870 3205 1999 3242 vero
2041 3189 2156 3242 hmo

557 3292 785 3349 dicimus
798 3330 814 3357 ,

557 3391 828 3455 quatenus
883 3379 1113 3437 sollicite
1140 3378 1368 3448 quisque
1397 3375 1702 3430 consideret
1744 3386 1809 3425 ea
1850 3387 1968 3438 quae
2014 3373 2157 3424 malo

558 3485 688 3533 voto
718 3479 1122 3546 perpetrantur,
1153 3476 1354 3540 quanta
1388 3466 1646 3520 Dominus
1688 3462 2159 3517 animadversione

562 3566 781 3641 puniat,
812 3566 857 3620 si
882 3564 1137 3620 inchoata
1180 3562 1323 3616 bono
1354 3557 1530 3613 studio
1551 3599 1566 3625 ,
1592 3555 1687 3610 sed
1715 3553 2051 3622 negligentia:
2080 3552 2160 3605 in-

561 3658 905 3717 discretionis
951 3655 1202 3721 admista,
1232 3660 1381 3707 tanta
1412 3652 1719 3706 invectione
1749 3647 1995 3715 castigat.
2032 3644 2162 3711 Quis

557 3768 668 3808 non
708 3750 973 3807 mercedis
1015 3762 1237 3803 causam
1269 3743 1541 3815 peregisse
1583 3756 1643 3796 se
1683 3740 1950 3804 crederet,
1980 3738 2023 3793 si
2068 3745 2160 3792 aut

558 3845 615 3900 in
639 3841 949 3899 defensione
963 3839 1058 3895 Dei
1081 3839 1374 3910 quidquam
1398 3842 1584 3890 contra
1603 3831 1909 3901 proximum
1931 3830 2160 3897 diceret,

562 3940 655 3989 aut
680 3941 827 3988 certe
847 3938 1051 4001 septem
1077 3929 1266 3983 diebus
1289 3942 1351 3981 ac
1382 3925 1628 3981 noctibus
1655 3937 1754 3991 pro
1784 3922 2019 3992 proximi
2064 3920 2161 3974 do-

560 4026 677 4081 lore
704 4022 992 4079 tacuisset?
1014 4019 1080 4074 Et
1102 4030 1282 4074 tamen
1307 4019 1461 4073 amici
1484 4017 1626 4071 beati
1654 4014 1753 4069 Job
1780 4016 1895 4069 haec
1917 4022 2161 4081 agentes,

564 4119 633 4175 ad
658 4119 871 4189 culpam
892 4114 1188 4170 laborando
1216 4118 1597 4185 pervenerunt,
1631 4109 1753 4180 quia
1776 4105 2163 4162 consolationis

567 4211 787 4282 quidem
833 4209 1035 4263 bonum
1084 4206 1227 4275 quod
1256 4205 1511 4273 agebant,
1554 4207 1852 4267 noverant;
1900 4198 1994 4253 sed
2040 4211 2161 4252 cum

574 4308 774 4373 quanta
805 4296 1070 4368 agendum
1102 4304 1245 4353 esset
1274 4293 1612 4349 discretionis
1642 4292 1798 4359 libra,
1826 4291 2158 4345 nesciebant.

570 4389 721 4448 Unde
760 4404 982 4445 necesse
1009 4397 1093 4443 est
1120 4395 1179 4442 ut
1209 4400 1318 4441 non
1347 4385 1521 4439 solum
1556 4384 1862 4436 intueamur
1894 4380 2023 4452 quid
2062 4381 2165 4450 agi.

566 4499 704 4549 mus,
724 4481 819 4538 sed
850 4481 1014 4537 etiam
1054 4494 1176 4535 cum
1208 4484 1409 4547 quanta
1454 4473 1781 4528 discretione
1819 4487 2159 4541 peragamus.

566 4576 802 4632 Primum
830 4572 1068 4643 quidem,
1101 4587 1169 4626 ne
1200 4569 1339 4627 mala
1367 4581 1586 4637 quoquo
1603 4565 1784 4633 modo,
1817 4566 2163 4636 postmodum

1740 390 1986 451 SANC'I'I
2023 389 2354 451 GREGORII
2392 389 2606 447 MAGNI

3729 385 3839 440 61!

2306 507 2451 581 [Vet.
2486 505 2589 562 XI.
2637 503 2759 561 Περ.
2791 501 2923 576 XL]
2969 496 3057 557 25.
3106 502 3476 558 Musonum
3516 512 3838 561 sensus.—

2236 600 2426 655 Christi
2460 609 2508 653 et
2542 598 2787 653 Ecclesia:
2816 602 3010 669 quanta
3031 596 3097 649 sit
3118 591 3647 666 conjunctio.—Htec
3674 595 3835 663 juxta

2235 690 2517 745 historiam
2550 690 2784 745 breviter
2809 696 3036 743 tractata
3069 685 3455 757 percurrimus,
3486 702 3629 740 nunc
3659 688 3725 741 ad
3754 687 3837 740 al—

2236 780 2558 850 legoriarum
2602 780 2913 851 mysterium
2936 778 3099 833 verba
3134 784 3429 831 vertamus.
3472 775 3581 830 Sed
3619 778 3749 845 quia
3778 778 3833 833 in

2237 873 2461 929 exordio
2489 872 2649 941 hujus
2670 872 2848 941 operis
2869 871 2995 925 dum
3025 869 3094 924 de
3122 869 3329 922 unitate
3350 869 3542 937 capitis
3566 877 3626 923 et
3646 885 3839 939 corpo-

2239 966 2311 1021 ris
2323 973 2703 1031 tractaremus,
2720 963 2951 1019 sollicita
2969 961 3271 1018 intentione
3293 961 3837 1031 pnemisimusquan-

2239 1068 2293 1114 ta
2317 1060 2370 1115 in
2394 1059 2473 1114 eis
2500 1058 2569 1114 sit
2598 1070 2861 1128 compago
2892 1056 3194 1121 charitatis,
3222 1056 3350 1124 quia
3381 1054 3633 1110 nimirum
3653 1065 3709 1111 et
3732 1055 3838 1112 Do-

2240 1150 2416 1204 minus
2438 1150 2603 1203 multa
2625 1149 2800 1203 adhuc
2820 1162 2917 1217 per
2936 1160 3155 1217 corpus,
3177 1146 3324 1216 quod
3342 1160 3440 1200 nos
3469 1161 3675 1211 sumus,
3696 1148 3842 1217 pati-

2241 1251 2346 1305 tur.
2372 1250 2427 1296 et
2452 1241 2561 1312 jam
2594 1256 2790 1311 corpus
2811 1240 2948 1309 ejus,
2973 1240 3024 1294 id
3048 1246 3126 1295 est
3146 1237 3407 1300 Ecclesia,
3428 1237 3494 1292 de
3511 1252 3610 1293 suo
3629 1238 3836 1308 capite,

2240 1334 2495 1389 videlicet
2516 1334 2762 1399 Domino,
2786 1333 2839 1387 in
2870 1332 3007 1388 ctelo
3032 1333 3322 1401 gloriatur;
3356 1332 3429 1385 ita
3460 1346 3599 1385 nunc
3628 1330 3843 1400 passio.

2244 1437 2340 1478 nes
2380 1424 2607 1493 exprimi
2652 1422 2891 1491 ejusdem
2932 1422 3124 1491 capitis
3156 1421 3388 1483 debent,
3431 1429 3490 1472 ut
3518 1420 3843 1475 ostendatur

2244 1530 2405 1584 quam
2436 1517 2599 1569 multa
2633 1516 2795 1569 etiam
2839 1515 2892 1568 in
2921 1527 3152 1580 corpore
3189 1527 3289 1567 suo
3318 1512 3565 1566 sustinet.
3599 1511 3657 1566 Si
3692 1512 3839 1566 enim

2244 1615 2661 1678 caputnostrum
2677 1615 2943 1661 tormenta
2976 1613 3160 1660 nostra
3185 1618 3294 1658 non
3318 1610 3621 1671 tangerent,
3638 1618 3845 1671 nequa-

2245 1714 2405 1768 quam
2435 1713 2531 1768 pro
2558 1696 2770 1751 afﬂictis
2802 1697 3056 1752 membris
3083 1693 3419 1765 persecutori
3450 1707 3549 1747 suo
3582 1692 3744 1746 etiam
3774 1691 3845 1746 de

2245 1793 2383 1847 ccelo
2396 1792 2655 1846 clamaret
2672 1810 2682 1843 :
2702 1791 2881 1857 Saule,
2902 1789 3082 1854 Saule,
3103 1786 3227 1860 quid
3242 1803 3323 1840 me
3345 1783 3843 1856 persequeris?(.4rt.

2173 1897 2220 1958 Β
2252 1898 2335 1943 1x,
2366 1880 2446 1949 5.)
2492 1881 2549 1935 Si
2588 1882 2856 1935 cruciatus
2888 1880 3056 1933 nostri
3100 1877 3217 1947 ejus
3264 1891 3439 1946 pretia:
3476 1891 3584 1929 non
3624 1883 3842 1940 essent,

2248 1987 2536 2026 convprsus
2576 1970 2838 2038 afﬂictusq
2852 1986 2915 2023 ue
2948 1968 3143 2022 Paulus
3171 1968 3394 2022 minime
3420 1966 3627 2021 diceret
3657 1983 3670 2018 :
3704 1965 3846 2034 Sup-

2248 2065 2360 2133 pleo
2389 2080 2451 2117 ea
2481 2079 2594 2133 qua:
2623 2062 2805 2116 desunt
2844 2061 3144 2131 passionum
3176 2060 3400 2123 Christi,
3429 2060 3485 2112 in
3534 2075 3691 2112 carne
3728 2075 3845 2111 mea

2250 2155 2385 2223 (Col.
2414 2169 2465 2222 l,
2495 2154 2610 2219 ‘24).
2644 2152 2707 2206 Et
2744 2164 2922 2206 tamen
2961 2152 3357 2207 resurrectione
3388 2151 3497 2219 jam
3529 2151 3610 2203 sui
3653 2150 3846 2219 capitis

2250 2247 2519 2300 exaltatns
2548 2245 2673 2297 dicit
2702 2261 2715 2297 :
2749 2242 2848 2308 Qui
2877 2259 2972 2296 nos
3005 2243 3462 2305 conresuscitavit,
3487 2249 3538 2294 et
3565 2241 3842 2295 consedere

2254 2339 2373 2407 fecit
2402 2339 2456 2390 in
2486 2335 2768 2391 calestibus
2791 2333 3081 2404 (Epheut,
3111 2334 3188 2401 6).
3207 2332 3410 2401 Nempe
3439 2331 3585 2386 hunc
3610 2333 3664 2385 in
3696 2341 3840 2387 terra

2252 2428 2685 2499 persecutionum
2735 2434 2996 2481 tormenta
3038 2424 3503 2485 constrinxerant;
3532 2423 3624 2476 sed
3662 2437 3846 2492 pana-

2254 2537 2370 2576 rum
2401 2534 2619 2573 suarum
2660 2518 2990 2588 ponderibus
3017 2528 3253 2585 pressus,
3283 2530 3409 2571 ecce
3449 2515 3559 2583 jam
3589 2530 3686 2583 per
3730 2514 3847 2580 glo-

2255 2612 2388 2665 riam
2410 2611 2601 2680 capitis
2629 2609 2682 2663 in
2708 2608 2849 2663 calo
2872 2606 3161 2661 residebat.
3189 2604 3326 2672 Quia
3356 2621 3485 2674 ergo
3516 2606 3567 2659 in
3599 2606 3852 2660 omnibus

2256 2703 2466 2757 unitum
2500 2710 2663 2770 caput
2687 2708 2742 2755 et
2768 2714 2966 2769 corpus
2992 2700 3260 2764 novimus,
3289 2699 3366 2754 sic
3389 2698 3412 2734 ¹¹
3438 2714 3466 2752 a
3498 2698 3849 2766 percussione

2258 2796 2447 2864 capitis
2469 2792 2771 2863 incipimus,
2800 2799 2859 2845 ut
2885 2791 3278 2858 subsequenter
3307 2798 3484 2843 tamen
3513 2789 3581 2843 ad
3607 2788 3853 2858 corporis

2256 2888 2464 2956 ﬂagella
2494 2886 2789 2941 veniamus.
2822 2883 2929 2938 Sed
2960 2882 3081 2947 hoc,
3116 2881 3259 2949 quod
3289 2880 3522 2949 quadam
3569 2880 3655 2933 die
3684 2881 3854 2934 Satan

2259 2998 2439 3037 coram
2471 2968 2696 3035 Ι)όωίηο
2721 2979 2956 3035 astitisse
2980 2978 3196 3040 dicitur,
3212 2976 3359 3045 quod
3385 2976 3527 3030 unde
3548 2975 3855 3047 veniat“

2260 3086 2629 3148 percontatur,
2662 3075 2805 3145 quod
2835 3074 3027 3127 beatus
3046 3070 3146 3125 Job
3170 3071 3376 3139 magnis
3394 3070 3688 3125 conditoris
3714 3086 3851 3138 prae-

2261 3170 2431 3225 coniis
2455 3168 2757 3238 prml‘ertur,
2787 3166 2911 3233 quia
2954 3164 3064 3233 jam
3111 3177 3256 3231 saepe
3286 3162 3662 3225 discussimus,
3692 3158 3856 3228 repli-

873 3298 932 3344 υι
983 3289 1051 3343 ad
1103 3254 1420 3342 memoriafn
1467 3283 1757 3353 legemium
1814 3296 2152 3347 τονορρηιυε,
2184 3277 2231 3340 C
2261 3277 2386 3317 care
2414 3262 2735 3316 devitamus.
2764 3258 2819 3313 Si
2847 3259 2989 3311 enim
3011 3257 3101 3310 diu
3128 3270 3280 3310 mens
3304 3256 3467 3311 rebus
3496 3254 3751 3308 discussis
3778 3254 3855 3306 in-

2264 3354 2515 3419 volvitur,
2536 3352 2817 3423 pervenire
2840 3350 2905 3404 ad
2932 3350 3227 3405 indiscussa
3256 3346 3596 3417 praepeditum
3624 3344 3697 3398 lbi
3728 3358 3859 3411 ergo

2265 3449 2535 3517 allegoria:
2568 3462 2710 3501 nunc
2731 3446 2942 3500 initium
2974 3444 3241 3513 ponimus,
3266 3442 3355 3496 ubi
3380 3450 3499 3510 post
3521 3439 3684 3493 verba
3717 3452 3862 3506 saepe

2266 3539 2515 3609 repetita,
2551 3538 2863 3606 adjunctum
2886 3536 3009 3589 novi
3032 3534 3229 3603 aliquid
3260 3532 3475 3586 scimus.
3510 3529 3704 3596 Itaque
3733 3528 3814 3581 ait
3844 3545 3858 3579 :

2865 3644 3094 3702 CAPUT
3132 3641 3266 3697 XIV.

2338 3742 2667 3798 Commoristi
2720 3757 2799 3795 me
2847 3739 3089 3793 adversus
3144 3749 3277 3797 eum,
3307 3740 3361 3784 ut
3390 3729 3669 3801 afﬂigerem
3712 3725 3863 3779 illum

2268 3837 2483 3906 frustra.

2338 3926 2424 3980 26.
2472 3926 2705 3980 Christus
2733 3940 2825 3994 pro
2874 3937 2927 3975 se
2960 3925 3183 3989 frustra,
3213 3933 3307 3985 pro
3336 3914 3481 3969 nobis
3528 3928 3631 3965 non
3666 3912 3861 3981 frustra

2268 4019 2508 4089 uﬂlictus.
2540 4050 2609 4059 --
2632 4017 2686 4069 Si
2715 4016 2903 4069 beatus
2931 4010 3031 4065 Job
3060 4007 3437 4079 Redemptoris
3467 4004 3635 4059 nostri
3667 4004 3719 4057 in
3744 4016 3861 4069 pas-

2268 4110 2417 4165 sione
2452 4108 2611 4177 positi
2642 4105 2875 4175 speciem
2908 4110 3075 4166 tenet,
3104 4099 3377 4170 quomodo
3404 4096 3471 4150 ad
3498 4094 3661 4177 Satan
3692 4107 3721 4144 a
3756 4091 3861 4145 Do-

2268 4204 2414 4258 mino
2432 4201 2632 4254 dicitur
2660 4218 2670 4252 :
2695 4196 3026 4253 Commovisti
3055 4209 3136 4246 me
3161 4192 3406 4245 adversus
3431 4204 3546 4242 eum
3560 4165 3863 4254 erdiater

2269 4293 2485 4363 quidem
2535 4290 2628 4343 Dei
2659 4297 2713 4343 et
2761 4288 3063 4349 hominum,
3097 4284 3259 4337 homo
3303 4280 3550 4334 Christus
3588 4273 3771 4335 Jesns,
3802 4279 3865 4325 ut

2270 4390 2455 4457 culpas
2507 4393 2704 4440 nostrae
2750 4378 3193 4449 transgressionis
3244 4375 3651 4457 exstingueret,
3710 4366 3859 4420 venit

2269 4444 2611 4534 moi-talitatis
2640 4482 2837 4529 nostrae
2866 4444 3075 4539 ﬂagella
3106 4467 3337 4522 tolerare
3358 4444 3499 4532 ;/sed
3548 4461 3675 4531 quia
3703 4459 3868 4515 unius

2268 4590 2390 4629 cum
2414 4569 2575 4624 Patre
2604 4567 2955 4636 ejusdemque
2977 4570 3184 4617 natura;
3211 4568 3310 4623 est,
3334 4555 3609 4626 quomodo
3631 4567 3729 4623 per
3757 4550 3859 4605 Sa-

564 4684 695 4722 vero
723 4682 789 4720 ne
813 4664 1191 4721 bonaincaute
1224 4661 1501 4716 faciamus.
1536 4659 1615 4715 Ad
1645 4675 1765 4730 qua:
1788 4661 2038 4714 nimirum
2062 4660 2163 4715 bo-
2194 4668 2245 4726 Ι)
2272 4675 2360 4720 tan
2393 4671 2597 4717 motum
2628 4676 2684 4714 ,ρ
2714 4658 2974 4712 adversus
3002 4669 3127 4710 eum
3146 4651 3307 4705 Pater
3335 4647 3547 4711 asserit,
3572 4660 3699 4699 cum
3727 4657 3867 4696 cnl-

568 4779 633 4815 na
663 4760 889 4815 sollicite
904 4754 1205 4829 peragenda
1230 4754 1492 4825 propheta
1517 4768 1614 4810 nos
1641 4753 1915 4821 admonet,
1947 4754 2160 4809 dicens:

568 4852 881 4909 Matedictus
922 4853 1093 4917 homo,
1125 4852 1210 4923 qui
1254 4851 1381 4922 facit
1422 4866 1547 4921 opus
1590 4848 1812 4903 Domini
1843 4847 2166 4919 negliganter

570 4946 786 5016 (Jerem.
822 4960 1004 5010 XLVIII,
1040 4942 1147 5013 I0).
1184 4941 1263 4996 Ad
1302 4942 1409 4997 hoc
1456 4957 1585 4996 vero
1628 4941 1729 4997 ista
1764 4940 2068 5011 proficiant,
2106 4947 2166 4993 ut

570 5045 696 5091 ante
725 5034 975 5091 terribilis
997 5033 1191 5103 judicis
1211 5032 1407 5087 subtile
1434 5040 1594 5100 atque
1617 5029 2164 5099 incomprehensibile

570 5146 797 5185 examen
829 5144 936 5183 non
963 5126 1135 5182 solum
1172 5126 1313 5180 mala
1344 5139 1462 5194 qua:
1500 5123 1890 5189 commisimus,
1922 5120 2018 5176 sed
2048 5122 2163 5189 ipsa

569 5222 757 5289 etiam,
805 5221 849 5275 si
876 5234 981 5290 qua
1012 5219 1063 5272 in
1095 5219 1247 5273 nobis
1273 5224 1402 5273 sunt
1448 5216 1587 5271 bene
1633 5223 1803 5284 gesta,
1856 5216 2161 5283 timeamus,

570 5315 698 5383 quia
738 5326 880 5382 stepe
915 5311 967 5365 in
1000 5308 1117 5379 ejus
1151 5308 1357 5378 judicio
1381 5308 1540 5377 culpa
1569 5320 1688 5362 esse
1719 5305 2159 5376 deprehenditur,

571 5403 716 5473 quod
740 5403 912 5458 virtus
941 5409 1067 5456 ante
1083 5400 1341 5471 judicium
1359 5406 1611 5469 putatur;
1640 5404 1697 5451 et
1719 5396 1861 5452 unde
1879 5406 2164 5468 exspecta-

574 5505 659 5550 tur
681 5496 767 5567 pia
791 5508 995 5551 merces
1017 5492 1218 5564 operis,
1246 5488 1375 5545 inde
1397 5487 1716 5559 supplicium
1740 5487 1899 5557 justas
1919 5489 2163 5558 sequitur

573 5586 814 5644 ultionis.

644 5774 671 5805 ι
694 5764 913 5822 Ebroic.
947 5771 1002 5820 et
1030 5763 1212 5832 aliqui,
1236 5760 1490 5816 subtiliter
1520 5758 1876 5832 discernenda.

646 5834 676 5875 δ
703 5834 761 5907 In
795 5838 1067 5907 plerisque
1097 5831 1292 5907 Editis,
1331 5850 1363 5884 α
1400 5831 1780 5907 persecutione;
1813 5831 1937 5885 Mss.
1974 5842 2161 5888 omnes

580 5920 701 5963 cum
721 5902 907 5973 Corb.,
932 5902 1141 5969 Germ.,
1174 5904 1373 5958 habent
1392 5920 1425 5955 a
1455 5904 1800 5971 percussione.

2269 4767 2376 4816 stet
2395 4756 2543 4827 quod
2572 4754 2746 4808 Patris
2778 4751 3011 4819 Filiique
3037 4744 3383 4803 concordiam
3413 4740 3558 4795 nulla
3581 4734 3871 4808 potestatis

2269 4850 2623 4922 inzequalitas,
2665 4846 2807 4900 nulla
2835 4842 3128 4899 voluntatis
3157 4836 3439 4893 diversitas
3469 4828 3867 4897 interrumpat?

2270 4944 2375 4999 Sed
2392 4920 2579 4996 tamen
2614 4938 2800 5001 isdem,
2843 4936 2933 5005 qui
2966 4934 3108 4987 Patri
3130 4930 3354 5002 aequalis
3382 4937 3465 4981 est
3491 4940 3585 4994 per
3613 4920 3874 4976 divinita-

2270 5049 2397 5097 tem,
2428 5035 2575 5091 venit
2620 5040 2841 5102 propter
2869 5044 2967 5084 nos
2999 5028 3064 5081 ad
3098 5024 3303 5093 ﬂagella
3337 5036 3434 5091 per
3458 5031 3698 5074 carnem.
3735 5012 3872 5079 Quas

2272 5124 2750 5193 nimirumﬂagella
2778 5139 2880 5176 non
2912 5118 3228 5188 suaciperet,
3261 5114 3363 5168 nisi
3390 5113 3619 5168 lormam
3644 5106 3873 5161 damna—

2274 5222 2311 5275 ti
2342 5218 2574 5276 hominis
2597 5214 2912 5271 redimendo
2935 5209 3272 5280 sumpsisset.
3304 5204 3375 5258 Et
3403 5203 3505 5259 nisi
3532 5201 3737 5271 primus
3768 5196 3875 5251 ho-

2272 5332 2361 5369 mo
2390 5313 2752 5381 delinqueret,
2799 5302 3068 5361 secundus
3101 5312 3122 5339 ε
3155 5298 3224 5354 ad
3253 5295 3517 5366 passionis
3544 5291 3741 5362 probra
3771 5286 3876 5340 mi-

2272 5408 2416 5463 nime
2464 5404 2694 5460 veniret.
2728 5399 2863 5455 Cum
2893 5411 3023 5464 ergo
3054 5393 3257 5465 primus
3299 5389 3461 5442 homo
3495 5399 3589 5455 per
3634 5381 3801 5437 Satan
3838 5394 3872 5433 a

2272 5498 2501 5554 Domino
2530 5504 2709 5549 tnotus
2736 5500 2846 5555 est,
2883 5498 3011 5543 tunc
3036 5493 3117 5540 est
3162 5482 3419 5536 Dominus
3448 5480 3499 5531 in
3524 5476 3749 5530 homine
3789 5486 3875 5526 se-

2271 5589 2447 5646 cundo
2466 5593 2790 5644 commotus.
2817 5582 2985 5637 Satan
3007 5579 3190 5646 itaque
3212 5573 3280 5628 ad
3308 5571 3468 5641 hujus
3497 5566 3868 5628 aﬂlictionem,

2345 5780 2366 5808 ο
2414 5770 2567 5824 Rem.
2600 5777 2654 5823 et
2679 5762 2887 5832 Remig.
2921 5772 3110 5817 omnes
3149 5772 3273 5814 cum
3318 5754 3506 5820 Corb.,
3553 5746 3764 5809 σθω,
3797 5744 3873 5800 ad

2270 5844 2568 5914 passionum
2596 5836 2803 5903 probra.
