4180 6454
328 353 438 413 015

1254 358 1620 425 MOBALIUM
1649 366 1781 427 LIB.
1822 366 1913 427 Ill.
1943 398 2015 415 —
2050 369 2120 429 IN
2157 373 2311 436 CAP.
2349 376 2395 435 ll
2434 378 2491 437 Β.
2534 382 2672 439 JOB.

3506 395 3612 457 ϐυ

322 456 614 528 Dominum
665 473 798 529 tunc
825 472 1137 543 commovit,
1166 477 1383 547 quando
1412 478 1468 535 in
1515 483 1763 552 paradiso
1802 486 1913 556 pri-
1945 489 1998 552 Α
2019 486 2185 577 tatur.
2221 488 2436 548 Satanae
2463 494 2666 568 loquela
2720 505 2827 555 tum
2851 516 2945 572 per
2989 504 3064 574 se,
3106 512 3213 561 tum
3243 518 3332 577 per
3370 528 3510 570 suos.
3540 545 3619 560 --

321 580 470 620 mum
500 565 774 623 hominem
804 581 833 621 a
868 564 1089 635 iustitia:
1114 571 1346 629 culmine
1391 573 1773 633 inobedientitc
1800 579 1915 635 cul-

321 671 388 727 pa
415 656 727 725 prostravit.
752 656 862 713 Nisi
912 660 1056 715 enim
1083 661 1250 717 Adam
1276 662 1507 734 primum
1536 684 1635 739 per
1660 674 1915 728 volunta-

318 749 460 803 rium
482 748 671 804 vitium
698 749 753 804 in
779 750 972 808 animai
986 762 1216 810 mortem
1238 758 1512 827 traxisset,
1538 760 1704 818 Adam
1726 781 1915 822 secun-

318 838 419 895 dus
442 840 559 895 sine
586 841 715 896 vitio
743 841 797 896 in
826 845 1004 899 carnis
1032 856 1262 904 mortem
1289 850 1650 909 voluntariam
1676 872 1781 912 non
1814 874 1910 914 ve-

318 931 481 986 niret.
511 930 655 986 Bene
691 946 821 1003 ergo
851 934 900 989 ei
923 935 1083 991 etiam
1114 938 1180 992 de
1210 939 1572 1014 Redemptore
1601 958 1787 1003 nostro
1831 949 1912 1004 di-

316 1021 458 1075 citur
482 1037 496 1073 :
524 1018 859 1078 Commovisti
888 1040 968 1079 me
994 1025 1239 1083 adversus
1275 1044 1422 1099 eum,
1452 1044 1509 1088 ut
1534 1036 1813 1109 aﬂligerem
1839 1039 1907 1093 il-

316 1111 423 1164 lum
466 1113 684 1183 frustra.
713 1113 791 1169 Ac
824 1116 872 1169 si
902 1118 1143 1187 apertius
1173 1121 1386 1178 dicatur
1416 1143 1427 1177 :
1479 1125 1614 1181 Dum
1662 1130 1762 1184 iste
1803 1146 1907 1186 non

313 1215 432 1267 sua,
454 1203 549 1258 sed
570 1204 714 1260 illius
741 1220 902 1263 causa
929 1211 1175 1277 moritur,
1209 1221 1337 1270 tunc
1362 1230 1448 1270 me
1485 1217 1537 1271 in
1583 1217 1742 1289 hujus
1771 1221 1907 1275 atlli-

313 1296 545 1352 ctionem
575 1302 931 1369 commovisti,
958 1320 1081 1358 cum
1109 1306 1259 1361 illum
1291 1324 1321 1362 a
1353 1324 1440 1365 me
1465 1311 1657 1366 callida
1686 1328 1906 1382 persna-

310 1385 463 1441 sione
516 1390 746 1445 traxisti.
803 1391 880 1446 De
936 1409 1046 1462 quo
1100 1402 1155 1450 et
1208 1396 1347 1452 bene
1399 1399 1632 1469 additur,
1685 1406 1901 1474 frustra.

309 1474 531 1531 Frustra
571 1480 772 1550 quippe
820 1481 1052 1539 amictus
1078 1493 1180 1551 est,
1241 1488 1334 1557 qui
1381 1497 1436 1544 et
1478 1492 1649 1561 culpa:
1699 1493 1906 1550 ultione

308 1581 528 1636 pressus
594 1577 719 1637 est,
781 1580 836 1627 et
894 1576 1067 1645 culpm
1118 1580 1374 1651 contagio
1435 1582 1743 1652 inquinatus
1796 1601 1905 1643 non

308 1669 408 1714 est.
444 1660 665 1718 Frustra
692 1665 922 1722 alllictus
951 1678 1062 1737 est,
1116 1680 1138 1707 α
1168 1673 1261 1740 qui
1306 1674 1637 1743 incarnatus,
1685 1679 1903 1748 propria

310 1751 545 1808 admissa
575 1769 683 1810 non
732 1758 941 1827 habuit,
993 1768 1049 1814 et
1103 1769 1278 1817 tamen
1336 1779 1547 1833 pinnam
1599 1769 1900 1825 carnalium

304 1841 419 1897 sine
447 1846 608 1914 culpa
661 1851 913 1919 suscepit.
972 1851 1105 1908 Hinc
1146 1863 1227 1909 est
1270 1856 1412 1910 enim
1452 1859 1600 1927 quod
1643 1875 1739 1930 per
1772 1860 1900 1915 Pro-
1930 1872 1975 1932 θ
2004 1866 2079 1922 bis
2107 1874 2241 1940 quod
2266 1875 2321 1927 in
2344 1841 2827 1945 faciemvbenedielat
2855 1888 2967 1942 tibi.

300 1932 520 2001 phetam
551 1937 811 2007 loquitur,
842 1942 1063 1998 dicens:
1097 1942 1225 2008 Qua:
1245 1963 1347 2000 non
1370 1952 1542 2018 rapui,
1574 1958 1694 2005 tunc
1723 1958 1898 2009 exsol-

298 2023 477 2077 vebam
522 2026 691 2096 (Psal.
725 2045 921 2099 vant,
956 2033 1029 2104 5).
1061 2034 1088 2073 δ
1127 2034 1276 2091 Alius
1304 2052 1538 2107 namque
1578 2043 1643 2096 ad
1684 2046 1895 2113 paradi-

296 2130 417 2169 sum
450 2119 722 2188 conditus,
736 2123 931 2179 divina:
958 2138 1213 2196 potentiae
1233 2131 1636 2189 similitudinem
1660 2139 1892 2207 superbe

295 2222 489 2277 rapere
517 2213 702 2280 voluit,
727 2217 821 2270 sed
846 2226 1020 2273 tamen
1048 2220 1259 2290 culpam
1292 2223 1452 2292 hujus
1481 2228 1745 2296 superbia:
1773 2232 1889 2285 sine

294 2298 452 2367 culpa
480 2299 744 2358 Mediator
772 2309 1021 2361 exsolvit.
1054 2310 1188 2367 Hinc
1213 2322 1296 2367 est
1315 2318 1459 2383 quorl
1490 2316 1635 2372 Patri
1665 2322 1886 2389 quidam

293 2390 514 2458 sapiens
533 2393 661 2448 dicit
677 2396 837 2464 :_Cum
862 2402 933 2453 sis
955 2401 1148 2471 justus,
1160 2405 1299 2474 juste
1314 2410 1489 2461 omnia
1501 2410 1753 2480 disponis,
1767 2430 1885 2469 eum

292 2499 491 2553 quoque
509 2488 597 2557 qui
615 2504 717 2541 non
750 2489 897 2544 debet
922 2495 1095 2562 puniri
1120 2497 1433 2553 condemnas
1459 2500 1616 2572 (Sap.
1644 2521 1735 2567 xu,
1769 2505 1881 2575 15).

364 2572 450 2628 27.
486 2574 585 2638 Qui
604 2576 742 2632 Deus
772 2579 1032 2637 Christum
1061 2587 1383 2643 innocentem
1402 2597 1562 2661 pcen's
1591 2596 1781 2665 affecit.
1810 2572 1883 2641 -έ-

289 2662 395 2717 Sed
438 2671 771 2733 pensandum
798 2680 880 2727 est
907 2678 1371 2747 quomodojustus
1397 2685 1485 2748 sit,
1513 2693 1567 2739 et
1596 2662 1773 2740 omnia
1795 2687 1881 2756 ju-

286 2764 369 2808 διο
391 2755 663 2826 disponat,
678 2762 721 2815 si
744 2777 889 2829 eum,
905 2766 997 2834 qui
1030 2784 1133 2821 non
1153 2770 1312 2826 debet
1332 2775 1509 2842 puniri
1531 2755 1874 2832 condemnat.

285 2846 549 2906 Mediator
574 2855 771 2909 etenim
795 2867 980 2914 noster
1008 2864 1181 2931 puniri
1205 2880 1302 2933 pro
1332 2868 1623 2937 semetipso
1651 2886 1756 2925 non
1785 2872 1877 2925 de-

283 2938 421 3007 buit,
453 2944 579 3010 quia
611 2947 819 3001 nullum
851 2951 1021 3020 culpae
1051 2957 1358 3024 contagium
1389 2961 1736 3028 perpetravit.
1769 2961 1875 3016 Sed

280 3029 324 3082 si
358 3031 472 3099 ipse
498 3035 786 3091 indebitam
813 3056 919 3095 non
949 3046 1267 3115 susciperet,
1293 3064 1565 3117 nunquam
1597 3066 1697 3106 nos
1725 3068 1753 3105 a
1775 3054 1873 3107 de-

280 3120 389 3175 bita
422 3135 593 3179 morte
622 3128 899 3185 liberaret.
944 3132 1101 3189 Pater
1126 3152 1257 3205 ergo
1287 3154 1409 3193 cum
1449 3142 1629 3211 justus
1658 3144 1746 3212 sit,
1785 3146 1873 3213 ju-

2017 575 2279 646 Malignus
2302 581 2517 651 spiritus
2546 601 2666 641 cum
2710 588 3130 664 Redemptorem
3171 575 3414 659 nostrum
3444 608 3611 663 mira-

2014 670 2148 725 culis
2174 686 2462 729 coruscare
2489 680 2770 749 conspicit,
2799 684 2997 741 clamat
3031 708 3043 743 :
3089 691 3294 750 Scimus
3336 694 3360 733 ά
3380 701 3478 769 ηαξ
3510 702 3607 771 sis,

2013 762 2242 819 Sanctus
2283 764 2381 821 Dei
2411 767 2563 839 (Luc.
2598 787 2669 839 ιν,
2712 774 2826 845 54).
2861 778 2962 845 Qui
2993 781 3109 837 haec
3148 784 3369 855 dicens,
3402 762 3608 863 cogno;

2011 856 2213 912 scendo
2238 858 2333 914 Dei
2350 858 2543 916 Filium
2571 866 2928 937 pertimescit;
2957 874 3054 928 sed
3078 881 3257 934 tamen
3279 879 3384 936 vim
3412 856 3605 955 super-

2011 962 2094 1002 nte
2122 949 2340 1019 pietatis
2367 953 2639 1023 ignorans,
2692 973 3075 1033 nonnunquam
3122 969 3248 1026 dum
3294 949 3604 1044 passibilem

2011 1040 2341 1112 considerat,
2400 1045 2676 1104 hominem
2729 1056 2919 1121 purum
2957 1066 3128 1127 putat.
3180 1040 3377 1124 Multos
3421 1078 3603 1129 autem

2008 1134 2108 1187 sub
2137 1138 2438 1194 sanctitatis
2475 1144 2658 1211 specie
2706 1146 2759 1201 in
2788 1153 3047 1218 pastorali
3076 1158 3281 1225 positos
3310 1160 3430 1219 loco
3459 1163 3601 1222 didi-

2009 1232 2175 1290 cerat,
2227 1228 2316 1298 qui
2367 1232 2722 1292 avisceribus
2774 1239 3056 1299 charitatis
3099 1244 3259 1304 alieni
3289 1253 3467 1325 valde,
3502 1273 3601 1327 pro

2006 1314 2230 1372 minimo
2260 1319 2431 1376 aliena
2457 1324 2649 1381 damna
2682 1334 2999 1399 pensabant.
3022 1334 3174 1395 Hunc
3203 1354 3332 1410 ergo
3353 1347 3506 1412 quasi
3532 1362 3599 1405 ex

2007 1408 2127 1465 aliis
2153 1412 2439 1485 colligens,
2488 1422 2612 1489 quia
2645 1426 2933 1483 subtractis
2962 1432 3144 1487 multis
3169 1476 3181 1495 ,
3216 1439 3460 1504 superari
3491 1455 3599 1497 non

2005 1500 2155 1568 vidit,
2192 1519 2358 1576 usque
2386 1509 2451 1563 ad
2476 1509 2591 1580 ejus
2619 1529 2858 1584 carnem,
2885 1534 2981 1589 per
3002 1529 3206 1578 tactum
3235 1500 3499 1595 passionis
3519 1531 3599 1587 sic

2006 1595 2225 1661 exarsit,
2256 1605 2311 1650 ut
2350 1598 2593 1657 diceret:
2622 1603 2819 1662 Pellem
2859 1628 2953 1681 pro
2984 1615 3134 1683 pelle,
3168 1628 3215 1671 et
3250 1627 3436 1675 cuncta
3483 1636 3598 1692 qute

2005 1683 2151 1739 hibet
2181 1687 2351 1757 homo,
2386 1691 2527 1747 dabit
2558 1714 2651 1765 pro
2692 1702 2867 1755 anima
2896 1720 3008 1759 sua.
3054 1707 3299 1778 Alioquin
3322 1714 3462 1767 mitte
3484 1730 3598 1768 ma-

2004 1792 2126 1831 num
2157 1788 2316 1849 tuam,
2360 1793 2410 1837 et
2440 1796 2592 1859 tange
2626 1806 2684 1844 os
2732 1792 2843 1863 ejus
2883 1804 2933 1848 et
2961 1814 3187 1866 carnem,
3219 1811 3267 1855 et
3295 1812 3416 1859 tunc
3452 1806 3596 1860 vide-

3001 1888 3080 1946 Ac
3108 1893 3154 1947 si
3186 1905 3371 1965 aperte
3401 1896 3547 1953 dicat
3573 1916 3588 1953 :

1998 1958 2199 2016 Moveri
2223 1979 2289 2018 ex
2318 1964 2422 2033 his,
2455 1983 2574 2038 qua:
2604 1981 2756 2029 extra
2787 1992 2846 2032 se
2870 1988 3015 2050 sunt,
3047 1958 3299 2054 negligit;
3335 1990 3431 2045 sed
3463 1999 3590 2048 tunc

1997 2057 2264 2112 veraciter
2291 2060 2383 2127 qui
2429 2065 2499 2118 sit
2527 2069 2857 2141 agnoscitur,
2888 2074 2932 2129 si
2976 2077 3028 2131 in
3073 2094 3131 2134 se
3162 2081 3279 2150 ipso
3306 2086 3451 2153 quod
3489 2084 3590 2142 do-

1992 2144 2119 2212 leat,
2153 2151 2483 2219 experiatur.
2518 2154 2643 2212 Haec
2673 2175 2773 2229 per
2799 2178 2858 2217 se
2879 2163 3045 2221 Satan
3075 2144 3197 2225 cum
3220 2144 3341 2228 ﬁeri
3357 2176 3584 2247 appetit,

1992 2253 2098 2293 non
2117 2242 2313 2307 verbis,
2346 2245 2443 2300 sed
2472 2246 2748 2307 desideriis
2771 2253 2922 2310 dixit.
2948 2257 3075 2315 Haec
3102 2277 3200 2332 per
3224 2242 3463 2322 membra
3486 2283 3586 2325 Sua

1990 2335 2045 2380 et
2070 2329 2247 2387 verbis
2277 2340 2330 2387 et
2373 2336 2653 2394 desideriis
2692 2340 2891 2400 intulit.
2941 2347 3059 2418 Ipse
3086 2329 3300 2424 ‘quippe
3322 2356 3579 2428 loquitur,

1989 2434 2110 2474 cum
2136 2420 2289 2489 juxta
2319 2427 2595 2497 propheta:
2642 2446 2830 2489 vocem
2881 2437 3019 2507 ejus,
3049 2420 3307 2512 sequaces
3353 2447 3577 2505 dicunt:

1989 2514 2258 2572 Mittamus
2288 2520 2483 2591 lignum
2512 2527 2565 2579 in
2595 2538 2780 2597 pariam
2808 2532 2939 2603 ejus,
2984 2546 3033 2590 et
3059 2539 3333 2596 eradamus
3374 2559 3488 2597 eum
3515 2546 3581 2599 de

1988 2616 2121 2659 terra
2153 2612 2422 2667 viventium
2468 2616 2683 2687 (Jerem.
2734 2624 2953 2697 x1,.l9).
3006 2627 3233 2699 Lignum
3276 2634 3474 2705 quippe
3520 2625 3575 2692 in

1983 2715 2178 2769 panem
2205 2704 2441 2771 mittere,
2476 2718 2559 2764 est
2600 2713 2925 2783 conligendo
2955 2720 3071 2789 ejus
3096 2727 3312 2795 corpori
3336 2704 3574 2797 stipitem

1982 2793 2155 2847 crucis
2185 2795 2476 2865 adhibere;
2522 2810 2577 2855 et
2623 2805 2791 2860 vitam
2836 2808 2981 2866 illius
3008 2813 3077 2869 de
3109 2793 3249 2871 terra
3278 2793 3571 2877 viventium

1980 2884 2201 2940 eradere
2251 2903 2309 2941 se
2355 2905 2514 2959 posse
2558 2895 2888 2967 existimant,
2939 2916 3099 2971 quem
3127 2905 3255 2961 dum
3282 2910 3570 2968 mortalem

1978 2977 2335 3046 conspiciunt,
2370 2979 2512 3037 (iniri
2540 2995 2717 3042 morte
2738 2992 3102 3061 suspicantur.

2328 3138 2331 3141 ν
2565 3075 2796 3135 CAPUT
2834 3082 2971 3138 xvr.

2046 3157 2209 3214 Vens.
2238 3163 2291 3217 6.
2318 3196 2388 3206 —
2433 3167 2582 3222 Dixit
2608 3181 2777 3226 autem
2808 3174 3060 3233 Dominus
3102 3180 3174 3233 ad
3196 3180 3404 3240 Satan:
3430 3183 3569 3243 Em

279 3221 418 3268 δῑυηῖ
467 3220 714 3289 Ρυηίθηε,
757 3226 937 3279 omnia
962 3226 1106 3296 Ῑυεῐθ
1146 3232 1414 3301 ἀίέροηίῑὲ
1459 3236 1585 3303 (illia
1641 3253 1737 3306 De?
1765 3239 1870 3294 hoc
1898 3246 1947 3312 C
1974 3249 2028 3302 in
2052 3267 2209 3305 manu
2233 3264 2318 3308 tua
2347 3267 2441 3322 est,
2465 3276 2811 3318 verumtamen
2839 3268 3068 3325 animum
3094 3272 3237 3327 illius
3264 3291 3430 3331 serva.

281 3317 467 3331 1...“..1-
503 3308 745 3331 2--..2n,_.
933 3318 947 3331 ι
1204 3324 1213 3331 .
1277 3326 1287 3331 -

279 3317 471 3361 cuncta
494 3308 773 3379 justiﬁcat,
804 3318 949 3384 quod
979 3335 1100 3373 eum
1125 3324 1216 3391 qui
1246 3326 1361 3378 sine
1392 3336 1614 3395 peccato
1639 3340 1740 3397 est,
1767 3346 1866 3399 pro

276 3402 652 3466 peccatoribus
680 3405 927 3475 damnat;
973 3420 1031 3465 ut
1061 3429 1127 3468 eo
1149 3415 1318 3471 electa
1350 3421 1529 3474 omnia
1559 3422 1623 3475 ad
1654 3424 1865 3481 culmen

273 3488 491 3556 justitizc
518 3508 821 3567 surgerent;
852 3517 962 3570 quo
984 3504 1028 3559 is
1054 3507 1140 3575 qui
1172 3518 1257 3563 est
1282 3526 1447 3581 super
1467 3517 1645 3569 omnia
1672 3517 1865 3573 damna

273 3579 547 3648 injustitia:
577 3598 772 3645 nostra:
791 3594 1098 3651 sustineret.
1118 3598 1272 3664 Quod
1300 3579 1427 3670 ergo
1451 3605 1556 3659 illic
1577 3607 1865 3663 damnatus

274 3687 398 3727 cum
429 3691 536 3732 non
564 3679 755 3736 debeat
781 3684 993 3751 dicitur,
1021 3690 1121 3745 hoc
1148 3692 1237 3747 hic
1275 3693 1505 3751 alilictus
1530 3698 1725 3753 frustra
1752 3716 1863 3754 me-

276 3773 541 3843 moratur.
574 3770 675 3835 Qui
695 3781 873 3829 tamen
890 3776 1043 3845 juxta
1059 3784 1405 3852 semetipsum
1422 3787 1618 3844 frustra
1633 3792 1864 3849 amictus

272 3869 373 3925 est,
393 3863 547 3929 juxta
577 3882 707 3924 vero
737 3881 921 3927 nostra
945 3886 1060 3929 acta
1090 3894 1197 3933 non
1228 3878 1425 3936 frustra
1447 3895 1492 3939 ο.
1523 3886 1631 3955 85
1652 3886 1861 3957 Rubigo

269 3955 470 4023 quippe
510 3958 625 4012 vitii
666 3965 881 4031 purgari
911 3982 1019 4020 non
1065 3971 1262 4037 potuit,
1294 3973 1393 4027 nisi
1435 3974 1556 4043 igne
1582 3955 1858 4034 tormenti.

269 4043 430 4099 Venit
455 4046 639 4117 itaque
666 4051 784 4108 sine
812 4054 966 4125 vitio,
987 4058 1162 4126 quise
1190 4062 1482 4130 subjiceret
1510 4075 1704 4135 sponte
1750 4076 1863 4123 tor-

268 4144 481 4203 mento;
515 4150 571 4192 ut
598 4141 777 4196 debita
805 4155 1003 4202 nostrae
1038 4149 1307 4220 iniquitati
1351 4156 1612 4225 supplicia
1642 4175 1709 4213 eo
1736 4174 1861 4217 reos

267 4238 395 4281 suos
419 4226 558 4295 jnste
587 4233 912 4302 amitterent,
943 4254 1052 4308 quo
1081 4243 1225 4299 hunc
1250 4259 1280 4298 a
1309 4248 1608 4317 semetipsis
1631 4250 1857 4307 liberum

267 4315 461 4385 injuste
490 4324 807 4383 tenuissent.
839 4328 1058 4387 Frustra
1098 4350 1228 4404 ergo
1256 4345 1312 4392 et
1344 4353 1451 4393 non
1490 4315 1686 4396 frustra
1715 4342 1856 4399 allii-

266 4417 386 4465 ctus
414 4420 516 4479 est,
546 4417 637 4485 qui
668 4418 722 4473 in
751 4435 811 4474 se
848 4424 1067 4490 quidem
1110 4429 1342 4485 admissa
1368 4448 1477 4486 non
1520 4434 1729 4503 habuit,
1760 4439 1856 4494 sed

264 4515 457 4557 cruore
484 4508 702 4578 proprio
732 4522 913 4567 reatus
934 4518 1102 4571 nostri
1126 4522 1391 4576 maculam
1420 4527 1591 4581 tersit.

698 4601 925 4659 CAPUT
964 4606 1057 4663 XV
1098 4609 1242 4682 [Vet.
1270 4612 1436 4685 XIII.

338 4685 499 4742 Vens.
531 4689 584 4756 4,
614 4692 668 4746 5.
705 4727 777 4736 —
803 4694 1139 4767 Respondens
1170 4704 1339 4758 Satan
1378 4709 1496 4762 ait:
1526 4709 1724 4765 Pellem
1754 4731 1849 4782 pro

262 4775 427 4844 pelle,
474 4788 523 4832 et
550 4794 732 4836 cuncta
779 4803 894 4857 quae
936 4788 1085 4842 habet
1140 4793 1313 4862 homo,
1358 4797 1501 4852 dabit
1546 4819 1643 4870 pro
1669 4775 1847 4860 anima

2042 3344 2130 3399 29.
2166 3349 2384 3406 δαιαηω
2410 3357 2658 3421 membra,
2691 3375 2868 3415 omnes
2893 3363 3030 3417 male
3072 3366 3310 3420 viventes.
3344 3367 3566 3427 Satanae

1968 3453 2178 3504 manus,
2229 3454 2455 3512 potestas
2509 3449 2641 3520 ejus.
2677 3449 2769 3506 Illi
2797 3469 2853 3507 se
2894 3455 3101 3510 tradens
3144 3456 3419 3527 Dominus,
3449 3479 3562 3518 eum

1967 3528 2065 3584 sibi
2108 3534 2298 3587 servire
2349 3538 2506 3607 cogit.
2557 3571 2629 3582 —
2676 3540 3025 3599 Conditorem
3072 3549 3310 3602 omnium
3350 3549 3561 3606 Satanae

1967 3626 2150 3678 manui
2183 3627 2431 3682 traditum
2458 3631 2579 3699 quis
2601 3632 2685 3686 vel
2715 3633 2971 3704 disipiens
2998 3636 3223 3693 credat?
3252 3640 3345 3695 sed
3380 3650 3557 3698 tamen

1966 3714 2192 3772 edoctus
2222 3720 2468 3787 veritate,
2513 3724 2634 3793 quis
2660 3727 2865 3781 nesciat
2891 3729 3035 3798 quod
3062 3729 3301 3798 ejusdem
3341 3732 3558 3790 Satanas

1966 3807 2208 3860 membra
2259 3818 2384 3863 sunt
2423 3827 2632 3879 omnes,
2661 3816 2754 3884 qui
2803 3818 2853 3871 ei
2883 3834 3137 3888 perverse
3160 3823 3391 3878 vivendo
3425 3826 3555 3893 jun-

1965 3900 2197 3965 guntur?
2226 3898 2522 3956 Membrum
2554 3906 2751 3978 quippe
2791 3908 2906 3976 ejus
2934 3908 3138 3965 Pilatus
3162 3915 3387 3977 exstitit,
3439 3920 3555 3991 qui,

1964 4001 2133 4058 usque
2174 3990 2239 4043 ad
2283 3994 2472 4048 mortis
2500 4005 2771 4063 extrema,
2800 3999 3106 4057 venientem
3135 4005 3189 4059 in
3220 4005 3554 4079 redemptio-

1964 4096 2089 4136 nem
2146 4092 2385 4139 nostram
2433 4088 2716 4145 Dominum
2748 4107 2856 4147 non
2886 4096 3158 4162 cognovit.
3192 4098 3402 4169 Corpus
3436 4102 3556 4172 ejus

1963 4174 2305 4230 sacerdotum
2338 4178 2606 4250 principes
2634 4184 2976 4254 exstiterunt,
3011 4188 3103 4256 qui
3132 4188 3554 4262 Redemptorem

1963 4266 2147 4320 mundi
2171 4282 2200 4321 a
2245 4270 2446 4324 mundo
2477 4274 2760 4343 repellere,
2793 4262 2963 4347 usrjue
2991 4278 3057 4333 ad
3104 4296 3319 4338 crucem
3364 4300 3553 4355 perse-

1962 4362 2197 4427 quendo,
2227 4364 2406 4418 conati
2427 4374 2571 4419 sunt.
2596 4367 2730 4422 Cum
2755 4383 2887 4439 ergo
2907 4385 2966 4426 se
2988 4386 3089 4441 pro
3120 4383 3307 4430 nostra
3340 4377 3553 4433 redem-

1962 4452 2145 4519 ptione
2174 4453 2433 4531 Dominus
2452 4458 2817 4515 membrorum
2848 4460 3063 4519 Satanas
3109 4467 3357 4520 manibus
3385 4460 3553 4523 tradi-

1959 4543 2055 4610 dit,
2101 4546 2230 4614 quid
2261 4547 2403 4603 aliud
2433 4564 2592 4618 quam
2623 4551 2861 4620 ejusdem
2891 4553 3105 4608 Satanae
3146 4572 3364 4610 manum
3405 4558 3461 4612 in
3491 4573 3551 4615 se

1883 4630 1937 4691 D
1963 4634 2151 4691 saevire
2196 4638 2467 4706 permisit;
2516 4651 2573 4695 ut
2602 4642 2743 4698 unde
2771 4644 2887 4713 ipse
2913 4645 3151 4699 exterius
3180 4648 3545 4716 occumberet,

1955 4725 2080 4781 inde
2106 4743 2205 4783 nos
2235 4731 2473 4788 exterius
2495 4733 2826 4802 interiusque
2855 4735 3145 4788 liberaret?
3173 4735 3230 4790 Si
3260 4737 3423 4805 igitur
3447 4737 3549 4794 Sa-

1952 4826 2092 4875 tanae
2128 4837 2351 4891 manus,
2395 4824 2513 4893 ejus
2545 4833 2784 4894 potestas
2830 4825 3115 4893 accipitur,
3165 4826 3282 4895 ejus
3326 4844 3542 4886 manum

1958 4869 2090 4875 ηπ.
2128 4869 2351 4891 ---_-.--,
2397 4869 2424 4879 ν
2452 4869 2513 4880 ..υ
2546 4869 2783 4894 τμη-..υ
2831 4869 3115 4893 πων-πη,
3167 4869 3282 4895 η...
3326 4869 3542 4886 ...υ-...ιιι

259 4881 373 4919 sua.
426 4869 666 4939 Alioquin
708 4876 847 4930 mitte
876 4894 1084 4933 manum
1123 4890 1286 4949 tuam,
1316 4895 1365 4939 et
1387 4896 1538 4960 tange
1559 4909 1618 4945 os
1659 4895 1767 4963 ejus
1796 4908 1847 4951 et
1946 4912 2099 4981 juxta
2123 4931 2339 4970 carnem
2370 4869 2610 4986 ρέι-ιυιίι,
2641 4917 2795 4985 cujus
2821 4924 3149 4987 potestatem
3176 4924 3423 4992 corporis
3453 4939 3542 4979 us.

261 4977 486 5028 carnem,
520 4976 568 5019 et
600 4977 716 5022 tunc
757 4973 948 5027 videbis
973 4976 1187 5043 quodin
1219 4980 1402 5048 faciem
1432 4982 1700 5040 benedicat
1730 4992 1841 5046 tibi.

332 5052 419 5108 28.
452 5054 621 5112 Satan
650 5062 786 5115 unde
812 5067 942 5118 sciat
970 5066 1251 5134 Christum,
1282 5072 1414 5125 unde
1451 5074 1513 5129 de
1545 5093 1603 5130 eo
1628 5078 1843 5137 dubitet.

258 5144 326 5200 In
354 5149 605 5207 charitate
633 5171 694 5207 ac
722 5160 970 5226 patientia
1002 5160 1193 5216 Christi
1233 5165 1540 5221 azstimanda
1576 5172 1713 5225 unde
1740 5173 1846 5243 fal-

329 5295 354 5379 i:
387 5285 478 5379 stic
497 5306 707 5379 omnes,
738 5293 1201 5379 liheniuliemig.’1
1220 5302 1405 5379 Corh.,
1436 5305 1643 5373 ϐίη-ιη..
1675 5307 1839 5379 Utic.;

251 5353 373 5411 Val.
406 5357 485 5412 Cl.
508 5372 642 5429 aut.,
667 5353 786 5433 quia
814 5353 1303 5429 iiicaritatustditi
1334 5353 1585 5449 ve,ro,qui
1605 5353 1659 5435 in
1686 5356 1845 5438 carne

250 5438 426 5482 natus.

326 5499 348 5535 ιν
376 5499 505 5555 Mss.
536 5499 720 5559 Norm.
740 5517 795 5561 et
823 5509 1035 5578 plurimi
1057 5530 1217 5585 supra
1245 5516 1471 5586 laudati,
1503 5523 1673 5578 Adam
1700 5542 1844 5593 nam-

247 5586 365 5635 que.

325 5641 455 5723 flia
504 5646 672 5739 nostri
728 5646 853 5707 Mss.
903 5668 1110 5711 omnes.
1168 5657 1308 5715 Editi
1366 5662 1583 5733 habent,
1638 5668 1840 5739 Rubigo

246 5713 435 5783 φιὶρρε
464 5719 677 5784 peccati.
1225 5713 1228 5714 ν
1251 5713 1307 5715 ~—

322 5785 344 5820 α
380 5785 559 5889 ἢηὶξᾳ.
583 5788 796 5889 lihem.,
815 5790 1503 5889 Not-man.,Corb.LCerm,
1526 5814 1840 5889 etplerique

246 5850 374 5909 Mss.
401 5850 804 5916 habéntscimus
830 5866 913 5933 qui
937 5866 1008 5920 sis
1037 5850 1838 5963 sanctus

1951 5020 2056 5075 que
2078 5007 2143 5060 ad
2173 5018 2349 5077 sputa,
2376 5009 2653 5078 colaphos,
2683 5009 2914 5079 ﬂagella,
2937 5026 3151 5068 crucem
3184 5015 3538 5087 lanceamque

1952 5099 2220 5157 toleravit.
2254 5100 2407 5156 Unde
2428 5111 2483 5156 et
2511 5101 2706 5169 Pilato,
2730 5106 2849 5174 ejus
2870 5106 3121 5162 videlicet
3150 5118 3172 5146 ε
3200 5114 3435 5181 corpori,
3471 5111 3541 5168 ad

1948 5192 2253 5261 passionem
2288 5194 2511 5249 veniens
2540 5194 2668 5250 dicit
2703 5214 2715 5249 :
2751 5195 2874 5252 Non
2897 5199 3184 5256 haberes‘in
3210 5220 3287 5257 me
3306 5215 3538 5273 potesta-

1945 5325 2029 5394 qui
2064 5323 2334 5401 sisUFilins
2371 5325 2503 5391 Dei;
2534 5328 2641 5401 alii,
2671 5332 2859 5385 scimus
2887 5332 3007 5401 quia
3037 5351 3091 5387 es
3134 5336 3357 5390 Sanctus
3397 5334 3534 5401 Dei;

1945 5396 2451 5468 nonnullidenique,
2478 5400 2587 5453 scio
2603 5402 2689 5468 qui
2711 5405 2781 5454 sis
2799 5396 3024 5457 Sanctus
3044 5405 3162 5459 Dei.
3190 5404 3398 5468 Germ.,
3429 5396 3533 5461 sci-1

1944 5482 2056 5518 mns
2082 5468 2168 5546 qui
2197 5467 2288 5520 sis.
2307 5467 2405 5546 Dei
2423 5472 2558 5546 enim
2586 5467 2632 5522 F
2638 5473 2781 5526 ilium
2810 5475 3193 5543 pertimescens,
3219 5476 3311 5529 sed
3338 5467 3530 5546 tamen,

1949 5483 2056 5518 mus
2130 5483 2168 5519 η
2197 5484 2288 5520 sis.
2307 5483 2405 5520 ves
2423 5486 2558 5522 enim
2586 5483 2781 5526 ltitiam
2810 5483 3193 5543 pertimescens,
3219 5483 3310 5529 sed
3338 5486 3530 5546 tamen,

1949 5544 2051 5589 etc.
2080 5483 2219 5615 igIOX
2244 5540 2501 5607 particula
2538 5558 2931 5615 nonnunquam,
2963 5562 3081 5615 quae
3108 5547 3158 5599 in
3187 5546 3356 5601 Editis
3383 5549 3530 5604 desi-

1948 5606 2256 5671 derabatur,
2291 5621 2580 5666 revocatur
2605 5628 2671 5666 ex
2694 5606 2817 5670 Mss.

2019 5687 2042 5714 ο
2086 5677 2243 5759 Editi,
2297 5685 2535 5773 ειρνροιήε⁵
2574 5686 2821 5773 membro,
2854 5685 3248 5773 refragantibus
3288 5687 3429 5773 Mssa

1944 5762 2073 5803 sane
2104 5751 2270 5828 liquet
2314 5751 2629 5828 Gregorium
2658 5757 2745 5811 hic
2784 5751 3056 5826 appellare
3098 5773 3296 5828 corpus
3326 5760 3528 5817 diaboli

1945 5835 2039 5877 eos
2067 5836 2098 5875 a
2118 5821 2313 5891 quibus
2339 5821 2588 5881 Christus
2608 5842 2800 5897 passus
2819 5821 2925 5884 est.
