4180 6508
583 391 689 449 615

1794 374 2040 434 SANCTI
2075 372 2403 434 GREGORII
2440 374 2658 431 MAGNI

3755 375 3866 435 616

581 516 700 570 rem,
734 500 836 575 nisi
856 498 945 554 tibi
974 499 1102 553 data
1125 500 1256 551 esset
1284 494 1501 564 desuper
1533 488 1858 563 (Joan.'xrx.
1893 488 2004 559 ll).
2048 486 2159 541 Sed
2185 491 2239 550 Α
2263 493 2357 540 tan
2397 485 2465 540 ad
2507 484 2805 541 feriendam
2846 485 3226 559 Redemptoris
3254 498 3471 545 carnem
3500 488 3895 560 permittitur“

577 606 759 654 tamen
780 593 920 648 hanc
958 594 1309 661 potestatem,
1339 601 1499 656 quam
1523 592 1713 641 contra
1743 597 1803 637 se
1832 582 1882 637 ei
1903 580 2168 636 extrinse-

578 704 676 745 cus
704 686 949 752 dederat,
970 684 1082 740 suis
1104 682 1310 739 servire
1337 680 1501 736 lucris
1528 680 1851 735 intrinsecus
1878 678 1989 748 86
2013 690 2167 731 com-

575 782 833 855 pellebat.
863 779 1068 834 Pilatus
1094 776 1239 833 enim
1266 775 1354 831 vel
1384 774 1574 841 Satan,
1615 772 1707 841 qui
1736 768 1978 841 ejusdem
2009 766 2167 821 Pilati

576 883 739 948 caput
765 873 1062 939 exstiterat,
1089 872 1190 928 sub
1213 874 1485 941 potestate
1508 867 1669 932 illius,
1695 878 1858 935 super
1877 876 2038 931 quem
2064 874 2166 929 po-

577 977 830 1027 testatem
860 969 1171 1036 acceperat,
1203 961 1519 1026 tenebatur;
1552 956 1678 1027 quia
1703 963 1758 1010 et
1785 952 2033 1025 superior
2052 950 2168 1020 ipse

575 1060 916 1130 disposuerat
936 1057 1043 1112 hoc
1063 1052 1205 1126 quod
1227 1050 1451 1107 inferius
1475 1048 1738 1105 accedens
1762 1060 1792 1100 a
1818 1050 2168 1115 persecutore

576 1149 876 1214 tolerabat;
924 1155 983 1203 ut
1013 1162 1133 1201 cum
1181 1160 1249 1200 ex
1278 1143 1420 1198 mala
1446 1148 1628 1197 mente
1656 1137 1952 1195 inﬁdelium
1979 1150 2167 1205 surge-

574 1247 677 1308 ret,
709 1238 927 1294 utilitati
956 1244 1137 1291 tamen
1168 1235 1465 1291 electorum
1508 1231 1748 1287 omnium
1804 1229 1918 1299 ipsa
1948 1241 2168 1297 quoque

575 1329 867 1388 crudelitas
917 1327 1234 1383 deserviret.
1288 1324 1383 1380 Pie
1430 1325 1595 1395 igitur
1652 1321 1976 1391 disponebat
2023 1319 2168 1374 intus

574 1420 719 1493 quod
768 1418 1116 1489 semetipsum
1159 1417 1273 1488 pati
1326 1408 1575 1487 nequiter
1620 1412 1969 1484 permittebat
2014 1408 2162 1465 foris.

574 1514 714 1571 Hinc
738 1524 823 1570 est
861 1514 1002 1569 enim
1028 1512 1174 1582 quod
1204 1510 1271 1567 de
1310 1510 1405 1565 illo
1453 1509 1509 1563 in
1538 1522 1691 1564 cmna
1720 1505 1914 1561 dicitur
1939 1522 1951 1557 ε
1983 1502 2165 1558 Sciens

573 1606 745 1673 Jesus,
772 1606 895 1678 quia
923 1606 1097 1661 omnia
1142 1602 1286 1658 dedit
1308 1605 1355 1656 ei
1392 1602 1552 1655 Pater
1582 1602 1636 1653 in
1664 1615 1870 1665 manus,
1910 1605 1961 1651 et
1985 1597 2107 1668 quia
2134 1613 2168 1649 a

576 1694 690 1752 Deo
719 1696 895 1761 exivit,
920 1704 969 1748 et
992 1694 1061 1748 ad
1100 1692 1272 1749 Deum
1295 1693 1457 1757 vadit,
1495 1691 1660 1762 surgit
1683 1707 1717 1743 a
1754 1705 1917 1751 cauta,
1949 1696 1999 1742 et
2024 1686 2168 1759 ponit

573 1789 873 1845 vestimenta
900 1804 994 1841 sua
1024 1785 1202 1859 (Joan.
1235 1801 1349 1851 xm,
1379 1784 1457 1852 5).
1491 1782 1630 1839 Ecce
1659 1782 1714 1837 in
1746 1795 1936 1835 manus
1983 1792 2168 1850 persed

2272 577 2341 630 ab
2370 577 2548 631 anima
2594 585 2901 646 separatur;
2932 577 3059 647 quia
3104 593 3226 634 cum
3271 592 3467 651 corpus
3494 578 3611 648 ejus
3639 578 3709 634 ad
3738 595 3867 651 pas-

2270 668 2479 722 sionem
2527 668 2751 739 accipit,
2805 670 3008 725 electos
3046 669 3161 739 ejus
3202 685 3234 725 a
3258 668 3383 741 jure
3428 686 3538 727 suae
3572 678 3865 744 potestatis

2270 757 2498 823 amittit;
2552 772 2782 827 cumque
2824 758 2967 813 illius
3007 774 3134 815 caro
3188 775 3286 831 per
3328 776 3546 817 crucem
3600 766 3863 835 moritur,

2270 848 2462 904 horum
2493 864 2648 905 mens
2697 856 2889 906 contra
2940 859 3272 907 tentamenta
3300 852 3583 910 solidatur.
3640 854 3869 915 Dicatur

2270 955 2399 1011 ergo
2431 960 2445 996 :
2478 941 2613 997 Ecce
2638 944 2694 997 in
2727 960 2885 998 manu
2916 952 3007 998 tua
3027 953 3123 1011 est,
3152 954 3501 1001 verumtamen
3538 949 3772 1004 animum
3792 951 3868 1005 it-

2269 1036 2370 1089 tius
2392 1050 2556 1089 serva.
2582 1034 2660 1090 Ac
2681 1034 2727 1089 si
2748 1042 2934 1105 aperte
2958 1035 3142 1090 audiat
3165 1052 3179 1090 :
3205 1034 3502 1091 Licentiam
3527 1045 3717 1095 contra
3741 1053 3867 1095 cor-

2268 1142 2372 1199 pus
2397 1126 2514 1196 ejus
2554 1126 2761 1197 accipe,
2805 1134 2860 1182 et
2901 1126 2969 1181 ab
2998 1127 3186 1182 electis
3212 1126 3373 1194 illius,
3427 1142 3566 1197 quos
3612 1128 3753 1198 apud
3801 1144 3867 1185 se

2271 1226 2398 1275 ante
2426 1219 2620 1275 saecula
2659 1219 2949 1290 praesciens
2978 1220 3239 1290 possidet,
3267 1221 3356 1290 jus
3383 1236 3564 1292 prava:
3609 1221 3867 1278 domina-

2269 1313 2434 1371 tionis
2454 1312 2638 1384 perde.

2681 1412 2910 1468 CAPUT
2942 1411 3079 1467 xvu
3103 1411 3247 1486 [γει.
3272 1411 3457 1485 XIV].

2342 1504 2507 1561 Vsus.
2541 1506 2592 1560 7.
2624 1536 2695 1548 -—
2716 1504 2975 1576 Egressus
2996 1504 3157 1575 igitur
3196 1503 3367 1559 Satan
3394 1522 3428 1558 a
3464 1503 3600 1574 {acie
3628 1502 3868 1575 Domini,

2270 1598 2520 1669 percussit
2545 1597 2643 1653 Job
2664 1597 2833 1652 ulcere
2857 1597 3099 1667 pessimo,
3126 1613 3158 1650 tt
3188 1597 3369 1667 planta
3408 1597 3558 1668 pedis
3596 1613 3757 1668 usque
3792 1595 3869 1653 ad

2270 1697 2530 1749 verticem.

2343 1786 2432 1841 ‘52.
2475 1786 2712 1842 Christus
2736 1786 2799 1841 ab
2820 1787 3036 1842 exordio
3065 1784 3246 1840 mundi
3265 1787 3320 1839 in
3339 1784 3447 1840 suis
3472 1800 3765 1855 percussus.
3793 1814 3869 1831 --

574 1880 854 1952 quentium
881 1880 1076 1946 iturus,
1118 1877 1322 1934 sciebat
1368 1876 1516 1947 quod
1565 1876 1620 1930 in
1665 1890 1830 1929 manu
1876 1888 1971 1928 sua
2020 1871 2168 1942 ipsos
2200 1882 2243 1941 Β
2273 1876 2460 1933 Nullus
2486 1878 2539 1931 in
2570 1879 2711 1933 hanc
2728 1878 2895 1932 vitam
2926 1877 3223 1932 electorum
3247 1876 3416 1941 venit,
3447 1875 3539 1944 qui
3569 1891 3678 1931 non
3707 1874 3868 1944 hujus

573 1972 740 2029 etiam
768 1979 1146 2042 persecutores
1169 1976 1472 2040 acceperat.
1498 1967 1600 2034 Qui
1629 1967 1774 2022 enim
1800 1965 1981 2021 omnia
2010 1978 2167 2019 acce—

571 2063 719 2135 pisse
745 2078 804 2119 se
826 2070 1070 2128 noverat,
1095 2068 1307 2118 conStat
1327 2061 1453 2130 quia
1481 2067 1536 2115 et
1562 2060 1706 2129 ipsos
1731 2074 1762 2113 a
1792 2057 1987 2127 quibus
2016 2048 2169 2111 tene-

572 2154 735 2209 batur
762 2156 1013 2219 tenebat;
1047 2161 1108 2209 ut
1131 2152 1248 2224 ipse
1286 2152 1341 2207 in
1368 2167 1427 2207 se
1456 2151 1523 2205 ad
1553 2166 1707 2206 usum
1737 2149 1955 2220 pietatis
1994 2147 2168 2202 intor-

572 2255 768 2315 queret
794 2243 1054 2314 quidquid
1104 2258 1291 2299 eorum
1343 2250 1531 2297 contra
1576 2256 1635 2296 se
1664 2240 1869 2295 malitia
1906 2238 2168 2309 permissa

572 2335 807 2389 szeviret.
840 2334 1061 2389 Dicatur
1089 2346 1217 2401 ergo
1246 2332 1297 2386 ei
1330 2349 1343 2384 :
1384 2330 1517 2385 Ecce
1537 2334 1591 2385 in
1612 2348 1769 2385 manu
1801 2339 1889 2383 tua
1912 2338 2017 2395 est;
2044 2329 2171 2399 quia

574 2424 642 2480 ad
670 2423 965 2479 feriendam
1005 2438 1224 2479 carnem
1265 2424 1490 2478 saeviens
1518 2423 1791 2479 licentiam
1819 2422 2048 2493 accepit,
2074 2422 2172 2478 sed

573 2517 831 2589 potestati
853 2516 994 2573 illius
1014 2516 1266 2573 nesciens
1286 2517 1596 2573 deservivit.

649 2629 797 2701 [Vet.
822 2628 1026 2703 ΧΙΙῙ.]
1051 2630 1140 2687 30.
1170 2631 1425 2686 Diabolus
1452 2633 1685 2687 animam
1706 2632 1898 2688 Christi
1926 2651 2173 2703 superare

574 2742 680 2788 non
707 2742 859 2795 posse
879 2727 1221 2781 convincitur.
1248 2756 1321 2769 —
1348 2725 1597 2779 Animam
1617 2741 1749 2782 vero
1780 2726 1921 2783 illius
1949 2742 2169 2783 servare

574 2819 903 2892 praecipitur,
941 2833 1052 2874 non
1079 2817 1224 2888 quod
1252 2818 1395 2873 hanc
1421 2825 1632 2873 tentare
1652 2818 1988 2889 prohibetur,
2018 2828 2043 2857 α
2076 2820 2173 2875 sed

575 2914 722 2984 quod
750 2913 892 2969 hanc
930 2927 1189 2984 superare
1226 2927 1334 2967 non
1376 2927 1538 2983 posse
1585 2911 1943 2968 convincitur.
1988 2912 2173 2982 Neque

575 3007 724 3061 enim
752 3005 893 3062 sicut
922 3021 1041 3071 nos,
1074 3004 1166 3075 qui
1215 3004 1333 3074 puri
1381 3003 1629 3059 homines
1672 3018 1880 3071 sumus,
1935 3003 2174 3059 irruente

576 3112 722 3170 smpe
762 3098 1062 3154 tentatione
1102 3098 1462 3165 concutimur,
1492 3097 1565 3152 ita
1592 3096 1972 3167 Redemptoris
2001 3097 2173 3153 nostri

577 3190 758 3245 anima
805 3188 1122 3245 tentationis
1187 3197 1270 3246 est
1319 3187 1647 3245 necessitate
1705 3190 1938 3243 turbata.
1989 3186 2173 3245 Hostis

2269 1969 2442 2027 hostis
2470 1968 2695 2025 adversa
2742 1968 3015 2024 sustinuit.
3058 1967 3297 2023 Membra
3335 1975 3514 2023 autem
3560 1967 3729 2023 nostri
3760 1966 3870 2022 Re-

2270 2064 2569 2136 demptoris
2625 2063 2951 2119 exstiterunt
2974 2101 2991 2129 ,
3042 2061 3206 2118 etiam
3255 2060 3348 2132 qui
3392 2062 3460 2117 ab
3510 2061 3629 2132 ipso
3677 2072 3868 2115 mundi

2271 2156 2515 2222 exordio,
2550 2153 2678 2210 dum
2707 2154 2796 2225 pie
2822 2154 3035 2219 vivunt,
3082 2152 3321 2210 crudelia
3371 2153 3518 2224 passi
3561 2155 3669 2225 87
3713 2162 3860 2209 sunt.

2271 2244 2355 2301 Au
2395 2261 2503 2301 non
2522 2244 2685 2315 hujus
2711 2244 3013 2300 membrum
3040 2243 3175 2299 Abel
3202 2258 3262 2299 se
3290 2258 3411 2300 esse
3436 2243 3730 2313 perhibuit,
3767 2242 3863 2312 qui

2272 2339 2389 2410 ejus
2410 2348 2661 2405 mortem,
2690 2340 2758 2396 de
2778 2354 2887 2410 quo
2911 2339 3172 2410 scriptum
3200 2347 3302 2405 est,
3329 2337 3478 2393 Sicut
3498 2354 3663 2409 agnus
3686 2352 3865 2391 coram

2274 2434 2517 2489 tondente
2552 2450 2609 2488 se
2632 2432 2962 2499 obmutescet,
2992 2442 3043 2487 et
3071 2449 3177 2487 non
3206 2433 3403 2503 aperiet
3443 2448 3501 2486 os
3525 2448 3673 2486 suum
3702 2429 3864 2501 (Isai.

2273 2542 2384 2592 ι.ιιι,
2438 2528 2514 2595 7),
2555 2543 2665 2581 non
2695 2526 2867 2582 solum
2897 2526 3119 2597 placens
3158 2527 3213 2582 in
3261 2524 3546 2589 sacriﬁcio,
3576 2525 3670 2581 sed
3699 2526 3865 2581 etiam

2272 2619 2510 2674 moriens
2558 2618 2790 2674 tacendo
2838 2619 3102 2687 signavit?
3153 2617 3235 2673 Ab
3282 2619 3400 2689 ipso
3456 2618 3638 2688 itaque
3679 2618 3866 2676 mundi

2275 2708 2500 2763 exordio
2529 2708 2908 2780 Redemptoris
2934 2710 3105 2765 nostri
3134 2724 3331 2781 corpus
3360 2724 3673 2781 expugnare
3697 2725 3865 2766 cona-

2274 2804 2362 2854 tus
2391 2806 2492 2854 est.
2522 2799 2568 2853 A
2592 2798 2778 2870 planta
2807 2814 2935 2870 ergo
2963 2798 3120 2871 pedis
3149 2816 3319 2872 usque
3357 2799 3429 2855 ad
3456 2801 3714 2857 verticem
3743 2801 3865 2856 vul-

2276 2905 2376 2945 nus
2397 2890 2595 2957 intulit,
2632 2902 2655 2929 ο
2686 2890 2811 2961 quia
2842 2908 2871 2946 a
2902 2892 3052 2963 puris
3093 2892 3402 2948 hominibus
3449 2892 3731 2958 inchoans,
3771 2908 3869 2949 us-

2276 2998 2383 3053 que
2426 2983 2496 3047 ad
2543 2984 2719 3053 ipsum
2766 2992 2930 3055 caput
2973 2983 3227 3042 Ecclesia:
3279 2984 3549 3042 sawieudo
3594 2986 3868 3057 pervenit.

2275 3073 2423 3131 Bene
2449 3082 2630 3131 autem
2656 3074 2854 3130 dicitur
2878 3093 2892 3129 :

2847 3187 3077 3245 CAPUT
3115 3189 3300 3247 XVIII.

576 3296 811 3349 namque
837 3290 1041 3346 noster,
1080 3282 1181 3337 etsi
1204 3281 1259 3336 in
1286 3280 1557 3336 excelsum
1582 3288 1821 3335 montem
1845 3294 1968 3335 eum
1991 3278 2019 3319 δ
2050 3295 2174 3350 per—
2202 3266 2248 3330 C
2348 3284 2512 3340 Vens.
2545 3285 2600 3341 8.
2622 3318 2694 3331 -—
2716 3286 2869 3341 Testa
2892 3287 3087 3341 saniem
3107 3284 3341 3340 radebat.

578 3371 774 3425 missus
814 3372 1124 3441 assumpsit,
1155 3372 1201 3429 si
1220 3370 1478 3427 daturum
1503 3385 1563 3425 se
1584 3384 1751 3440 regna
1778 3370 1963 3427 mundi
1992 3371 2174 3441 perhi-

579 3461 717 3527 buit,
746 3462 792 3518 si
821 3465 976 3531 quasi
1000 3464 1055 3518 in
1102 3478 1299 3533 panem
1345 3461 1639 3519 vertendos
1686 3462 1893 3533 lapides
1941 3464 2177 3519 ostendit

581 3551 797 3625 (Matth.
821 3569 893 3620 ιν,
921 3552 988 3620 8;
1023 3552 1150 3609 Luc.
1182 3570 1255 3619 ιγ,
1289 3552 1370 3623 4),
1392 3562 1629 3609 mentem
1660 3561 1842 3610 tamen
1862 3554 2176 3610 mediatoris

581 3645 677 3701 Dei
707 3654 763 3702 et
788 3647 1065 3703 hominum
1108 3648 1409 3703 tentatione
1437 3663 1695 3718 quassare
1734 3664 1842 3704 non
1869 3649 2057 3704 valuit.
2088 3647 2177 3706 Sic

474 3778 489 3785 κ
582 3740 725 3795 enim
748 3740 997 3810 dignatus
1017 3748 1102 3797 est
1126 3740 1241 3796 haec
1266 3740 1503 3796 exterius
1551 3749 1745 3797 cuncta
1776 3741 2067 3811 suscipere,
2116 3749 2177 3796 ut

579 3829 699 3901 ejus
727 3838 907 3887 tamen
938 3846 1091 3888 mens
1114 3831 1341 3886 interius
1365 3830 1629 3886 divinitati
1655 3846 1769 3886 suae
1798 3830 2065 3888 inbterens
2089 3832 2174 3887 in-

580 3940 847 3983 concussa
870 3932 1231 3998 permaneret.
1254 3924 1354 3992 Qui
1382 3932 1436 3980 et
1462 3925 1506 3981 si
1537 3925 1755 3995 quando
1785 3928 2033 3981 turbatus
2063 3927 2175 3995 spi-

582 4018 691 4075 ritu
716 4017 1058 4074 infremuisse
1085 4015 1280 4072 dicitur
1309 4012 1487 4086 (Joan.
1520 4031 1594 4079 ιιι,
1628 4014 1717 4077 '55,
1751 4014 1864 4084 58),
1897 4014 2012 4085 ipse
2041 4016 2177 4071 divi-

583 4110 726 4166 nitus
748 4109 1070 4180 disponebat
1088 4115 1349 4176 quantum
1371 4105 1487 4176 ipse
1507 4105 1820 4161 humanitus
1843 4106 2175 4173 turbaretur,

585 4200 993 4256 immutabiliter
1056 4199 1305 4254 omnibus
1351 4196 1665 4266 praesidens,
1723 4204 1780 4252 et
1830 4197 2178 4268 semetipsum

585 4290 902 4346 mutabilem
955 4289 1011 4344 in
1061 4290 1431 4345 satisfactione
1484 4287 1811 4345 inﬁrmitatis
1862 4290 2173 4345 ostendens.

586 4384 811 4451 Quietus
840 4396 969 4452 ergo
1011 4383 1064 4437 in
1093 4382 1385 4453 semetipso
1414 4397 1657 4446 manens,
1709 4382 1974 4454 disposuit
2019 4384 2177 4453 quid-

585 4472 714 4546 quid
743 4490 841 4546 pro
866 4472 1198 4530 ostendenda
1236 4473 1591 4540 humanitate,
1641 4488 1802 4544 quam
1845 4483 2176 4547 susceperat,

586 4567 751 4622 etiam
780 4565 1124 4621 turbulentus
1150 4564 1299 4621 fecit.

2351 3376 2437 3431 55.
2466 3375 2640 3441 Testa,
2674 3377 2768 3432 hoc
2792 3386 2889 3445 est,
2917 3393 3073 3432 carne
3095 3393 3187 3431 sua
3208 3394 3236 3432 e
3257 3386 3396 3431 terra
3422 3384 3649 3448 sumpta,
3672 3374 3873 3430 saniem

2277 3470 2476 3538 peccati
2506 3470 2657 3523 rasit.
2689 3501 2762 3511 —
2780 3468 2915 3534 Quid
2941 3469 3085 3522 enim
3114 3468 3257 3522 aliud
3278 3469 3331 3521 in
3356 3483 3518 3522 manu
3549 3466 3763 3522 Domini
3784 3475 3870 3522 te-

2278 3567 2361 3615 sta
2385 3567 2485 3625 est,
2519 3559 2621 3613 nisi
2645 3574 2771 3613 caro
2805 3573 2871 3612 ex
2901 3566 3098 3612 nostrae
3126 3557 3438 3611 substantias
3468 3558 3582 3612 luto
3623 3558 3877 3628 sumpta?

2277 3648 2493 3705 Etenim
2523 3656 2658 3703 testa
2698 3648 2820 3716 igne
2848 3646 3127 3701 solidatur.
3169 3645 3310 3702 Caro
3337 3654 3518 3701 autem
3546 3647 3764 3703 Domini
3808 3665 3875 3707 eo

2279 3756 2347 3797 ex
2376 3739 2627 3811 passione
2653 3752 2748 3792 sua
2773 3736 3043 3792 robustior
3068 3736 3295 3800 exstitit,
3326 3750 3434 3806 quo
3460 3751 3561 3806 per
3588 3736 3875 3794 inﬁrmita-

2278 3839 2389 3888 tem
2411 3830 2670 3899 moriens,
2700 3844 2730 3884 a
2758 3836 2934 3885 morte
2954 3829 3072 3884 sine
3094 3828 3407 3884 inﬁmitate
3432 3829 3687 3885 surrexit.
3723 3828 3877 3886 Unde

2278 3933 2428 3982 recte
2469 3923 2631 3979 etiam
2682 3938 2782 3993 per
2821 3921 3151 3993 Prophetam
3198 3922 3394 3978 dicitur
3428 3941 3442 3977 :
3487 3921 3713 3978 Exaruit
3739 3924 3878 3978 velut

2279 4023 2413 4072 testa
2435 4018 2595 4071 virtus
2615 4032 2731 4070 mea
2757 4015 2933 4087 (Psal.
2958 4031 3068 4082 χιι,
3101 4004 3214 4086 16).
3243 4014 3393 4071 Sicut
3423 4022 3562 4070 testa
3586 4015 3729 4070 enim
3758 4016 3876 4085 ejus

2280 4111 2449 4165 virtus
2472 4110 2703 4175 exaruit,
2733 4108 2826 4177 qui
2851 4116 3118 4178 susceptae
3149 4108 3328 4163 carnis
3350 4106 3718 4164 inﬁrmitatem
3746 4124 3875 4179 pas-

2280 4202 2450 4258 sionis
2470 4217 2581 4256 sua:
2607 4200 2733 4270 igne
2752 4200 3050 4256 roboravit.
3076 4199 3215 4266 Quid
3236 4215 3367 4255 vero
3393 4215 3493 4270 per
3512 4199 3741 4266 saniem,
3766 4199 3877 4255 nisi

2278 4300 2583 4365 peccatum,
2607 4290 2767 4346 debet
2786 4291 3047 4361 intelligi?
3073 4289 3179 4346 Per
3204 4306 3422 4347 carnem
3453 4292 3651 4362 quippe
3672 4299 3728 4346 et
3749 4307 3877 4346 san-

2280 4384 2495 4452 guinem
2535 4381 2713 4437 solent
2760 4381 2941 4436 carnis
2976 4388 3202 4451 peccata
3252 4381 3541 4451 designari.
3595 4380 3751 4438 Unde
3778 4397 3879 4453 per

2281 4473 2620 4529 Psalmistam
2654 4472 2853 4527 dicitur
2885 4489 2898 4524 :
2927 4470 3119 4526 Libera
3140 4488 3220 4526 me
3240 4473 3304 4528 de
3332 4472 3672 4543 sanguinibus
3698 4472 3875 4544 (Psal.

2283 4584 2335 4634 L,
2381 4565 2493 4635 16).
2523 4564 2712 4620 Sanies
2761 4564 2944 4634 itaque
2989 4564 3220 4635 putredo
3264 4571 3351 4620 est
3396 4564 3691 4633 sanguinis.
3737 4563 3882 4633 Quid

657 4659 746 4713 3t.
776 4661 965 4714 Anima
988 4657 1178 4713 Christi
1208 4659 1310 4712 dici
1338 4669 1551 4730 possunt
1571 4661 1738 4714 electi.
1769 4660 1838 4715 Hi
1866 4678 1898 4714 a
1924 4669 2177 4730 potestate
2208 4644 2258 4706 D
2285 4672 2414 4729 ergo
2437 4657 2730 4728 accipimus
2748 4651 2774 4692 δ
2802 4654 3028 4720 saniem,
3052 4655 3155 4710 nisi
3176 4662 3399 4725 peccata
3420 4656 3599 4712 carnis
3620 4670 3689 4711 ex
3717 4654 3881 4725 longa

589 4748 783 4803 diaboli
812 4751 1125 4803 eximuntur.
1148 4781 1221 4791 -
1249 4747 1384 4816 Quia
1413 4766 1543 4806 vero
1572 4766 1692 4805 cum
1715 4760 1862 4807 recte
1885 4751 2175 4821 diligimus,

592 4840 725 4895 nihil
777 4842 831 4896 in
878 4843 1040 4897 rebus
1086 4841 1319 4898 conditis
1368 4843 1546 4896 anima
1574 4852 1758 4898 nostra
1787 4820 2001 4899 charius
2031 4859 2180 4899 ama-

593 4947 747 4997 mus;
779 4939 833 4987 et
860 4933 1000 4989 sicut
1028 4934 1262 4989 animam
1282 4949 1383 4989 nos
1423 4950 1517 4990 eos
1544 4934 1766 5006 diligere
1795 4935 2039 5000 dicimus,
2068 4936 2181 5007 qui-

590 5024 693 5079 bus
721 5023 920 5079 amoris
948 5025 1117 5080 nostri
1146 5025 1446 5095 exprimere
1469 5027 1677 5097 pondus
1697 5044 1971 5097 conamur,
2000 5037 2181 5101 potest

591 5128 691 5184 per
720 5111 838 5183 ejus
861 5113 1091 5171 animam
1121 5115 1416 5173 electorum
1443 5117 1552 5172 vita
1577 5110 1794 5187 signari.
1822 5118 1891 5175 Et
1919 5135 2041 5175 cum
2079 5119 2178 5175 Sa-

665 5281 692 5310 ⁸
722 5273 904 5345 Antiq.
928 5274 1147 5344 Rhem.,
1177 5277 1412 5345 Remig.,
1438 5276 1617 5341 Colb.,
1640 5274 1825 5341 Corb.,
1856 5276 2063 5343 Germ.,
2088 5279 2180 5332 sed

629 5343 731 5399 uod
780 5343 910 5400 hanc
955 5343 1149 5403 tentare
1175 5366 1279 5403 non
1324 5343 1471 5405 nosse
1512 5349 1849 5402 convincitur.
1894 5348 2176 5405 Secundus

644 5415 813 5485 hem.,
836 5416 942 5472 duo
971 5417 1178 5489 Remig.
1203 5428 1257 5473 et
1280 5415 1361 5474 CI.
1377 5417 1518 5481 νει,
1534 5418 1625 5489 sed
1644 5418 1778 5489 quod
1791 5419 1924 5489 hanc
1935 5436 2180 5488 superare

595 5494 821 5542 tentatur
840 5505 943 5543 non
960 5506 1109 5558 posse
1131 5487 1468 5544 convincitur.
1502 5488 1623 5551 Alii,
1657 5487 1748 5542 sed
1774 5487 1909 5559 quod
1930 5490 2065 5544 hanc
2090 5507 2178 5544 su-

594 5572 779 5629 perare
810 5560 1055 5613 tentando
1079 5577 1183 5616 non
1204 5576 1353 5629 posse
1382 5559 1717 5629 convincitur.

668 5627 695 5665 ⁸³
722 5628 939 5693 Bhem.,
964 5627 1406 5699 Remig.,'Corb.,
1441 5627 2037 5695 Germ.,Vindoc.,Val.
2067 5630 2172 5700 CL,

598 5696 877 5764 Norman.,
926 5696 1192 5770 Flor-isti,
1216 5709 1347 5765 etc.,
1380 5701 1451 5754 ita
1480 5700 1695 5755 habent.
1724 5701 1814 5756 Sic
1845 5702 2006 5756 etiam
2036 5696 2172 5770 legi;

601 5770 759 5841 turiin
788 5779 892 5825 vet.
926 5769 1067 5825 Edit.
1102 5772 1267 5825 Paris.
1298 5771 1355 5825 In
1386 5770 1504 5825 aliis
1530 5788 1541 5822 :
1577 5772 1735 5825 hostis
1764 5789 1982 5841 namque
2002 5769 2175 5827 noster

598 5840 695 5912 etsi
730 5841 788 5912 in
813 5841 1068 5912 excelsum
1088 5851 1311 5894 montem
1352 5858 1465 5895 eum
1495 5859 1640 5911 quem
1660 5840 1940 5912 permissus
1969 5860 2173 5898 assum-

604 5908 725 5974 psit,
755 5910 931 5969 duxit;
957 5912 1001 5963 si
1028 5911 1286 5976 daturum.
1319 5920 1423 5966 etc.

2285 4759 2555 4809 vetustate
2605 4750 2827 4821 pejora?
2862 4748 3069 4804 Vulnus
3096 4748 3279 4819 itaque
3307 4748 3361 4804 in
3390 4748 3598 4805 saniem
3630 4748 3877 4814 vertitur,

2288 4862 2411 4901 cum
2441 4845 2685 4913 neglecta
2729 4844 2886 4914 culpa
2916 4858 3015 4899 usu
3044 4842 3283 4899 deterius
3310 4851 3583 4911 gravatur.
3616 4842 3885 4899 Mediator

2287 4938 2471 5006 itaque
2491 4935 2587 4990 Dei
2610 4943 2665 4991 et
2692 4935 2971 4991 hominum
2997 4934 3165 4999 homo
3193 4933 3439 4989 Christus
3463 4932 3618 4990 Jesus
3659 4931 3716 5005 (Ι
3743 4932 3881 4990 Tim.

2288 5046 2348 5095 ιι,
2379 5026 2434 5100 5)
2463 5043 2659 5100 corpus
2697 5043 2853 5083 suum
2880 5026 3129 5083 manibus
3157 5026 3595 5098 persequentium
3641 5026 3880 5094 tradens,

2291 5124 2495 5180 saniem
2527 5130 2664 5178 testa
2690 5122 2846 5190 rasit,
2875 5121 3000 5193 quia
3028 5127 3312 5191 peccatum
3334 5134 3497 5176 carne
3520 5120 3738 5176 delevit.
3774 5119 3885 5176 Ve—

2365 5290 2387 5318 ο
2418 5278 2495 5334 Ita
2542 5278 2667 5335 Mss.
2700 5278 2890 5347 Corb.,
2938 5276 3147 5348 Germ.,
3193 5278 3538 5350 Colb.,_Reg.
3575 5278 3698 5348 Alii,
3744 5296 3886 5350 quos

2286 5349 2485 5434 E‘xcuosi
2510 5358 2827 5433 sequuntur,
2860 5350 2980 5421 quia
2998 5352 3141 5419 prius
3168 5349 3252 5403 ab.
3286 5348 3344 5405 In
3377 5348 3542 5416 Uticl,
3567 5351 3689 5419 quia
3712 5348 3883 5421 puris,

2285 5430 2487 5529 «(quia
2516 5430 2734 5503 primus.
3008 5491 3020 5501 .
3493 5491 3506 5505 .

2424 5491 2489 5573 Ιιι⁸
2511 5491 2756 5573 Exclusis,
2779 5507 3124 5573 per-“samem.
3152 5490 3212 5573 In
3242 5490 3370 5548 Mss.
3416 5493 3611 5573 quibus
3636 5491 3885 5573 adligare:

2283 5578 2422 5633 mus,
2448 5562 2765 5631 simpliciter
2779 5562 2975 5633 legitur
3000 5578 3013 5614 :
3038 5562 3162 5633 quid
3186 5579 3309 5633 ergo
3332 5562 3619 5633 accipimus
3637 5564 3887 5633 saniem?

2285 5630 2379 5687 Est
2407 5630 2597 5687 modus
2631 5631 2885 5701 loquendi
2914 5630 3101 5687 nostro
3122 5630 3383 5698 Gregorio
3412 5630 3709 5688 familiaris.
3735 5632 3883 5689 Infra

2283 5719 2332 5759 c.
2357 5720 2484 5771 xxv,
2511 5721 2565 5757 n.
2596 5701 2860 5773 48.7.Sicut
2898 5703 3197 5757 vestimenta
3222 5704 3476 5758 Ecclesia:
3503 5713 3717 5758 cunctos
3746 5704 3886 5773 ﬁde-

2287 5774 2359 5828 ιω
2385 5776 2665 5844 arcpimus.
2692 5772 2867 5844 Etlibﬁ.
2891 5789 2947 5837 ιι,
2977 5789 3095 5843 cap.
3123 5775 3252 5830 olim
3280 5774 3366 5842 l6,
3394 5792 3535 5831 nunc
3555 5774 3645 5840 2!,
3670 5791 3726 5829 ιι.
3748 5772 3834 5829 58
3864 5792 3879 5829 :

2285 5844 2425 5907 Quid
2446 5843 2581 5899 enim
2611 5846 2795 5898 solium
2828 5843 2946 5912 Dei,
2972 5847 3073 5901 nisi
3096 5847 3360 5919 angelicas
3380 5854 3659 5920 potestates
3685 5846 3886 5921 accipi-

2283 5931 2417 5969 mus.
