4180 6450
306 387 412 448 61⁸1

1218 376 1581 440 nonALiuu
1621 376 1747 436 ue.
1791 374 1880 435 Ill.
1904 373 1992 421 '—-
2030 375 2099 435 ιη
2135 326 2293 434 cii.
2336 375 2380 434 n
2416 378 2481 435 Β.
2521 377 2662 436 tos.

3487 376 3592 433 618

212 510 215 513 ’
298 502 382 561 κει
419 500 580 566 enim,
619 496 760 555 sicut
787 494 1045 569 scriptum
1072 501 1175 562 est,
1206 497 1262 551 in
1290 496 1680 552 similitudinem
1717 496 1891 551 carnis
1925 497 1965 555 Α
1995 491 2052 547 in
2081 489 2325 548 Ecclesia
2362 492 2548 548 vident
2573 492 2766 549 deesse
2798 490 2945 563 quod
2983 488 3247 560 ambiunt,
3274 492 3463 549 hostes
3488 492 3588 550 bo-

302 596 522 672 peccati,
537 603 593 648 ut
613 593 676 648 de
687 600 897 665 peccato
918 591 1188 645 damnaret
1201 598 1469 660 peccatum
1486 590 1662 661 (Rom.
1676 606 1787 657 vm,
1813 589 1890 661 5).

302 688 550 756 Dumque
575 684 720 740 hosti
746 682 932 752 objicit
960 682 1324 738 innocentiam
1350 684 1528 738 carnis
1554 697 1682 747 suae,
1708 688 1891 737 exter-

302 779 374 835 sit
411 776 663 845 contagia
704 775 883 831 carnis
913 782 1140 842 nostrae;
1171 783 1227 831 et
1254 790 1320 831 ex
1357 789 1464 845 qua
1509 791 1610 830 nos
1651 776 1893 846 captivos

302 870 556 928 inimicus
580 869 771 934 tenuit,
804 883 903 939 per
942 868 1090 923 illam
1120 882 1219 924 nos
1246 867 1446 923 liberos
1471 867 1736 939 expiavit;
1767 868 1892 938 quia

303 981 467 1038 quam
517 980 617 1021 nos
643 964 1060 1020 instrumentum
1105 962 1331 1019 fecimus
1358 962 1546 1034 culpis,
1592 962 1708 1020 haec
1736 963 1892 1020 nobis

302 1072 401 1129 per
446 1056 797 1113 Mediatorem
838 1070 995 1111 versa
1025 1062 1108 1110 est
1154 1055 1207 1109 in
1252 1069 1401 1110 arma
1436 1054 1676 1125 justitiae.
1727 1055 1891 1112 Testa

305 1162 435 1219 ergo
455 1148 633 1205 sanies
650 1147 873 1215 raditur,
900 1161 1024 1203 cum
1044 1161 1209 1203 carne
1231 1148 1386 1219 culpa
1412 1156 1721 1219 superatur.
1743 1148 1892 1206 Bene

304 1246 485 1295 autem
516 1237 762 1295 subditur
789 1255 804 1293 :

891 1329 1120 1387 CAPUT
1148 1328 1289 1387 XIX.

371 1427 500 1484 lato.
525 1458 599 1472 —
627 1426 825 1485 Sedens
851 1428 909 1483 in
938 1428 1280 1501 sterquilinio.

372 1541 463 1597 54.
496 1541 564 1596 In
585 1543 905 1614 sterquilinio
929 1541 1082 1608 sedit,
1114 1544 1235 1614 quia
1271 1542 1484 1612 inﬁrma
1513 1542 1692 1598 mundi
1711 1542 1885 1614 elegit.

301 1667 373 1678 —
396 1633 512 1690 Non
540 1635 594 1690 in
624 1635 764 1699 foro,
791 1637 844 1690 in
870 1650 978 1704 quo
1008 1635 1095 1691 lex
1120 1634 1439 1705 perstrepit;
1484 1652 1594 1692 non
1634 1636 1690 1691 in
1719 1635 1889 1692 aediﬁ-

300 1724 406 1789 cio,
438 1724 584 1793 quod
619 1740 680 1781 se
731 1725 964 1781 culmine
993 1725 1046 1780 in
1096 1726 1207 1781 alta
1235 1726 1507 1794 sustollit;
1539 1727 1634 1783 sed
1662 1728 1716 1783 in
1745 1735 1889 1784 ster-

299 1816 523 1889 quilinio
577 1817 793 1884 residet,
840 1819 967 1888 quia
1014 1818 1265 1875 videlicet
1302 1819 1635 1892 Redemptor
1664 1822 1888 1877 humani

1992 597 2189 638 norum
2214 582 2382 649 ﬁunt;
2427 591 2483 639 et
2502 600 2611 640 non
2632 585 2805 640 solum
2832 600 3013 655 pravae
3038 585 3361 655 semetipsos
3385 587 3591 643 actioni

1993 675 2256 741 inserunt,
2286 676 2382 732 sed
2408 677 2573 732 etiam
2608 676 2879 746 justorum
2900 678 3280 734 rectitudinem
3311 674 3590 734 inﬂectere

1993 771 2066 827 ad
2087 786 2343 841 perversa
2371 770 2686 826 moliuntur.
2742 769 2971 827 Eterna
3017 772 3219 843 quippe
3262 770 3460 825 intueri
3492 787 3589 827 ne-

1992 865 2218 936 gligunt,
2239 873 2295 921 et
2316 864 2579 937 appetitui
2606 864 2985 936 temporalium
3014 866 3210 921 mentis
3231 864 3589 935 pusillanimi-

1992 966 2105 1013 tate
2147 959 2549 1025 succumbunt;
2599 965 2864 1027 tantoque
2910 959 2979 1013 ab
3028 960 3248 1015 aeternis
3276 959 3437 1015 altius
3465 974 3589 1016 cor-

1991 1060 2175 1119 ruunt,
2202 1058 2407 1121 quanto
2426 1050 2571 1106 bona
2600 1051 2923 1121 temporalia
2952 1065 3072 1106 esse
3097 1051 3251 1122 quasi
3280 1052 3395 1107 sola
3411 1052 3588 1122 suspi-

1992 1152 2203 1199 cantur.
2229 1143 2323 1199 llis
2337 1143 2606 1213 justorum
2635 1143 2952 1214 simplicitas
2972 1143 3241 1215 displicet,
3269 1152 3324 1200 et
3343 1160 3465 1200 cum
3488 1160 3586 1200 oc-

1993 1234 2266 1290 casionem
2302 1236 2724 1306 perturbationis
2773 1235 3094 1304 inveniunt,
3144 1250 3296 1290 suam
3327 1252 3421 1292 eos
3449 1236 3590 1292 arri-

1991 1342 2121 1399 pere
2140 1327 2506 1398 duplicitatem
2522 1328 2769 1386 suadent.
2798 1327 2955 1385 Unde
2975 1329 3082 1386 hoc
3101 1342 3319 1399 quoque
3338 1329 3589 1400 congruit

1994 1425 2121 1488 apte
2148 1418 2296 1489 quod
2323 1419 2569 1475 subditur
2599 1439 2614 1475 :

2596 1530 2825 1587 CAPUT
2862 1531 2982 1588 XX.

2063 1622 2227 1679 Vens.
2259 1623 2311 1678 9.
2343 1650 2419 1665 -—
2444 1622 2594 1679 Dixit
2620 1634 2791 1679 autem
2818 1627 2897 1680 illi
2921 1642 3057 1680 uxor
3085 1643 3181 1681 sua
3210 1642 3229 1681 :
3260 1626 3443 1681 Adhuc
3470 1642 3589 1699 per-

1992 1732 2207 1771 manens
2252 1718 2306 1770 in
2340 1717 2670 1787 simplicitate
2690 1718 2821 1772 tua?
2858 1717 3084 1773 Benedic
3126 1718 3240 1774 Deo
3275 1729 3325 1773 et
3364 1736 3586 1776 morere.

2068 1829 2157 1886 56.
2194 1830 2339 1886 Uxor
2361 1831 2459 1885 Job
2496 1832 2632 1885 male
2654 1832 2899 1897 suadens,
2922 1835 3094 1905 ﬁgura
3119 1843 3196 1887 est
3216 1834 3506 1889 carnalium
3529 1834 3589 1888 in

298 1910 512 1978 generis
532 1910 600 1967 ad
620 1927 836 1967 carnem
858 1912 1102 1980 veniens,
1126 1920 1417 1968 attestante
1446 1912 1637 1983 Paulo,
1667 1913 1891 1986 Inﬁrma
1920 1882 1969 1944 Β
1996 1920 2243 1977 Ecclesia:
2271 1924 2385 1976 sinu
2407 1924 2711 1994 positorum.
2730 1957 2802 1968 —
2822 1923 2987 1994 Cujus
3015 1926 3160 1980 enim
3183 1927 3418 1997 speciem
3445 1925 3591 1982 male

298 2001 481 2055 mundi
508 2001 683 2074 elegit,
711 2012 769 2056 ut
793 2003 1131 2074 confunderet
1161 2006 1321 2075 fortia
1344 2004 1398 2075 (Ι
1426 2002 1547 2060 Cor.
1577 2022 1617 2074 ι,
1659 2004 1772 2075 27).
1804 2006 1889 2063 An

298 2107 409 2147 non
439 2092 594 2163 quasi
638 2094 918 2149 ruentibus
944 2093 1181 2149 aediﬁciis
1208 2095 1263 2149 in
1301 2095 1639 2164 sterquilinio
1666 2095 1885 2164 residet,

298 2184 393 2255 qui
420 2186 621 2242 relictis
646 2183 845 2243 Judmis
867 2186 1319 2258 superbientibus,
1344 2189 1397 2243 in
1421 2204 1485 2245 ea
1506 2206 1667 2261 quam
1688 2191 1888 2247 dudum

299 2279 575 2348 abjecerat
600 2279 900 2348 gentilitate
931 2280 1268 2348 requiescit?
1307 2279 1471 2335 Extra
1520 2281 1887 2339 habitaculum

300 2370 569 2441 reperitur
596 2371 651 2425 in
678 2372 925 2438 vulnere,
952 2372 1045 2442 qui
1071 2372 1124 2426 in
1153 2388 1220 2427 eo
1243 2373 1388 2442 quod
1428 2372 1666 2429 Judaeum
1698 2374 1888 2431 adver-

299 2470 512 2516 santem
559 2462 805 2531 pertulit,
854 2463 1120 2531 passionis
1149 2461 1393 2518 dolorem
1422 2479 1454 2518 a
1483 2473 1643 2532 gente
1669 2466 1887 2536 propria

297 2552 584 2625 despectus
609 2554 808 2621 sensit;
834 2552 1042 2610 Joanne
1068 2564 1377 2624 attestante,
1409 2559 1501 2627 qui
1528 2559 1603 2613 ait
1630 2576 1643 2611 :
1672 2558 1739 2613 In
1761 2577 1883 2633 proa

298 2646 417 2717 pria
445 2646 601 2712 venit,
633 2654 683 2699 et
725 2646 808 2700 sui
835 2663 950 2700 eum
978 2664 1083 2702 non
1129 2658 1431 2719 receperunt
1487 2650 1665 2722 (Joan.
1703 2668 1741 2717 ι,
1773 2652 1885 2724 il).

298 2734 406 2791 Sed
460 2735 733 2807 quomodo
780 2737 975 2793 sedens
1004 2738 1059 2793 in
1110 2739 1448 2811 sterquilinio
1512 2742 1885 2811 conquiescat,

299 2827 417 2883 haec
464 2827 655 2883 eadem
696 2827 765 2884 de
803 2830 1095 2901 semetipsa
1116 2829 1329 2887 Veritas
1352 2832 1536 2887 dicat:
1564 2834 1654 2888 Ait
1690 2836 1832 2889 enim
1869 2854 1884 2890 :

299 2917 559 2974 Gaudium
581 2922 680 2975 erit
707 2921 762 2975 in
785 2922 910 2977 caelo
938 2939 1091 2994 super
1110 2940 1211 2979 uno
1239 2934 1508 2995 peccatore
1534 2928 1889 2996 paenitentiam

295 3022 502 3085 agente,
543 3030 697 3086 quam
725 3032 879 3083 super
908 3019 1198 3090 nonaginta
1245 3036 1423 3074 nouem
1454 3020 1633 3091 justis,
1667 3024 1752 3094 qui
1782 3039 1885 3078 non

293 3109 528 3181 indigent
547 3110 847 3180 paenitentia
873 3110 1024 3184 (Luc.
1048 3129 1138 3180 xv,
1169 3113 1279 3186 10).
1308 3113 1444 3171 Ecce
1463 3115 1652 3171 dolens
1670 3117 1722 3171 in
1751 3126 1886 3172 ster-

293 3203 519 3277 quilinio
548 3204 719 3272 sedet,
774 3204 867 3275 qui
915 3214 1038 3276 post
1074 3215 1411 3279 perpetratas
1439 3209 1625 3280 culpas
1654 3210 1886 3268 libenter

293 3273 463 3351 corda
489 3273 868 3367 paenitentiam
896 3273 1273 3368 possidet.-.“
1298 3316 1406 3355 non
1434 3273 1585 3372 qua-si
1611 3303 1883 3371 quoddam
1910 3273 1957 3335 (δ

293 3388 691 3458 sterquilinium
718 3398 843 3444 sunt
863 3390 1027 3446 corda
1055 3391 1451 3461 paenitentiam,
1479 3395 1573 3464 qui
1594 3397 1720 3450 dum
1742 3396 1885 3452 mala

294 3493 395 3535 sua
423 3478 600 3536 ﬂendo
630 3480 993 3549 considerant,
1039 3484 1194 3553 quasi
1234 3492 1360 3540 ante
1382 3501 1441 3541 se
1470 3495 1731 3554 stercora,
1765 3504 1885 3545 sese

294 3572 598 3641 abjiciendo
626 3575 991 3630 coacervant?
1018 3574 1314 3633 Percussus
1363 3592 1494 3648 ergo
1515 3578 1617 3635 Job
1645 3578 1886 3638 mOntem

292 3680 405 3722 non
434 3667 610 3738 petiit,
642 3666 738 3723 sed
765 3668 821 3723 in
849 3668 1189 3739 sterquilinio
1231 3671 1451 3737 resedit,
1498 3674 1631 3741 quia
1661 3673 1730 3728 ad
1757 3690 1886 3745 pas-

292 3758 505 3815 sionem
532 3759 865 3831 Redemptor
889 3762 1130 3828 veniens,
1185 3763 1292 3817 alta
1341 3766 1695 3834 superborum
1723 3768 1888 3824 corda

291 3850 557 3918 deseruit,
582 3858 638 3906 et
664 3852 719 3906 in
745 3861 768 3888 ι
788 3852 1109 3907 amictorum
1132 3853 1435 3910 humilitate
1463 3857 1747 3925 requievit.
1778 3861 1891 3930 88

292 3943 455 4012 Quod
481 3951 661 4000 tamen
700 3943 768 3999 de
796 3958 856 3999 se
884 3951 941 3999 et
959 3945 1109 4015 prius
1130 3962 1292 4017 quam
1324 3947 1719 4018 incarnaretur,
1743 3951 1883 4006 indi-

298 4035 464 4103 cavit,
490 4050 611 4092 cum
632 4050 731 4106 per
753 4034 1083 4106 Prophetam
1112 4034 1284 4092 dixit:
1315 4037 1399 4091 Ad
1418 4055 1566 4109 quem
1594 4040 1889 4113 respiciam,

298 4129 401 4183 nisi
414 4115 483 4181 ad
495 4128 738 4183 humilem
756 4136 806 4183 et
827 4130 1054 4201 quietum
1071 4137 1119 4183 et
1134 4138 1426 4185 trementem
1441 4149 1699 4189 sermones
1718 4136 1893 4191 meos?

302 4220 458 4294 (Isai.
486 4239 591 4289 ινι,
618 4220 672 4289 2,
705 4237 806 4277 sec.
839 4219 1042 4291 LXX.)

372 4334 460 4391 35.
494 4335 728 4391 Christus
765 4338 821 4391 in
853 4338 979 4400 suis,
1008 4344 1057 4390 et
1076 4336 1140 4390 ab
1170 4336 1486 4407 infidelibus,
1518 4346 1569 4393 et
1595 4357 1627 4393 a
1654 4340 1894 4411 ﬁdelibus

301 4428 595 4485 carnalibus
622 4431 786 4485 multa
815 4432 1030 4501 patitur.
1079 4462 1153 4474 -—
1175 4429 1306 4497 Quis
1334 4447 1464 4487 vero
1490 4434 1816 4502 consideret,
1849 4436 1895 4493 is

302 4522 394 4592 qui
416 4530 496 4577 tot
515 4522 603 4592 pia
627 4522 936 4578 hominibus
964 4523 1167 4591 intulit,
1194 4534 1328 4592 quot
1348 4525 1416 4580 ab
1436 4526 1743 4581 hominibus
1770 4542 1895 4597 per-

302 4629 459 4669 versa
487 4615 775 4670 toleravit?
812 4613 943 4683 Quis
971 4616 1299 4683 consideret,
1324 4627 1525 4687 quanta
1555 4635 1697 4675 nunc
1722 4636 1895 4691 usque

302 4707 520 4774 tolerat,
551 4707 713 4763 etiam
740 4723 862 4764 cum
890 4707 957 4763 de
986 4708 1123 4764 cmlo
1153 4723 1315 4778 super
1338 4709 1501 4765 corda
1529 4710 1765 4767 ﬁdelium
1798 4728 1889 4768 re-

304 4798 471 4869 gnat?
493 4798 610 4870 Ipse
636 4800 832 4870 quippe
857 4799 1098 4870 quotidie
1140 4801 1345 4870 patitur
1373 4814 1536 4856 omne
1561 4808 1708 4872 quod
1737 4818 1768 4857 a
1797 4820 1892 4860 re-

303 4892 488 4963 probis
517 4891 630 4962 ejus
660 4893 818 4949 electi
864 4893 1191 4948 lacerantur.
1225 4890 1292 4947 Et
1320 4895 1565 4964 quamvis
1592 4903 1756 4967 caput
1788 4897 1892 4952 hu-

303 4984 390 5055 jus
418 4984 682 5055 corporis,
715 4985 862 5055 quod
888 4984 1145 5039 videlicet
1172 5000 1272 5039 nos
1293 5000 1496 5052 sumus,
1516 4985 1628 5056 jam
1654 5004 1774 5043 sese
1802 5005 1894 5046 su-

306 5090 405 5148 per
430 5076 610 5131 omnia
639 5075 867 5131 liberum
894 5074 922 5114 δ
951 5076 1146 5139 exerit,
1177 5076 1529 5146 reproborum
1561 5085 1742 5133 tamen
1772 5081 1893 5135 vul-

308 5185 437 5224 nera
466 5169 641 5224 adhuc
669 5182 768 5240 per
790 5184 964 5233 suum,
992 5167 1136 5238 quod
1165 5167 1415 5222 deorsum
1443 5167 1660 5234 retinet,
1704 5186 1900 5241 corpus

307 5261 491 5317 sentit.
517 5259 625 5318 Sed
650 5260 781 5333 quid
826 5260 927 5316 ista
965 5260 1036 5316 de
1063 5258 1368 5315 infidelibus
1399 5258 1647 5325 dicimus,
1681 5276 1803 5315 cum
1844 5262 1899 5318 in

311 5354 427 5426 ipsa
451 5370 671 5427 quoque
700 5353 940 5411 Ecclesia
968 5353 1167 5408 multos
1187 5352 1504 5419 carnalium,
1535 5353 1718 5423 pravis
1740 5355 1899 5409 mori-

307 5447 410 5504 bus
444 5456 637 5503 contra
678 5446 1059 5519 Redemptoris
1096 5446 1262 5502 vitam
1293 5461 1535 5518 pugnare
1584 5446 1899 5504 videamus?

308 5537 452 5595 Sunt
500 5553 734 5609 namque
771 5539 1015 5595 nonnulli
1061 5538 1154 5609 qui
1181 5538 1349 5606 hunc,
1386 5538 1513 5609 quia
1557 5538 1747 5608 gladiis
1790 5555 1901 5595 non

309 5642 559 5709 possunt,
580 5634 848 5707 perversis
868 5635 1074 5691 actibus
1094 5636 1479 5707 insequuntur;
1506 5637 1630 5707 quia
1652 5636 1778 5691 dum
1799 5638 1902 5695 sibi

389 5805 415 5834 ι
460 5793 627 5860 Editi,
665 5794 732 5866 in
777 5792 1094 5866 afflictarum
1120 5793 1352 5850 cordium
1398 5794 1706 5851 humilitate.
1740 5794 1904 5852 Deest

204 5874 209 5879 ”
313 5866 550 5924 cordium
578 5866 633 5920 in
663 5863 787 5921 Mss.

390 5937 415 5977 δ
454 5936 557 5994 Ista
589 5952 778 5993 omnes
807 5935 999 5992 Rhem.
1029 5942 1085 5990 et
1111 5933 1343 6007 Remig.,
1376 5936 1616 6013 Belvac.,
1646 5940 1904 6009 Floriac.,

599 6033 873 6093 PATROL.
909 6029 1167 6099 LXXV.

1993 2012 2228 2068 suadens
2273 2014 2468 2068 mulier
2498 2015 2705 2082 tenuit,
2755 2015 2858 2070 nisi
2896 2017 3264 2085 quorumlibet
3290 2019 3587 2073 carnalium

1993 2104 2047 2159 in
2076 2103 2326 2161 Ecclesia:
2365 2105 2483 2160 sinu
2514 2106 2834 2176 positorum,
2879 2107 3100 2176 quiquo
3124 2107 3303 2162 verbis
3328 2108 3588 2178 professae

1994 2196 2115 2253 ﬁdei
2144 2199 2286 2253 intus
2306 2206 2452 2262 sunt,
2473 2214 2539 2254 eo
2562 2199 2733 2253 bonos
2753 2200 3069 2254 incorrectis
3096 2199 3206 2255 suis
3227 2200 3468 2256 moribus
3490 2215 3588 2270 pe-

1986 2288 2077 2360 jus
2098 2298 2370 2361 premunt.
2397 2290 2530 2345 Nam
2568 2292 2747 2346 minus
2767 2290 2997 2347 fortasse
3023 2292 3355 2358 nocuissent,
3402 2293 3447 2346 si
3475 2306 3589 2345 non

1992 2399 2088 2439 eos
2115 2393 2303 2439 sancta
2332 2383 2570 2440 Ecclesia
2600 2385 2867 2441 introrsus
2894 2385 3185 2441 admittens
3209 2400 3380 2455 usque
3423 2384 3489 2438 ad
3520 2382 3589 2436 ﬁ-

1991 2477 2080 2533 dei
2103 2477 2278 2533 cubile
2306 2478 2596 2547 reciperet,
2623 2492 2761 2547 quos
2790 2477 2916 2532 dum
2962 2494 3061 2549 per
3099 2478 3398 2549 professum
3429 2476 3590 2533 fidem

1990 2569 2203 2640 recipit,
2231 2570 2331 2625 sibi
2358 2570 2549 2640 procul
2571 2570 2736 2625 dubio
2758 2584 2900 2639 pene
2925 2570 3261 2625 inevitabiles
3277 2569 3423 2624 facit.
3452 2569 3589 2624 Hinc

1992 2670 2108 2728 est,
2159 2661 2303 2731 quod
2358 2669 2638 2731 premente
2681 2662 2836 2716 turba
2858 2705 2873 2729 ,
2903 2678 3010 2717 una
3042 2662 3460 2732 Redemptorem
3488 2676 3591 2717 no-

1992 2761 2162 2809 strum
2183 2752 2377 2808 mulier
2392 2753 2595 2824 tetigit;
2620 2752 2762 2808 unde
2783 2761 2839 2807 et
2857 2753 3027 2809 isdem
3046 2752 3381 2823 Redemptor
3401 2762 3589 2809 noster

1992 2846 2236 2917 protinus
2262 2845 2392 2900 dicit
2418 2864 2430 2899 :
2459 2844 2587 2911 Quis
2612 2863 2692 2901 me
2709 2847 2913 2917 tetigit?
2935 2844 3035 2901 Cui
3064 2862 3187 2901 cum
3210 2846 3458 2915 discipuli
3480 2860 3588 2901 res-

1989 2938 2294 3009 ponderent
2321 2954 2334 2991 :
2364 2936 2548 2991 Turba:
2572 2946 2617 2990 le
2644 2946 2665 2975 ο
2699 2938 3043 3007 comprimunt
3061 2948 3111 2990 et
3140 2938 3404 3009 afﬂigunt,
3429 2945 3479 2990 et
3506 2936 3589 2991 di-

1992 3030 2069 3084 cis
2097 3046 2114 3083 :
2144 3027 2271 3093 Quis
2297 3046 2377 3083 me
2419 3029 2623 3100 tetigit?
2652 3028 2794 3084 illico
2831 3029 3076 3099 adjunxit
3109 3048 3123 3083 :
3158 3028 3347 3101 Tetigit
3376 3047 3456 3083 me
3483 3029 3589 3084 ali-

1991 3127 2124 3197 quis,
2154 3142 2273 3179 nam
2299 3133 2349 3179 et
2366 3141 2457 3195 ego
2481 3126 2597 3179 novi
2622 3124 2863 3178 virtutem
2886 3124 2950 3178 de
2976 3141 3057 3179 me
3085 3125 3254 3178 exisse
3293 3122 3442 3194 (Luc.
3468 3139 3587 3194 vm,

1993 3216 2083 3284 44,
2114 3215 2203 3283 45,
2234 3216 2346 3287 46).

2063 3331 2210 3405 [Vet.
2234 3328 2339 3383 XX
2347 3326 2386 3400 .]
2417 3327 2598 3384 57.Ηὶ
2628 3336 2864 3401 premunt
2892 3327 3175 3397 Christum,
3205 3343 3312 3381 non
3344 3305 3604 3398 tangunt:

1989 3458 2060 3468 —
2082 3423 2236 3480 Multi
2266 3436 2397 3492 ergo
2425 3422 2711 3477 Dominum
2739 3421 3125 3491 comprimunt,
3166 3427 3222 3475 et
3257 3435 3362 3474 una
3394 3420 3586 3488 tangit,

1989 3517 2115 3588 quia
2165 3514 2413 3573 carnales
2465 3514 2664 3583 quique
2693 3513 2747 3567 in
2774 3511 3016 3569 Ecclesia
3069 3526 3193 3566 eum
3239 3520 3509 3582 premunt,
3557 3528 3588 3565 a

1991 3624 2100 3679 quo
2146 3608 2309 3675 longe
2346 3612 2503 3672 sunt;
2546 3611 2603 3659 et
2639 3604 2742 3659 soli
2773 3610 3001 3672 tangunt
3047 3604 3139 3671 qui
3166 3602 3294 3656 huic
3324 3602 3591 3657 veraciter

1990 3700 2221 3756 humiles
2250 3697 2634 3766 adiunguntur.
2666 3693 2844 3749 Turba
2873 3695 3035 3763 igitur
3062 3694 3275 3763 premit,
3306 3693 3430 3762 quia
3451 3693 3591 3747 mul-

1994 3791 2167 3845 titudo
2197 3788 2500 3844 carnalium
2539 3800 2649 3855 quo
2681 3785 2827 3839 intus
2854 3784 3173 3850 admittitur,
3200 3784 3414 3851 gravius
3447 3785 3589 3838 tole-

1991 3893 2163 3938 ratur.
2196 3878 2423 3942 Premit,
2456 3888 2511 3933 et
2536 3891 2649 3931 non
2672 3875 2863 3945 tangit,
2893 3876 3018 3945 quia
3059 3881 3115 3930 et
3155 3875 3461 3945 importuna
3506 3881 3595 3930 est

1992 3988 2092 4044 per
2121 3969 2483 4043 praesentiam,
2516 3975 2571 4023 et
2596 3966 2791 4022 absens
2835 3983 2935 4038 per
2968 3968 3156 4022 vitam.
3193 3966 3590 4035 Nonnunquam

1998 4068 2141 4123 enim
2171 4064 2351 4137 pravis
2378 4078 2478 4119 nos
2521 4061 2860 4118 sermonibus
2878 4103 2904 4132 ,_
2925 4076 3313 4131 nonnunquam
3341 4074 3471 4115 vero
3499 4074 3591 4115 so-

1996 4158 2063 4215 lis
2088 4155 2359 4229 perversis
2403 4154 2646 4209 moribus
2680 4152 3058 4223 insequuntur.
3089 4152 3329 4208 Suadent
3356 4165 3592 4222 namque

1998 4248 2287 4322 aliquando
2313 4263 2432 4319 quas
2460 4255 2677 4313 tenent;
2717 4246 3007 4319 aliquando
3036 4262 3166 4302 vero
3194 4246 3295 4301 etsi
3327 4261 3436 4311 non
3462 4260 3591 4301 sua-

2004 4344 2157 4410 dent,
2188 4342 2431 4413 przebere
2461 4348 2645 4396 tamen
2696 4340 2996 4410 iniquitatis
3037 4339 3284 4409 exempla
3314 4355 3423 4394 non
3468 4353 3591 4393 ces-

1997 4445 2137 4493 sant.
2165 4434 2267 4501 Qui
2292 4434 2454 4504 igitur
2483 4432 2550 4487 ad
2576 4432 2717 4487 mala
2759 4447 2858 4487 nos
2888 4431 2973 4485 vel
2993 4429 3173 4486 verbis
3200 4428 3286 4483 vel
3327 4428 3592 4495 exemplis

1998 4529 2243 4593 illiciunt,
2292 4526 2535 4597 profecto
2579 4532 2959 4595 persecutores
2987 4522 3157 4577 nostri
3185 4528 3367 4593 sunt'a
3395 4519 3593 4587 quibus

1999 4622 2361 4678 tentationum
2409 4620 2706 4676 certamina
2757 4618 3058 4685 sumimus,
3114 4630 3234 4685 qua:
3287 4614 3479 4668 saltem
3531 4612 3590 4668 in

2000 4712 2165 4768 corde
2189 4712 2488 4766 vincamus.

2068 4805 2156 4859 '58.
2182 4804 2355 4859 Prava
2384 4803 2641 4858 interdum
2669 4812 2807 4856 metu
2829 4843 2844 4870 ,
2874 4799 3156 4873 aliquando
3194 4798 3419 4853 audacia
3458 4815 3587 4855 sua-

1998 4900 2139 4954 dent.
2169 4931 2241 4942 --
2264 4896 2550 4952 Sciendum
2572 4910 2702 4950 vero
2724 4903 2825 4959 est,
2848 4894 2973 4963 quia
3002 4893 3247 4949 carnales
3274 4894 3326 4948 in
3349 4892 3588 4949 Ecclesia

1999 4991 2285 5063 aliquando
2306 4998 2473 5053 metu,
2507 4987 2795 5057 aliquando
2826 5004 2955 5043 vero
2974 4987 3199 5043 audacia
3222 4988 3450 5045 suadere
3476 4991 3590 5060 89

1998 5098 2252 5155 perversa
2277 5080 2634 5143 contendunt;
2659 5096 2890 5150 cumque
2915 5080 3015 5151 ipsi
3045 5080 3127 5137 vel
3149 5082 3591 5152 pusillanimitate

2000 5175 2088 5230 vel
2117 5174 2351 5228 elatione
2378 5172 2655 5239 deﬁciunt,
2686 5158 2807 5227 hazc‘
2824 5173 3091 5242 justorum
3136 5172 3389 5227 cordibus
3413 5169 3591 5225 infun-

2002 5266 2130 5321 dere
2158 5265 2310 5334 quasi
2339 5280 2407 5319 ex
2438 5263 2731 5319 dilectione
2750 5263 3065 5319 moliuntur.
3092 5263 3372 5318 Carnalem
3402 5261 3591 5315 videli~

2001 5368 2088 5415 cet
2115 5367 2352 5414 mentem
2378 5357 2571 5413 Petrus
2599 5365 2724 5412 ante
2753 5357 3129 5428 Redemptoris
3158 5368 3384 5410 mortem
3408 5368 3593 5408 resur-

2004 5451 2406 5520 rectionemque
2446 5450 2750 5515 retinebat;
2785 5449 2986 5505 carnali
3012 5455 3195 5503 mente
3223 5444 3423 5500 Sarvite
3451 5442 3591 5497 ﬁlius

2003 5545 2125 5601 duci
2150 5560 2249 5600 suo
2272 5543 2438 5599 David
2464 5542 2749 5614 adjunctus
2771 5542 3092 5605 inhzcserat;
3121 5538 3215 5593 sed
3243 5546 3421 5590 tamen
3452 5548 3590 5589 unus

2003 5638 2310 5707 formidine,
2336 5640 2473 5694 alter
2498 5638 2734 5694 elatione
2762 5637 3038 5707 peccabat.
3079 5632 3174 5688 Ille
3201 5630 3398 5702 quippe
3420 5629 3590 5697 magi—
3631 5648 3635 5653 ο

2005 5797 2191 5860 Corb.,
2223 5795 2429 5860 Germ.,
2462 5793 2519 5850 S.
2554 5793 2736 5859 Mart.,
2768 5801 2872 5849 etc.
2896 5791 2955 5847 ln
2984 5789 3155 5845 Editis
3183 5786 3378 5857 legitur
3403 5802 3587 5845 erexe-

2006 5870 2076 5923 rit
2105 5884 2202 5939 pro
2229 5868 2415 5939 exerit.
3159 5872 3172 5880 ‘

2085 5938 2113 5979 ον
2138 5938 2261 6008 Ed.,
2288 5938 2447 5994 turba:
2473 5945 2518 5992 te
2546 5946 2804 6009 premunt.

3143 6023 3222 6082 20
