  <div class='ocr_page' id='page_1' title='image "/cluster/home/n/w/nwhite01/storage/ocr_20150623/75/hvd.32044015469380/315.png"; bbox 0 0 4180 6466; ppageno 0'>
   <div class='ocr_carea' id='block_1_1' title="bbox 547 377 650 439">
    <p class='ocr_par' dir='ltr' id='par_1_1' title="bbox 547 377 650 439">
     <span class='ocr_line' id='line_1_1' title="bbox 547 377 650 439; baseline 0.01 -1"><span class='ocrx_word' id='word_1_1' title='bbox 547 377 650 439; x_wconf 69' lang='grc'><strong>619</strong></span> 
     </span>
    </p>
   </div>
   <div class='ocr_carea' id='block_1_2' title="bbox 1770 354 2635 423">
    <p class='ocr_par' dir='ltr' id='par_1_2' title="bbox 1770 354 2635 423">
     <span class='ocr_line' id='line_1_2' title="bbox 1770 354 2635 423; baseline -0.01 -2"><span class='ocrx_word' id='word_1_2' title='bbox 1770 361 2014 423; x_wconf 74' lang='lat' dir='ltr'><strong>SANC&#39;I&#39;I</strong></span> <span class='ocrx_word' id='word_1_3' title='bbox 2053 354 2378 420; x_wconf 70' lang='lat' dir='ltr'><strong>GBEGOBII</strong></span> <span class='ocrx_word' id='word_1_4' title='bbox 2421 355 2635 414; x_wconf 68' lang='lat' dir='ltr'><strong><em>MAGNI</em></strong></span> 
     </span>
    </p>
   </div>
   <div class='ocr_carea' id='block_1_3' title="bbox 3729 362 3840 422">
    <p class='ocr_par' dir='ltr' id='par_1_3' title="bbox 3729 362 3840 422">
     <span class='ocr_line' id='line_1_3' title="bbox 3729 362 3840 422; baseline 0 -3"><span class='ocrx_word' id='word_1_5' title='bbox 3729 362 3840 422; x_wconf 60' lang='grc' dir='ltr'><strong>ϐω</strong></span> 
     </span>
    </p>
   </div>
   <div class='ocr_carea' id='block_1_4' title="bbox 545 473 3842 558">
    <p class='ocr_par' dir='ltr' id='par_1_4' title="bbox 545 473 3842 558">
     <span class='ocr_line' id='line_1_4' title="bbox 545 473 3842 558; baseline -0.003 -11"><span class='ocrx_word' id='word_1_6' title='bbox 545 499 644 558; x_wconf 65' lang='lat' dir='ltr'><strong>sui</strong></span> <span class='ocrx_word' id='word_1_7' title='bbox 671 497 902 552; x_wconf 76' lang='lat' dir='ltr'><strong>mortem</strong></span> <span class='ocrx_word' id='word_1_8' title='bbox 928 482 1156 548; x_wconf 70' lang='lat' dir='ltr'><strong>audiens</strong></span> <span class='ocrx_word' id='word_1_9' title='bbox 1197 489 1332 546; x_wconf 79' lang='lat' dir='ltr'><strong>dixit</strong></span> <span class='ocrx_word' id='word_1_10' title='bbox 1362 505 1376 544; x_wconf 84' lang='lat'><strong>:</strong></span> <span class='ocrx_word' id='word_1_11' title='bbox 1409 487 1558 543; x_wconf 76' lang='lat' dir='ltr'><strong>Absit</strong></span> <span class='ocrx_word' id='word_1_12' title='bbox 1584 501 1620 541; x_wconf 89' lang='lat' dir='ltr'><strong>a</strong></span> <span class='ocrx_word' id='word_1_13' title='bbox 1648 493 1719 556; x_wconf 87' lang='lat' dir='ltr'><strong>te,</strong></span> <span class='ocrx_word' id='word_1_14' title='bbox 1757 483 2000 548; x_wconf 78' lang='lat' dir='ltr'><strong>Domine,</strong></span> <span class='ocrx_word' id='word_1_15' title='bbox 2028 497 2133 537; x_wconf 88' lang='lat' dir='ltr'><strong>non</strong></span> <span class='ocrx_word' id='word_1_16' title='bbox 2162 481 2213 542; x_wconf 80' lang='grc' dir='ltr'>Α</span> <span class='ocrx_word' id='word_1_17' title='bbox 2237 473 2478 545; x_wconf 73' lang='lat' dir='ltr'><strong>adiungit</strong></span> <span class='ocrx_word' id='word_1_18' title='bbox 2510 491 2524 529; x_wconf 89' lang='lat'><strong>:</strong></span> <span class='ocrx_word' id='word_1_19' title='bbox 2557 475 2758 530; x_wconf 68' lang='lat' dir='ltr'><strong>Prester</strong></span> <span class='ocrx_word' id='word_1_20' title='bbox 2787 473 2886 532; x_wconf 80' lang='lat' dir='ltr'><strong>illa</strong></span> <span class='ocrx_word' id='word_1_21' title='bbox 2909 487 3024 548; x_wconf 68' lang='lat' dir='ltr'><strong>quas</strong></span> <span class='ocrx_word' id='word_1_22' title='bbox 3055 475 3378 532; x_wconf 68' lang='lat' dir='ltr'><strong>extrinsecus</strong></span> <span class='ocrx_word' id='word_1_23' title='bbox 3408 483 3547 544; x_wconf 83' lang='lat' dir='ltr'><strong>sunt,</strong></span> <span class='ocrx_word' id='word_1_24' title='bbox 3579 477 3842 536; x_wconf 71' lang='lat' dir='ltr'><strong>instantia</strong></span> 
     </span>
    </p>
   </div>
   <div class='ocr_carea' id='block_1_5' title="bbox 543 577 2135 662">
    <p class='ocr_par' dir='ltr' id='par_1_5' title="bbox 543 577 2135 662">
     <span class='ocr_line' id='line_1_5' title="bbox 543 577 2135 662; baseline -0.014 -9"><span class='ocrx_word' id='word_1_25' title='bbox 543 599 645 654; x_wconf 85' lang='lat' dir='ltr'><strong>erit</strong></span> <span class='ocrx_word' id='word_1_26' title='bbox 683 591 772 649; x_wconf 90' lang='lat' dir='ltr'><strong>tibi</strong></span> <span class='ocrx_word' id='word_1_27' title='bbox 816 592 910 647; x_wconf 81' lang='lat' dir='ltr'><strong>hoc</strong></span> <span class='ocrx_word' id='word_1_28' title='bbox 939 588 1158 662; x_wconf 72' lang='lat' dir='ltr'><strong>(Matth.</strong></span> <span class='ocrx_word' id='word_1_29' title='bbox 1185 604 1295 654; x_wconf 77' lang='lat' dir='ltr'><strong>xvr,</strong></span> <span class='ocrx_word' id='word_1_30' title='bbox 1321 584 1410 652; x_wconf 69' lang='lat'><strong>2!,</strong></span> <span class='ocrx_word' id='word_1_31' title='bbox 1441 581 1570 653; x_wconf 70' lang='lat'><strong>‘13);</strong></span> <span class='ocrx_word' id='word_1_32' title='bbox 1618 583 1708 638; x_wconf 89' lang='lat' dir='ltr'><strong>hic</strong></span> <span class='ocrx_word' id='word_1_33' title='bbox 1733 595 1867 636; x_wconf 85' lang='lat' dir='ltr'><strong>vero</strong></span> <span class='ocrx_word' id='word_1_34' title='bbox 1911 577 2135 649; x_wconf 80' lang='lat' dir='ltr'><strong>injurias</strong></span> 
     </span>
    </p>
   </div>
   <div class='ocr_carea' id='block_1_6' title="bbox 544 671 2136 750">
    <p class='ocr_par' dir='ltr' id='par_1_6' title="bbox 544 671 2136 750">
     <span class='ocr_line' id='line_1_6' title="bbox 544 671 2136 750; baseline -0.013 -8"><span class='ocrx_word' id='word_1_35' title='bbox 544 687 697 744; x_wconf 86' lang='lat' dir='ltr'><strong>ducis</strong></span> <span class='ocrx_word' id='word_1_36' title='bbox 724 701 831 739; x_wconf 91' lang='lat' dir='ltr'><strong>non</strong></span> <span class='ocrx_word' id='word_1_37' title='bbox 860 682 1056 748; x_wconf 77' lang='lat' dir='ltr'><strong>ferens,</strong></span> <span class='ocrx_word' id='word_1_38' title='bbox 1087 681 1161 735; x_wconf 89' lang='lat' dir='ltr'><strong>ait</strong></span> <span class='ocrx_word' id='word_1_39' title='bbox 1186 698 1197 733; x_wconf 95' lang='lat'>:</span> <span class='ocrx_word' id='word_1_40' title='bbox 1233 677 1485 750; x_wconf 81' lang='lat' dir='ltr'><strong>Nunquid</strong></span> <span class='ocrx_word' id='word_1_41' title='bbox 1504 693 1598 747; x_wconf 90' lang='lat' dir='ltr'><strong>pro</strong></span> <span class='ocrx_word' id='word_1_42' title='bbox 1625 675 1703 728; x_wconf 78' lang='lat' dir='ltr'><strong>his</strong></span> <span class='ocrx_word' id='word_1_43' title='bbox 1725 671 1890 728; x_wconf 74' lang='lat' dir='ltr'><strong>verbis</strong></span> <span class='ocrx_word' id='word_1_44' title='bbox 1920 686 2025 726; x_wconf 82' lang='lat' dir='ltr'><strong>non</strong></span> <span class='ocrx_word' id='word_1_45' title='bbox 2049 685 2136 724; x_wconf 86' lang='lat' dir='ltr'><strong>oc-</strong></span> 
     </span>
    </p>
   </div>
   <div class='ocr_carea' id='block_1_7' title="bbox 545 760 2136 844">
    <p class='ocr_par' dir='ltr' id='par_1_7' title="bbox 545 760 2136 844">
     <span class='ocr_line' id='line_1_7' title="bbox 545 760 2136 844; baseline -0.011 -11"><span class='ocrx_word' id='word_1_46' title='bbox 545 778 747 834; x_wconf 88' lang='lat' dir='ltr'><strong>cidetur</strong></span> <span class='ocrx_word' id='word_1_47' title='bbox 792 774 966 831; x_wconf 77' lang='lat' dir='ltr'><strong>Semel</strong></span> <span class='ocrx_word' id='word_1_48' title='bbox 988 815 1002 840; x_wconf 92' lang='lat'><strong>,</strong></span> <span class='ocrx_word' id='word_1_49' title='bbox 1055 780 1081 809; x_wconf 76' lang='grc' dir='ltr'>ἰ</span> <span class='ocrx_word' id='word_1_50' title='bbox 1120 773 1205 844; x_wconf 82' lang='lat' dir='ltr'><strong>qui</strong></span> <span class='ocrx_word' id='word_1_51' title='bbox 1234 768 1502 824; x_wconf 74' lang='lat' dir='ltr'><strong>ntalsdixit</strong></span> <span class='ocrx_word' id='word_1_52' title='bbox 1525 766 1732 822; x_wconf 79' lang='lat' dir='ltr'><strong>Christo</strong></span> <span class='ocrx_word' id='word_1_53' title='bbox 1760 763 2015 819; x_wconf 76' lang='lat' dir='ltr'><strong>Domini?</strong></span> <span class='ocrx_word' id='word_1_54' title='bbox 2046 760 2136 834; x_wconf 86' lang='lat' dir='ltr'><strong>(II</strong></span> 
     </span>
    </p>
   </div>
   <div class='ocr_carea' id='block_1_8' title="bbox 546 858 2139 942">
    <p class='ocr_par' dir='ltr' id='par_1_8' title="bbox 546 858 2139 942">
     <span class='ocr_line' id='line_1_8' title="bbox 546 858 2139 942; baseline -0.01 -15"><span class='ocrx_word' id='word_1_55' title='bbox 546 870 678 942; x_wconf 80' lang='lat' dir='ltr'><strong>Reg.</strong></span> <span class='ocrx_word' id='word_1_56' title='bbox 712 885 825 935; x_wconf 78' lang='lat' dir='ltr'><strong>xix,</strong></span> <span class='ocrx_word' id='word_1_57' title='bbox 875 867 965 934; x_wconf 70' lang='lat'><strong>2|,</strong></span> <span class='ocrx_word' id='word_1_58' title='bbox 1010 863 1127 936; x_wconf 70' lang='lat'><strong>22.)</strong></span> <span class='ocrx_word' id='word_1_59' title='bbox 1175 863 1281 918; x_wconf 86' lang='lat' dir='ltr'><strong>Sed</strong></span> <span class='ocrx_word' id='word_1_60' title='bbox 1326 863 1402 917; x_wconf 91' lang='lat' dir='ltr'><strong>illi</strong></span> <span class='ocrx_word' id='word_1_61' title='bbox 1433 877 1556 918; x_wconf 80' lang='lat' dir='ltr'><strong>mox</strong></span> <span class='ocrx_word' id='word_1_62' title='bbox 1587 859 1823 916; x_wconf 84' lang='lat' dir='ltr'><strong>dicitur:</strong></span> <span class='ocrx_word' id='word_1_63' title='bbox 1861 858 1991 913; x_wconf 85' lang='lat' dir='ltr'><strong>Redi</strong></span> <span class='ocrx_word' id='word_1_64' title='bbox 2024 861 2139 930; x_wconf 89' lang='lat' dir='ltr'><strong>post</strong></span> 
     </span>
    </p>
   </div>
   <div class='ocr_carea' id='block_1_9' title="bbox 543 951 2134 1031">
    <p class='ocr_par' dir='ltr' id='par_1_9' title="bbox 543 951 2134 1031">
     <span class='ocr_line' id='line_1_9' title="bbox 543 951 2134 1031; baseline -0.01 -12"><span class='ocrx_word' id='word_1_65' title='bbox 543 981 648 1031; x_wconf 84' lang='lat' dir='ltr'><strong>me,</strong></span> <span class='ocrx_word' id='word_1_66' title='bbox 701 963 940 1023; x_wconf 85' lang='lat' dir='ltr'><strong>Satana;</strong></span> <span class='ocrx_word' id='word_1_67' title='bbox 971 966 1029 1014; x_wconf 90' lang='lat' dir='ltr'><strong>et</strong></span> <span class='ocrx_word' id='word_1_68' title='bbox 1068 957 1155 1012; x_wconf 89' lang='lat' dir='ltr'><strong>hic</strong></span> <span class='ocrx_word' id='word_1_69' title='bbox 1181 971 1302 1012; x_wconf 88' lang='lat' dir='ltr'><strong>eum</strong></span> <span class='ocrx_word' id='word_1_70' title='bbox 1333 969 1592 1026; x_wconf 82' lang='lat' dir='ltr'><strong>germano</strong></span> <span class='ocrx_word' id='word_1_71' title='bbox 1621 951 1826 1008; x_wconf 84' lang='lat' dir='ltr'><strong>audivit</strong></span> <span class='ocrx_word' id='word_1_72' title='bbox 1851 952 2094 1023; x_wconf 78' lang='lat' dir='ltr'><strong>protinus</strong></span> <span class='ocrx_word' id='word_1_73' title='bbox 2121 967 2134 1002; x_wconf 93' lang='lat'><strong>:</strong></span> 
     </span>
    </p>
   </div>
   <div class='ocr_carea' id='block_1_10' title="bbox 547 1045 2135 1122">
    <p class='ocr_par' dir='ltr' id='par_1_10' title="bbox 547 1045 2135 1122">
     <span class='ocr_line' id='line_1_10' title="bbox 547 1045 2135 1122; baseline -0.007 -12"><span class='ocrx_word' id='word_1_74' title='bbox 547 1054 687 1122; x_wconf 84' lang='lat' dir='ltr'><strong>Quid</strong></span> <span class='ocrx_word' id='word_1_75' title='bbox 709 1055 836 1109; x_wconf 79' lang='lat' dir='ltr'><strong>mihi</strong></span> <span class='ocrx_word' id='word_1_76' title='bbox 860 1064 908 1107; x_wconf 92' lang='lat' dir='ltr'><strong>et</strong></span> <span class='ocrx_word' id='word_1_77' title='bbox 928 1053 1090 1118; x_wconf 81' lang='lat' dir='ltr'><strong><em>vobis,</em></strong></span> <span class='ocrx_word' id='word_1_78' title='bbox 1115 1051 1212 1122; x_wconf 77' lang='lat' dir='ltr'><strong>ﬁlii</strong></span> <span class='ocrx_word' id='word_1_79' title='bbox 1234 1051 1456 1117; x_wconf 67' lang='lat' dir='ltr'><strong>Serviat,</strong></span> <span class='ocrx_word' id='word_1_80' title='bbox 1480 1063 1572 1102; x_wconf 86' lang='lat' dir='ltr'><strong>cur</strong></span> <span class='ocrx_word' id='word_1_81' title='bbox 1587 1047 1856 1119; x_wconf 75' lang='lat' dir='ltr'><strong>efficimini</strong></span> <span class='ocrx_word' id='word_1_82' title='bbox 1883 1045 2011 1100; x_wconf 83' lang='lat' dir='ltr'><strong>mihi</strong></span> <span class='ocrx_word' id='word_1_83' title='bbox 2042 1046 2135 1099; x_wconf 72' lang='lat' dir='ltr'><strong>ltor</strong></span> 
     </span>
    </p>
   </div>
   <div class='ocr_carea' id='block_1_11' title="bbox 547 1141 2140 1213">
    <p class='ocr_par' dir='ltr' id='par_1_11' title="bbox 547 1141 2140 1213">
     <span class='ocr_line' id='line_1_11' title="bbox 547 1141 2140 1213; baseline -0.005 -11"><span class='ocrx_word' id='word_1_84' title='bbox 547 1148 632 1202; x_wconf 87' lang='lat' dir='ltr'><strong>die</strong></span> <span class='ocrx_word' id='word_1_85' title='bbox 651 1149 706 1202; x_wconf 88' lang='lat' dir='ltr'><strong>in</strong></span> <span class='ocrx_word' id='word_1_86' title='bbox 733 1147 940 1200; x_wconf 84' lang='lat' dir='ltr'><strong>Satan?</strong></span> <span class='ocrx_word' id='word_1_87' title='bbox 969 1143 1105 1199; x_wconf 80' lang='lat' dir='ltr'><strong>Mle</strong></span> <span class='ocrx_word' id='word_1_88' title='bbox 1136 1144 1317 1213; x_wconf 79' lang='lat' dir='ltr'><strong>itaque</strong></span> <span class='ocrx_word' id='word_1_89' title='bbox 1341 1141 1652 1208; x_wconf 77' lang='lat' dir='ltr'><strong>suadentes,</strong></span> <span class='ocrx_word' id='word_1_90' title='bbox 1679 1141 1853 1208; x_wconf 89' lang='lat' dir='ltr'><strong>angeli</strong></span> <span class='ocrx_word' id='word_1_91' title='bbox 1877 1147 2140 1211; x_wconf 73' lang='lat' dir='ltr'><strong>apostatte</strong></span> 
     </span>
    </p>
   </div>
   <div class='ocr_carea' id='block_1_12' title="bbox 547 1233 2171 1310">
    <p class='ocr_par' dir='ltr' id='par_1_12' title="bbox 547 1233 2171 1310">
     <span class='ocr_line' id='line_1_12' title="bbox 547 1233 2171 1310; baseline -0.004 -16"><span class='ocrx_word' id='word_1_92' title='bbox 547 1239 914 1310; x_wconf 86' lang='lat' dir='ltr'><strong>appellatione</strong></span> <span class='ocrx_word' id='word_1_93' title='bbox 947 1243 1260 1301; x_wconf 82' lang='lat' dir='ltr'><strong>censentur,</strong></span> <span class='ocrx_word' id='word_1_94' title='bbox 1290 1235 1381 1306; x_wconf 85' lang='lat' dir='ltr'><strong>qui</strong></span> <span class='ocrx_word' id='word_1_95' title='bbox 1423 1233 1631 1290; x_wconf 77' lang='lat' dir='ltr'><strong>blandis</strong></span> <span class='ocrx_word' id='word_1_96' title='bbox 1651 1233 1830 1288; x_wconf 80' lang='lat' dir='ltr'><strong>verbis</strong></span> <span class='ocrx_word' id='word_1_97' title='bbox 1859 1233 1925 1286; x_wconf 91' lang='lat' dir='ltr'><strong>ad</strong></span> <span class='ocrx_word' id='word_1_98' title='bbox 1954 1233 2139 1288; x_wconf 87' lang='lat' dir='ltr'><strong>illicita</strong></span> <span class='ocrx_word' id='word_1_99' title='bbox 2169 1259 2171 1261; x_wconf 57' lang='grc' dir='ltr'>ί</span> 
     </span>
    </p>
   </div>
   <div class='ocr_carea' id='block_1_13' title="bbox 548 1325 2134 1404">
    <p class='ocr_par' dir='ltr' id='par_1_13' title="bbox 548 1325 2134 1404">
     <span class='ocr_line' id='line_1_13' title="bbox 548 1325 2134 1404; baseline -0.006 -17"><span class='ocrx_word' id='word_1_100' title='bbox 548 1332 702 1404; x_wconf 80' lang='lat' dir='ltr'><strong>quasi</strong></span> <span class='ocrx_word' id='word_1_101' title='bbox 730 1332 1015 1399; x_wconf 86' lang='lat' dir='ltr'><strong>diligentes</strong></span> <span class='ocrx_word' id='word_1_102' title='bbox 1042 1331 1283 1384; x_wconf 82' lang='lat' dir='ltr'><strong>trahunt.</strong></span> <span class='ocrx_word' id='word_1_103' title='bbox 1319 1326 1486 1382; x_wconf 83' lang='lat' dir='ltr'><strong>Valde</strong></span> <span class='ocrx_word' id='word_1_104' title='bbox 1508 1341 1638 1381; x_wconf 78' lang='lat' dir='ltr'><strong>vero</strong></span> <span class='ocrx_word' id='word_1_105' title='bbox 1668 1325 1966 1380; x_wconf 70' lang='lat' dir='ltr'><strong>deteriores</strong></span> <span class='ocrx_word' id='word_1_106' title='bbox 1991 1335 2134 1389; x_wconf 88' lang='lat' dir='ltr'><strong>sunt,</strong></span> 
     </span>
    </p>
   </div>
   <div class='ocr_carea' id='block_1_14' title="bbox 549 1418 2137 1497">
    <p class='ocr_par' dir='ltr' id='par_1_14' title="bbox 549 1418 2137 1497">
     <span class='ocr_line' id='line_1_14' title="bbox 549 1418 2137 1497; baseline -0.006 -18"><span class='ocrx_word' id='word_1_107' title='bbox 549 1425 643 1497; x_wconf 88' lang='lat' dir='ltr'><strong>qui</strong></span> <span class='ocrx_word' id='word_1_108' title='bbox 680 1425 803 1478; x_wconf 87' lang='lat' dir='ltr'><strong>huic</strong></span> <span class='ocrx_word' id='word_1_109' title='bbox 832 1423 1000 1492; x_wconf 72' lang='lat' dir='ltr'><strong>culpa:</strong></span> <span class='ocrx_word' id='word_1_110' title='bbox 1031 1437 1137 1476; x_wconf 89' lang='lat' dir='ltr'><strong>non</strong></span> <span class='ocrx_word' id='word_1_111' title='bbox 1171 1419 1474 1485; x_wconf 80' lang='lat' dir='ltr'><strong>formidine,</strong></span> <span class='ocrx_word' id='word_1_112' title='bbox 1507 1418 1601 1474; x_wconf 86' lang='lat' dir='ltr'><strong>sed</strong></span> <span class='ocrx_word' id='word_1_113' title='bbox 1624 1419 1859 1472; x_wconf 86' lang='lat' dir='ltr'><strong>elatione</strong></span> <span class='ocrx_word' id='word_1_114' title='bbox 1887 1432 2137 1472; x_wconf 86' lang='lat' dir='ltr'><strong>succum-</strong></span> 
     </span>
    </p>
   </div>
   <div class='ocr_carea' id='block_1_15' title="bbox 549 1510 2141 1588">
    <p class='ocr_par' dir='ltr' id='par_1_15' title="bbox 549 1510 2141 1588">
     <span class='ocr_line' id='line_1_15' title="bbox 549 1510 2141 1588; baseline -0.007 -12"><span class='ocrx_word' id='word_1_115' title='bbox 549 1520 686 1576; x_wconf 88' lang='lat' dir='ltr'><strong>bunt</strong></span> <span class='ocrx_word' id='word_1_116' title='bbox 719 1536 730 1570; x_wconf 91' lang='lat'><strong>:</strong></span> <span class='ocrx_word' id='word_1_117' title='bbox 757 1532 987 1588; x_wconf 91' lang='lat' dir='ltr'><strong>quorum</strong></span> <span class='ocrx_word' id='word_1_118' title='bbox 1014 1515 1322 1586; x_wconf 80' lang='lat' dir='ltr'><strong>specialiter</strong></span> <span class='ocrx_word' id='word_1_119' title='bbox 1347 1515 1495 1569; x_wconf 84' lang='lat' dir='ltr'><strong>beati</strong></span> <span class='ocrx_word' id='word_1_120' title='bbox 1524 1513 1623 1569; x_wconf 79' lang='lat' dir='ltr'><strong>Job</strong></span> <span class='ocrx_word' id='word_1_121' title='bbox 1656 1529 1794 1566; x_wconf 70' lang='lat' dir='ltr'><strong>uxor</strong></span> <span class='ocrx_word' id='word_1_122' title='bbox 1823 1510 2043 1580; x_wconf 82' lang='lat' dir='ltr'><strong>figuram</strong></span> <span class='ocrx_word' id='word_1_123' title='bbox 2069 1518 2141 1565; x_wconf 87' lang='lat' dir='ltr'><strong>te-</strong></span> 
     </span>
    </p>
   </div>
   <div class='ocr_carea' id='block_1_16' title="bbox 550 1597 2136 1679">
    <p class='ocr_par' dir='ltr' id='par_1_16' title="bbox 550 1597 2136 1679">
     <span class='ocr_line' id='line_1_16' title="bbox 550 1597 2136 1679; baseline -0.006 -14"><span class='ocrx_word' id='word_1_124' title='bbox 550 1612 690 1678; x_wconf 86' lang='lat' dir='ltr'><strong>nuit,</strong></span> <span class='ocrx_word' id='word_1_125' title='bbox 731 1623 852 1679; x_wconf 67' lang='lat' dir='ltr'><strong>quas</strong></span> <span class='ocrx_word' id='word_1_126' title='bbox 878 1610 1076 1665; x_wconf 86' lang='lat' dir='ltr'><strong>marito</strong></span> <span class='ocrx_word' id='word_1_127' title='bbox 1105 1597 1332 1664; x_wconf 83' lang='lat' dir='ltr'><strong>suadere</strong></span> <span class='ocrx_word' id='word_1_128' title='bbox 1359 1607 1589 1675; x_wconf 88' lang='lat' dir='ltr'><strong>superba</strong></span> <span class='ocrx_word' id='word_1_129' title='bbox 1633 1605 1880 1671; x_wconf 82' lang='lat' dir='ltr'><strong>tentavit,</strong></span> <span class='ocrx_word' id='word_1_130' title='bbox 1905 1603 2091 1657; x_wconf 89' lang='lat' dir='ltr'><strong>dicens</strong></span> <span class='ocrx_word' id='word_1_131' title='bbox 2125 1621 2136 1656; x_wconf 93' lang='lat'>:</span> 
     </span>
    </p>
   </div>
   <div class='ocr_carea' id='block_1_17' title="bbox 550 1695 2142 1774">
    <p class='ocr_par' dir='ltr' id='par_1_17' title="bbox 550 1695 2142 1774">
     <span class='ocr_line' id='line_1_17' title="bbox 550 1695 2142 1774; baseline -0.006 -15"><span class='ocrx_word' id='word_1_132' title='bbox 550 1705 733 1759; x_wconf 76' lang='lat' dir='ltr'><strong>Adhuc</strong></span> <span class='ocrx_word' id='word_1_133' title='bbox 761 1719 1031 1774; x_wconf 86' lang='lat' dir='ltr'><strong>permanes</strong></span> <span class='ocrx_word' id='word_1_134' title='bbox 1071 1702 1125 1756; x_wconf 90' lang='lat' dir='ltr'><strong>in</strong></span> <span class='ocrx_word' id='word_1_135' title='bbox 1147 1701 1481 1772; x_wconf 76' lang='lat' dir='ltr'><strong>simplicitate</strong></span> <span class='ocrx_word' id='word_1_136' title='bbox 1504 1708 1556 1752; x_wconf 86' lang='lat' dir='ltr'><strong>tu</strong></span> <span class='ocrx_word' id='word_1_137' title='bbox 1576 1701 1626 1752; x_wconf 63' lang='lat'><strong><em>1?</em></strong></span> <span class='ocrx_word' id='word_1_138' title='bbox 1656 1695 1878 1752; x_wconf 75' lang='lat' dir='ltr'><strong>Benedic</strong></span> <span class='ocrx_word' id='word_1_139' title='bbox 1919 1695 2059 1761; x_wconf 86' lang='lat' dir='ltr'><strong>Deo,</strong></span> <span class='ocrx_word' id='word_1_140' title='bbox 2093 1703 2142 1750; x_wconf 86' lang='lat' dir='ltr'><strong>et</strong></span> 
     </span>
    </p>
   </div>
   <div class='ocr_carea' id='block_1_18' title="bbox 550 1785 2142 1866">
    <p class='ocr_par' dir='ltr' id='par_1_18' title="bbox 550 1785 2142 1866">
     <span class='ocr_line' id='line_1_18' title="bbox 550 1785 2142 1866; baseline -0.008 -14"><span class='ocrx_word' id='word_1_141' title='bbox 550 1813 770 1857; x_wconf 82' lang='lat' dir='ltr'><strong>morere.</strong></span> <span class='ocrx_word' id='word_1_142' title='bbox 825 1794 1235 1866; x_wconf 89' lang='lat' dir='ltr'><strong>Simplicitatem</strong></span> <span class='ocrx_word' id='word_1_143' title='bbox 1289 1793 1342 1847; x_wconf 90' lang='lat' dir='ltr'><strong>in</strong></span> <span class='ocrx_word' id='word_1_144' title='bbox 1398 1791 1591 1846; x_wconf 88' lang='lat' dir='ltr'><strong>marito</strong></span> <span class='ocrx_word' id='word_1_145' title='bbox 1641 1789 1938 1854; x_wconf 78' lang='lat' dir='ltr'><strong>redarguit,</strong></span> <span class='ocrx_word' id='word_1_146' title='bbox 2000 1785 2142 1856; x_wconf 81' lang='lat' dir='ltr'><strong>qunti</strong></span> 
     </span>
    </p>
   </div>
   <div class='ocr_carea' id='block_1_19' title="bbox 2239 565 3845 639">
    <p class='ocr_par' dir='ltr' id='par_1_19' title="bbox 2239 565 3845 639">
     <span class='ocr_line' id='line_1_19' title="bbox 2239 565 3845 639; baseline 0.002 -16"><span class='ocrx_word' id='word_1_147' title='bbox 2239 582 2356 624; x_wconf 82' lang='lat' dir='ltr'><strong>mea</strong></span> <span class='ocrx_word' id='word_1_148' title='bbox 2381 565 2706 639; x_wconf 77' lang='lat' dir='ltr'><strong>quotidiana,</strong></span> <span class='ocrx_word' id='word_1_149' title='bbox 2732 565 3026 622; x_wconf 83' lang='lat' dir='ltr'><strong>sollicitudo</strong></span> <span class='ocrx_word' id='word_1_150' title='bbox 3048 568 3279 622; x_wconf 84' lang='lat' dir='ltr'><strong>omnium</strong></span> <span class='ocrx_word' id='word_1_151' title='bbox 3296 565 3671 624; x_wconf 81' lang='lat' dir='ltr'><strong>Ecclesiarunt.</strong></span> <span class='ocrx_word' id='word_1_152' title='bbox 3698 569 3845 627; x_wconf 78' lang='lat' dir='ltr'><strong>Ecce</strong></span> 
     </span>
    </p>
   </div>
   <div class='ocr_carea' id='block_1_20' title="bbox 2238 657 3844 732">
    <p class='ocr_par' dir='ltr' id='par_1_20' title="bbox 2238 657 3844 732">
     <span class='ocr_line' id='line_1_20' title="bbox 2238 657 3844 732; baseline 0.004 -18"><span class='ocrx_word' id='word_1_153' title='bbox 2238 658 2294 714; x_wconf 91' lang='lat' dir='ltr'><strong>in</strong></span> <span class='ocrx_word' id='word_1_154' title='bbox 2341 673 2400 714; x_wconf 86' lang='lat' dir='ltr'><strong>se</strong></span> <span class='ocrx_word' id='word_1_155' title='bbox 2441 657 2584 712; x_wconf 86' lang='lat' dir='ltr'><strong>bella</strong></span> <span class='ocrx_word' id='word_1_156' title='bbox 2627 657 2838 714; x_wconf 80' lang='lat' dir='ltr'><strong>fortiter</strong></span> <span class='ocrx_word' id='word_1_157' title='bbox 2876 658 3120 728; x_wconf 81' lang='lat' dir='ltr'><strong>suscipit,</strong></span> <span class='ocrx_word' id='word_1_158' title='bbox 3153 669 3210 714; x_wconf 89' lang='lat' dir='ltr'><strong>et</strong></span> <span class='ocrx_word' id='word_1_159' title='bbox 3241 659 3450 716; x_wconf 86' lang='lat' dir='ltr'><strong>tuendis</strong></span> <span class='ocrx_word' id='word_1_160' title='bbox 3485 675 3547 717; x_wconf 87' lang='lat' dir='ltr'><strong>se</strong></span> <span class='ocrx_word' id='word_1_161' title='bbox 3573 664 3844 732; x_wconf 78' lang='lat' dir='ltr'><strong>proximis</strong></span> 
     </span>
    </p>
   </div>
   <div class='ocr_carea' id='block_1_21' title="bbox 2240 750 3844 826">
    <p class='ocr_par' dir='ltr' id='par_1_21' title="bbox 2240 750 3844 826">
     <span class='ocr_line' id='line_1_21' title="bbox 2240 750 3844 826; baseline 0.004 -18"><span class='ocrx_word' id='word_1_162' title='bbox 2240 751 2664 808; x_wconf 83' lang='lat' dir='ltr'><strong>misericorditer</strong></span> <span class='ocrx_word' id='word_1_163' title='bbox 2693 750 2972 822; x_wconf 85' lang='lat' dir='ltr'><strong>impendit.</strong></span> <span class='ocrx_word' id='word_1_164' title='bbox 3025 751 3220 808; x_wconf 76' lang='lat' dir='ltr'><strong>Narrat</strong></span> <span class='ocrx_word' id='word_1_165' title='bbox 3267 753 3408 808; x_wconf 88' lang='lat' dir='ltr'><strong>mala</strong></span> <span class='ocrx_word' id='word_1_166' title='bbox 3456 770 3578 825; x_wconf 69' lang='lat' dir='ltr'><strong>qua:</strong></span> <span class='ocrx_word' id='word_1_167' title='bbox 3617 758 3844 826; x_wconf 86' lang='lat' dir='ltr'><strong>patitur,</strong></span> 
     </span>
    </p>
   </div>
   <div class='ocr_carea' id='block_1_22' title="bbox 2240 844 3849 919">
    <p class='ocr_par' dir='ltr' id='par_1_22' title="bbox 2240 844 3849 919">
     <span class='ocr_line' id='line_1_22' title="bbox 2240 844 3849 919; baseline 0.004 -17"><span class='ocrx_word' id='word_1_168' title='bbox 2240 844 2515 915; x_wconf 89' lang='lat' dir='ltr'><strong>subjungit</strong></span> <span class='ocrx_word' id='word_1_169' title='bbox 2541 845 2682 900; x_wconf 91' lang='lat' dir='ltr'><strong>bona</strong></span> <span class='ocrx_word' id='word_1_170' title='bbox 2710 860 2831 915; x_wconf 62' lang='lat' dir='ltr'><strong>quae</strong></span> <span class='ocrx_word' id='word_1_171' title='bbox 2858 845 3187 916; x_wconf 89' lang='lat' dir='ltr'><strong>impartitur.</strong></span> <span class='ocrx_word' id='word_1_172' title='bbox 3216 845 3509 903; x_wconf 87' lang='lat' dir='ltr'><strong>Pensemus</strong></span> <span class='ocrx_word' id='word_1_173' title='bbox 3529 863 3660 919; x_wconf 87' lang='lat' dir='ltr'><strong>ergo</strong></span> <span class='ocrx_word' id='word_1_174' title='bbox 3689 852 3849 919; x_wconf 84' lang='lat' dir='ltr'><strong>cujus</strong></span> 
     </span>
    </p>
   </div>
   <div class='ocr_carea' id='block_1_23' title="bbox 2240 938 3850 1010">
    <p class='ocr_par' dir='ltr' id='par_1_23' title="bbox 2240 938 3850 1010">
     <span class='ocr_line' id='line_1_23' title="bbox 2240 938 3850 1010; baseline 0.003 -14"><span class='ocrx_word' id='word_1_175' title='bbox 2240 938 2444 997; x_wconf 86' lang='lat' dir='ltr'><strong>laboris</strong></span> <span class='ocrx_word' id='word_1_176' title='bbox 2489 939 2578 1006; x_wconf 89' lang='lat' dir='ltr'><strong>sit,</strong></span> <span class='ocrx_word' id='word_1_177' title='bbox 2631 953 2738 994; x_wconf 91' lang='lat' dir='ltr'><strong>uno</strong></span> <span class='ocrx_word' id='word_1_178' title='bbox 2778 938 3081 1010; x_wconf 89' lang='lat' dir='ltr'><strong>eodemque</strong></span> <span class='ocrx_word' id='word_1_179' title='bbox 3127 949 3373 1010; x_wconf 87' lang='lat' dir='ltr'><strong>tempore</strong></span> <span class='ocrx_word' id='word_1_180' title='bbox 3426 940 3559 997; x_wconf 89' lang='lat' dir='ltr'><strong>forls</strong></span> <span class='ocrx_word' id='word_1_181' title='bbox 3615 944 3850 1000; x_wconf 83' lang='lat' dir='ltr'><strong>adversa</strong></span> 
     </span>
    </p>
   </div>
   <div class='ocr_carea' id='block_1_24' title="bbox 2241 1030 3856 1108">
    <p class='ocr_par' dir='ltr' id='par_1_24' title="bbox 2241 1030 3856 1108">
     <span class='ocr_line' id='line_1_24' title="bbox 2241 1030 3856 1108; baseline 0.001 -20"><span class='ocrx_word' id='word_1_182' title='bbox 2241 1033 2510 1102; x_wconf 87' lang='lat' dir='ltr'><strong>tolerare,</strong></span> <span class='ocrx_word' id='word_1_183' title='bbox 2542 1032 2684 1088; x_wconf 90' lang='lat' dir='ltr'><strong>intus</strong></span> <span class='ocrx_word' id='word_1_184' title='bbox 2713 1030 2923 1088; x_wconf 76' lang='lat' dir='ltr'><strong>inﬁrma</strong></span> <span class='ocrx_word' id='word_1_185' title='bbox 2952 1040 3257 1102; x_wconf 72' lang='lat' dir='ltr'><strong>protegere.</strong></span> <span class='ocrx_word' id='word_1_186' title='bbox 3293 1032 3448 1091; x_wconf 88' lang='lat' dir='ltr'><strong>Foris</strong></span> <span class='ocrx_word' id='word_1_187' title='bbox 3477 1049 3682 1105; x_wconf 87' lang='lat' dir='ltr'><strong>pugnas</strong></span> <span class='ocrx_word' id='word_1_188' title='bbox 3707 1039 3856 1108; x_wconf 87' lang='lat' dir='ltr'><strong>pati-</strong></span> 
     </span>
    </p>
   </div>
   <div class='ocr_carea' id='block_1_25' title="bbox 2242 1123 3849 1196">
    <p class='ocr_par' dir='ltr' id='par_1_25' title="bbox 2242 1123 3849 1196">
     <span class='ocr_line' id='line_1_25' title="bbox 2242 1123 3849 1196; baseline 0.004 -18"><span class='ocrx_word' id='word_1_189' title='bbox 2242 1132 2351 1193; x_wconf 88' lang='lat' dir='ltr'><strong>tur,</strong></span> <span class='ocrx_word' id='word_1_190' title='bbox 2381 1125 2506 1194; x_wconf 84' lang='lat' dir='ltr'><strong>quia</strong></span> <span class='ocrx_word' id='word_1_191' title='bbox 2544 1126 2654 1196; x_wconf 81' lang='lat'><strong>90</strong></span> <span class='ocrx_word' id='word_1_192' title='bbox 2690 1123 3006 1180; x_wconf 84' lang='lat' dir='ltr'><strong>verberibus</strong></span> <span class='ocrx_word' id='word_1_193' title='bbox 3038 1125 3323 1192; x_wconf 82' lang='lat' dir='ltr'><strong>scinditur,</strong></span> <span class='ocrx_word' id='word_1_194' title='bbox 3367 1128 3575 1182; x_wconf 81' lang='lat' dir='ltr'><strong>catenis</strong></span> <span class='ocrx_word' id='word_1_195' title='bbox 3604 1127 3805 1196; x_wconf 77' lang='lat' dir='ltr'><strong>ligatur</strong></span> <span class='ocrx_word' id='word_1_196' title='bbox 3832 1147 3849 1196; x_wconf 94' lang='lat'><strong>;</strong></span> 
     </span>
    </p>
   </div>
   <div class='ocr_carea' id='block_1_26' title="bbox 2243 1215 3850 1291">
    <p class='ocr_par' dir='ltr' id='par_1_26' title="bbox 2243 1215 3850 1291">
     <span class='ocr_line' id='line_1_26' title="bbox 2243 1215 3850 1291; baseline 0.004 -20"><span class='ocrx_word' id='word_1_197' title='bbox 2243 1215 2388 1272; x_wconf 89' lang='lat' dir='ltr'><strong>intus</strong></span> <span class='ocrx_word' id='word_1_198' title='bbox 2417 1225 2617 1272; x_wconf 88' lang='lat' dir='ltr'><strong>metum</strong></span> <span class='ocrx_word' id='word_1_199' title='bbox 2649 1218 2864 1280; x_wconf 87' lang='lat' dir='ltr'><strong>tolerat,</strong></span> <span class='ocrx_word' id='word_1_200' title='bbox 2893 1217 3017 1288; x_wconf 89' lang='lat' dir='ltr'><strong>quia</strong></span> <span class='ocrx_word' id='word_1_201' title='bbox 3055 1219 3360 1288; x_wconf 88' lang='lat' dir='ltr'><strong>passionem</strong></span> <span class='ocrx_word' id='word_1_202' title='bbox 3398 1236 3551 1276; x_wconf 87' lang='lat' dir='ltr'><strong>suam</strong></span> <span class='ocrx_word' id='word_1_203' title='bbox 3581 1237 3690 1277; x_wconf 91' lang='lat' dir='ltr'><strong>non</strong></span> <span class='ocrx_word' id='word_1_204' title='bbox 3719 1223 3850 1291; x_wconf 84' lang='lat' dir='ltr'><strong>sibi,</strong></span> 
     </span>
    </p>
   </div>
   <div class='ocr_carea' id='block_1_27' title="bbox 2243 1309 3849 1380">
    <p class='ocr_par' dir='ltr' id='par_1_27' title="bbox 2243 1309 3849 1380">
     <span class='ocr_line' id='line_1_27' title="bbox 2243 1309 3849 1380; baseline 0.002 -14"><span class='ocrx_word' id='word_1_205' title='bbox 2243 1311 2339 1366; x_wconf 82' lang='lat' dir='ltr'><strong>sed</strong></span> <span class='ocrx_word' id='word_1_206' title='bbox 2369 1310 2641 1380; x_wconf 88' lang='lat' dir='ltr'><strong>discipulis</strong></span> <span class='ocrx_word' id='word_1_207' title='bbox 2673 1309 2863 1364; x_wconf 85' lang='lat' dir='ltr'><strong>obesse</strong></span> <span class='ocrx_word' id='word_1_208' title='bbox 2893 1310 3165 1368; x_wconf 80' lang='lat' dir='ltr'><strong>formidat.</strong></span> <span class='ocrx_word' id='word_1_209' title='bbox 3200 1311 3354 1368; x_wconf 90' lang='lat' dir='ltr'><strong>Unde</strong></span> <span class='ocrx_word' id='word_1_210' title='bbox 3391 1323 3446 1368; x_wconf 88' lang='lat' dir='ltr'><strong>et</strong></span> <span class='ocrx_word' id='word_1_211' title='bbox 3473 1315 3675 1370; x_wconf 89' lang='lat' dir='ltr'><strong>eisdem</strong></span> <span class='ocrx_word' id='word_1_212' title='bbox 3708 1317 3849 1370; x_wconf 90' lang='lat' dir='ltr'><strong>scri-</strong></span> 
     </span>
    </p>
   </div>
   <div class='ocr_carea' id='block_1_28' title="bbox 2246 1401 3846 1466">
    <p class='ocr_par' dir='ltr' id='par_1_28' title="bbox 2246 1401 3846 1466">
     <span class='ocr_line' id='line_1_28' title="bbox 2246 1401 3846 1466; baseline 0.003 -9"><span class='ocrx_word' id='word_1_213' title='bbox 2246 1403 2344 1466; x_wconf 86' lang='lat' dir='ltr'><strong>bit,</strong></span> <span class='ocrx_word' id='word_1_214' title='bbox 2380 1403 2565 1457; x_wconf 84' lang='lat' dir='ltr'><strong>dicens</strong></span> <span class='ocrx_word' id='word_1_215' title='bbox 2599 1421 2610 1454; x_wconf 93' lang='lat'>:</span> <span class='ocrx_word' id='word_1_216' title='bbox 2646 1401 2814 1456; x_wconf 87' lang='lat' dir='ltr'><strong>Nemo</strong></span> <span class='ocrx_word' id='word_1_217' title='bbox 2857 1413 3117 1458; x_wconf 78' lang='lat' dir='ltr'><strong>moveatur</strong></span> <span class='ocrx_word' id='word_1_218' title='bbox 3160 1405 3215 1458; x_wconf 89' lang='lat' dir='ltr'><strong>in</strong></span> <span class='ocrx_word' id='word_1_219' title='bbox 3254 1406 3670 1462; x_wconf 78' lang='lat' dir='ltr'><strong>tribulationibus</strong></span> <span class='ocrx_word' id='word_1_220' title='bbox 3707 1409 3846 1462; x_wconf 82' lang='lat' dir='ltr'><strong>istis.</strong></span> 
     </span>
    </p>
   </div>
   <div class='ocr_carea' id='block_1_29' title="bbox 2246 1494 3846 1568">
    <p class='ocr_par' dir='ltr' id='par_1_29' title="bbox 2246 1494 3846 1568">
     <span class='ocr_line' id='line_1_29' title="bbox 2246 1494 3846 1568; baseline 0.003 -19"><span class='ocrx_word' id='word_1_221' title='bbox 2246 1494 2360 1566; x_wconf 84' lang='lat' dir='ltr'><strong>Ipsi</strong></span> <span class='ocrx_word' id='word_1_222' title='bbox 2396 1494 2532 1548; x_wconf 84' lang='lat' dir='ltr'><strong>enim</strong></span> <span class='ocrx_word' id='word_1_223' title='bbox 2572 1495 2738 1558; x_wconf 79' lang='lat' dir='ltr'><strong>scitis,</strong></span> <span class='ocrx_word' id='word_1_224' title='bbox 2766 1494 2901 1566; x_wconf 75' lang='lat' dir='ltr'><strong>quod</strong></span> <span class='ocrx_word' id='word_1_225' title='bbox 2939 1496 2993 1548; x_wconf 91' lang='lat' dir='ltr'><strong>in</strong></span> <span class='ocrx_word' id='word_1_226' title='bbox 3034 1496 3128 1550; x_wconf 86' lang='lat' dir='ltr'><strong>hoc</strong></span> <span class='ocrx_word' id='word_1_227' title='bbox 3169 1497 3326 1565; x_wconf 83' lang='lat' dir='ltr'><strong>positi</strong></span> <span class='ocrx_word' id='word_1_228' title='bbox 3367 1515 3541 1551; x_wconf 88' lang='lat' dir='ltr'><strong>sumus</strong></span> <span class='ocrx_word' id='word_1_229' title='bbox 3587 1497 3638 1568; x_wconf 91' lang='grc'><strong>(1</strong></span> <span class='ocrx_word' id='word_1_230' title='bbox 3665 1497 3846 1552; x_wconf 79' lang='lat' dir='ltr'><strong>Thess.</strong></span> 
     </span>
    </p>
   </div>
   <div class='ocr_carea' id='block_1_30' title="bbox 2245 1584 3853 1663">
    <p class='ocr_par' dir='ltr' id='par_1_30' title="bbox 2245 1584 3853 1663">
     <span class='ocr_line' id='line_1_30' title="bbox 2245 1584 3853 1663; baseline 0.004 -23"><span class='ocrx_word' id='word_1_231' title='bbox 2245 1601 2324 1651; x_wconf 87' lang='grc' dir='ltr'><strong>ιιι,</strong></span> <span class='ocrx_word' id='word_1_232' title='bbox 2373 1585 2449 1655; x_wconf 82' lang='grc'><strong>5).</strong></span> <span class='ocrx_word' id='word_1_233' title='bbox 2502 1584 2740 1639; x_wconf 89' lang='lat' dir='ltr'><strong>Aliorum</strong></span> <span class='ocrx_word' id='word_1_234' title='bbox 2793 1586 2991 1657; x_wconf 88' lang='lat' dir='ltr'><strong>quippe</strong></span> <span class='ocrx_word' id='word_1_235' title='bbox 3038 1603 3194 1642; x_wconf 88' lang='lat' dir='ltr'><strong>casus</strong></span> <span class='ocrx_word' id='word_1_236' title='bbox 3235 1588 3287 1640; x_wconf 93' lang='lat' dir='ltr'><strong>in</strong></span> <span class='ocrx_word' id='word_1_237' title='bbox 3335 1590 3550 1659; x_wconf 87' lang='lat' dir='ltr'><strong>propria</strong></span> <span class='ocrx_word' id='word_1_238' title='bbox 3597 1591 3853 1663; x_wconf 85' lang='lat' dir='ltr'><strong>passione</strong></span> 
     </span>
    </p>
   </div>
   <div class='ocr_carea' id='block_1_31' title="bbox 2246 1680 3854 1756">
    <p class='ocr_par' dir='ltr' id='par_1_31' title="bbox 2246 1680 3854 1756">
     <span class='ocr_line' id='line_1_31' title="bbox 2246 1680 3854 1756; baseline 0.002 -20"><span class='ocrx_word' id='word_1_239' title='bbox 2246 1681 2560 1746; x_wconf 87' lang='lat' dir='ltr'><strong>metuebat,</strong></span> <span class='ocrx_word' id='word_1_240' title='bbox 2596 1694 2662 1733; x_wconf 89' lang='lat' dir='ltr'><strong>ne</strong></span> <span class='ocrx_word' id='word_1_241' title='bbox 2693 1680 2816 1736; x_wconf 91' lang='lat' dir='ltr'><strong>dum</strong></span> <span class='ocrx_word' id='word_1_242' title='bbox 2849 1680 3020 1752; x_wconf 89' lang='lat' dir='ltr'><strong>ipsum</strong></span> <span class='ocrx_word' id='word_1_243' title='bbox 3053 1680 3300 1750; x_wconf 88' lang='lat' dir='ltr'><strong>discipuli</strong></span> <span class='ocrx_word' id='word_1_244' title='bbox 3329 1680 3585 1737; x_wconf 81' lang='lat' dir='ltr'><strong>amictum</strong></span> <span class='ocrx_word' id='word_1_245' title='bbox 3617 1700 3715 1756; x_wconf 90' lang='lat' dir='ltr'><strong>pro</strong></span> <span class='ocrx_word' id='word_1_246' title='bbox 3747 1683 3854 1740; x_wconf 81' lang='lat' dir='ltr'><strong>ﬁde</strong></span> 
     </span>
    </p>
   </div>
   <div class='ocr_carea' id='block_1_32' title="bbox 2246 1770 3853 1843">
    <p class='ocr_par' dir='ltr' id='par_1_32' title="bbox 2246 1770 3853 1843">
     <span class='ocr_line' id='line_1_32' title="bbox 2246 1770 3853 1843; baseline 0.003 -17"><span class='ocrx_word' id='word_1_247' title='bbox 2246 1773 2562 1827; x_wconf 86' lang='lat' dir='ltr'><strong>verberibus</strong></span> <span class='ocrx_word' id='word_1_248' title='bbox 2599 1785 2985 1842; x_wconf 82' lang='lat' dir='ltr'><strong>agnoscerent,</strong></span> <span class='ocrx_word' id='word_1_249' title='bbox 3027 1770 3210 1826; x_wconf 86' lang='lat' dir='ltr'><strong>ﬁdeles</strong></span> <span class='ocrx_word' id='word_1_250' title='bbox 3250 1789 3308 1826; x_wconf 90' lang='lat' dir='ltr'><strong>se</strong></span> <span class='ocrx_word' id='word_1_251' title='bbox 3348 1774 3588 1843; x_wconf 72' lang='lat' dir='ltr'><strong>profiteri</strong></span> <span class='ocrx_word' id='word_1_252' title='bbox 3629 1791 3853 1831; x_wconf 83' lang='lat' dir='ltr'><strong>recusa-</strong></span> 
     </span>
    </p>
   </div>
   <div class='ocr_carea' id='block_1_33' title="bbox 549 1861 3851 1954">
    <p class='ocr_par' dir='ltr' id='par_1_33' title="bbox 549 1861 3851 1954">
     <span class='ocr_line' id='line_1_33' title="bbox 549 1861 3851 1954; baseline 0.003 -41"><span class='ocrx_word' id='word_1_253' title='bbox 549 1887 849 1949; x_wconf 59' lang='lat' dir='ltr'><strong>,mnsimra</strong></span> <span class='ocrx_word' id='word_1_254' title='bbox 875 1861 1069 1942; x_wconf 43' lang='lat' dir='ltr'><strong>cubem</strong></span> <span class='ocrx_word' id='word_1_255' title='bbox 1099 1881 1419 1954; x_wconf 54' lang='lat' dir='ltr'><strong>despiciens,</strong></span> <span class='ocrx_word' id='word_1_256' title='bbox 1450 1896 1583 1951; x_wconf 72' lang='lat' dir='ltr'><strong>pum</strong></span> <span class='ocrx_word' id='word_1_257' title='bbox 1608 1878 1771 1934; x_wconf 65' lang='lat' dir='ltr'><strong>corde</strong></span> <span class='ocrx_word' id='word_1_258' title='bbox 1802 1878 1915 1933; x_wconf 73' lang='lat' dir='ltr'><strong>501a</strong></span> <span class='ocrx_word' id='word_1_259' title='bbox 1940 1861 2222 1931; x_wconf 63' lang='lat' dir='ltr'><strong>mlerna&#39;B</strong></span> <span class='ocrx_word' id='word_1_260' title='bbox 2247 1873 2389 1920; x_wconf 88' lang='lat' dir='ltr'><strong>rent.</strong></span> <span class='ocrx_word' id='word_1_261' title='bbox 2440 1861 2484 1917; x_wconf 92' lang='grc' dir='ltr'>Ο</span> <span class='ocrx_word' id='word_1_262' title='bbox 2516 1865 2790 1918; x_wconf 59' lang='lat' dir='ltr'><strong>immensae</strong></span> <span class='ocrx_word' id='word_1_263' title='bbox 2835 1864 3118 1919; x_wconf 89' lang='lat' dir='ltr'><strong>charitatis</strong></span> <span class='ocrx_word' id='word_1_264' title='bbox 3154 1864 3396 1931; x_wconf 84' lang='lat' dir='ltr'><strong>viscera;</strong></span> <span class='ocrx_word' id='word_1_265' title='bbox 3445 1866 3676 1936; x_wconf 88' lang='lat' dir='ltr'><strong>despicit</strong></span> <span class='ocrx_word' id='word_1_266' title='bbox 3704 1869 3851 1936; x_wconf 88' lang='lat' dir='ltr'><strong>quod</strong></span> 
     </span>
    </p>
   </div>
   <div class='ocr_carea' id='block_1_34' title="bbox 552 1971 2142 2052">
    <p class='ocr_par' dir='ltr' id='par_1_34' title="bbox 552 1971 2142 2052">
     <span class='ocr_line' id='line_1_34' title="bbox 552 1971 2142 2052; baseline -0.009 -18"><span class='ocrx_word' id='word_1_267' title='bbox 552 1978 911 2052; x_wconf 87' lang='lat' dir='ltr'><strong>concupiscit.</strong></span> <span class='ocrx_word' id='word_1_268' title='bbox 936 1977 1013 2034; x_wconf 87' lang='lat' dir='ltr'><strong>Ac</strong></span> <span class='ocrx_word' id='word_1_269' title='bbox 1037 1976 1083 2031; x_wconf 88' lang='lat' dir='ltr'><strong>si</strong></span> <span class='ocrx_word' id='word_1_270' title='bbox 1109 1975 1254 2032; x_wconf 85' lang='lat' dir='ltr'><strong>dicat</strong></span> <span class='ocrx_word' id='word_1_271' title='bbox 1280 1993 1291 2029; x_wconf 95' lang='lat'><strong>:</strong></span> <span class='ocrx_word' id='word_1_272' title='bbox 1321 1973 1457 2040; x_wconf 86' lang='lat' dir='ltr'><strong>Quid</strong></span> <span class='ocrx_word' id='word_1_273' title='bbox 1482 1971 1798 2043; x_wconf 85' lang='lat' dir='ltr'><strong>simpliciter</strong></span> <span class='ocrx_word' id='word_1_274' title='bbox 1816 1978 2016 2023; x_wconf 79' lang='lat' dir='ltr'><strong>acterna</strong></span> <span class='ocrx_word' id='word_1_275' title='bbox 2047 1982 2142 2038; x_wconf 88' lang='lat' dir='ltr'><strong>ap-</strong></span> 
     </span>
    </p>
   </div>
   <div class='ocr_carea' id='block_1_35' title="bbox 550 2063 2138 2142">
    <p class='ocr_par' dir='ltr' id='par_1_35' title="bbox 550 2063 2138 2142">
     <span class='ocr_line' id='line_1_35' title="bbox 550 2063 2138 2142; baseline -0.005 -18"><span class='ocrx_word' id='word_1_276' title='bbox 550 2071 715 2142; x_wconf 88' lang='lat' dir='ltr'><strong>petis,</strong></span> <span class='ocrx_word' id='word_1_277' title='bbox 765 2077 819 2125; x_wconf 89' lang='lat' dir='ltr'><strong>et</strong></span> <span class='ocrx_word' id='word_1_278' title='bbox 849 2070 947 2125; x_wconf 92' lang='lat' dir='ltr'><strong>sub</strong></span> <span class='ocrx_word' id='word_1_279' title='bbox 977 2068 1134 2126; x_wconf 89' lang='lat' dir='ltr'><strong>malis</strong></span> <span class='ocrx_word' id='word_1_280' title='bbox 1182 2067 1531 2138; x_wconf 62' lang='lat' dir='ltr'><strong>praesentibus</strong></span> <span class='ocrx_word' id='word_1_281' title='bbox 1583 2064 1956 2136; x_wconf 77' lang='lat' dir='ltr'><strong>aequanimiter</strong></span> <span class='ocrx_word' id='word_1_282' title='bbox 1987 2063 2138 2130; x_wconf 88' lang='lat' dir='ltr'><strong>inge-</strong></span> 
     </span>
    </p>
   </div>
   <div class='ocr_carea' id='block_1_36' title="bbox 552 2155 2141 2229">
    <p class='ocr_par' dir='ltr' id='par_1_36' title="bbox 552 2155 2141 2229">
     <span class='ocr_line' id='line_1_36' title="bbox 552 2155 2141 2229; baseline -0.007 -10"><span class='ocrx_word' id='word_1_283' title='bbox 552 2164 776 2218; x_wconf 87' lang='lat' dir='ltr'><strong>miscis?</strong></span> <span class='ocrx_word' id='word_1_284' title='bbox 805 2161 1100 2227; x_wconf 81' lang='lat' dir='ltr'><strong>Excedens,</strong></span> <span class='ocrx_word' id='word_1_285' title='bbox 1125 2169 1324 2216; x_wconf 64' lang='lat' dir='ltr'><strong>alterna</strong></span> <span class='ocrx_word' id='word_1_286' title='bbox 1356 2159 1595 2229; x_wconf 86' lang='lat' dir='ltr'><strong>despice,</strong></span> <span class='ocrx_word' id='word_1_287' title='bbox 1621 2168 1674 2212; x_wconf 85' lang='lat' dir='ltr'><strong>et</strong></span> <span class='ocrx_word' id='word_1_288' title='bbox 1694 2157 1832 2210; x_wconf 86' lang='lat' dir='ltr'><strong>mala</strong></span> <span class='ocrx_word' id='word_1_289' title='bbox 1855 2155 2141 2226; x_wconf 72' lang='lat' dir='ltr'><strong>prmsentia</strong></span> 
     </span>
    </p>
   </div>
   <div class='ocr_carea' id='block_1_37' title="bbox 551 2248 2143 2324">
    <p class='ocr_par' dir='ltr' id='par_1_37' title="bbox 551 2248 2143 2324">
     <span class='ocr_line' id='line_1_37' title="bbox 551 2248 2143 2324; baseline -0.006 -16"><span class='ocrx_word' id='word_1_290' title='bbox 551 2254 641 2309; x_wconf 77' lang='lat' dir='ltr'><strong>vel</strong></span> <span class='ocrx_word' id='word_1_291' title='bbox 663 2252 1262 2324; x_wconf 76' lang='lat' dir='ltr'><strong>n10riensevade.[Vet.</strong></span> <span class='ocrx_word' id='word_1_292' title='bbox 1291 2249 1593 2319; x_wconf 74' lang='lat' dir='ltr'><strong>XVI.]Sel</strong></span> <span class='ocrx_word' id='word_1_293' title='bbox 1618 2249 1774 2303; x_wconf 86' lang='lat' dir='ltr'><strong>electi</strong></span> <span class='ocrx_word' id='word_1_294' title='bbox 1796 2248 1993 2317; x_wconf 83' lang='lat' dir='ltr'><strong>quique</strong></span> <span class='ocrx_word' id='word_1_295' title='bbox 2023 2262 2143 2300; x_wconf 89' lang='lat' dir='ltr'><strong>cum</strong></span> 
     </span>
    </p>
   </div>
   <div class='ocr_carea' id='block_1_38' title="bbox 550 2339 2143 2414">
    <p class='ocr_par' dir='ltr' id='par_1_38' title="bbox 550 2339 2143 2414">
     <span class='ocr_line' id='line_1_38' title="bbox 550 2339 2143 2414; baseline -0.004 -17"><span class='ocrx_word' id='word_1_296' title='bbox 550 2357 721 2414; x_wconf 88' lang='lat' dir='ltr'><strong>prava</strong></span> <span class='ocrx_word' id='word_1_297' title='bbox 744 2343 887 2399; x_wconf 89' lang='lat' dir='ltr'><strong>intus</strong></span> <span class='ocrx_word' id='word_1_298' title='bbox 907 2357 936 2396; x_wconf 90' lang='lat' dir='ltr'><strong>a</strong></span> <span class='ocrx_word' id='word_1_299' title='bbox 959 2343 1263 2397; x_wconf 87' lang='lat' dir='ltr'><strong>carnalibus</strong></span> <span class='ocrx_word' id='word_1_300' title='bbox 1282 2343 1534 2406; x_wconf 87' lang='lat' dir='ltr'><strong>tolerant,</strong></span> <span class='ocrx_word' id='word_1_301' title='bbox 1555 2339 1582 2377; x_wconf 68' lang='grc' dir='ltr'><strong>ι)</strong></span> <span class='ocrx_word' id='word_1_302' title='bbox 1605 2349 1817 2410; x_wconf 62' lang='lat' dir='ltr'><strong>quantae</strong></span> <span class='ocrx_word' id='word_1_303' title='bbox 1839 2355 1896 2394; x_wconf 90' lang='lat' dir='ltr'><strong>se</strong></span> <span class='ocrx_word' id='word_1_304' title='bbox 1916 2339 2143 2393; x_wconf 89' lang='lat' dir='ltr'><strong>formam</strong></span> 
     </span>
    </p>
   </div>
   <div class='ocr_carea' id='block_1_39' title="bbox 552 2431 2142 2500">
    <p class='ocr_par' dir='ltr' id='par_1_39' title="bbox 552 2431 2142 2500">
     <span class='ocr_line' id='line_1_39' title="bbox 552 2431 2142 2500; baseline -0.004 -8"><span class='ocrx_word' id='word_1_305' title='bbox 552 2434 892 2492; x_wconf 88' lang='lat' dir='ltr'><strong>rectitudinis</strong></span> <span class='ocrx_word' id='word_1_306' title='bbox 939 2435 1244 2500; x_wconf 85' lang='lat' dir='ltr'><strong>ostendant,</strong></span> <span class='ocrx_word' id='word_1_307' title='bbox 1278 2433 1547 2488; x_wconf 86' lang='lat' dir='ltr'><strong>discamus</strong></span> <span class='ocrx_word' id='word_1_308' title='bbox 1577 2449 1642 2487; x_wconf 85' lang='lat' dir='ltr'><strong>ex</strong></span> <span class='ocrx_word' id='word_1_309' title='bbox 1675 2433 1850 2487; x_wconf 86' lang='lat' dir='ltr'><strong>verbis</strong></span> <span class='ocrx_word' id='word_1_310' title='bbox 1878 2431 2142 2488; x_wconf 81' lang='lat' dir='ltr'><strong>vulnerati</strong></span> 
     </span>
    </p>
   </div>
   <div class='ocr_carea' id='block_1_40' title="bbox 554 2527 1782 2599">
    <p class='ocr_par' dir='ltr' id='par_1_40' title="bbox 554 2527 1782 2599">
     <span class='ocr_line' id='line_1_40' title="bbox 554 2527 1782 2599; baseline -0.005 -13"><span class='ocrx_word' id='word_1_311' title='bbox 554 2537 612 2586; x_wconf 86' lang='lat' dir='ltr'><strong>et</strong></span> <span class='ocrx_word' id='word_1_312' title='bbox 637 2529 939 2597; x_wconf 84' lang='lat' dir='ltr'><strong>incolumis,</strong></span> <span class='ocrx_word' id='word_1_313' title='bbox 968 2528 1206 2586; x_wconf 84' lang='lat' dir='ltr'><strong>sedentis</strong></span> <span class='ocrx_word' id='word_1_314' title='bbox 1232 2537 1288 2583; x_wconf 88' lang='lat' dir='ltr'><strong>et</strong></span> <span class='ocrx_word' id='word_1_315' title='bbox 1320 2528 1511 2596; x_wconf 87' lang='lat' dir='ltr'><strong>erecti,</strong></span> <span class='ocrx_word' id='word_1_316' title='bbox 1541 2527 1632 2599; x_wconf 88' lang='lat' dir='ltr'><strong>qui</strong></span> <span class='ocrx_word' id='word_1_317' title='bbox 1664 2527 1735 2581; x_wconf 88' lang='lat' dir='ltr'><strong>ait</strong></span> <span class='ocrx_word' id='word_1_318' title='bbox 1770 2546 1782 2580; x_wconf 90' lang='lat'>:</span> 
     </span>
    </p>
   </div>
   <div class='ocr_carea' id='block_1_41' title="bbox 2248 1956 3851 2028">
    <p class='ocr_par' dir='ltr' id='par_1_41' title="bbox 2248 1956 3851 2028">
     <span class='ocr_line' id='line_1_41' title="bbox 2248 1956 3851 2028; baseline 0.002 -16"><span class='ocrx_word' id='word_1_319' title='bbox 2248 1957 2364 2028; x_wconf 87' lang='lat' dir='ltr'><strong>ipse</strong></span> <span class='ocrx_word' id='word_1_320' title='bbox 2403 1957 2626 2027; x_wconf 90' lang='lat' dir='ltr'><strong>patitur,</strong></span> <span class='ocrx_word' id='word_1_321' title='bbox 2669 1965 2721 2012; x_wconf 89' lang='lat' dir='ltr'><strong>et</strong></span> <span class='ocrx_word' id='word_1_322' title='bbox 2767 1965 2922 2011; x_wconf 88' lang='lat' dir='ltr'><strong>curat</strong></span> <span class='ocrx_word' id='word_1_323' title='bbox 2970 1973 3037 2011; x_wconf 90' lang='lat' dir='ltr'><strong>ne</strong></span> <span class='ocrx_word' id='word_1_324' title='bbox 3082 1956 3207 2027; x_wconf 89' lang='lat' dir='ltr'><strong>quid</strong></span> <span class='ocrx_word' id='word_1_325' title='bbox 3260 1973 3438 2028; x_wconf 73' lang='lat' dir='ltr'><strong>prava:</strong></span> <span class='ocrx_word' id='word_1_326' title='bbox 3485 1960 3851 2028; x_wconf 78' lang='lat' dir='ltr'><strong>persuasionis</strong></span> 
     </span>
    </p>
   </div>
   <div class='ocr_carea' id='block_1_42' title="bbox 2249 2048 3848 2120">
    <p class='ocr_par' dir='ltr' id='par_1_42' title="bbox 2249 2048 3848 2120">
     <span class='ocr_line' id='line_1_42' title="bbox 2249 2048 3848 2120; baseline 0.003 -17"><span class='ocrx_word' id='word_1_327' title='bbox 2249 2048 2495 2120; x_wconf 87' lang='lat' dir='ltr'><strong>discipuli</strong></span> <span class='ocrx_word' id='word_1_328' title='bbox 2526 2049 2577 2102; x_wconf 91' lang='lat' dir='ltr'><strong>in</strong></span> <span class='ocrx_word' id='word_1_329' title='bbox 2609 2049 2772 2104; x_wconf 89' lang='lat' dir='ltr'><strong>corde</strong></span> <span class='ocrx_word' id='word_1_330' title='bbox 2801 2049 3090 2119; x_wconf 84' lang='lat' dir='ltr'><strong>patiantur.</strong></span> <span class='ocrx_word' id='word_1_331' title='bbox 3122 2049 3178 2104; x_wconf 89' lang='lat' dir='ltr'><strong>In</strong></span> <span class='ocrx_word' id='word_1_332' title='bbox 3211 2064 3270 2104; x_wconf 90' lang='lat' dir='ltr'><strong>se</strong></span> <span class='ocrx_word' id='word_1_333' title='bbox 3299 2052 3599 2105; x_wconf 86' lang='lat' dir='ltr'><strong>contemnit</strong></span> <span class='ocrx_word' id='word_1_334' title='bbox 3627 2051 3848 2108; x_wconf 78' lang='lat' dir='ltr'><strong>vulnera</strong></span> 
     </span>
    </p>
   </div>
   <div class='ocr_carea' id='block_1_43' title="bbox 2249 2138 3854 2208">
    <p class='ocr_par' dir='ltr' id='par_1_43' title="bbox 2249 2138 3854 2208">
     <span class='ocr_line' id='line_1_43' title="bbox 2249 2138 3854 2208; baseline 0.003 -16"><span class='ocrx_word' id='word_1_335' title='bbox 2249 2139 2516 2208; x_wconf 90' lang='lat' dir='ltr'><strong>corporis,</strong></span> <span class='ocrx_word' id='word_1_336' title='bbox 2548 2147 2604 2193; x_wconf 87' lang='lat' dir='ltr'><strong>et</strong></span> <span class='ocrx_word' id='word_1_337' title='bbox 2633 2138 2685 2193; x_wconf 91' lang='lat' dir='ltr'><strong>in</strong></span> <span class='ocrx_word' id='word_1_338' title='bbox 2719 2138 2836 2193; x_wconf 89' lang='lat' dir='ltr'><strong>aliis</strong></span> <span class='ocrx_word' id='word_1_339' title='bbox 2863 2141 3083 2194; x_wconf 87' lang='lat' dir='ltr'><strong>vulnera</strong></span> <span class='ocrx_word' id='word_1_340' title='bbox 3128 2140 3373 2196; x_wconf 82' lang='lat' dir='ltr'><strong>medetur</strong></span> <span class='ocrx_word' id='word_1_341' title='bbox 3400 2143 3598 2197; x_wconf 82' lang='lat' dir='ltr'><strong>contis.</strong></span> <span class='ocrx_word' id='word_1_342' title='bbox 3640 2141 3854 2198; x_wconf 82' lang='lat' dir='ltr'><strong>Habent</strong></span> 
     </span>
    </p>
   </div>
   <div class='ocr_carea' id='block_1_44' title="bbox 2249 2227 3853 2304">
    <p class='ocr_par' dir='ltr' id='par_1_44' title="bbox 2249 2227 3853 2304">
     <span class='ocr_line' id='line_1_44' title="bbox 2249 2227 3853 2304; baseline 0.004 -23"><span class='ocrx_word' id='word_1_343' title='bbox 2249 2228 2449 2298; x_wconf 88' lang='lat' dir='ltr'><strong>quippe</strong></span> <span class='ocrx_word' id='word_1_344' title='bbox 2479 2227 2583 2283; x_wconf 87' lang='lat' dir='ltr'><strong>hoc</strong></span> <span class='ocrx_word' id='word_1_345' title='bbox 2609 2227 2740 2297; x_wconf 87' lang='lat' dir='ltr'><strong>justi</strong></span> <span class='ocrx_word' id='word_1_346' title='bbox 2769 2229 3072 2299; x_wconf 89' lang='lat' dir='ltr'><strong>proprium,</strong></span> <span class='ocrx_word' id='word_1_347' title='bbox 3103 2239 3163 2283; x_wconf 91' lang='lat' dir='ltr'><strong>ut</strong></span> <span class='ocrx_word' id='word_1_348' title='bbox 3192 2231 3245 2284; x_wconf 90' lang='lat' dir='ltr'><strong>in</strong></span> <span class='ocrx_word' id='word_1_349' title='bbox 3278 2230 3465 2287; x_wconf 88' lang='lat' dir='ltr'><strong>dolore</strong></span> <span class='ocrx_word' id='word_1_350' title='bbox 3493 2233 3653 2304; x_wconf 87' lang='lat' dir='ltr'><strong>positi</strong></span> <span class='ocrx_word' id='word_1_351' title='bbox 3683 2235 3853 2288; x_wconf 87' lang='lat' dir='ltr'><strong>tribu-</strong></span> 
     </span>
    </p>
   </div>
   <div class='ocr_carea' id='block_1_45' title="bbox 2248 2315 3849 2391">
    <p class='ocr_par' dir='ltr' id='par_1_45' title="bbox 2248 2315 3849 2391">
     <span class='ocr_line' id='line_1_45' title="bbox 2248 2315 3849 2391; baseline 0.003 -20"><span class='ocrx_word' id='word_1_352' title='bbox 2248 2315 2468 2372; x_wconf 88' lang='lat' dir='ltr'><strong>lationis</strong></span> <span class='ocrx_word' id='word_1_353' title='bbox 2507 2334 2616 2370; x_wconf 71' lang='lat' dir='ltr'><strong>sum</strong></span> <span class='ocrx_word' id='word_1_354' title='bbox 2637 2359 2651 2383; x_wconf 93' lang='lat'><strong>,</strong></span> <span class='ocrx_word' id='word_1_355' title='bbox 2682 2334 2864 2373; x_wconf 88' lang='lat' dir='ltr'><strong>curam</strong></span> <span class='ocrx_word' id='word_1_356' title='bbox 2904 2333 3010 2372; x_wconf 90' lang='lat' dir='ltr'><strong>non</strong></span> <span class='ocrx_word' id='word_1_357' title='bbox 3051 2318 3302 2374; x_wconf 90' lang='lat' dir='ltr'><strong>deserant</strong></span> <span class='ocrx_word' id='word_1_358' title='bbox 3346 2320 3592 2376; x_wconf 86' lang='lat' dir='ltr'><strong>utilitatis</strong></span> <span class='ocrx_word' id='word_1_359' title='bbox 3622 2322 3806 2376; x_wconf 67' lang='lat' dir='ltr'><strong>alienae</strong></span> <span class='ocrx_word' id='word_1_360' title='bbox 3834 2342 3849 2391; x_wconf 88' lang='lat'><strong>;</strong></span> 
     </span>
    </p>
   </div>
   <div class='ocr_carea' id='block_1_46' title="bbox 2251 2410 3853 2482">
    <p class='ocr_par' dir='ltr' id='par_1_46' title="bbox 2251 2410 3853 2482">
     <span class='ocr_line' id='line_1_46' title="bbox 2251 2410 3853 2482; baseline 0.006 -17"><span class='ocrx_word' id='word_1_361' title='bbox 2251 2418 2306 2466; x_wconf 87' lang='lat' dir='ltr'><strong>et</strong></span> <span class='ocrx_word' id='word_1_362' title='bbox 2334 2427 2455 2465; x_wconf 89' lang='lat' dir='ltr'><strong>cum</strong></span> <span class='ocrx_word' id='word_1_363' title='bbox 2486 2410 2553 2464; x_wconf 90' lang='lat' dir='ltr'><strong>de</strong></span> <span class='ocrx_word' id='word_1_364' title='bbox 2581 2426 2640 2465; x_wconf 90' lang='lat' dir='ltr'><strong>se</strong></span> <span class='ocrx_word' id='word_1_365' title='bbox 2671 2411 2891 2466; x_wconf 84' lang='lat' dir='ltr'><strong>adversa</strong></span> <span class='ocrx_word' id='word_1_366' title='bbox 2923 2413 3187 2482; x_wconf 86' lang='lat' dir='ltr'><strong>patientes</strong></span> <span class='ocrx_word' id='word_1_367' title='bbox 3216 2414 3420 2480; x_wconf 85' lang='lat' dir='ltr'><strong>dolent,</strong></span> <span class='ocrx_word' id='word_1_368' title='bbox 3454 2416 3573 2470; x_wconf 89' lang='lat' dir='ltr'><strong>aliis</strong></span> <span class='ocrx_word' id='word_1_369' title='bbox 3601 2434 3761 2473; x_wconf 81' lang='lat' dir='ltr'><strong>neces</strong></span> <span class='ocrx_word' id='word_1_370' title='bbox 3794 2435 3853 2472; x_wconf 88' lang='lat' dir='ltr'><strong>a-</strong></span> 
     </span>
    </p>
   </div>
   <div class='ocr_carea' id='block_1_47' title="bbox 2250 2503 3852 2584">
    <p class='ocr_par' dir='ltr' id='par_1_47' title="bbox 2250 2503 3852 2584">
     <span class='ocr_line' id='line_1_47' title="bbox 2250 2503 3852 2584; baseline 0.007 -26"><span class='ocrx_word' id='word_1_371' title='bbox 2250 2503 2330 2558; x_wconf 91' lang='lat' dir='ltr'><strong>ria</strong></span> <span class='ocrx_word' id='word_1_372' title='bbox 2379 2504 2636 2558; x_wconf 86' lang='lat' dir='ltr'><strong>docentes</strong></span> <span class='ocrx_word' id='word_1_373' title='bbox 2683 2505 2998 2575; x_wconf 69' lang='lat' dir='ltr'><strong>prtevident,</strong></span> <span class='ocrx_word' id='word_1_374' title='bbox 3049 2515 3105 2561; x_wconf 86' lang='lat' dir='ltr'><strong>et</strong></span> <span class='ocrx_word' id='word_1_375' title='bbox 3152 2509 3303 2577; x_wconf 90' lang='lat' dir='ltr'><strong>quasi</strong></span> <span class='ocrx_word' id='word_1_376' title='bbox 3346 2512 3585 2579; x_wconf 76' lang='lat' dir='ltr'><strong>percussi</strong></span> <span class='ocrx_word' id='word_1_377' title='bbox 3637 2513 3852 2584; x_wconf 85' lang='lat' dir='ltr'><strong>quidam</strong></span> 
     </span>
    </p>
   </div>
   <div class='ocr_carea' id='block_1_48' title="bbox 2167 2594 3854 2667">
    <p class='ocr_par' dir='ltr' id='par_1_48' title="bbox 2167 2594 3854 2667">
     <span class='ocr_line' id='line_1_48' title="bbox 2167 2594 3854 2667; baseline 0.006 -18"><span class='ocrx_word' id='word_1_378' title='bbox 2167 2599 2169 2601; x_wconf 78' lang='grc'><strong>’</strong></span> <span class='ocrx_word' id='word_1_379' title='bbox 2251 2595 2432 2663; x_wconf 81' lang='lat' dir='ltr'><strong>magni</strong></span> <span class='ocrx_word' id='word_1_380' title='bbox 2473 2594 2665 2650; x_wconf 90' lang='lat' dir='ltr'><strong>medici</strong></span> <span class='ocrx_word' id='word_1_381' title='bbox 2694 2605 2979 2663; x_wconf 66' lang='lat' dir='ltr'><strong>aegrotant.</strong></span> <span class='ocrx_word' id='word_1_382' title='bbox 3021 2596 3126 2667; x_wconf 87' lang='lat' dir='ltr'><strong>Ipsi</strong></span> <span class='ocrx_word' id='word_1_383' title='bbox 3164 2599 3401 2655; x_wconf 89' lang='lat' dir='ltr'><strong>tolerant</strong></span> <span class='ocrx_word' id='word_1_384' title='bbox 3437 2603 3698 2659; x_wconf 75' lang='lat' dir='ltr'><strong>scisSuras</strong></span> <span class='ocrx_word' id='word_1_385' title='bbox 3738 2605 3854 2659; x_wconf 82' lang='lat' dir='ltr'><strong>vul-</strong></span> 
     </span>
    </p>
   </div>
   <div class='ocr_carea' id='block_1_49' title="bbox 1149 2681 1551 2737">
    <p class='ocr_par' dir='ltr' id='par_1_49' title="bbox 1149 2681 1551 2737">
     <span class='ocr_line' id='line_1_49' title="bbox 1149 2681 1551 2737; baseline -0.002 -1"><span class='ocrx_word' id='word_1_386' title='bbox 1149 2681 1377 2737; x_wconf 81' lang='lat' dir='ltr'><strong>CAPUT</strong></span> <span class='ocrx_word' id='word_1_387' title='bbox 1410 2681 1551 2736; x_wconf 77' lang='lat' dir='ltr'><strong>XXI.</strong></span> 
     </span>
    </p>
   </div>
   <div class='ocr_carea' id='block_1_50' title="bbox 623 2773 2148 2848">
    <p class='ocr_par' dir='ltr' id='par_1_50' title="bbox 623 2773 2148 2848">
     <span class='ocr_line' id='line_1_50' title="bbox 623 2773 2148 2848; baseline -0.001 -19"><span class='ocrx_word' id='word_1_388' title='bbox 623 2775 786 2831; x_wconf 71' lang='lat' dir='ltr'><strong>Vens.</strong></span> <span class='ocrx_word' id='word_1_389' title='bbox 822 2775 909 2831; x_wconf 83' lang='lat' dir='ltr'><strong>lO.</strong></span> <span class='ocrx_word' id='word_1_390' title='bbox 950 2809 1022 2818; x_wconf 97' lang='lat'><strong>—</strong></span> <span class='ocrx_word' id='word_1_391' title='bbox 1054 2773 1252 2831; x_wconf 89' lang='lat' dir='ltr'><strong>Locuta</strong></span> <span class='ocrx_word' id='word_1_392' title='bbox 1289 2792 1341 2830; x_wconf 87' lang='lat' dir='ltr'><strong>es</strong></span> <span class='ocrx_word' id='word_1_393' title='bbox 1396 2777 1542 2848; x_wconf 84' lang='lat' dir='ltr'><strong>quasi</strong></span> <span class='ocrx_word' id='word_1_394' title='bbox 1571 2791 1676 2828; x_wconf 89' lang='lat' dir='ltr'><strong>una</strong></span> <span class='ocrx_word' id='word_1_395' title='bbox 1716 2792 1782 2830; x_wconf 71' lang='lat' dir='ltr'><strong>ex</strong></span> <span class='ocrx_word' id='word_1_396' title='bbox 1832 2775 2003 2830; x_wconf 85' lang='lat' dir='ltr'><strong>stultis</strong></span> <span class='ocrx_word' id='word_1_397' title='bbox 2035 2793 2148 2830; x_wconf 79' lang='lat' dir='ltr'><strong>tnu-</strong></span> 
     </span>
    </p>
   </div>
   <div class='ocr_carea' id='block_1_51' title="bbox 552 2865 2148 2938">
    <p class='ocr_par' dir='ltr' id='par_1_51' title="bbox 552 2865 2148 2938">
     <span class='ocr_line' id='line_1_51' title="bbox 552 2865 2148 2938; baseline 0.001 -17"><span class='ocrx_word' id='word_1_398' title='bbox 552 2865 782 2922; x_wconf 82' lang='lat' dir='ltr'><strong>lieribus.</strong></span> <span class='ocrx_word' id='word_1_399' title='bbox 838 2866 898 2922; x_wconf 89' lang='lat' dir='ltr'><strong>Si</strong></span> <span class='ocrx_word' id='word_1_400' title='bbox 947 2865 1080 2923; x_wconf 87' lang='lat' dir='ltr'><strong>bona</strong></span> <span class='ocrx_word' id='word_1_401' title='bbox 1131 2869 1420 2938; x_wconf 78' lang='lat' dir='ltr'><strong>accepimus</strong></span> <span class='ocrx_word' id='word_1_402' title='bbox 1467 2866 1529 2920; x_wconf 89' lang='lat' dir='ltr'><strong>de</strong></span> <span class='ocrx_word' id='word_1_403' title='bbox 1557 2884 1713 2921; x_wconf 89' lang='lat' dir='ltr'><strong>manu</strong></span> <span class='ocrx_word' id='word_1_404' title='bbox 1747 2868 1974 2936; x_wconf 85' lang='lat' dir='ltr'><strong>Domini,</strong></span> <span class='ocrx_word' id='word_1_405' title='bbox 2008 2869 2148 2923; x_wconf 89' lang='lat' dir='ltr'><strong>mala</strong></span> 
     </span>
    </p>
   </div>
   <div class='ocr_carea' id='block_1_52' title="bbox 553 2960 1256 3032">
    <p class='ocr_par' dir='ltr' id='par_1_52' title="bbox 553 2960 1256 3032">
     <span class='ocr_line' id='line_1_52' title="bbox 553 2960 1256 3032; baseline -0.001 -19"><span class='ocrx_word' id='word_1_406' title='bbox 553 2976 714 3032; x_wconf 84' lang='lat' dir='ltr'><strong>quare</strong></span> <span class='ocrx_word' id='word_1_407' title='bbox 741 2977 843 3014; x_wconf 90' lang='lat' dir='ltr'><strong>non</strong></span> <span class='ocrx_word' id='word_1_408' title='bbox 874 2960 1256 3014; x_wconf 84' lang='lat' dir='ltr'><strong>sustineamns?</strong></span> 
     </span>
    </p>
   </div>
   <div class='ocr_carea' id='block_1_53' title="bbox 624 3092 2145 3166">
    <p class='ocr_par' dir='ltr' id='par_1_53' title="bbox 624 3092 2145 3166">
     <span class='ocr_line' id='line_1_53' title="bbox 624 3092 2145 3166; baseline 0.004 -21"><span class='ocrx_word' id='word_1_409' title='bbox 624 3092 712 3147; x_wconf 80' lang='lat'><strong>59.</strong></span> <span class='ocrx_word' id='word_1_410' title='bbox 758 3092 944 3148; x_wconf 80' lang='lat' dir='ltr'><strong>Sancti</strong></span> <span class='ocrx_word' id='word_1_411' title='bbox 987 3093 1286 3164; x_wconf 74' lang='lat' dir='ltr'><strong>ferientibus</strong></span> <span class='ocrx_word' id='word_1_412' title='bbox 1326 3103 1593 3164; x_wconf 87' lang='lat' dir='ltr'><strong>opponunt</strong></span> <span class='ocrx_word' id='word_1_413' title='bbox 1621 3103 1818 3148; x_wconf 87' lang='lat' dir='ltr'><strong>scutum</strong></span> <span class='ocrx_word' id='word_1_414' title='bbox 1861 3095 2145 3166; x_wconf 70' lang='lat' dir='ltr'><strong>patientia,</strong></span> 
     </span>
    </p>
   </div>
   <div class='ocr_carea' id='block_1_54' title="bbox 554 3185 2148 3256">
    <p class='ocr_par' dir='ltr' id='par_1_54' title="bbox 554 3185 2148 3256">
     <span class='ocr_line' id='line_1_54' title="bbox 554 3185 2148 3256; baseline 0.003 -17"><span class='ocrx_word' id='word_1_415' title='bbox 554 3186 691 3240; x_wconf 88' lang='lat' dir='ltr'><strong>male</strong></span> <span class='ocrx_word' id='word_1_416' title='bbox 713 3185 1045 3239; x_wconf 84' lang='lat' dir='ltr'><strong>suadentibus</strong></span> <span class='ocrx_word' id='word_1_417' title='bbox 1065 3186 1244 3256; x_wconf 84' lang='lat' dir='ltr'><strong>jacula</strong></span> <span class='ocrx_word' id='word_1_418' title='bbox 1278 3186 1570 3256; x_wconf 87' lang='lat' dir='ltr'><strong>intorquent</strong></span> <span class='ocrx_word' id='word_1_419' title='bbox 1599 3185 2148 3243; x_wconf 84' lang='lat' dir='ltr'><strong>doctrince.—Sancti</strong></span> 
     </span>
    </p>
   </div>
   <div class='ocr_carea' id='block_1_55' title="bbox 2252 2687 3854 2757">
    <p class='ocr_par' dir='ltr' id='par_1_55' title="bbox 2252 2687 3854 2757">
     <span class='ocr_line' id='line_1_55' title="bbox 2252 2687 3854 2757; baseline 0.007 -15"><span class='ocrx_word' id='word_1_420' title='bbox 2252 2687 2418 2753; x_wconf 86' lang='lat' dir='ltr'><strong>neris,</strong></span> <span class='ocrx_word' id='word_1_421' title='bbox 2449 2694 2504 2740; x_wconf 88' lang='lat' dir='ltr'><strong>et</strong></span> <span class='ocrx_word' id='word_1_422' title='bbox 2526 2687 2644 2742; x_wconf 91' lang='lat' dir='ltr'><strong>aliis</strong></span> <span class='ocrx_word' id='word_1_423' title='bbox 2667 2687 2948 2757; x_wconf 88' lang='lat' dir='ltr'><strong>proferunt</strong></span> <span class='ocrx_word' id='word_1_424' title='bbox 2971 2690 3364 2747; x_wconf 86' lang='lat' dir='ltr'><strong>medicamenta</strong></span> <span class='ocrx_word' id='word_1_425' title='bbox 3386 2696 3653 2750; x_wconf 87' lang='lat' dir='ltr'><strong>sanitatis.</strong></span> <span class='ocrx_word' id='word_1_426' title='bbox 3686 2696 3854 2754; x_wconf 77' lang='lat' dir='ltr'><strong>Valde</strong></span> 
     </span>
    </p>
   </div>
   <div class='ocr_carea' id='block_1_56' title="bbox 2253 2777 3853 2847">
    <p class='ocr_par' dir='ltr' id='par_1_56' title="bbox 2253 2777 3853 2847">
     <span class='ocr_line' id='line_1_56' title="bbox 2253 2777 3853 2847; baseline 0.009 -17"><span class='ocrx_word' id='word_1_427' title='bbox 2253 2785 2434 2830; x_wconf 81' lang='lat' dir='ltr'><strong>autem</strong></span> <span class='ocrx_word' id='word_1_428' title='bbox 2466 2777 2688 2832; x_wconf 89' lang='lat' dir='ltr'><strong>minoris</strong></span> <span class='ocrx_word' id='word_1_429' title='bbox 2724 2777 2924 2833; x_wconf 85' lang='lat' dir='ltr'><strong>laboris</strong></span> <span class='ocrx_word' id='word_1_430' title='bbox 2964 2786 3077 2847; x_wconf 89' lang='lat' dir='ltr'><strong>est,</strong></span> <span class='ocrx_word' id='word_1_431' title='bbox 3109 2789 3202 2834; x_wconf 89' lang='lat' dir='ltr'><strong>aut</strong></span> <span class='ocrx_word' id='word_1_432' title='bbox 3231 2781 3425 2838; x_wconf 90' lang='lat' dir='ltr'><strong>docere</strong></span> <span class='ocrx_word' id='word_1_433' title='bbox 3453 2801 3575 2840; x_wconf 91' lang='lat' dir='ltr'><strong>cum</strong></span> <span class='ocrx_word' id='word_1_434' title='bbox 3607 2786 3737 2840; x_wconf 90' lang='lat' dir='ltr'><strong>nihil</strong></span> <span class='ocrx_word' id='word_1_435' title='bbox 3765 2797 3853 2844; x_wconf 88' lang='lat' dir='ltr'><strong>to-</strong></span> 
     </span>
    </p>
   </div>
   <div class='ocr_carea' id='block_1_57' title="bbox 2252 2867 3856 2939">
    <p class='ocr_par' dir='ltr' id='par_1_57' title="bbox 2252 2867 3856 2939">
     <span class='ocr_line' id='line_1_57' title="bbox 2252 2867 3856 2939; baseline 0.01 -16"><span class='ocrx_word' id='word_1_436' title='bbox 2252 2867 2436 2937; x_wconf 88' lang='lat' dir='ltr'><strong>leras;</strong></span> <span class='ocrx_word' id='word_1_437' title='bbox 2486 2879 2580 2924; x_wconf 92' lang='lat' dir='ltr'><strong>aut</strong></span> <span class='ocrx_word' id='word_1_438' title='bbox 2626 2871 2883 2938; x_wconf 91' lang='lat' dir='ltr'><strong>tolerare,</strong></span> <span class='ocrx_word' id='word_1_439' title='bbox 2927 2890 3049 2928; x_wconf 93' lang='lat' dir='ltr'><strong>cum</strong></span> <span class='ocrx_word' id='word_1_440' title='bbox 3092 2875 3221 2929; x_wconf 88' lang='lat' dir='ltr'><strong>nihil</strong></span> <span class='ocrx_word' id='word_1_441' title='bbox 3250 2875 3430 2933; x_wconf 90' lang='lat' dir='ltr'><strong>doces.</strong></span> <span class='ocrx_word' id='word_1_442' title='bbox 3483 2878 3635 2936; x_wconf 90' lang='lat' dir='ltr'><strong>Unde</strong></span> <span class='ocrx_word' id='word_1_443' title='bbox 3679 2885 3856 2939; x_wconf 87' lang='lat' dir='ltr'><strong>sancti</strong></span> 
     </span>
    </p>
   </div>
   <div class='ocr_carea' id='block_1_58' title="bbox 2253 2961 3855 3037">
    <p class='ocr_par' dir='ltr' id='par_1_58' title="bbox 2253 2961 3855 3037">
     <span class='ocr_line' id='line_1_58' title="bbox 2253 2961 3855 3037; baseline 0.01 -23"><span class='ocrx_word' id='word_1_444' title='bbox 2253 2961 2354 3015; x_wconf 89' lang='lat' dir='ltr'><strong>viri</strong></span> <span class='ocrx_word' id='word_1_445' title='bbox 2385 2961 2450 3015; x_wconf 90' lang='lat' dir='ltr'><strong>ad</strong></span> <span class='ocrx_word' id='word_1_446' title='bbox 2491 2971 2717 3034; x_wconf 89' lang='lat' dir='ltr'><strong>utraque</strong></span> <span class='ocrx_word' id='word_1_447' title='bbox 2745 2980 2803 3020; x_wconf 90' lang='lat' dir='ltr'><strong>se</strong></span> <span class='ocrx_word' id='word_1_448' title='bbox 2829 2965 3060 3022; x_wconf 90' lang='lat' dir='ltr'><strong>solerter</strong></span> <span class='ocrx_word' id='word_1_449' title='bbox 3085 2970 3418 3037; x_wconf 82' lang='lat' dir='ltr'><strong>extendunt;</strong></span> <span class='ocrx_word' id='word_1_450' title='bbox 3449 2979 3505 3025; x_wconf 91' lang='lat' dir='ltr'><strong>et</strong></span> <span class='ocrx_word' id='word_1_451' title='bbox 3533 2988 3651 3027; x_wconf 90' lang='lat' dir='ltr'><strong>cum</strong></span> <span class='ocrx_word' id='word_1_452' title='bbox 3683 2975 3855 3030; x_wconf 90' lang='lat' dir='ltr'><strong>tribu-</strong></span> 
     </span>
    </p>
   </div>
   <div class='ocr_carea' id='block_1_59' title="bbox 2253 3051 3857 3126">
    <p class='ocr_par' dir='ltr' id='par_1_59' title="bbox 2253 3051 3857 3126">
     <span class='ocr_line' id='line_1_59' title="bbox 2253 3051 3857 3126; baseline 0.009 -18"><span class='ocrx_word' id='word_1_453' title='bbox 2253 3051 2547 3110; x_wconf 85' lang='lat' dir='ltr'><strong>lationibus</strong></span> <span class='ocrx_word' id='word_1_454' title='bbox 2577 3054 2806 3112; x_wconf 84' lang='lat' dir='ltr'><strong>fortasse</strong></span> <span class='ocrx_word' id='word_1_455' title='bbox 2847 3057 3129 3126; x_wconf 85' lang='lat' dir='ltr'><strong>feriuntur,</strong></span> <span class='ocrx_word' id='word_1_456' title='bbox 3161 3063 3240 3117; x_wconf 90' lang='lat' dir='ltr'><strong>sic</strong></span> <span class='ocrx_word' id='word_1_457' title='bbox 3267 3063 3535 3117; x_wconf 83' lang='lat' dir='ltr'><strong>exteriora</strong></span> <span class='ocrx_word' id='word_1_458' title='bbox 3570 3065 3705 3119; x_wconf 86' lang='lat' dir='ltr'><strong>bella</strong></span> <span class='ocrx_word' id='word_1_459' title='bbox 3733 3083 3857 3122; x_wconf 87' lang='lat' dir='ltr'><strong>sus-</strong></span> 
     </span>
    </p>
   </div>
   <div class='ocr_carea' id='block_1_60' title="bbox 2256 3147 3855 3223">
    <p class='ocr_par' dir='ltr' id='par_1_60' title="bbox 2256 3147 3855 3223">
     <span class='ocr_line' id='line_1_60' title="bbox 2256 3147 3855 3223; baseline 0.009 -26"><span class='ocrx_word' id='word_1_460' title='bbox 2256 3147 2479 3215; x_wconf 65' lang='lat' dir='ltr'><strong>cij-iunt,</strong></span> <span class='ocrx_word' id='word_1_461' title='bbox 2505 3155 2563 3201; x_wconf 92' lang='lat' dir='ltr'><strong>ut</strong></span> <span class='ocrx_word' id='word_1_462' title='bbox 2583 3148 2812 3204; x_wconf 86' lang='lat' dir='ltr'><strong>sollicite</strong></span> <span class='ocrx_word' id='word_1_463' title='bbox 2835 3152 3093 3220; x_wconf 82' lang='lat' dir='ltr'><strong>cogitent,</strong></span> <span class='ocrx_word' id='word_1_464' title='bbox 3118 3168 3184 3207; x_wconf 91' lang='lat' dir='ltr'><strong>ne</strong></span> <span class='ocrx_word' id='word_1_465' title='bbox 3208 3155 3575 3223; x_wconf 85' lang='lat' dir='ltr'><strong>proximorum</strong></span> <span class='ocrx_word' id='word_1_466' title='bbox 3599 3157 3855 3212; x_wconf 87' lang='lat' dir='ltr'><strong>interiora</strong></span> 
     </span>
    </p>
   </div>
   <div class='ocr_carea' id='block_1_61' title="bbox 555 3236 3858 3348">
    <p class='ocr_par' dir='ltr' id='par_1_61' title="bbox 555 3236 3858 3348">
     <span class='ocr_line' id='line_1_61' title="bbox 555 3236 3858 3348; baseline 0.001 -14"><span class='ocrx_word' id='word_1_467' title='bbox 555 3281 656 3334; x_wconf 88' lang='lat' dir='ltr'><strong>viri</strong></span> <span class='ocrx_word' id='word_1_468' title='bbox 673 3279 1078 3334; x_wconf 89' lang='lat' dir='ltr'><strong>tribulationum</strong></span> <span class='ocrx_word' id='word_1_469' title='bbox 1096 3279 1240 3332; x_wconf 89' lang='lat' dir='ltr'><strong>bello</strong></span> <span class='ocrx_word' id='word_1_470' title='bbox 1268 3278 1611 3348; x_wconf 86' lang='lat' dir='ltr'><strong>deprehensi,</strong></span> <span class='ocrx_word' id='word_1_471' title='bbox 1644 3294 1766 3332; x_wconf 88' lang='lat' dir='ltr'><strong>cum</strong></span> <span class='ocrx_word' id='word_1_472' title='bbox 1797 3295 1902 3333; x_wconf 89' lang='lat' dir='ltr'><strong>uno</strong></span> <span class='ocrx_word' id='word_1_473' title='bbox 1932 3280 2150 3334; x_wconf 88' lang='lat' dir='ltr'><strong>eodem-</strong></span> <span class='ocrx_word' id='word_1_474' title='bbox 2178 3257 2226 3321; x_wconf 69' lang='grc' dir='ltr'>ο</span> <span class='ocrx_word' id='word_1_475' title='bbox 2723 3253 2903 3348; x_wconf 33' lang='grc' dir='ltr'><strong>ἕψω</strong></span> <span class='ocrx_word' id='word_1_476' title='bbox 2929 3259 3028 3348; x_wconf 52' lang='grc' dir='ltr'><strong>ῨῘΠ</strong></span> <span class='ocrx_word' id='word_1_477' title='bbox 3058 3243 3226 3348; x_wconf 31' lang='lat' dir='ltr'><strong>{mles</strong></span> <span class='ocrx_word' id='word_1_478' title='bbox 3251 3261 3448 3348; x_wconf 35' lang='lat' dir='ltr'><strong>minim</strong></span> <span class='ocrx_word' id='word_1_479' title='bbox 3479 3258 3767 3348; x_wconf 46' lang='lat' dir='ltr'><strong>isﬁ&#39;ﬁ‘m“;</strong></span> <span class='ocrx_word' id='word_1_480' title='bbox 3801 3257 3858 3303; x_wconf 59' lang='grc' dir='ltr'><strong>εί</strong></span> 
     </span>
    </p>
   </div>
   <div class='ocr_carea' id='block_1_62' title="bbox 557 3367 2146 3440">
    <p class='ocr_par' dir='ltr' id='par_1_62' title="bbox 557 3367 2146 3440">
     <span class='ocr_line' id='line_1_62' title="bbox 557 3367 2146 3440; baseline -0.001 -15"><span class='ocrx_word' id='word_1_481' title='bbox 557 3387 665 3440; x_wconf 88' lang='lat' dir='ltr'><strong>que</strong></span> <span class='ocrx_word' id='word_1_482' title='bbox 699 3380 946 3439; x_wconf 85' lang='lat' dir='ltr'><strong>tempore</strong></span> <span class='ocrx_word' id='word_1_483' title='bbox 985 3369 1121 3424; x_wconf 77' lang='lat' dir='ltr'><strong>alios</strong></span> <span class='ocrx_word' id='word_1_484' title='bbox 1164 3367 1440 3434; x_wconf 77' lang='lat' dir='ltr'><strong>ferientes,</strong></span> <span class='ocrx_word' id='word_1_485' title='bbox 1470 3369 1606 3422; x_wconf 86' lang='lat' dir='ltr'><strong>alios</strong></span> <span class='ocrx_word' id='word_1_486' title='bbox 1633 3369 1920 3424; x_wconf 85' lang='lat' dir='ltr'><strong>suadentes</strong></span> <span class='ocrx_word' id='word_1_487' title='bbox 1948 3370 2146 3437; x_wconf 82' lang='lat' dir='ltr'><strong>lerunt,</strong></span> 
     </span>
    </p>
   </div>
   <div class='ocr_carea' id='block_1_63' title="bbox 557 3459 2153 3533">
    <p class='ocr_par' dir='ltr' id='par_1_63' title="bbox 557 3459 2153 3533">
     <span class='ocr_line' id='line_1_63' title="bbox 557 3459 2153 3533; baseline 0.001 -17"><span class='ocrx_word' id='word_1_488' title='bbox 557 3459 664 3517; x_wconf 82' lang='lat' dir='ltr'><strong>illis</strong></span> <span class='ocrx_word' id='word_1_489' title='bbox 689 3468 968 3532; x_wconf 88' lang='lat' dir='ltr'><strong>opponunt</strong></span> <span class='ocrx_word' id='word_1_490' title='bbox 999 3469 1205 3515; x_wconf 84' lang='lat' dir='ltr'><strong>scutqu</strong></span> <span class='ocrx_word' id='word_1_491' title='bbox 1236 3461 1526 3532; x_wconf 82' lang='lat' dir='ltr'><strong>patientiae,</strong></span> <span class='ocrx_word' id='word_1_492' title='bbox 1576 3461 1690 3515; x_wconf 89' lang='lat' dir='ltr'><strong>istis</strong></span> <span class='ocrx_word' id='word_1_493' title='bbox 1720 3462 2032 3531; x_wconf 85' lang='lat' dir='ltr'><strong>intorquent</strong></span> <span class='ocrx_word' id='word_1_494' title='bbox 2069 3464 2153 3533; x_wconf 90' lang='lat' dir='ltr'><strong>ja-</strong></span> 
     </span>
    </p>
   </div>
   <div class='ocr_carea' id='block_1_64' title="bbox 561 3555 2152 3626">
    <p class='ocr_par' dir='ltr' id='par_1_64' title="bbox 561 3555 2152 3626">
     <span class='ocr_line' id='line_1_64' title="bbox 561 3555 2152 3626; baseline 0 -14"><span class='ocrx_word' id='word_1_495' title='bbox 561 3555 683 3612; x_wconf 91' lang='lat' dir='ltr'><strong>cula</strong></span> <span class='ocrx_word' id='word_1_496' title='bbox 713 3555 1003 3624; x_wconf 65' lang='lat' dir='ltr'><strong>doctrinm;</strong></span> <span class='ocrx_word' id='word_1_497' title='bbox 1033 3564 1194 3626; x_wconf 87' lang='lat' dir='ltr'><strong>atque</strong></span> <span class='ocrx_word' id='word_1_498' title='bbox 1223 3555 1289 3609; x_wconf 89' lang='lat' dir='ltr'><strong>ad</strong></span> <span class='ocrx_word' id='word_1_499' title='bbox 1321 3563 1606 3624; x_wconf 87' lang='lat' dir='ltr'><strong>utrumque</strong></span> <span class='ocrx_word' id='word_1_500' title='bbox 1630 3555 1899 3625; x_wconf 81' lang='lat' dir='ltr'><strong>pugnandi</strong></span> <span class='ocrx_word' id='word_1_501' title='bbox 1932 3558 2152 3612; x_wconf 91' lang='lat' dir='ltr'><strong>modum</strong></span> 
     </span>
    </p>
   </div>
   <div class='ocr_carea' id='block_1_65' title="bbox 497 3648 2150 3722">
    <p class='ocr_par' dir='ltr' id='par_1_65' title="bbox 497 3648 2150 3722">
     <span class='ocr_line' id='line_1_65' title="bbox 497 3648 2150 3722; baseline 0 -18"><span class='ocrx_word' id='word_1_502' title='bbox 497 3713 502 3716; x_wconf 91' lang='lat'>_</span> <span class='ocrx_word' id='word_1_503' title='bbox 561 3650 698 3704; x_wconf 91' lang='lat' dir='ltr'><strong>mira</strong></span> <span class='ocrx_word' id='word_1_504' title='bbox 729 3649 944 3706; x_wconf 88' lang='lat' dir='ltr'><strong>virtutis</strong></span> <span class='ocrx_word' id='word_1_505' title='bbox 973 3657 1087 3704; x_wconf 89' lang='lat' dir='ltr'><strong>arte</strong></span> <span class='ocrx_word' id='word_1_506' title='bbox 1117 3664 1176 3704; x_wconf 88' lang='lat' dir='ltr'><strong>se</strong></span> <span class='ocrx_word' id='word_1_507' title='bbox 1202 3648 1470 3716; x_wconf 83' lang='lat' dir='ltr'><strong>‘erigunt;</strong></span> <span class='ocrx_word' id='word_1_508' title='bbox 1504 3657 1770 3717; x_wconf 87' lang='lat' dir='ltr'><strong>quatenus</strong></span> <span class='ocrx_word' id='word_1_509' title='bbox 1816 3659 1870 3704; x_wconf 90' lang='lat' dir='ltr'><strong>et</strong></span> <span class='ocrx_word' id='word_1_510' title='bbox 1897 3665 2150 3722; x_wconf 86' lang='lat' dir='ltr'><strong>perversa</strong></span> 
     </span>
    </p>
   </div>
   <div class='ocr_carea' id='block_1_66' title="bbox 559 3740 2154 3814">
    <p class='ocr_par' dir='ltr' id='par_1_66' title="bbox 559 3740 2154 3814">
     <span class='ocr_line' id='line_1_66' title="bbox 559 3740 2154 3814; baseline -0.001 -15"><span class='ocrx_word' id='word_1_511' title='bbox 559 3742 708 3799; x_wconf 84' lang='lat' dir='ltr'><strong>intus</strong></span> <span class='ocrx_word' id='word_1_512' title='bbox 751 3743 1023 3814; x_wconf 85' lang='lat' dir='ltr'><strong>sapienter</strong></span> <span class='ocrx_word' id='word_1_513' title='bbox 1069 3741 1321 3806; x_wconf 88' lang='lat' dir='ltr'><strong>doceant,</strong></span> <span class='ocrx_word' id='word_1_514' title='bbox 1378 3748 1433 3797; x_wconf 90' lang='lat' dir='ltr'><strong>et</strong></span> <span class='ocrx_word' id='word_1_515' title='bbox 1480 3740 1624 3796; x_wconf 80' lang='lat' dir='ltr'><strong>foras</strong></span> <span class='ocrx_word' id='word_1_516' title='bbox 1669 3741 1882 3796; x_wconf 88' lang='lat' dir='ltr'><strong>fortiter</strong></span> <span class='ocrx_word' id='word_1_517' title='bbox 1929 3742 2154 3797; x_wconf 89' lang='lat' dir='ltr'><strong>adversa</strong></span> 
     </span>
    </p>
   </div>
   <div class='ocr_carea' id='block_1_67' title="bbox 561 3833 2155 3908">
    <p class='ocr_par' dir='ltr' id='par_1_67' title="bbox 561 3833 2155 3908">
     <span class='ocr_line' id='line_1_67' title="bbox 561 3833 2155 3908; baseline 0.001 -18"><span class='ocrx_word' id='word_1_518' title='bbox 561 3843 942 3902; x_wconf 88' lang='lat' dir='ltr'><strong>contemnant;</strong></span> <span class='ocrx_word' id='word_1_519' title='bbox 976 3834 1076 3894; x_wconf 85' lang='lat' dir='ltr'><strong>bos</strong></span> <span class='ocrx_word' id='word_1_520' title='bbox 1102 3834 1362 3891; x_wconf 89' lang='lat' dir='ltr'><strong>docentes</strong></span> <span class='ocrx_word' id='word_1_521' title='bbox 1386 3834 1681 3908; x_wconf 79' lang='lat' dir='ltr'><strong>corrigam,</strong></span> <span class='ocrx_word' id='word_1_522' title='bbox 1710 3833 1832 3889; x_wconf 90' lang='lat' dir='ltr'><strong>illos</strong></span> <span class='ocrx_word' id='word_1_523' title='bbox 1863 3833 2155 3891; x_wconf 88' lang='lat' dir='ltr'><strong>tolerantes</strong></span> 
     </span>
    </p>
   </div>
   <div class='ocr_carea' id='block_1_68' title="bbox 561 3926 2156 4000">
    <p class='ocr_par' dir='ltr' id='par_1_68' title="bbox 561 3926 2156 4000">
     <span class='ocr_line' id='line_1_68' title="bbox 561 3926 2156 4000; baseline 0.001 -18"><span class='ocrx_word' id='word_1_524' title='bbox 561 3937 831 3999; x_wconf 86' lang='lat' dir='ltr'><strong>premant.</strong></span> <span class='ocrx_word' id='word_1_525' title='bbox 861 3926 1204 3997; x_wconf 85' lang='lat' dir='ltr'><strong>lnsurgentes</strong></span> <span class='ocrx_word' id='word_1_526' title='bbox 1224 3942 1458 3998; x_wconf 86' lang='lat' dir='ltr'><strong>namque</strong></span> <span class='ocrx_word' id='word_1_527' title='bbox 1485 3928 1670 3984; x_wconf 87' lang='lat' dir='ltr'><strong>hostes</strong></span> <span class='ocrx_word' id='word_1_528' title='bbox 1699 3929 1951 4000; x_wconf 83' lang='lat' dir='ltr'><strong>patiendo</strong></span> <span class='ocrx_word' id='word_1_529' title='bbox 1978 3928 2156 4000; x_wconf 89' lang='lat' dir='ltr'><strong>despi-</strong></span> 
     </span>
    </p>
   </div>
   <div class='ocr_carea' id='block_1_69' title="bbox 563 4020 2157 4094">
    <p class='ocr_par' dir='ltr' id='par_1_69' title="bbox 563 4020 2157 4094">
     <span class='ocr_line' id='line_1_69' title="bbox 563 4020 2157 4094; baseline 0.003 -18"><span class='ocrx_word' id='word_1_530' title='bbox 563 4023 736 4091; x_wconf 88' lang='lat' dir='ltr'><strong>ciunt,</strong></span> <span class='ocrx_word' id='word_1_531' title='bbox 767 4020 1099 4080; x_wconf 76' lang='lat' dir='ltr'><strong>infirmantes</strong></span> <span class='ocrx_word' id='word_1_532' title='bbox 1143 4037 1275 4077; x_wconf 87' lang='lat' dir='ltr'><strong>vero</strong></span> <span class='ocrx_word' id='word_1_533' title='bbox 1320 4021 1465 4079; x_wconf 89' lang='lat' dir='ltr'><strong>cives</strong></span> <span class='ocrx_word' id='word_1_534' title='bbox 1511 4024 1887 4094; x_wconf 89' lang='lat' dir='ltr'><strong>compatiendo</strong></span> <span class='ocrx_word' id='word_1_535' title='bbox 1919 4025 1985 4080; x_wconf 91' lang='lat' dir='ltr'><strong>ad</strong></span> <span class='ocrx_word' id='word_1_536' title='bbox 2013 4025 2157 4081; x_wconf 91' lang='lat' dir='ltr'><strong>salu-</strong></span> 
     </span>
    </p>
   </div>
   <div class='ocr_carea' id='block_1_70' title="bbox 546 4104 2154 4190">
    <p class='ocr_par' dir='ltr' id='par_1_70' title="bbox 546 4104 2154 4190">
     <span class='ocr_line' id='line_1_70' title="bbox 546 4104 2154 4190; baseline 0.003 -20"><span class='ocrx_word' id='word_1_537' title='bbox 546 4104 675 4171; x_wconf 74' lang='lat' dir='ltr'><strong>tem</strong></span> <span class='ocrx_word' id='word_1_538' title='bbox 706 4116 968 4171; x_wconf 88' lang='lat' dir='ltr'><strong>reducunt</strong></span> <span class='ocrx_word' id='word_1_539' title='bbox 995 4134 1006 4169; x_wconf 93' lang='lat'><strong>:</strong></span> <span class='ocrx_word' id='word_1_540' title='bbox 1030 4115 1136 4171; x_wconf 90' lang='lat' dir='ltr'><strong>illis</strong></span> <span class='ocrx_word' id='word_1_541' title='bbox 1168 4115 1444 4183; x_wconf 89' lang='lat' dir='ltr'><strong>resistunt,</strong></span> <span class='ocrx_word' id='word_1_542' title='bbox 1469 4132 1538 4173; x_wconf 90' lang='lat' dir='ltr'><strong>ne</strong></span> <span class='ocrx_word' id='word_1_543' title='bbox 1568 4125 1624 4173; x_wconf 90' lang='lat' dir='ltr'><strong>et</strong></span> <span class='ocrx_word' id='word_1_544' title='bbox 1646 4118 1781 4174; x_wconf 89' lang='lat' dir='ltr'><strong>alios</strong></span> <span class='ocrx_word' id='word_1_545' title='bbox 1805 4119 2154 4190; x_wconf 82' lang='lat' dir='ltr'><strong>subtraham;</strong></span> 
     </span>
    </p>
   </div>
   <div class='ocr_carea' id='block_1_71' title="bbox 571 4205 2157 4284">
    <p class='ocr_par' dir='ltr' id='par_1_71' title="bbox 571 4205 2157 4284">
     <span class='ocr_line' id='line_1_71' title="bbox 571 4205 2157 4284; baseline 0.008 -25"><span class='ocrx_word' id='word_1_546' title='bbox 571 4217 594 4242; x_wconf 76' lang='grc' dir='ltr'><strong>ο</strong></span> <span class='ocrx_word' id='word_1_547' title='bbox 628 4205 745 4260; x_wconf 85' lang='lat' dir='ltr'><strong>istis</strong></span> <span class='ocrx_word' id='word_1_548' title='bbox 789 4215 1057 4272; x_wconf 90' lang='lat' dir='ltr'><strong>metuunt,</strong></span> <span class='ocrx_word' id='word_1_549' title='bbox 1088 4223 1157 4264; x_wconf 90' lang='lat' dir='ltr'><strong>ne</strong></span> <span class='ocrx_word' id='word_1_550' title='bbox 1203 4209 1369 4264; x_wconf 87' lang='lat' dir='ltr'><strong>vitam</strong></span> <span class='ocrx_word' id='word_1_551' title='bbox 1407 4209 1740 4267; x_wconf 83' lang='lat' dir='ltr'><strong>rectitudinis</strong></span> <span class='ocrx_word' id='word_1_552' title='bbox 1767 4210 2005 4269; x_wconf 85' lang='lat' dir='ltr'><strong>funditus</strong></span> <span class='ocrx_word' id='word_1_553' title='bbox 2033 4229 2157 4284; x_wconf 87' lang='lat' dir='ltr'><strong>per-</strong></span> 
     </span>
    </p>
   </div>
   <div class='ocr_carea' id='block_1_72' title="bbox 567 4297 720 4354">
    <p class='ocr_par' dir='ltr' id='par_1_72' title="bbox 567 4297 720 4354">
     <span class='ocr_line' id='line_1_72' title="bbox 567 4297 720 4354; baseline 0 0"><span class='ocrx_word' id='word_1_554' title='bbox 567 4297 720 4354; x_wconf 88' lang='lat' dir='ltr'><strong>dant.</strong></span> 
     </span>
    </p>
   </div>
   <div class='ocr_carea' id='block_1_73' title="bbox 641 4391 2158 4472">
    <p class='ocr_par' dir='ltr' id='par_1_73' title="bbox 641 4391 2158 4472">
     <span class='ocr_line' id='line_1_73' title="bbox 641 4391 2158 4472; baseline 0.007 -25"><span class='ocrx_word' id='word_1_555' title='bbox 641 4392 659 4467; x_wconf 93' lang='lat'><strong>[</strong></span> <span class='ocrx_word' id='word_1_556' title='bbox 669 4392 793 4449; x_wconf 83' lang='lat' dir='ltr'><strong>Rec.</strong></span> <span class='ocrx_word' id='word_1_557' title='bbox 809 4391 975 4466; x_wconf 81' lang='grc' dir='ltr'><strong>Χ11.]</strong></span> <span class='ocrx_word' id='word_1_558' title='bbox 999 4393 1088 4448; x_wconf 67' lang='grc'><strong>40.</strong></span> <span class='ocrx_word' id='word_1_559' title='bbox 1119 4393 1188 4449; x_wconf 90' lang='lat' dir='ltr'><strong>Id</strong></span> <span class='ocrx_word' id='word_1_560' title='bbox 1215 4395 1448 4466; x_wconf 74' lang='lat' dir='ltr'><strong>exemplo</strong></span> <span class='ocrx_word' id='word_1_561' title='bbox 1475 4399 1643 4452; x_wconf 85' lang='lat' dir='ltr'><strong>sancti</strong></span> <span class='ocrx_word' id='word_1_562' title='bbox 1670 4396 1830 4454; x_wconf 88' lang='lat' dir='ltr'><strong>Pauli</strong></span> <span class='ocrx_word' id='word_1_563' title='bbox 1855 4401 2158 4472; x_wconf 84' lang='lat' dir='ltr'><strong>comproba-</strong></span> 
     </span>
    </p>
   </div>
   <div class='ocr_carea' id='block_1_74' title="bbox 568 4484 2162 4565">
    <p class='ocr_par' dir='ltr' id='par_1_74' title="bbox 568 4484 2162 4565">
     <span class='ocr_line' id='line_1_74' title="bbox 568 4484 2162 4565; baseline 0.006 -25"><span class='ocrx_word' id='word_1_564' title='bbox 568 4484 1038 4542; x_wconf 83' lang='lat' dir='ltr'><strong>tur.-—Videamus</strong></span> <span class='ocrx_word' id='word_1_565' title='bbox 1058 4493 1354 4541; x_wconf 87' lang='lat' dir='ltr'><strong>castrorum</strong></span> <span class='ocrx_word' id='word_1_566' title='bbox 1378 4486 1470 4541; x_wconf 90' lang='lat' dir='ltr'><strong>Dei</strong></span> <span class='ocrx_word' id='word_1_567' title='bbox 1489 4488 1708 4544; x_wconf 90' lang='lat' dir='ltr'><strong>militem</strong></span> <span class='ocrx_word' id='word_1_568' title='bbox 1727 4500 1916 4547; x_wconf 90' lang='lat' dir='ltr'><strong>contra</strong></span> <span class='ocrx_word' id='word_1_569' title='bbox 1934 4504 2162 4565; x_wconf 85' lang='lat' dir='ltr'><strong>utraque</strong></span> 
     </span>
    </p>
   </div>
   <div class='ocr_carea' id='block_1_75' title="bbox 565 4576 2159 4650">
    <p class='ocr_par' dir='ltr' id='par_1_75' title="bbox 565 4576 2159 4650">
     <span class='ocr_line' id='line_1_75' title="bbox 565 4576 2159 4650; baseline 0.008 -20"><span class='ocrx_word' id='word_1_570' title='bbox 565 4578 921 4650; x_wconf 70' lang='lat' dir='ltr'><strong>prmliantem.</strong></span> <span class='ocrx_word' id='word_1_571' title='bbox 975 4577 1064 4632; x_wconf 89' lang='lat' dir='ltr'><strong>Ait</strong></span> <span class='ocrx_word' id='word_1_572' title='bbox 1096 4595 1108 4630; x_wconf 92' lang='lat'>:</span> <span class='ocrx_word' id='word_1_573' title='bbox 1143 4576 1299 4632; x_wconf 83' lang='lat' dir='ltr'><strong>Foris</strong></span> <span class='ocrx_word' id='word_1_574' title='bbox 1325 4596 1530 4650; x_wconf 71' lang='lat' dir='ltr'><strong>pugnae,</strong></span> <span class='ocrx_word' id='word_1_575' title='bbox 1570 4583 1709 4637; x_wconf 89' lang='lat' dir='ltr'><strong>intus</strong></span> <span class='ocrx_word' id='word_1_576' title='bbox 1737 4586 1966 4641; x_wconf 89' lang='lat' dir='ltr'><strong>timores.</strong></span> <span class='ocrx_word' id='word_1_577' title='bbox 2012 4585 2159 4644; x_wconf 83' lang='lat' dir='ltr'><strong>Enu-</strong></span> 
     </span>
    </p>
   </div>
   <div class='ocr_carea' id='block_1_76' title="bbox 2259 3326 3878 3404">
    <p class='ocr_par' dir='ltr' id='par_1_76' title="bbox 2259 3326 3878 3404">
     <span class='ocr_line' id='line_1_76' title="bbox 2259 3326 3878 3404; baseline 0.007 -22"><span class='ocrx_word' id='word_1_578' title='bbox 2259 3326 2407 3382; x_wconf 84' lang='lat' dir='ltr'><strong>illinc</strong></span> <span class='ocrx_word' id='word_1_579' title='bbox 2445 3326 2636 3396; x_wconf 90' lang='lat' dir='ltr'><strong>jaculis</strong></span> <span class='ocrx_word' id='word_1_580' title='bbox 2674 3330 3012 3389; x_wconf 83' lang='lat' dir='ltr'><strong>adversantia</strong></span> <span class='ocrx_word' id='word_1_581' title='bbox 3045 3342 3266 3404; x_wconf 82' lang='lat' dir='ltr'><strong>pectora</strong></span> <span class='ocrx_word' id='word_1_582' title='bbox 3308 3335 3525 3403; x_wconf 88' lang='lat' dir='ltr'><strong>feriunt,</strong></span> <span class='ocrx_word' id='word_1_583' title='bbox 3558 3337 3681 3392; x_wconf 89' lang='lat' dir='ltr'><strong>hinc</strong></span> <span class='ocrx_word' id='word_1_584' title='bbox 3703 3327 3878 3394; x_wconf 31' lang='lat' dir='ltr'><strong>scuto-</strong></span> 
     </span>
    </p>
   </div>
   <div class='ocr_carea' id='block_1_77' title="bbox 2262 3422 3858 3499">
    <p class='ocr_par' dir='ltr' id='par_1_77' title="bbox 2262 3422 3858 3499">
     <span class='ocr_line' id='line_1_77' title="bbox 2262 3422 3858 3499; baseline 0.006 -25"><span class='ocrx_word' id='word_1_585' title='bbox 2262 3422 2594 3491; x_wconf 88' lang='lat' dir='ltr'><strong>postpositos</strong></span> <span class='ocrx_word' id='word_1_586' title='bbox 2634 3423 2837 3479; x_wconf 69' lang='lat' dir='ltr'><strong>debiles</strong></span> <span class='ocrx_word' id='word_1_587' title='bbox 2867 3433 3111 3495; x_wconf 89' lang='lat' dir='ltr'><strong>tuentur,</strong></span> <span class='ocrx_word' id='word_1_588' title='bbox 3155 3435 3314 3496; x_wconf 87' lang='lat' dir='ltr'><strong>atque</strong></span> <span class='ocrx_word' id='word_1_589' title='bbox 3345 3427 3416 3482; x_wconf 89' lang='lat' dir='ltr'><strong>ita</strong></span> <span class='ocrx_word' id='word_1_590' title='bbox 3447 3427 3734 3499; x_wconf 79' lang='lat' dir='ltr'><strong>utrobique</strong></span> <span class='ocrx_word' id='word_1_591' title='bbox 3765 3446 3858 3484; x_wconf 82' lang='lat' dir='ltr'><strong>ve—</strong></span> 
     </span>
    </p>
   </div>
   <div class='ocr_carea' id='block_1_78' title="bbox 2262 3512 3858 3586">
    <p class='ocr_par' dir='ltr' id='par_1_78' title="bbox 2262 3512 3858 3586">
     <span class='ocr_line' id='line_1_78' title="bbox 2262 3512 3858 3586; baseline 0.005 -20"><span class='ocrx_word' id='word_1_592' title='bbox 2262 3512 2483 3567; x_wconf 90' lang='lat' dir='ltr'><strong>locitate</strong></span> <span class='ocrx_word' id='word_1_593' title='bbox 2505 3513 2999 3584; x_wconf 82' lang='lat' dir='ltr'><strong>circumspcctionis</strong></span> <span class='ocrx_word' id='word_1_594' title='bbox 3023 3515 3330 3586; x_wconf 82' lang='lat' dir='ltr'><strong>invigilant;</strong></span> <span class='ocrx_word' id='word_1_595' title='bbox 3364 3525 3630 3586; x_wconf 85' lang='lat' dir='ltr'><strong>quatenus</strong></span> <span class='ocrx_word' id='word_1_596' title='bbox 3654 3528 3708 3574; x_wconf 90' lang='lat' dir='ltr'><strong>et</strong></span> <span class='ocrx_word' id='word_1_597' title='bbox 3732 3531 3858 3574; x_wconf 88' lang='lat' dir='ltr'><strong>ante</strong></span> 
     </span>
    </p>
   </div>
   <div class='ocr_carea' id='block_1_79' title="bbox 2259 3607 3860 3681">
    <p class='ocr_par' dir='ltr' id='par_1_79' title="bbox 2259 3607 3860 3681">
     <span class='ocr_line' id='line_1_79' title="bbox 2259 3607 3860 3681; baseline 0.005 -21"><span class='ocrx_word' id='word_1_598' title='bbox 2259 3619 2321 3660; x_wconf 90' lang='lat' dir='ltr'><strong>se</strong></span> <span class='ocrx_word' id='word_1_599' title='bbox 2347 3607 2582 3662; x_wconf 89' lang='lat' dir='ltr'><strong>audaces</strong></span> <span class='ocrx_word' id='word_1_600' title='bbox 2610 3607 2942 3676; x_wconf 87' lang='lat' dir='ltr'><strong>confodiant,</strong></span> <span class='ocrx_word' id='word_1_601' title='bbox 2971 3616 3026 3662; x_wconf 87' lang='lat' dir='ltr'><strong>et</strong></span> <span class='ocrx_word' id='word_1_602' title='bbox 3054 3618 3176 3677; x_wconf 89' lang='lat' dir='ltr'><strong>post</strong></span> <span class='ocrx_word' id='word_1_603' title='bbox 3213 3624 3272 3663; x_wconf 88' lang='lat' dir='ltr'><strong>se</strong></span> <span class='ocrx_word' id='word_1_604' title='bbox 3304 3609 3540 3681; x_wconf 87' lang='lat' dir='ltr'><strong>trepidos</strong></span> <span class='ocrx_word' id='word_1_605' title='bbox 3569 3627 3598 3665; x_wconf 90' lang='lat' dir='ltr'><strong>a</strong></span> <span class='ocrx_word' id='word_1_606' title='bbox 3630 3615 3860 3669; x_wconf 89' lang='lat' dir='ltr'><strong>vulnere</strong></span> 
     </span>
    </p>
   </div>
   <div class='ocr_carea' id='block_1_80' title="bbox 2265 3697 3861 3769">
    <p class='ocr_par' dir='ltr' id='par_1_80' title="bbox 2265 3697 3861 3769">
     <span class='ocr_line' id='line_1_80' title="bbox 2265 3697 3861 3769; baseline 0.004 -18"><span class='ocrx_word' id='word_1_607' title='bbox 2265 3697 2576 3753; x_wconf 85' lang='lat' dir='ltr'><strong>defendant.</strong></span> <span class='ocrx_word' id='word_1_608' title='bbox 2611 3697 2747 3765; x_wconf 83' lang='lat' dir='ltr'><strong>Quia</strong></span> <span class='ocrx_word' id='word_1_609' title='bbox 2780 3699 2941 3769; x_wconf 83' lang='lat' dir='ltr'><strong>igitur</strong></span> <span class='ocrx_word' id='word_1_610' title='bbox 2969 3700 3138 3754; x_wconf 89' lang='lat' dir='ltr'><strong>sancti</strong></span> <span class='ocrx_word' id='word_1_611' title='bbox 3166 3699 3265 3754; x_wconf 88' lang='lat' dir='ltr'><strong>viri</strong></span> <span class='ocrx_word' id='word_1_612' title='bbox 3295 3701 3371 3755; x_wconf 88' lang='lat' dir='ltr'><strong>sic</strong></span> <span class='ocrx_word' id='word_1_613' title='bbox 3399 3701 3577 3754; x_wconf 86' lang='lat' dir='ltr'><strong>sciunt</strong></span> <span class='ocrx_word' id='word_1_614' title='bbox 3606 3701 3738 3758; x_wconf 88' lang='lat' dir='ltr'><strong>foris</strong></span> <span class='ocrx_word' id='word_1_615' title='bbox 3767 3705 3861 3758; x_wconf 89' lang='lat' dir='ltr'><strong>ad-</strong></span> 
     </span>
    </p>
   </div>
   <div class='ocr_carea' id='block_1_81' title="bbox 2258 3792 3860 3866">
    <p class='ocr_par' dir='ltr' id='par_1_81' title="bbox 2258 3792 3860 3866">
     <span class='ocr_line' id='line_1_81' title="bbox 2258 3792 3860 3866; baseline 0.004 -20"><span class='ocrx_word' id='word_1_616' title='bbox 2258 3806 2412 3846; x_wconf 82' lang='lat' dir='ltr'><strong>versa</strong></span> <span class='ocrx_word' id='word_1_617' title='bbox 2444 3792 2695 3856; x_wconf 89' lang='lat' dir='ltr'><strong>tolerare,</strong></span> <span class='ocrx_word' id='word_1_618' title='bbox 2721 3799 2783 3847; x_wconf 91' lang='lat' dir='ltr'><strong>ut</strong></span> <span class='ocrx_word' id='word_1_619' title='bbox 2811 3793 2954 3848; x_wconf 91' lang='lat' dir='ltr'><strong>intus</strong></span> <span class='ocrx_word' id='word_1_620' title='bbox 2980 3793 3142 3847; x_wconf 86' lang='lat' dir='ltr'><strong>etiam</strong></span> <span class='ocrx_word' id='word_1_621' title='bbox 3174 3795 3419 3850; x_wconf 88' lang='lat' dir='ltr'><strong>noverint</strong></span> <span class='ocrx_word' id='word_1_622' title='bbox 3448 3810 3702 3866; x_wconf 85' lang='lat' dir='ltr'><strong>perversa</strong></span> <span class='ocrx_word' id='word_1_623' title='bbox 3733 3813 3860 3853; x_wconf 86' lang='lat' dir='ltr'><strong>cor-</strong></span> 
     </span>
    </p>
   </div>
   <div class='ocr_carea' id='block_1_82' title="bbox 2258 3881 3860 3963">
    <p class='ocr_par' dir='ltr' id='par_1_82' title="bbox 2258 3881 3860 3963">
     <span class='ocr_line' id='line_1_82' title="bbox 2258 3881 3860 3963; baseline 0.003 -26"><span class='ocrx_word' id='word_1_624' title='bbox 2258 3881 2454 3951; x_wconf 84' lang='lat' dir='ltr'><strong>rigere,</strong></span> <span class='ocrx_word' id='word_1_625' title='bbox 2489 3881 2698 3938; x_wconf 76' lang='lat' dir='ltr'><strong>dicatur</strong></span> <span class='ocrx_word' id='word_1_626' title='bbox 2737 3893 2882 3963; x_wconf 73' lang='lat' dir='ltr'><strong>recte</strong></span> <span class='ocrx_word' id='word_1_627' title='bbox 2915 3902 2928 3938; x_wconf 91' lang='lat'><strong>:</strong></span> <span class='ocrx_word' id='word_1_628' title='bbox 2961 3882 3162 3938; x_wconf 88' lang='lat' dir='ltr'><strong>Locuta</strong></span> <span class='ocrx_word' id='word_1_629' title='bbox 3194 3887 3431 3963; x_wconf 80' lang='lat' dir='ltr'><strong>es_quasi</strong></span> <span class='ocrx_word' id='word_1_630' title='bbox 3460 3903 3566 3940; x_wconf 87' lang='lat' dir='ltr'><strong>una</strong></span> <span class='ocrx_word' id='word_1_631' title='bbox 3596 3903 3661 3941; x_wconf 75' lang='lat' dir='ltr'><strong>ea;</strong></span> <span class='ocrx_word' id='word_1_632' title='bbox 3686 3889 3860 3944; x_wconf 86' lang='lat' dir='ltr'><strong>stultis</strong></span> 
     </span>
    </p>
   </div>
   <div class='ocr_carea' id='block_1_83' title="bbox 2261 3956 3856 4052">
    <p class='ocr_par' dir='ltr' id='par_1_83' title="bbox 2261 3956 3856 4052">
     <span class='ocr_line' id='line_1_83' title="bbox 2261 3956 3856 4052; baseline 0.004 -26"><span class='ocrx_word' id='word_1_633' title='bbox 2261 3971 2580 4028; x_wconf 82' lang='lat' dir='ltr'><strong>mulieribus.</strong></span> <span class='ocrx_word' id='word_1_634' title='bbox 2611 3973 2745 4040; x_wconf 86' lang='lat' dir='ltr'><strong>Quia</strong></span> <span class='ocrx_word' id='word_1_635' title='bbox 2776 3956 2918 4030; x_wconf 59' lang='lat' dir='ltr'><strong>ent’m</strong></span> <span class='ocrx_word' id='word_1_636' title='bbox 2949 3976 3138 4030; x_wconf 86' lang='lat' dir='ltr'><strong>electis</strong></span> <span class='ocrx_word' id='word_1_637' title='bbox 3161 3956 3358 4030; x_wconf 81' lang='lat' dir='ltr'><strong>dicitur</strong></span> <span class='ocrx_word' id='word_1_638' title='bbox 3385 3995 3399 4031; x_wconf 88' lang='lat'><strong>:</strong></span> <span class='ocrx_word' id='word_1_639' title='bbox 3436 3975 3670 4032; x_wconf 83' lang='lat' dir='ltr'><strong>Viriliter</strong></span> <span class='ocrx_word' id='word_1_640' title='bbox 3696 3981 3856 4052; x_wconf 84' lang='lat' dir='ltr'><strong>agite,</strong></span> 
     </span>
    </p>
   </div>
   <div class='ocr_carea' id='block_1_84' title="bbox 2260 4064 3860 4138">
    <p class='ocr_par' dir='ltr' id='par_1_84' title="bbox 2260 4064 3860 4138">
     <span class='ocr_line' id='line_1_84' title="bbox 2260 4064 3860 4138; baseline 0.008 -24"><span class='ocrx_word' id='word_1_641' title='bbox 2260 4067 2310 4115; x_wconf 87' lang='lat' dir='ltr'><strong>et</strong></span> <span class='ocrx_word' id='word_1_642' title='bbox 2344 4064 2668 4135; x_wconf 73' lang='lat' dir='ltr'><strong>cortfortetur</strong></span> <span class='ocrx_word' id='word_1_643' title='bbox 2711 4080 2800 4118; x_wconf 87' lang='lat' dir='ltr'><strong>cor</strong></span> <span class='ocrx_word' id='word_1_644' title='bbox 2833 4075 3052 4119; x_wconf 80' lang='lat' dir='ltr'><strong>vestrum</strong></span> <span class='ocrx_word' id='word_1_645' title='bbox 3089 4064 3313 4135; x_wconf 86' lang='lat' dir='ltr'><strong>(Psalm.</strong></span> <span class='ocrx_word' id='word_1_646' title='bbox 3340 4083 3467 4134; x_wconf 80' lang='lat' dir='ltr'><strong>xxx,</strong></span> <span class='ocrx_word' id='word_1_647' title='bbox 3498 4065 3610 4138; x_wconf 72' lang='lat'><strong>25),</strong></span> <span class='ocrx_word' id='word_1_648' title='bbox 3653 4078 3860 4127; x_wconf 86' lang='lat' dir='ltr'><strong>mentes</strong></span> 
     </span>
    </p>
   </div>
   <div class='ocr_carea' id='block_1_85' title="bbox 2261 4154 3858 4229">
    <p class='ocr_par' dir='ltr' id='par_1_85' title="bbox 2261 4154 3858 4229">
     <span class='ocr_line' id='line_1_85' title="bbox 2261 4154 3858 4229; baseline 0.006 -21"><span class='ocrx_word' id='word_1_649' title='bbox 2261 4154 2712 4225; x_wconf 78' lang='lat' dir='ltr'><strong>carnalium,qu:e</strong></span> <span class='ocrx_word' id='word_1_650' title='bbox 2735 4155 2875 4211; x_wconf 84' lang='lat' dir='ltr'><strong>ﬂuxa</strong></span> <span class='ocrx_word' id='word_1_651' title='bbox 2901 4157 3012 4212; x_wconf 89' lang='lat' dir='ltr'><strong>Deo</strong></span> <span class='ocrx_word' id='word_1_652' title='bbox 3037 4157 3335 4213; x_wconf 87' lang='lat' dir='ltr'><strong>intentione</strong></span> <span class='ocrx_word' id='word_1_653' title='bbox 3379 4159 3708 4229; x_wconf 89' lang='lat' dir='ltr'><strong>deserviunt,</strong></span> <span class='ocrx_word' id='word_1_654' title='bbox 3746 4177 3858 4216; x_wconf 91' lang='lat' dir='ltr'><strong>non</strong></span> 
     </span>
    </p>
   </div>
   <div class='ocr_carea' id='block_1_86' title="bbox 2261 4247 3135 4306">
    <p class='ocr_par' dir='ltr' id='par_1_86' title="bbox 2261 4247 3135 4306">
     <span class='ocr_line' id='line_1_86' title="bbox 2261 4247 3135 4306; baseline 0.005 -4"><span class='ocrx_word' id='word_1_655' title='bbox 2261 4247 2534 4303; x_wconf 86' lang='lat' dir='ltr'><strong>immerito</strong></span> <span class='ocrx_word' id='word_1_656' title='bbox 2568 4251 2825 4306; x_wconf 90' lang='lat' dir='ltr'><strong>mulieres</strong></span> <span class='ocrx_word' id='word_1_657' title='bbox 2854 4261 3135 4306; x_wconf 88' lang='lat' dir='ltr'><strong>vocantur.</strong></span> 
     </span>
    </p>
   </div>
   <div class='ocr_carea' id='block_1_87' title="bbox 2335 4379 3862 4463">
    <p class='ocr_par' dir='ltr' id='par_1_87' title="bbox 2335 4379 3862 4463">
     <span class='ocr_line' id='line_1_87' title="bbox 2335 4379 3862 4463; baseline 0.011 -32"><span class='ocrx_word' id='word_1_658' title='bbox 2335 4379 2424 4434; x_wconf 74' lang='lat' dir='ltr'><strong>ll.</strong></span> <span class='ocrx_word' id='word_1_659' title='bbox 2457 4381 2539 4434; x_wconf 86' lang='lat' dir='ltr'><strong>Ad</strong></span> <span class='ocrx_word' id='word_1_660' title='bbox 2566 4388 2762 4435; x_wconf 67' lang='lat' dir='ltr'><strong>aeterna</strong></span> <span class='ocrx_word' id='word_1_661' title='bbox 2800 4380 2936 4436; x_wconf 90' lang='lat' dir='ltr'><strong>bona</strong></span> <span class='ocrx_word' id='word_1_662' title='bbox 2977 4383 3222 4454; x_wconf 84' lang='lat' dir='ltr'><strong>tendens,</strong></span> <span class='ocrx_word' id='word_1_663' title='bbox 3268 4404 3372 4442; x_wconf 86' lang='lat' dir='ltr'><strong>non</strong></span> <span class='ocrx_word' id='word_1_664' title='bbox 3403 4405 3541 4462; x_wconf 70' lang='lat' dir='ltr'><strong>(egre</strong></span> <span class='ocrx_word' id='word_1_665' title='bbox 3583 4391 3682 4463; x_wconf 77' lang='lat' dir='ltr'><strong>fert</strong></span> <span class='ocrx_word' id='word_1_666' title='bbox 3720 4393 3862 4452; x_wconf 90' lang='lat' dir='ltr'><strong>mala</strong></span> 
     </span>
    </p>
   </div>
   <div class='ocr_carea' id='block_1_88' title="bbox 2263 4477 3858 4556">
    <p class='ocr_par' dir='ltr' id='par_1_88' title="bbox 2263 4477 3858 4556">
     <span class='ocr_line' id='line_1_88' title="bbox 2263 4477 3858 4556; baseline 0.008 -26"><span class='ocrx_word' id='word_1_667' title='bbox 2263 4477 2590 4548; x_wconf 78' lang='lat' dir='ltr'><strong>temporalia.</strong></span> <span class='ocrx_word' id='word_1_668' title='bbox 2623 4509 2693 4518; x_wconf 91' lang='lat'><strong><em>—</em></strong></span> <span class='ocrx_word' id='word_1_669' title='bbox 2720 4477 2782 4532; x_wconf 90' lang='lat' dir='ltr'><strong>Si</strong></span> <span class='ocrx_word' id='word_1_670' title='bbox 2827 4477 2960 4533; x_wconf 89' lang='lat' dir='ltr'><strong>bona</strong></span> <span class='ocrx_word' id='word_1_671' title='bbox 2999 4482 3290 4550; x_wconf 85' lang='lat' dir='ltr'><strong>accepimus</strong></span> <span class='ocrx_word' id='word_1_672' title='bbox 3330 4483 3394 4538; x_wconf 88' lang='lat' dir='ltr'><strong>de</strong></span> <span class='ocrx_word' id='word_1_673' title='bbox 3423 4501 3579 4538; x_wconf 90' lang='lat' dir='ltr'><strong>manu</strong></span> <span class='ocrx_word' id='word_1_674' title='bbox 3625 4483 3858 4556; x_wconf 85' lang='lat' dir='ltr'><strong>Domini,</strong></span> 
     </span>
    </p>
   </div>
   <div class='ocr_carea' id='block_1_89' title="bbox 2265 4569 3861 4641">
    <p class='ocr_par' dir='ltr' id='par_1_89' title="bbox 2265 4569 3861 4641">
     <span class='ocr_line' id='line_1_89' title="bbox 2265 4569 3861 4641; baseline 0.006 -19"><span class='ocrx_word' id='word_1_675' title='bbox 2265 4569 2406 4622; x_wconf 89' lang='lat' dir='ltr'><strong>mala</strong></span> <span class='ocrx_word' id='word_1_676' title='bbox 2427 4585 2587 4641; x_wconf 84' lang='lat' dir='ltr'><strong>quare</strong></span> <span class='ocrx_word' id='word_1_677' title='bbox 2608 4585 2712 4623; x_wconf 90' lang='lat' dir='ltr'><strong>non</strong></span> <span class='ocrx_word' id='word_1_678' title='bbox 2727 4570 3117 4624; x_wconf 76' lang='lat' dir='ltr'><strong>sustineamus?</strong></span> <span class='ocrx_word' id='word_1_679' title='bbox 3147 4572 3222 4626; x_wconf 83' lang='lat' dir='ltr'><strong>Ac</strong></span> <span class='ocrx_word' id='word_1_680' title='bbox 3252 4572 3296 4626; x_wconf 89' lang='lat' dir='ltr'><strong>si</strong></span> <span class='ocrx_word' id='word_1_681' title='bbox 3325 4572 3469 4630; x_wconf 88' lang='lat' dir='ltr'><strong>dicat</strong></span> <span class='ocrx_word' id='word_1_682' title='bbox 3503 4592 3516 4626; x_wconf 72' lang='grc' dir='ltr'>ε</span> <span class='ocrx_word' id='word_1_683' title='bbox 3544 4573 3599 4630; x_wconf 92' lang='lat' dir='ltr'><strong>Si</strong></span> <span class='ocrx_word' id='word_1_684' title='bbox 3625 4575 3691 4630; x_wconf 88' lang='lat' dir='ltr'><strong>ad</strong></span> <span class='ocrx_word' id='word_1_685' title='bbox 3716 4577 3861 4632; x_wconf 88' lang='lat' dir='ltr'><strong>bona</strong></span> 
     </span>
    </p>
   </div>
   <div class='ocr_carea' id='block_1_90' title="bbox 567 4651 2149 4742">
    <p class='ocr_par' dir='ltr' id='par_1_90' title="bbox 567 4669 2149 4742">
     <span class='ocr_line' id='line_1_90' title="bbox 567 4669 2149 4742; baseline 0.008 -20"><span class='ocrx_word' id='word_1_686' title='bbox 567 4676 744 4722; x_wconf 87' lang='lat' dir='ltr'><strong>merat</strong></span> <span class='ocrx_word' id='word_1_687' title='bbox 771 4669 933 4733; x_wconf 89' lang='lat' dir='ltr'><strong>bella,</strong></span> <span class='ocrx_word' id='word_1_688' title='bbox 972 4684 1090 4738; x_wconf 66' lang='lat' dir='ltr'><strong>quae</strong></span> <span class='ocrx_word' id='word_1_689' title='bbox 1120 4669 1456 4725; x_wconf 83' lang='lat' dir='ltr'><strong>extrinsecus</strong></span> <span class='ocrx_word' id='word_1_690' title='bbox 1483 4672 1694 4742; x_wconf 89' lang='lat' dir='ltr'><strong>tolerat,</strong></span> <span class='ocrx_word' id='word_1_691' title='bbox 1746 4675 1932 4731; x_wconf 88' lang='lat' dir='ltr'><strong>dicens</strong></span> <span class='ocrx_word' id='word_1_692' title='bbox 1964 4695 1976 4732; x_wconf 90' lang='lat'>:</span> <span class='ocrx_word' id='word_1_693' title='bbox 2007 4678 2149 4736; x_wconf 86' lang='lat' dir='ltr'><strong>Peri-</strong></span> 
     </span>
    </p>
   </div>
   <div class='ocr_carea' id='block_1_91' title="bbox 2251 4651 3862 4742">
    <p class='ocr_par' dir='ltr' id='par_1_91' title="bbox 2266 4661 3862 4738">
     <span class='ocr_line' id='line_1_91' title="bbox 2266 4661 3862 4738; baseline 0.006 -22"><span class='ocrx_word' id='word_1_694' title='bbox 2266 4668 2468 4717; x_wconf 77' lang='lat' dir='ltr'><strong>:eterna</strong></span> <span class='ocrx_word' id='word_1_695' title='bbox 2516 4661 2804 4728; x_wconf 84' lang='lat' dir='ltr'><strong>tendimus,</strong></span> <span class='ocrx_word' id='word_1_696' title='bbox 2858 4663 2984 4731; x_wconf 89' lang='lat' dir='ltr'><strong>quid</strong></span> <span class='ocrx_word' id='word_1_697' title='bbox 3029 4664 3224 4719; x_wconf 91' lang='lat' dir='ltr'><strong>mirum</strong></span> <span class='ocrx_word' id='word_1_698' title='bbox 3269 4666 3313 4720; x_wconf 90' lang='lat' dir='ltr'><strong>si</strong></span> <span class='ocrx_word' id='word_1_699' title='bbox 3366 4669 3682 4738; x_wconf 87' lang='lat' dir='ltr'><strong>temporalia</strong></span> <span class='ocrx_word' id='word_1_700' title='bbox 3720 4670 3862 4727; x_wconf 80' lang='lat' dir='ltr'><strong>mala</strong></span> 
     </span>
    </p>
   </div>
   <div class='ocr_carea' id='block_1_92' title="bbox 569 4758 2141 4837">
    <p class='ocr_par' dir='ltr' id='par_1_92' title="bbox 569 4758 2141 4837">
     <span class='ocr_line' id='line_1_92' title="bbox 569 4758 2141 4837; baseline 0.008 -26"><span class='ocrx_word' id='word_1_701' title='bbox 569 4758 696 4812; x_wconf 85' lang='lat' dir='ltr'><strong>culis</strong></span> <span class='ocrx_word' id='word_1_702' title='bbox 719 4761 1006 4827; x_wconf 85' lang='lat' dir='ltr'><strong>ﬂuminum,</strong></span> <span class='ocrx_word' id='word_1_703' title='bbox 1031 4760 1272 4830; x_wconf 85' lang='lat' dir='ltr'><strong>periculis</strong></span> <span class='ocrx_word' id='word_1_704' title='bbox 1297 4761 1577 4829; x_wconf 86' lang='lat' dir='ltr'><strong>latronum,</strong></span> <span class='ocrx_word' id='word_1_705' title='bbox 1602 4765 1845 4832; x_wconf 85' lang='lat' dir='ltr'><strong>periculis</strong></span> <span class='ocrx_word' id='word_1_706' title='bbox 1872 4782 1937 4820; x_wconf 75' lang='lat' dir='ltr'><strong>ex</strong></span> <span class='ocrx_word' id='word_1_707' title='bbox 1957 4785 2141 4837; x_wconf 85' lang='lat' dir='ltr'><strong>genere</strong></span> 
     </span>
    </p>
   </div>
   <div class='ocr_carea' id='block_1_93' title="bbox 571 4835 2162 4929">
    <p class='ocr_par' dir='ltr' id='par_1_93' title="bbox 571 4835 2162 4929">
     <span class='ocr_line' id='line_1_93' title="bbox 571 4835 2162 4929; baseline 0.009 -25"><span class='ocrx_word' id='word_1_708' title='bbox 571 4853 814 4920; x_wconf 79' lang='lat' dir='ltr'><strong>periculis</strong></span> <span class='ocrx_word' id='word_1_709' title='bbox 842 4869 906 4906; x_wconf 80' lang='lat' dir='ltr'><strong>ea:</strong></span> <span class='ocrx_word' id='word_1_710' title='bbox 935 4851 1191 4924; x_wconf 86' lang='lat' dir='ltr'><strong>gentibus,</strong></span> <span class='ocrx_word' id='word_1_711' title='bbox 1223 4853 1463 4926; x_wconf 87' lang='lat' dir='ltr'><strong>periculis</strong></span> <span class='ocrx_word' id='word_1_712' title='bbox 1493 4855 1548 4910; x_wconf 86' lang='lat' dir='ltr'><strong>in</strong></span> <span class='ocrx_word' id='word_1_713' title='bbox 1573 4856 1795 4926; x_wconf 83' lang='lat' dir='ltr'><strong>civitate,</strong></span> <span class='ocrx_word' id='word_1_714' title='bbox 1839 4835 2081 4929; x_wconf 77' lang='lat' dir='ltr'><strong>periculis</strong></span> <span class='ocrx_word' id='word_1_715' title='bbox 2108 4835 2162 4918; x_wconf 67' lang='lat' dir='ltr'><strong>si</strong></span> 
     </span>
    </p>
   </div>
   <div class='ocr_carea' id='block_1_94' title="bbox 570 4943 2164 5029">
    <p class='ocr_par' dir='ltr' id='par_1_94' title="bbox 570 4943 2164 5029">
     <span class='ocr_line' id='line_1_94' title="bbox 570 4943 2164 5029; baseline 0.009 -30"><span class='ocrx_word' id='word_1_716' title='bbox 570 4943 867 5010; x_wconf 83' lang='lat' dir='ltr'><strong>solitudine,</strong></span> <span class='ocrx_word' id='word_1_717' title='bbox 913 4946 1153 5015; x_wconf 85' lang='lat' dir='ltr'><strong>periculis</strong></span> <span class='ocrx_word' id='word_1_718' title='bbox 1181 4949 1235 5003; x_wconf 90' lang='lat' dir='ltr'><strong>in</strong></span> <span class='ocrx_word' id='word_1_719' title='bbox 1260 4950 1416 5018; x_wconf 88' lang='lat' dir='ltr'><strong>mari,</strong></span> <span class='ocrx_word' id='word_1_720' title='bbox 1447 4951 1689 5020; x_wconf 85' lang='lat' dir='ltr'><strong>periculis</strong></span> <span class='ocrx_word' id='word_1_721' title='bbox 1715 4953 1770 5007; x_wconf 90' lang='lat' dir='ltr'><strong>in</strong></span> <span class='ocrx_word' id='word_1_722' title='bbox 1800 4953 1950 5026; x_wconf 77' lang='lat' dir='ltr'><strong>falsis</strong></span> <span class='ocrx_word' id='word_1_723' title='bbox 1983 4957 2164 5029; x_wconf 78' lang='lat' dir='ltr'><strong>{ratri-</strong></span> 
     </span>
    </p>
   </div>
   <div class='ocr_carea' id='block_1_95' title="bbox 569 5033 2162 5120">
    <p class='ocr_par' dir='ltr' id='par_1_95' title="bbox 569 5033 2162 5120">
     <span class='ocr_line' id='line_1_95' title="bbox 569 5033 2162 5120; baseline 0.009 -28"><span class='ocrx_word' id='word_1_724' title='bbox 569 5034 665 5092; x_wconf 83' lang='lat' dir='ltr'><strong>bus</strong></span> <span class='ocrx_word' id='word_1_725' title='bbox 709 5033 793 5106; x_wconf 84' lang='lat' dir='ltr'><strong>(ll</strong></span> <span class='ocrx_word' id='word_1_726' title='bbox 823 5033 942 5090; x_wconf 89' lang='lat' dir='ltr'><strong>Cor.</strong></span> <span class='ocrx_word' id='word_1_727' title='bbox 974 5053 1064 5108; x_wconf 85' lang='lat' dir='ltr'><strong>vn,</strong></span> <span class='ocrx_word' id='word_1_728' title='bbox 1097 5036 1161 5105; x_wconf 87' lang='lat'><strong>5;</strong></span> <span class='ocrx_word' id='word_1_729' title='bbox 1193 5055 1266 5107; x_wconf 72' lang='grc' dir='ltr'><strong>ιι,</strong></span> <span class='ocrx_word' id='word_1_730' title='bbox 1288 5039 1405 5112; x_wconf 77' lang='grc'><strong>26).</strong></span> <span class='ocrx_word' id='word_1_731' title='bbox 1433 5041 1493 5096; x_wconf 85' lang='lat' dir='ltr'><strong>In</strong></span> <span class='ocrx_word' id='word_1_732' title='bbox 1515 5043 1621 5099; x_wconf 91' lang='lat' dir='ltr'><strong>hoc</strong></span> <span class='ocrx_word' id='word_1_733' title='bbox 1644 5053 1822 5100; x_wconf 90' lang='lat' dir='ltr'><strong>autem</strong></span> <span class='ocrx_word' id='word_1_734' title='bbox 1848 5047 2014 5118; x_wconf 89' lang='lat' dir='ltr'><strong>bello,</strong></span> <span class='ocrx_word' id='word_1_735' title='bbox 2044 5065 2162 5120; x_wconf 75' lang='lat' dir='ltr'><strong>qua:</strong></span> 
     </span>
    </p>
   </div>
   <div class='ocr_carea' id='block_1_96' title="bbox 571 5131 2161 5212">
    <p class='ocr_par' dir='ltr' id='par_1_96' title="bbox 571 5131 2161 5212">
     <span class='ocr_line' id='line_1_96' title="bbox 571 5131 2161 5212; baseline 0.006 -24"><span class='ocrx_word' id='word_1_736' title='bbox 571 5139 761 5188; x_wconf 87' lang='lat' dir='ltr'><strong>contra</strong></span> <span class='ocrx_word' id='word_1_737' title='bbox 788 5131 1152 5188; x_wconf 85' lang='lat' dir='ltr'><strong>adversarium</strong></span> <span class='ocrx_word' id='word_1_738' title='bbox 1177 5134 1379 5204; x_wconf 88' lang='lat' dir='ltr'><strong>spicula</strong></span> <span class='ocrx_word' id='word_1_739' title='bbox 1410 5137 1736 5207; x_wconf 88' lang='lat' dir='ltr'><strong>intorqueat,</strong></span> <span class='ocrx_word' id='word_1_740' title='bbox 1767 5140 2020 5212; x_wconf 87' lang='lat' dir='ltr'><strong>adjungat</strong></span> <span class='ocrx_word' id='word_1_741' title='bbox 2049 5161 2062 5200; x_wconf 93' lang='lat'>:</span> <span class='ocrx_word' id='word_1_742' title='bbox 2093 5142 2161 5198; x_wconf 90' lang='lat' dir='ltr'><strong>In</strong></span> 
     </span>
    </p>
   </div>
   <div class='ocr_carea' id='block_1_97' title="bbox 569 5224 2164 5308">
    <p class='ocr_par' dir='ltr' id='par_1_97' title="bbox 569 5224 2164 5308">
     <span class='ocr_line' id='line_1_97' title="bbox 569 5224 2164 5308; baseline 0.009 -27"><span class='ocrx_word' id='word_1_743' title='bbox 569 5224 750 5282; x_wconf 85' lang='lat' dir='ltr'><strong>labare</strong></span> <span class='ocrx_word' id='word_1_744' title='bbox 779 5235 830 5282; x_wconf 92' lang='lat' dir='ltr'><strong>et</strong></span> <span class='ocrx_word' id='word_1_745' title='bbox 857 5243 1112 5295; x_wconf 67' lang='lat' dir='ltr'><strong>aerumna,</strong></span> <span class='ocrx_word' id='word_1_746' title='bbox 1137 5231 1192 5285; x_wconf 87' lang='lat' dir='ltr'><strong>in</strong></span> <span class='ocrx_word' id='word_1_747' title='bbox 1225 5232 1416 5304; x_wconf 82' lang='lat' dir='ltr'><strong>uigiliis</strong></span> <span class='ocrx_word' id='word_1_748' title='bbox 1449 5233 1646 5302; x_wconf 87' lang='lat' dir='ltr'><strong>multis,</strong></span> <span class='ocrx_word' id='word_1_749' title='bbox 1670 5235 1723 5288; x_wconf 89' lang='lat' dir='ltr'><strong>in</strong></span> <span class='ocrx_word' id='word_1_750' title='bbox 1754 5237 1892 5308; x_wconf 80' lang='lat' dir='ltr'><strong>fame</strong></span> <span class='ocrx_word' id='word_1_751' title='bbox 1910 5248 1960 5292; x_wconf 90' lang='lat' dir='ltr'><strong>et</strong></span> <span class='ocrx_word' id='word_1_752' title='bbox 1978 5239 2086 5304; x_wconf 89' lang='lat' dir='ltr'><strong>siti,</strong></span> <span class='ocrx_word' id='word_1_753' title='bbox 2109 5240 2164 5296; x_wconf 90' lang='lat' dir='ltr'><strong>in</strong></span> 
     </span>
    </p>
   </div>
   <div class='ocr_carea' id='block_1_98' title="bbox 563 5319 2166 5405">
    <p class='ocr_par' dir='ltr' id='par_1_98' title="bbox 563 5319 2166 5405">
     <span class='ocr_line' id='line_1_98' title="bbox 563 5319 2166 5405; baseline 0.009 -29"><span class='ocrx_word' id='word_1_754' title='bbox 563 5321 784 5394; x_wconf 84' lang='lat' dir='ltr'><strong>jejunit&#39;s</strong></span> <span class='ocrx_word' id='word_1_755' title='bbox 804 5319 998 5389; x_wconf 87' lang='lat' dir='ltr'><strong>multis,</strong></span> <span class='ocrx_word' id='word_1_756' title='bbox 1022 5322 1077 5377; x_wconf 88' lang='lat' dir='ltr'><strong>in</strong></span> <span class='ocrx_word' id='word_1_757' title='bbox 1100 5325 1294 5396; x_wconf 77' lang='lat' dir='ltr'><strong>{rigore</strong></span> <span class='ocrx_word' id='word_1_758' title='bbox 1312 5334 1361 5380; x_wconf 93' lang='lat' dir='ltr'><strong>et</strong></span> <span class='ocrx_word' id='word_1_759' title='bbox 1381 5326 1634 5387; x_wconf 82' lang='lat' dir='ltr'><strong>nuditate.</strong></span> <span class='ocrx_word' id='word_1_760' title='bbox 1663 5326 1717 5400; x_wconf 84' lang='grc' dir='ltr'><strong>(Ι</strong></span> <span class='ocrx_word' id='word_1_761' title='bbox 1722 5327 1935 5405; x_wconf 87' lang='lat' dir='ltr'><strong>bidem.)</strong></span> <span class='ocrx_word' id='word_1_762' title='bbox 1953 5332 2060 5388; x_wconf 90' lang='lat' dir='ltr'><strong>Sed</strong></span> <span class='ocrx_word' id='word_1_763' title='bbox 2084 5334 2166 5390; x_wconf 87' lang='lat' dir='ltr'><strong>in-</strong></span> 
     </span>
    </p>
   </div>
   <div class='ocr_carea' id='block_1_99' title="bbox 571 5413 2166 5496">
    <p class='ocr_par' dir='ltr' id='par_1_99' title="bbox 571 5413 2166 5496">
     <span class='ocr_line' id='line_1_99' title="bbox 571 5413 2166 5496; baseline 0.008 -28"><span class='ocrx_word' id='word_1_764' title='bbox 571 5419 658 5468; x_wconf 88' lang='lat' dir='ltr'><strong>ter</strong></span> <span class='ocrx_word' id='word_1_765' title='bbox 687 5419 768 5468; x_wconf 89' lang='lat' dir='ltr'><strong>tot</strong></span> <span class='ocrx_word' id='word_1_766' title='bbox 794 5413 1091 5470; x_wconf 87' lang='lat' dir='ltr'><strong>certamina</strong></span> <span class='ocrx_word' id='word_1_767' title='bbox 1129 5415 1498 5488; x_wconf 87' lang='lat' dir='ltr'><strong>deprehensus</strong></span> <span class='ocrx_word' id='word_1_768' title='bbox 1525 5418 1690 5490; x_wconf 89' lang='lat' dir='ltr'><strong>dicat,</strong></span> <span class='ocrx_word' id='word_1_769' title='bbox 1726 5432 1931 5490; x_wconf 88' lang='lat' dir='ltr'><strong>quanto</strong></span> <span class='ocrx_word' id='word_1_770' title='bbox 1961 5426 2166 5496; x_wconf 85' lang='lat' dir='ltr'><strong>vigilia-</strong></span> 
     </span>
    </p>
   </div>
   <div class='ocr_carea' id='block_1_100' title="bbox 575 5507 2167 5590">
    <p class='ocr_par' dir='ltr' id='par_1_100' title="bbox 575 5507 2167 5590">
     <span class='ocr_line' id='line_1_100' title="bbox 575 5507 2167 5590; baseline 0.01 -30"><span class='ocrx_word' id='word_1_771' title='bbox 575 5518 695 5561; x_wconf 87' lang='lat' dir='ltr'><strong>rum</strong></span> <span class='ocrx_word' id='word_1_772' title='bbox 723 5507 1019 5564; x_wconf 91' lang='lat' dir='ltr'><strong>munimine</strong></span> <span class='ocrx_word' id='word_1_773' title='bbox 1044 5508 1209 5564; x_wconf 89' lang='lat' dir='ltr'><strong>etiam</strong></span> <span class='ocrx_word' id='word_1_774' title='bbox 1238 5517 1413 5565; x_wconf 88' lang='lat' dir='ltr'><strong>castra</strong></span> <span class='ocrx_word' id='word_1_775' title='bbox 1443 5513 1728 5570; x_wconf 87' lang='lat' dir='ltr'><strong>custodiat.</strong></span> <span class='ocrx_word' id='word_1_776' title='bbox 1759 5515 1892 5572; x_wconf 87' lang='lat' dir='ltr'><strong>Nam</strong></span> <span class='ocrx_word' id='word_1_777' title='bbox 1923 5520 2167 5590; x_wconf 85' lang='lat' dir='ltr'><strong>protinus</strong></span> 
     </span>
    </p>
   </div>
   <div class='ocr_carea' id='block_1_101' title="bbox 650 5661 1875 5736">
    <p class='ocr_par' dir='ltr' id='par_1_101' title="bbox 650 5661 1875 5736">
     <span class='ocr_line' id='line_1_101' title="bbox 650 5661 1875 5736; baseline 0.01 -18"><span class='ocrx_word' id='word_1_778' title='bbox 650 5671 675 5736; x_wconf 63' lang='grc' dir='ltr'><strong>ξι</strong></span> <span class='ocrx_word' id='word_1_779' title='bbox 708 5661 834 5736; x_wconf 73' lang='lat' dir='ltr'><strong>Mss.</strong></span> <span class='ocrx_word' id='word_1_780' title='bbox 863 5667 1026 5736; x_wconf 90' lang='lat' dir='ltr'><strong>plur.,</strong></span> <span class='ocrx_word' id='word_1_781' title='bbox 1057 5669 1326 5723; x_wconf 70' lang='lat' dir='ltr'><strong>maledixit</strong></span> <span class='ocrx_word' id='word_1_782' title='bbox 1356 5670 1614 5728; x_wconf 83' lang='lat' dir='ltr'><strong>Christum</strong></span> <span class='ocrx_word' id='word_1_783' title='bbox 1646 5672 1875 5730; x_wconf 87' lang='lat' dir='ltr'><strong>Domini.</strong></span> 
     </span>
    </p>
   </div>
   <div class='ocr_carea' id='block_1_102' title="bbox 648 5732 2164 5821">
    <p class='ocr_par' dir='ltr' id='par_1_102' title="bbox 648 5732 2164 5821">
     <span class='ocr_line' id='line_1_102' title="bbox 648 5732 2164 5821; baseline 0.015 -35"><span class='ocrx_word' id='word_1_784' title='bbox 648 5732 676 5772; x_wconf 74' lang='grc' dir='ltr'><strong>ι)</strong></span> <span class='ocrx_word' id='word_1_785' title='bbox 708 5733 783 5821; x_wconf 51' lang='lat' dir='ltr'><strong>lla</strong></span> <span class='ocrx_word' id='word_1_786' title='bbox 808 5732 996 5821; x_wconf 39' lang='lat' dir='ltr'><strong>cornu,</strong></span> <span class='ocrx_word' id='word_1_787' title='bbox 1025 5739 1134 5793; x_wconf 89' lang='lat' dir='ltr'><strong>duo</strong></span> <span class='ocrx_word' id='word_1_788' title='bbox 1148 5741 1337 5796; x_wconf 79' lang='lat' dir='ltr'><strong>Rhein.</strong></span> <span class='ocrx_word' id='word_1_789' title='bbox 1360 5751 1414 5797; x_wconf 90' lang='lat' dir='ltr'><strong>et</strong></span> <span class='ocrx_word' id='word_1_790' title='bbox 1437 5745 1543 5821; x_wconf 69' lang='lat' dir='ltr'><strong>duo</strong></span> <span class='ocrx_word' id='word_1_791' title='bbox 1563 5745 1766 5813; x_wconf 79' lang='lat' dir='ltr'><strong>Rctnig.</strong></span> <span class='ocrx_word' id='word_1_792' title='bbox 1789 5747 1933 5821; x_wconf 83' lang='lat' dir='ltr'><strong>Unus</strong></span> <span class='ocrx_word' id='word_1_793' title='bbox 1953 5749 2164 5821; x_wconf 72' lang='lat' dir='ltr'><strong>Remig.</strong></span> 
     </span>
    </p>
   </div>
   <div class='ocr_carea' id='block_1_103' title="bbox 581 5805 2159 5883">
    <p class='ocr_par' dir='ltr' id='par_1_103' title="bbox 581 5805 2159 5883">
     <span class='ocr_line' id='line_1_103' title="bbox 581 5805 2159 5883; baseline 0.011 -23"><span class='ocrx_word' id='word_1_794' title='bbox 581 5820 700 5860; x_wconf 91' lang='lat' dir='ltr'><strong>cum</strong></span> <span class='ocrx_word' id='word_1_795' title='bbox 727 5805 977 5883; x_wconf 39' lang='grc' dir='ltr'><strong>γεῖς-01η</strong></span> <span class='ocrx_word' id='word_1_796' title='bbox 1001 5820 1246 5883; x_wconf 78' lang='lat' dir='ltr'><strong>quantum</strong></span> <span class='ocrx_word' id='word_1_797' title='bbox 1273 5830 1338 5866; x_wconf 65' lang='lat' dir='ltr'><strong>ea:</strong></span> <span class='ocrx_word' id='word_1_798' title='bbox 1365 5831 1418 5867; x_wconf 90' lang='lat' dir='ltr'><strong>se</strong></span> <span class='ocrx_word' id='word_1_799' title='bbox 1447 5817 1667 5883; x_wconf 79' lang='lat' dir='ltr'><strong>formam</strong></span> <span class='ocrx_word' id='word_1_800' title='bbox 1696 5805 1928 5872; x_wconf 49' lang='lat' dir='ltr'><strong>rectitud.</strong></span> <span class='ocrx_word' id='word_1_801' title='bbox 1959 5805 2159 5878; x_wconf 48' lang='lat' dir='ltr'><strong>Turoni</strong></span> 
     </span>
    </p>
   </div>
   <div class='ocr_carea' id='block_1_104' title="bbox 582 5877 2162 5959">
    <p class='ocr_par' dir='ltr' id='par_1_104' title="bbox 582 5877 2162 5959">
     <span class='ocr_line' id='line_1_104' title="bbox 582 5877 2162 5959; baseline 0.012 -31"><span class='ocrx_word' id='word_1_802' title='bbox 582 5883 638 5928; x_wconf 88' lang='lat' dir='ltr'><strong>et</strong></span> <span class='ocrx_word' id='word_1_803' title='bbox 665 5891 800 5932; x_wconf 91' lang='lat' dir='ltr'><strong>unus</strong></span> <span class='ocrx_word' id='word_1_804' title='bbox 827 5877 1122 5952; x_wconf 77' lang='lat' dir='ltr'><strong>Compend.</strong></span> <span class='ocrx_word' id='word_1_805' title='bbox 1154 5922 1167 5948; x_wconf 92' lang='lat'><strong>,</strong></span> <span class='ocrx_word' id='word_1_806' title='bbox 1207 5895 1413 5948; x_wconf 73' lang='lat' dir='ltr'><strong>quanta:</strong></span> <span class='ocrx_word' id='word_1_807' title='bbox 1447 5877 1504 5938; x_wconf 78' lang='lat' dir='ltr'><strong>in</strong></span> <span class='ocrx_word' id='word_1_808' title='bbox 1556 5904 1608 5940; x_wconf 85' lang='lat' dir='ltr'><strong>se</strong></span> <span class='ocrx_word' id='word_1_809' title='bbox 1655 5890 1877 5959; x_wconf 79' lang='lat' dir='ltr'><strong>formam</strong></span> <span class='ocrx_word' id='word_1_810' title='bbox 1925 5877 2162 5950; x_wconf 83' lang='lat' dir='ltr'><strong>rectitud.</strong></span> 
     </span>
    </p>
   </div>
   <div class='ocr_carea' id='block_1_105' title="bbox 2269 4753 3858 4818">
    <p class='ocr_par' dir='ltr' id='par_1_105' title="bbox 2269 4753 3858 4818">
     <span class='ocr_line' id='line_1_105' title="bbox 2269 4753 3858 4818; baseline 0.005 -8"><span class='ocrx_word' id='word_1_811' title='bbox 2269 4754 2639 4810; x_wconf 75' lang='lat' dir='ltr'><strong>sulleramus?</strong></span> <span class='ocrx_word' id='word_1_812' title='bbox 2690 4753 2815 4809; x_wconf 73' lang='lat' dir='ltr'><strong>Hznc</strong></span> <span class='ocrx_word' id='word_1_813' title='bbox 2854 4761 3032 4810; x_wconf 88' lang='lat' dir='ltr'><strong>autem</strong></span> <span class='ocrx_word' id='word_1_814' title='bbox 3075 4757 3213 4812; x_wconf 91' lang='lat' dir='ltr'><strong>bona</strong></span> <span class='ocrx_word' id='word_1_815' title='bbox 3262 4757 3492 4814; x_wconf 90' lang='lat' dir='ltr'><strong>sollicite</strong></span> <span class='ocrx_word' id='word_1_816' title='bbox 3541 4759 3736 4815; x_wconf 88' lang='lat' dir='ltr'><strong>Paulus</strong></span> <span class='ocrx_word' id='word_1_817' title='bbox 3775 4763 3858 4818; x_wconf 91' lang='lat' dir='ltr'><strong>in-</strong></span> 
     </span>
    </p>
   </div>
   <div class='ocr_carea' id='block_1_106' title="bbox 2265 4843 3860 4921">
    <p class='ocr_par' dir='ltr' id='par_1_106' title="bbox 2265 4843 3860 4921">
     <span class='ocr_line' id='line_1_106' title="bbox 2265 4843 3860 4921; baseline 0.006 -24"><span class='ocrx_word' id='word_1_818' title='bbox 2265 4852 2537 4912; x_wconf 83' lang='lat' dir='ltr'><strong>spexerat,</strong></span> <span class='ocrx_word' id='word_1_819' title='bbox 2581 4844 2796 4913; x_wconf 88' lang='lat' dir='ltr'><strong>quando</strong></span> <span class='ocrx_word' id='word_1_820' title='bbox 2838 4843 2980 4898; x_wconf 71' lang='lat' dir='ltr'><strong>illata</strong></span> <span class='ocrx_word' id='word_1_821' title='bbox 3011 4847 3382 4915; x_wconf 70' lang='lat' dir='ltr'><strong>mquauimiter</strong></span> <span class='ocrx_word' id='word_1_822' title='bbox 3409 4849 3543 4902; x_wconf 77' lang='lat' dir='ltr'><strong>mall</strong></span> <span class='ocrx_word' id='word_1_823' title='bbox 3573 4850 3860 4921; x_wconf 84' lang='lat' dir='ltr'><strong>tolerabat,</strong></span> 
     </span>
    </p>
   </div>
   <div class='ocr_carea' id='block_1_107' title="bbox 2267 4931 3862 5016">
    <p class='ocr_par' dir='ltr' id='par_1_107' title="bbox 2267 4931 3862 5016">
     <span class='ocr_line' id='line_1_107' title="bbox 2267 4931 3862 5016; baseline 0.008 -28"><span class='ocrx_word' id='word_1_824' title='bbox 2267 4933 2452 4990; x_wconf 86' lang='lat' dir='ltr'><strong>dicens</strong></span> <span class='ocrx_word' id='word_1_825' title='bbox 2497 4953 2510 4987; x_wconf 89' lang='lat'><strong>:</strong></span> <span class='ocrx_word' id='word_1_826' title='bbox 2564 4931 2688 4988; x_wconf 88' lang='lat' dir='ltr'><strong>Non</strong></span> <span class='ocrx_word' id='word_1_827' title='bbox 2741 4944 2862 4991; x_wconf 88' lang='lat' dir='ltr'><strong>sunt</strong></span> <span class='ocrx_word' id='word_1_828' title='bbox 2915 4939 3186 5011; x_wconf 76' lang='lat' dir='ltr'><strong>condignw</strong></span> <span class='ocrx_word' id='word_1_829' title='bbox 3238 4940 3504 5010; x_wconf 84' lang='lat' dir='ltr'><strong>passiones</strong></span> <span class='ocrx_word' id='word_1_830' title='bbox 3540 4943 3692 5016; x_wconf 83' lang='lat' dir='ltr'><strong>hujus</strong></span> <span class='ocrx_word' id='word_1_831' title='bbox 3736 4955 3862 5000; x_wconf 82' lang='lat' dir='ltr'><strong>tem—</strong></span> 
     </span>
    </p>
   </div>
   <div class='ocr_carea' id='block_1_108' title="bbox 2267 5027 3862 5106">
    <p class='ocr_par' dir='ltr' id='par_1_108' title="bbox 2267 5027 3862 5106">
     <span class='ocr_line' id='line_1_108' title="bbox 2267 5027 3862 5106; baseline 0.008 -27"><span class='ocrx_word' id='word_1_832' title='bbox 2267 5028 2408 5098; x_wconf 88' lang='lat' dir='ltr'><strong>poris</strong></span> <span class='ocrx_word' id='word_1_833' title='bbox 2445 5027 2515 5080; x_wconf 89' lang='lat' dir='ltr'><strong>ad</strong></span> <span class='ocrx_word' id='word_1_834' title='bbox 2551 5039 2968 5100; x_wconf 81' lang='lat' dir='ltr'><strong>superventuram</strong></span> <span class='ocrx_word' id='word_1_835' title='bbox 3007 5033 3247 5104; x_wconf 85' lang='lat' dir='ltr'><strong>gloriam,</strong></span> <span class='ocrx_word' id='word_1_836' title='bbox 3295 5049 3408 5106; x_wconf 68' lang='lat' dir='ltr'><strong>quae</strong></span> <span class='ocrx_word' id='word_1_837' title='bbox 3456 5034 3762 5091; x_wconf 74' lang='lat' dir='ltr'><strong>revelabitur</strong></span> <span class='ocrx_word' id='word_1_838' title='bbox 3805 5038 3862 5094; x_wconf 88' lang='lat' dir='ltr'><strong>in</strong></span> 
     </span>
    </p>
   </div>
   <div class='ocr_carea' id='block_1_109' title="bbox 2265 5119 2891 5198">
    <p class='ocr_par' dir='ltr' id='par_1_109' title="bbox 2265 5119 2891 5198">
     <span class='ocr_line' id='line_1_109' title="bbox 2265 5119 2891 5198; baseline 0.008 -25"><span class='ocrx_word' id='word_1_839' title='bbox 2265 5120 2413 5174; x_wconf 85' lang='lat' dir='ltr'><strong>nobis</strong></span> <span class='ocrx_word' id='word_1_840' title='bbox 2441 5119 2618 5192; x_wconf 85' lang='lat' dir='ltr'><strong>(Rom.</strong></span> <span class='ocrx_word' id='word_1_841' title='bbox 2645 5139 2754 5189; x_wconf 86' lang='lat' dir='ltr'><strong>vm,</strong></span> <span class='ocrx_word' id='word_1_842' title='bbox 2779 5123 2891 5198; x_wconf 83' lang='lat' dir='ltr'><strong>l8).</strong></span> 
     </span>
    </p>
   </div>
   <div class='ocr_carea' id='block_1_110' title="bbox 2339 5252 3860 5330">
    <p class='ocr_par' dir='ltr' id='par_1_110' title="bbox 2339 5252 3860 5330">
     <span class='ocr_line' id='line_1_110' title="bbox 2339 5252 3860 5330; baseline 0.008 -23"><span class='ocrx_word' id='word_1_843' title='bbox 2339 5252 2463 5308; x_wconf 82' lang='lat' dir='ltr'><strong>lum.</strong></span> <span class='ocrx_word' id='word_1_844' title='bbox 2488 5283 2559 5294; x_wconf 94' lang='lat'><strong><em>—</em></strong></span> <span class='ocrx_word' id='word_1_845' title='bbox 2589 5254 2656 5310; x_wconf 89' lang='lat' dir='ltr'><strong>In</strong></span> <span class='ocrx_word' id='word_1_846' title='bbox 2687 5256 2919 5312; x_wconf 89' lang='lat' dir='ltr'><strong>omnibus</strong></span> <span class='ocrx_word' id='word_1_847' title='bbox 2947 5258 3024 5312; x_wconf 80' lang='lat' dir='ltr'><strong>Itis</strong></span> <span class='ocrx_word' id='word_1_848' title='bbox 3048 5273 3152 5314; x_wconf 87' lang='lat' dir='ltr'><strong>non</strong></span> <span class='ocrx_word' id='word_1_849' title='bbox 3177 5264 3401 5330; x_wconf 78' lang='lat' dir='ltr'><strong>peccavit</strong></span> <span class='ocrx_word' id='word_1_850' title='bbox 3423 5261 3522 5318; x_wconf 79' lang='lat' dir='ltr'><strong>Job</strong></span> <span class='ocrx_word' id='word_1_851' title='bbox 3549 5261 3701 5318; x_wconf 85' lang='lat' dir='ltr'><strong>labiis</strong></span> <span class='ocrx_word' id='word_1_852' title='bbox 3731 5265 3860 5320; x_wconf 84' lang='lat' dir='ltr'><strong>suis.</strong></span> 
     </span>
    </p>
   </div>
   <div class='ocr_carea' id='block_1_111' title="bbox 2341 5344 3866 5415">
    <p class='ocr_par' dir='ltr' id='par_1_111' title="bbox 2341 5344 3866 5415">
     <span class='ocr_line' id='line_1_111' title="bbox 2341 5344 3866 5415; baseline 0.007 -15"><span class='ocrx_word' id='word_1_853' title='bbox 2341 5344 2455 5401; x_wconf 88' lang='lat' dir='ltr'><strong>Nec</strong></span> <span class='ocrx_word' id='word_1_854' title='bbox 2479 5347 2731 5415; x_wconf 87' lang='lat' dir='ltr'><strong>inDeum,</strong></span> <span class='ocrx_word' id='word_1_855' title='bbox 2763 5351 2919 5404; x_wconf 87' lang='lat' dir='ltr'><strong>necin</strong></span> <span class='ocrx_word' id='word_1_856' title='bbox 2931 5351 3254 5406; x_wconf 82' lang='lat' dir='ltr'><strong>aduersarios</strong></span> <span class='ocrx_word' id='word_1_857' title='bbox 3283 5357 3866 5411; x_wconf 85' lang='lat' dir='ltr'><strong>estcontumeliosus.—-</strong></span> 
     </span>
    </p>
   </div>
   <div class='ocr_carea' id='block_1_112' title="bbox 2266 5437 3866 5519">
    <p class='ocr_par' dir='ltr' id='par_1_112' title="bbox 2266 5437 3866 5519">
     <span class='ocr_line' id='line_1_112' title="bbox 2266 5437 3866 5519; baseline 0.008 -25"><span class='ocrx_word' id='word_1_858' title='bbox 2266 5437 2454 5496; x_wconf 83' lang='lat' dir='ltr'><strong>Sancti</strong></span> <span class='ocrx_word' id='word_1_859' title='bbox 2480 5441 2578 5495; x_wconf 91' lang='lat' dir='ltr'><strong>viri</strong></span> <span class='ocrx_word' id='word_1_860' title='bbox 2607 5457 2729 5496; x_wconf 88' lang='lat' dir='ltr'><strong>cum</strong></span> <span class='ocrx_word' id='word_1_861' title='bbox 2756 5443 3188 5513; x_wconf 84' lang='lat' dir='ltr'><strong>persecutionem</strong></span> <span class='ocrx_word' id='word_1_862' title='bbox 3218 5443 3349 5502; x_wconf 87' lang='lat' dir='ltr'><strong>foris</strong></span> <span class='ocrx_word' id='word_1_863' title='bbox 3374 5445 3624 5517; x_wconf 79' lang='lat' dir='ltr'><strong>intusque</strong></span> <span class='ocrx_word' id='word_1_864' title='bbox 3654 5450 3866 5519; x_wconf 88' lang='lat' dir='ltr'><strong>patiun-</strong></span> 
     </span>
    </p>
   </div>
   <div class='ocr_carea' id='block_1_113' title="bbox 2272 5532 3867 5604">
    <p class='ocr_par' dir='ltr' id='par_1_113' title="bbox 2272 5532 3867 5604">
     <span class='ocr_line' id='line_1_113' title="bbox 2272 5532 3867 5604; baseline 0.008 -20"><span class='ocrx_word' id='word_1_865' title='bbox 2272 5537 2379 5598; x_wconf 87' lang='lat' dir='ltr'><strong>tur,</strong></span> <span class='ocrx_word' id='word_1_866' title='bbox 2411 5545 2519 5586; x_wconf 89' lang='lat' dir='ltr'><strong>nou</strong></span> <span class='ocrx_word' id='word_1_867' title='bbox 2545 5532 2720 5587; x_wconf 88' lang='lat' dir='ltr'><strong>solum</strong></span> <span class='ocrx_word' id='word_1_868' title='bbox 2746 5533 2799 5588; x_wconf 93' lang='lat' dir='ltr'><strong>in</strong></span> <span class='ocrx_word' id='word_1_869' title='bbox 2836 5533 2932 5588; x_wconf 90' lang='lat' dir='ltr'><strong>Dei</strong></span> <span class='ocrx_word' id='word_1_870' title='bbox 2963 5533 3171 5602; x_wconf 85' lang='lat' dir='ltr'><strong>injuriis</strong></span> <span class='ocrx_word' id='word_1_871' title='bbox 3199 5537 3419 5592; x_wconf 91' lang='lat' dir='ltr'><strong>minime</strong></span> <span class='ocrx_word' id='word_1_872' title='bbox 3449 5539 3738 5604; x_wconf 79' lang='lat' dir='ltr'><strong>excedunt,</strong></span> <span class='ocrx_word' id='word_1_873' title='bbox 3770 5539 3867 5597; x_wconf 87' lang='lat' dir='ltr'><strong>sed</strong></span> 
     </span>
    </p>
   </div>
   <div class='ocr_carea' id='block_1_114' title="bbox 2267 5682 3866 5770">
    <p class='ocr_par' dir='ltr' id='par_1_114' title="bbox 2267 5682 3866 5770">
     <span class='ocr_line' id='line_1_114' title="bbox 2267 5682 3866 5770; baseline 0.011 -33"><span class='ocrx_word' id='word_1_874' title='bbox 2267 5682 2428 5770; x_wconf 83' lang='lat' dir='ltr'><strong>Editi,</strong></span> <span class='ocrx_word' id='word_1_875' title='bbox 2455 5697 2702 5759; x_wconf 82' lang='lat' dir='ltr'><strong>quantam</strong></span> <span class='ocrx_word' id='word_1_876' title='bbox 2724 5707 2779 5746; x_wconf 88' lang='lat' dir='ltr'><strong>se</strong></span> <span class='ocrx_word' id='word_1_877' title='bbox 2808 5693 3062 5762; x_wconf 84' lang='lat' dir='ltr'><strong>formam;</strong></span> <span class='ocrx_word' id='word_1_878' title='bbox 3091 5693 3176 5748; x_wconf 90' lang='lat' dir='ltr'><strong>vel</strong></span> <span class='ocrx_word' id='word_1_879' title='bbox 3199 5706 3440 5766; x_wconf 84' lang='lat' dir='ltr'><strong>quantam</strong></span> <span class='ocrx_word' id='word_1_880' title='bbox 3465 5714 3529 5751; x_wconf 75' lang='lat' dir='ltr'><strong>ea:</strong></span> <span class='ocrx_word' id='word_1_881' title='bbox 3557 5715 3612 5752; x_wconf 84' lang='lat' dir='ltr'><strong>se</strong></span> <span class='ocrx_word' id='word_1_882' title='bbox 3641 5701 3866 5770; x_wconf 81' lang='lat' dir='ltr'><strong>formam</strong></span> 
     </span>
    </p>
   </div>
   <div class='ocr_carea' id='block_1_115' title="bbox 2267 5768 2394 5811">
    <p class='ocr_par' dir='ltr' id='par_1_115' title="bbox 2267 5768 2394 5811">
     <span class='ocr_line' id='line_1_115' title="bbox 2267 5768 2394 5811; baseline 0 0"><span class='ocrx_word' id='word_1_883' title='bbox 2267 5768 2394 5811; x_wconf 74' lang='lat' dir='ltr'><strong><em>TCCI.</em></strong></span> 
     </span>
    </p>
   </div>
   <div class='ocr_carea' id='block_1_116' title="bbox 2344 5827 3869 5912">
    <p class='ocr_par' dir='ltr' id='par_1_116' title="bbox 2344 5827 3869 5912">
     <span class='ocr_line' id='line_1_116' title="bbox 2344 5827 3869 5912; baseline 0.012 -32"><span class='ocrx_word' id='word_1_884' title='bbox 2344 5827 2472 5912; x_wconf 27' lang='lat' dir='ltr'><strong>Culta</strong></span> <span class='ocrx_word' id='word_1_885' title='bbox 2492 5830 2661 5912; x_wconf 76' lang='lat' dir='ltr'><strong>_Corb.</strong></span> <span class='ocrx_word' id='word_1_886' title='bbox 2695 5833 3314 5912; x_wconf 51' lang='lat' dir='ltr'><strong>§_QlllllCS_MSS.,_llﬂll,</strong></span> <span class='ocrx_word' id='word_1_887' title='bbox 3344 5841 3456 5894; x_wconf 85' lang='lat' dir='ltr'><strong>istis</strong></span> <span class='ocrx_word' id='word_1_888' title='bbox 3486 5841 3774 5912; x_wconf 84' lang='lat' dir='ltr'><strong>medentur,</strong></span> <span class='ocrx_word' id='word_1_889' title='bbox 3807 5852 3869 5899; x_wconf 83' lang='lat' dir='ltr'><strong>ut</strong></span> 
     </span>
    </p>
   </div>
   <div class='ocr_carea' id='block_1_117' title="bbox 2268 5897 3576 5968">
    <p class='ocr_par' dir='ltr' id='par_1_117' title="bbox 2268 5897 3576 5968">
     <span class='ocr_line' id='line_1_117' title="bbox 2268 5897 3576 5968; baseline 0.012 -16"><span class='ocrx_word' id='word_1_890' title='bbox 2268 5897 2463 5968; x_wconf 82' lang='lat' dir='ltr'><strong>legitur</strong></span> <span class='ocrx_word' id='word_1_891' title='bbox 2489 5900 2541 5956; x_wconf 90' lang='lat' dir='ltr'><strong>in</strong></span> <span class='ocrx_word' id='word_1_892' title='bbox 2570 5911 2677 5959; x_wconf 85' lang='lat' dir='ltr'><strong>vet.</strong></span> <span class='ocrx_word' id='word_1_893' title='bbox 2700 5902 2843 5959; x_wconf 69' lang='lat' dir='ltr'><strong>seu.</strong></span> <span class='ocrx_word' id='word_1_894' title='bbox 2870 5903 3040 5964; x_wconf 84' lang='lat' dir='ltr'><strong>Paris.</strong></span> <span class='ocrx_word' id='word_1_895' title='bbox 3070 5918 3126 5964; x_wconf 85' lang='lat' dir='ltr'><strong>et</strong></span> <span class='ocrx_word' id='word_1_896' title='bbox 3154 5897 3313 5966; x_wconf 59' lang='lat' dir='ltr'><strong>natu:</strong></span> <span class='ocrx_word' id='word_1_897' title='bbox 3345 5927 3408 5968; x_wconf 80' lang='lat' dir='ltr'><strong>ac</strong></span> <span class='ocrx_word' id='word_1_898' title='bbox 3438 5913 3576 5968; x_wconf 86' lang='lat' dir='ltr'><strong>aliis.</strong></span> 
     </span>
    </p>
   </div>
  </div>
