4180 6448
1210 359 1574 418 MORALIUII
1615 359 1749 419 LIB.
1791 359 1878 420 III.
1923 389 1998 409 --
2037 363 2107 422 IN
2145 364 2302 423 CAP.
2341 366 2387 423 II
2427 370 2486 425 Β.
2529 370 2667 426 JOB.

291 491 471 550 neque
513 485 702 533 contra
745 476 894 547 ipsos
931 474 1272 530 adversarios
1305 477 1695 534 contumeliosa
1725 478 1892 534 verba
1921 479 1970 540 Α
2001 494 2071 534 eo
2113 495 2366 550 perversa
2391 485 2692 541 "sentirent.
2745 484 2947 545 Baldad
2977 493 3157 546 autem
3187 490 3593 564 interpretatur,

285 573 616 647 iaculantur.
662 569 817 637 Quod
841 569 950 624 dux
984 569 1248 624 bonorum
1280 579 1427 625 recte
1466 569 1654 627 Petrus
1699 572 1891 627 admo-

289 673 409 733 net,
437 665 624 719 dicens
657 679 668 714 :
702 659 873 715 Nemo
904 670 1120 715 vestrum
1163 663 1394 733 patiatur
1422 665 1568 734 quasi
1609 665 1892 730 homicida,

292 766 384 813 aut
411 759 516 829 (ur,
546 763 637 809 aut
660 754 942 808 maledicus
973 753 1027 822 (I
1053 752 1166 807 Pet.
1191 770 1262 819 ιν,
1290 752 1400 823 15).
1432 754 1722 809 Maledictis
1749 756 1892 809 enim

291 854 512 924 patitur,
542 850 633 921 qui
662 848 929 919 passionis
953 863 1066 902 sua:
1097 856 1337 917 tempore
1360 847 1412 901 iu
1442 848 1524 901 sui
1551 847 1780 902 salutem
1806 848 1892 901 in-

286 942 431 1013 juria
460 939 829 1012 persecutoris
857 937 1173 993 eﬁ'renatur.
1225 936 1333 992 Sed
1361 937 1486 1006 quia
1514 936 1894 1007 Redemptoris

290 1051 511 1106 corpus,
543 1040 731 1090 sancta
781 1031 1034 1085 nimirum
1084 1029 1342 1096 Ecclesia,
1379 1030 1449 1083 ita
1499 1030 1709 1099 pondus
1737 1029 1893 1083 dolo-

289 1144 410 1184 rum
461 1133 664 1198 portat,
705 1125 763 1178 ut
811 1123 1134 1178 humilitatis
1177 1121 1398 1176 modum
1448 1132 1545 1192 per
1583 1123 1745 1178 verba
1784 1137 1892 1177 non

291 1226 554 1284 transeat,
584 1224 734 1272 recte
763 1214 832 1270 de
860 1214 965 1269 hoc
995 1213 1213 1268 dolente
1238 1212 1434 1266 dicitur
1460 1231 1471 1264 :

669 1347 898 1404 CAPUT
928 1345 1074 1400 xxn
1115 1346 1259 1420 [Vet.
1293 1345 1512 1415 XVII].

359 1463 486 1518 IBlD.
520 1480 588 1517 ετ
619 1477 767 1516 rans.
803 1459 890 1514 Il.
927 1493 998 1503 ——
1039 1459 1102 1513 In
1136 1459 1371 1513 omnibus
1411 1460 1489 1512 his
1531 1475 1633 1513 non
1667 1458 1891 1528 peccavi;

288 1554 386 1610 Job
421 1554 570 1609 labiis
603 1555 740 1614 suis;
773 1568 934 1622 neque
955 1552 1166 1605 stultum
1190 1551 1390 1622 aliquid
1417 1560 1599 1606 contra
1626 1550 1785 1605 Deum
1813 1551 1892 1605 lo-

290 1657 436 1701 eutus
458 1655 552 1700 est.
596 1643 768 1715 Igitur
793 1644 1056 1696 audientes
1082 1651 1181 1696 tres
1205 1644 1358 1696 amici
1378 1640 1476 1697 Job
1501 1659 1649 1697 omne
1673 1643 1886 1708 malum,

287 1737 424 1810 quod
453 1738 726 1791 accidisset
753 1739 818 1800 ei,
852 1746 1095 1789 venerunt
1134 1733 1324 1805 singuli
1351 1735 1414 1788 de
1456 1736 1567 1790 loco
1604 1751 1696 1789 suo
1727 1751 1743 1788 :
1770 1733 1890 1788 Eli-

286 1830 421 1903 phaz
464 1828 810 1892 Themanites,
847 1837 896 1882 et
928 1827 1132 1880 Baldad
1157 1827 1386 1891 Suhites,
1417 1836 1465 1880 et
1496 1827 1704 1896 Saphar
1726 1825 1886 1880 Naa-

187 1983 198 1992 ,
288 1921 548 1975 mat/rites.

358 2015 445 2069 ω.
468 2013 530 2068 1η
545 2014 723 2066 amicis
734 2011 831 2065 Job
844 2011 1136 2064 adumbrari
1158 2011 1383 2064 [heretici
1393 2041 1481 2063 .-—
1496 2008 1553 2063 In
1567 2009 1884 2079 praefatione

285 2108 444 2175 hujus
467 2106 646 2175 operis
673 2104 925 2169 diximus,
951 2103 1076 2170 quia
1106 2102 1261 2155 amici
1292 2101 1436 2155 beati
1463 2097 1585 2167 Job,
1610 2101 1710 2155 etsi
1741 2101 1884 2157 bona

285 2200 354 2254 ad
387 2215 509 2254 eum
559 2197 861 2251 intentione
909 2194 1257 2257 conveniunt,
1295 2192 1672 2248 hmreticorum
1703 2201 1883 2249 tamen

287 2291 488 2345 idcirco
535 2288 770 2357 speciem
822 2293 1028 2352 tenent,
1061 2286 1184 2355 quia
1235 2283 1303 2338 ad
1351 2285 1562 2355 culpam
1593 2285 1884 2341 indiscrete

288 2381 558 2451 loquendo
607 2379 934 2433 dilabuntur.
983 2381 1086 2448 91
1146 2378 1294 2433 Unde
1337 2385 1391 2433 et
1440 2379 1542 2433 illis
1586 2379 1652 2433 ab
1690 2379 1880 2435 eodem

288 2479 448 2532 beato
479 2476 578 2530 Joh
609 2475 803 2529 dicitur
835 2493 846 2527 :
884 2473 1164 2544 Disputare
1213 2491 1322 2526 cum
1367 2471 1473 2528 Deo
1516 2476 1697 2544 cupio,
1740 2476 1882 2544 prius

290 2589 379 2625 ros
402 2569 680 2623 ostendens
706 2566 1043 2637 fabricatores
1066 2566 1340 2629 mendacii,
1369 2576 1417 2619 et
1441 2566 1661 2620 cultores
1682 2584 1884 2636 perver-

287 2677 463 2715 sorum
488 2659 803 2728 dogmatum.
827 2655 974 2728 [Rea
1002 2653 1198 2725 XIII].
1225 2655 1422 2709 Sancta
1447 2656 1624 2724 itaque
1644 2654 1880 2710 Ecclesia

289 2749 436 2806 omni
470 2749 572 2801 hoc
602 2755 846 2814 tempore
876 2746 1323 2814 peregrinationis
1363 2760 1469 2800 sum
1509 2745 1560 2799 in
1592 2746 1883 2801 alllictione

289 2845 607 2904 constituta,
641 2857 759 2896 cum
808 2840 1027 2894 vulnera
1080 2841 1328 2906 sustinet,
1359 2855 1477 2895 cum
1515 2841 1880 2894 membrorum

288 2952 508 2990 suorum
542 2935 720 3003 lapsus
767 2933 947 2996 dolet,
995 2933 1212 3001 insuper
1253 2931 1384 2985 alios
1415 2931 1514 2985 sub
1544 2929 1745 2985 Christi
1783 2946 1881 3009 no-

292 3027 438 3082 mine
468 3026 664 3080 tolerat
693 3024 874 3076 hostes
901 3021 1118 3076 Christi.
1161 3019 1240 3074 Ad
1272 3031 1618 3088 augmentum
1651 3035 1882 3089 namque

290 3117 493 3173 doloris
532 3118 676 3186 ejus,
711 3117 871 3171 etiam
904 3113 1141 3169 haeretici
1189 3113 1242 3167 in
1288 3113 1635 3168 contentione
1682 3128 1882 3167 conve-

293 3209 465 3271 niunt,
500 3225 725 3279 eamque
756 3209 908 3279 quasi
939 3201 1255 3277 quibusdam
1286 3205 1498 3276 iaculis,
1532 3205 1880 3261 irrationabi-

292 3303 429 3359 Iiitus
457 3303 633 3359 verbis
663 3301 998 3371 transfigant.

363 3399 449 3453 45.
483 3397 648 3453 Locus
677 3397 812 3450 unde
848 3402 1092 3448 venerunt
1117 3393 1385 3464 superbia.
1424 3426 1494 3436 —
1523 3391 1668 3447 Bene
1699 3401 1881 3446 autem

295 3492 489 3546 dicitur
519 3510 529 3544 :
565 3501 587 3527 α
619 3489 880 3562 Venerunt
908 3489 970 3544 de
1002 3489 1112 3545 loco
1140 3507 1252 3543 suo.
1275 3487 1663 3543 IIacreticorum
1681 3490 1880 3558 quippe

293 3583 441 3637 Iocus
471 3583 583 3651 ipsa
621 3581 865 3650 superbia
907 3589 1018 3642 est;
1051 3579 1172 3648 quia
1207 3578 1307 3635 nisi
1336 3578 1486 3648 prius
1516 3578 1567 3631 in
1606 3578 1767 3632 corde
1799 3578 1883 3631 in-

293 3681 678 3739 tumescerent,
705 3672 767 3726 ad
793 3687 972 3742 pravae
999 3671 1312 3725 assertionis
1336 3670 1630 3725 certamina
1658 3685 1762 3724 non
1789 3684 1886 3724 ve-

296 3767 492 3823 nirent.
543 3767 616 3819 Ita
665 3779 897 3832 namque
943 3765 1207 3816 malorum
1253 3763 1404 3816 locus
1442 3761 1712 3831 superbia,
1745 3761 1886 3815 sicut

293 3868 374 3914 est.
405 3875 434 3911 c
465 3865 653 3912 contra
699 3855 970 3910 humilitas
1014 3854 1164 3908 locus
1215 3853 1500 3907 bonorum.
1551 3851 1626 3906 De
1654 3867 1760 3920 quo
1790 3865 1888 3920 per

293 3951 640 4005 Salomonem
689 3946 882 4000 dicitur
927 3963 938 3998 :
973 3943 1031 3999 Si
1061 3944 1272 4015 spiritus
1301 3950 1607 4013 potestatem
1653 3941 1888 3994 habentis

296 4041 582 4096 ascenderit
614 4053 765 4109 super
796 4047 859 4100 te,
889 4036 1058 4090 locum
1099 4046 1239 4088 tuum
1267 4049 1331 4087 ne
1360 4029 1616 4086 dimiseris
1659 4029 1884 4102 (Ep/tes.

294 4150 350 4200 χ,
370 4131 446 4202 4).
481 4131 557 4184 Ae
587 4129 632 4184 si
664 4135 849 4200 aperte
877 4127 1018 4182 dicat
1047 4144 1060 4180 :
1086 4125 1143 4182 Si
1170 4124 1455 4179 tentatoris
1483 4123 1728 4193 spiritum
1754 4138 1888 4177 con-

296 4231 379 4277 tra
409 4231 460 4277 te
490 4223 542 4275 in
575 4221 756 4292 aliquo
783 4219 1074 4290 praevalere
1105 4215 1437 4283 consideras,
1471 4215 1829 4271 humilitatem
1861 4214 1890 4252 δ

296 4313 630 4384 poenitentiae
675 4327 780 4366 non
820 4309 1110 4380 relinquas.
1153 4307 1252 4376 Qui
1283 4308 1408 4379 quia
1439 4309 1614 4363 locum
1645 4315 1890 4362 nostrum

297 4409 654 4463 humilitatem
701 4405 1031 4477 ptenitentite
1062 4401 1288 4467 dixerit,
1328 4400 1506 4456 verbis
1544 4400 1894 4471 sequentibus

297 4501 554 4568 ostendit,
584 4501 765 4554 dicens
796 4517 808 4552 :
844 4495 979 4562 Quia
1016 4497 1213 4550 curatio
1248 4511 1452 4548 cessare
1488 4495 1642 4566 faciet
1677 4501 1891 4563 peccata

298 4593 529 4647 maxima
575 4588 745 4660 (Ibid.
769 4588 807 4661 ).
852 4587 988 4654 Quid
1021 4596 1103 4640 est
1142 4587 1282 4640 enim
1327 4585 1470 4639 aliud
1502 4585 1774 4638 humilitas
1805 4584 1889 4637 la-
1916 4617 1965 4676 D
1995 4584 2045 4676 di

301 4683 487 4750 menti,
519 4682 616 4736 nisi
647 4681 907 4735 medicina
932 4680 1179 4749 peccati?
1204 4677 1455 4732 Haeretici
1483 4679 1644 4745 igitur
1670 4678 1736 4732 de
1765 4677 1888 4733 loco

299 4793 397 4833 suo
425 4774 682 4840 veniunt,
712 4771 835 4841 quia
875 4777 1061 4826 contra
1101 4777 1343 4824 sanctam
1380 4767 1672 4824 Ecclesiam
1702 4783 1767 4823 ex
1798 4785 1886 4825 su-

300 4867 484 4939 perbia
508 4871 813 4944 moventur.

373 4961 457 5015 Η.
493 4961 788 5014 Amicorum
822 4955 920 5011 Job
954 4955 1166 5009 nomina
1200 4955 1454 5008 actionem
1486 4955 1696 5027 signant
1727 4957 1891 5011 haere-

301 5057 540 5108 ticorum.
571 5083 642 5093 —
669 5048 907 5117 Quorum
937 5060 1187 5118 perversa
1235 5060 1451 5114 quoque
1499 5046 1642 5100 actio
1679 5061 1746 5100 ex
1775 5046 1890 5115 ipsa

303 5163 521 5203 sunrum
545 5144 820 5200 nominum
847 5139 1294 5210 interpretatione
1317 5137 1604 5206 colligitur.
1630 5137 1892 5193 Dicuntur

304 5242 467 5309 enim,
497 5239 739 5311 Eliphaz,
783 5235 1001 5298 Baldad,
1043 5233 1286 5304 Sophar;
1339 5236 1414 5299 et,
1462 5231 1602 5286 sicut
1645 5232 1894 5301 superius

302 5337 551 5401 diximus,
587 5333 806 5404 Eliphaz
846 5332 1231 5399 interpretatus
1269 5324 1485 5390 dicitur,
1519 5323 1614 5378 Dei
1641 5331 1894 5380 contem-

304 5437 446 5499 ptus.
477 5427 584 5483 Nisi
604 5427 757 5481 ‘enim
797 5421 966 5480 Deum
993 5428 1422 5480 contemnerent,
1457 5431 1794 5486 nequaquam
1823 5415 1894 5471 de

376 5590 400 5618 ⁸
432 5581 532 5636 Ms.
552 5581 751 5643 Eorb.,
782 5575 989 5638 Germ,
1019 5582 1358 5630 convenerunt
1388 5571 1452 5624 de
1482 5571 1594 5625 loco
1630 5586 1742 5624 suo.

376 5651 402 5689 ι’
429 5652 692 5713 Colbert.,
723 5649 809 5702 hic
836 5656 889 5700 et
910 5663 1053 5710 mox,
1086 5643 1422 5713 humilitatem
1455 5643 1732 5713 patientur,
1760 5656 1890 5697 con-

306 5723 665 5780 sentientibus
681 5711 798 5781 hic,
833 5717 926 5770 sed
955 5733 1062 5770 non
1093 5717 1331 5778 inferius,
1363 5712 1525 5767 Corb.
1560 5720 1615 5766 et
1645 5711 1775 5781 Reg.

381 5805 402 5830 ε
436 5792 493 5848 In
535 5789 802 5846 nonnullis
831 5787 978 5851 Mssa,
1012 5787 1227 5855 torporis
1245 5785 1460 5909 gigori.

381 5857 404 5900 τι
447 5865 520 5909 Ita
565 5863 690 5909 Mss.
743 5859 956 5909 Norm..
998 5856 1192 5909 Corb..
1293 5871 1449 5909 erm..
1500 5851 1540 5909 (ἶ

377 5857 404 5900 σι
447 5865 522 5918 Ita
565 5863 690 5917 Mss.
742 5859 956 5920 Norm.,
998 5851 1192 5924 Corb.,
1245 5851 1449 5919 Gei'm.,
1500 5851 1678 5919 Colb.,
1729 5851 1886 5924 Reg.,

1998 583 2240 630 vetustas
2260 577 2397 630 sola.
2423 577 2557 636 Dum
2581 580 2723 634 enim
2754 597 2884 637 vere
2910 583 3054 640 vinci
3082 584 3371 656 refugiunt,
3396 598 3452 644 et
3472 605 3598 661 per-

1998 684 2158 724 verso
2195 671 2374 725 studio
2405 685 2526 727 esse
2564 675 2799 731 victores
2826 685 3097 747 quaerunt,
3128 695 3281 735 novae
3306 682 3432 737 vitae
3457 698 3598 738 con-

1998 765 2359 818 versationem
2389 765 2691 834 negligant;
2725 775 2780 821 et
2807 783 2872 823 ex
2901 771 3016 824 sola
3039 779 3309 828 vetustate
3337 781 3421 828 est
3447 775 3598 842 quod

1998 853 2315 919 intendunt,
2347 855 2561 924 Sophar
2598 871 2730 911 vero
2766 861 3040 928 speculam
3082 861 3370 934 dissipans.
3417 864 3484 919 Hi
3513 873 3600 920 et-

1997 946 2167 1013 enim,
2188 946 2279 1014 qui
2305 946 2358 1000 in
2379 954 2562 1001 sancta
2585 945 2822 1002 Ecclesia
2847 949 2934 1004 siti
2949 960 3097 1015 sunt,
3115 952 3494 1024 Redemptoris
3511 954 3597 1010 sui

1998 1038 2254 1108 mysteria
2287 1037 2390 1092 tlde
2416 1053 2541 1092 vera
2567 1037 2844 1093 humiliter
2862 1043 3327 1113 contemplantur;
3353 1046 3448 1101 sed
3465 1046 3604 1100 dum.

1999 1127 2236 1183 hteretici
2265 1143 2385 1182 cum
2416 1127 2564 1184 falsis
2603 1128 3016 1198 allegationibus
3049 1133 3289 1202 veniunt,
3318 1137 3596 1206 speculam

1998 1217 2280 1290 dissipant,
2309 1221 2435 1290 quia
2465 1236 2654 1276 eorum
2683 1231 2916 1288 mentes,
2949 1232 3087 1292 quos
3111 1225 3180 1279 ad
3208 1241 3268 1282 se
3296 1229 3592 1295 attrahunt.

2001 1313 2070 1367 ah
2098 1312 2396 1368 intentione
2423 1321 2587 1368 recta:
2616 1315 3086 1383 «ontemplationis
3114 1317 3389 1372 inclinant.

2073 1403 2216 1476 [νει.
2252 1401 2302 1455 Χ
2317 1402 2481 1457 VIII.
2513 1403 2638 1457 Rec.
2669 1403 2756 1458 XI
2770 1403 2856 1475 νς]
2888 1404 2976 1460 45.
3009 1406 3388 1464 Ηωνειὲεοηιηι
3417 1413 3594 1467 curio-

1998 1493 2146 1558 sitas,
2179 1493 2485 1565 loquacitas,
2520 1494 2807 1564 hypocrisis
2836 1496 2962 1550 locis
2997 1499 3283 1553 amicorum
3321 1499 3420 1555 Job
3457 1502 3597 1557 desi-

1999 1599 2178 1658 gnata.
2203 1617 2273 1628 --
2293 1587 2438 1644 Bene
2458 1598 2638 1645 autem
2660 1591 2777 1646 loca
2800 1591 2868 1646 de
2888 1591 3084 1661 quibus
3107 1595 3330 1650 veniunt
3357 1610 3608 1666 congrua.

2001 1681 2376 1738 haereticorum
2427 1685 2634 1739 actibus
2685 1684 3084 1743 describuntur.
3141 1688 3348 1744 Dicitur
3395 1689 3599 1746 etenim

2001 1773 2369 1843 Tbcmanites,
2414 1776 2650 1844 Suhites,
2693 1777 3079 1837 Naamathites.
3133 1781 3336 1837 Thema
3365 1797 3598 1854 namque

1923 1856 1972 1917 Β
1998 1868 2388 1938 interpretatur
2419 1869 2641 1934 Auster;
2684 1870 2836 1936 Suhi,
2870 1872 3128 1943 loquens;
3158 1872 3378 1942 Naama,
3409 1874 3593 1932 decor.

1993 1957 2248 2012 Austrum
2288 1968 2468 2014 autem
2507 1969 2728 2016 ventum
2775 1962 3006 2016 calidum
3049 1955 3599 2033 esse'qﬁis‘nESciat?
3657 1953 3660 1955 ’

1992 2049 2243 2106 Haeretici
2291 2052 2495 2120 igitur,
2555 2056 2680 2123 quia
2735 2055 3010 2112 ardentius
3061 2065 3324 2127 appetunt
3379 2075 3594 2130 sapere,

1993 2143 2146 2214 quasi
2174 2143 2455 2214 plusquam
2488 2161 2711 2202 necesse
2741 2154 2854 2214 e~t,
2890 2149 3108 2204 student
3145 2149 3342 2208 calere.
3381 2147 3594 2209 Desidia

1991 2235 2193 2306 quippe
2227 2245 2248 2273 ο
2282 2237 2488 2304 torpori
2535 2233 2748 2304 frigoris
2789 2245 2845 2293 et
2889 2255 3102 2294 rursum
3145 2241 3462 2312 inquietudo
3488 2244 3592 2298 im-

1991 2327 2287 2381 moderata:
2312 2326 2661 2393 curiositatis,
2686 2329 3050 2400 intemperato
3080 2335 3375 2388 concordat
3403 2335 3590 2390 calori.

1995 2416 2133 2485 Quia
2166 2433 2294 2488 ergo
2324 2420 2556 2490 amplius
2596 2436 2758 2491 quam
2798 2420 3014 2489 debent,
3048 2423 3286 2480 calorem
3317 2427 3595 2496 sapientiae

1899 2554 1901 2556 .
1991 2515 2272 2583 percipere
2298 2520 2582 2583 appetunt,
2613 2514 2680 2567 ab
2710 2514 2908 2569 Austro
2940 2515 3124 2571 venire
3153 2517 3477 2572 referuntur.
3513 2519 3595 2574 Ab

1990 2603 2097 2657 hoc
2143 2603 2325 2658 calore
2367 2604 2737 2659 immoderatus
2785 2607 3062 2676 sapientiae
3107 2617 3318 2663 mentes
3355 2609 3594 2665 ﬁdelium

1991 2691 2191 2745 Paulus
2218 2703 2517 2763 temperare
2547 2703 2848 2762 curaverat,
2881 2711 3003 2751 cum
3032 2696 3246 2752 dicebat
3279 2716 3290 2751 :
3325 2697 3450 2752 Non
3476 2701 3608 2769 plus

1989 2798 2173 2852 sapere
2193 2799 2345 2854 quam
2375 2793 2573 2851 oportet
2601 2801 2808 2856 sapere,
2836 2785 2928 2840 sed
2956 2803 3137 2858 sapere
3166 2789 3234 2842 ad
3263 2789 3594 2844 sobrietatem

1993 2871 2171 2942 (Rom.
2203 2889 2295 2940 xu,
2326 2875 2403 2946 ὅ).
2450 2875 2585 2930 Hinc
2613 2883 2696 2931 est
2724 2878 2868 2946 quod
2900 2879 3067 2933 David
3106 2881 3275 2936 valles
3301 2882 3594 2938 salinarum

1989 2967 2224 3035 percutit
2256 2966 2344 3036 (II
2373 2967 2498 3039 Reg.
2531 2985 2640 3036 vni,
2675 2968 2788 3042 15),
2828 2970 2955 3039 quia
2984 2971 3233 3027 videlicet
3265 2972 3598 3045 Redemptor

1991 3066 2176 3112 noster
2212 3074 2322 3113 sum
2367 3060 2718 3126 districtionis
2759 3061 3010 3116 examine
3049 3063 3103 3117 in
3144 3063 3224 3119 his
3261 3065 3353 3134 qui
3391 3066 3460 3120 de
3499 3065 3598 3121 illo

1989 3164 2154 3221 prava
2187 3151 2425 3206 sentiunt
2450 3153 2729 3208 stultitiam
2769 3154 3107 3210 immoderati
3139 3158 3353 3227 saporis
3379 3159 3591 3214 exstin-

1914 3229 1962 3294 C
1993 3243 2127 3311 guit.
2169 3242 2300 3298 Subi
2340 3252 2520 3298 autem
2567 3245 2764 3300 dicitur
2806 3245 3051 3316 loquens.
3104 3247 3350 3304 Calorem
3392 3251 3600 3322 quippe

1991 3352 2101 3390 non
2129 3344 2192 3391 ut
2217 3337 2355 3392 bene
2383 3339 2587 3407 vivant,
2619 3339 2713 3395 sed
2743 3341 2851 3412 92
2890 3349 2950 3396 ut
2977 3341 3118 3398 elate
3152 3341 3462 3412 loquantur,
3492 3345 3592 3400 ha-

1991 3428 2122 3484 bere
2162 3429 2489 3485 desiderant.
2539 3429 2582 3484 A
2625 3430 2826 3486 Thema
2873 3432 3033 3502 igitur
3074 3441 3129 3488 et
3157 3431 3310 3500 Suhi,
3341 3434 3394 3490 id
3423 3443 3525 3501 est,
3561 3451 3594 3492 a

1993 3521 2175 3577 calore
2205 3531 2259 3576 et
2283 3522 2611 3592 loquacitate
2645 3524 2829 3580 venire
2857 3524 3183 3593 referuntur,
3217 3527 3341 3598 quia
3363 3543 3462 3599 per
3489 3528 3596 3586 hoc

1992 3615 2137 3684 quod
2167 3615 2567 3688 Scripturarum
2596 3633 2654 3673 se
2681 3618 2952 3674 studiosos
2982 3619 3262 3689 exhibent,
3285 3620 3454 3675 solius
3472 3635 3594 3676 ver-

1991 3706 2076 3761 bis
2106 3707 2470 3777 loquacitatis,
2505 3725 2613 3764 non
2644 3721 2823 3764 autem
2862 3710 3160 3766 visceribus
3189 3711 3466 3766 charitatis
3495 3727 3592 3767 ca-

1991 3806 2134 3851 rent.
2191 3796 2390 3851 Naama
2438 3815 2568 3854 vero
2610 3800 2997 3870 interpretatur
3042 3802 3226 3858 decor.
3273 3801 3409 3870 Quia
3450 3805 3594 3859 enim

1994 3888 2140 3942 docti
2190 3903 2296 3942 non
2346 3904 2485 3954 esse,
2531 3890 2623 3944 sed
2652 3892 2820 3945 videri
2857 3900 3139 3962 appetunt,
3173 3909 3241 3948 ex
3270 3893 3596 3953 eruditionis

1997 3979 2175 4034 verbis
2196 3981 2432 4049 speciem
2463 3981 2603 4036 bene
2637 3982 2930 4038 viventium
2958 3992 3204 4049 sumunt;
3236 3993 3292 4041 et
3320 4000 3419 4058 per
3447 3985 3594 4041 calo-

1993 4087 2110 4127 rem
2140 4072 2481 4142 loquacitatis
2509 4073 2563 4129 in
2594 4089 2653 4130 se
2683 4074 2970 4144 imaginem
3019 4075 3314 4134 ostendunt
3359 4078 3591 4144 decoris,

1996 4171 2056 4216 ut
2089 4179 2156 4218 eo
2187 4179 2283 4234 per
2320 4163 2572 4220 decorem
2622 4165 2817 4234 linguae
2865 4181 3120 4238 perversa
3167 4166 3324 4225 Iacile
3366 4182 3596 4240 persua-

1997 4254 2178 4320 deant,
2204 4272 2312 4326 quo
2341 4255 2636 4312 linditatem
2663 4259 2786 4314 vitae
2813 4273 3004 4315 sensus
3032 4260 3226 4316 callide
3247 4258 3273 4298 ἀ
3296 4262 3591 4318 occultant.

1997 4345 2103 4402 Sed
2132 4363 2306 4416 neque
2329 4349 2442 4418 ipsa
2467 4347 2707 4405 locorum
2733 4353 2949 4407 nomina
2978 4353 3285 4410 inordinata
3313 4361 3438 4411 sunt
3465 4369 3594 4411 nar-

1995 4440 2208 4494 ratione
2255 4439 2524 4496 distincta.
2577 4442 2732 4498 Prius
2771 4445 2915 4499 enim
2965 4442 3201 4514 Thema,
3246 4445 3591 4516 postmodum

1998 4532 2152 4597 Suhi,
2186 4546 2248 4587 ac
2275 4531 2472 4588 deinde
2501 4531 2704 4589 Naama
2729 4536 2972 4606 ponitur;
3004 4549 3109 4606 qua
3132 4537 3281 4607 prius
3303 4536 3423 4591 illos
3443 4534 3592 4589 inor-

2054 4630 2209 4677 natus
2247 4624 2395 4678 calor
2428 4632 2450 4660 ε
2481 4625 2762 4692 accendit,
2818 4627 2964 4682 nitor
3010 4625 3204 4681 deinde
3248 4623 3601 4696 loquacitatis

1993 4713 2172 4782 erigit,
2204 4721 2259 4769 et
2288 4721 2416 4771 tunc
2444 4713 2658 4772 demum
2688 4716 2917 4774 decoros
2955 4716 3261 4774 hominibus
3289 4717 3591 4790 hypocrisis

1995 4803 2251 4860 ostendit.

2563 4915 2793 4973 CAPUT
2821 4915 3008 4974 XXIII.

2067 5047 2192 5101 lem.
2225 5074 2296 5088 —
2322 5047 2677 5128 conduxerant
2703 5051 2841 5104 enim
2869 5061 2925 5104 ut
2952 5054 3150 5122 pariter
3176 5056 3433 5113 uenientes
3465 5059 3592 5115 visi-

1997 5147 2169 5191 tarent
2195 5135 2410 5203 eum,'et
2439 5137 2854 5193 consolarentur.
2891 5175 2962 5186 —
2999 5142 3091 5200 46.
3124 5143 3376 5202 erctici
3406 5160 3589 5207 contra

1993 5231 2282 5285 Ecclesium
2323 5232 2657 5286 concordant.
2701 5234 2866 5288 Amici
2900 5245 3114 5306 possunt
3154 5240 3348 5295 uocari.
3381 5240 3592 5296 Condi-v

1993 5333 2123 5379 cunt
2151 5326 2252 5380 sibi
2278 5325 2534 5391 haeretici,
2565 5329 2782 5396 quando
2806 5344 2970 5400 prava
2993 5333 3238 5401 quaedam
3267 5342 3456 5390 contra
3478 5334 3590 5391 lic--

1994 5414 2211 5470 elesiam
2239 5415 2583 5472 concorditer
2608 5414 2881 5487 sentiunt;
2913 5429 2970 5476 et
2996 5423 3051 5478 in
3079 5424 3273 5494 quibus
3296 5440 3327 5480 a
3356 5427 3597 5483 veritate

1992 5569 2224 5657 [flor-iac.
2255 5582 2312 5657 et
2337 5589 2477 5657 pene
2501 5591 2712 5657 pmnes.
2753 5576 2966 5657 Primus
2999 5582 3458 5657 ex_Remig_.,_q_uo
3487 5589 3586 5657 [ω-

1994 5642 2212 5728 ctitatum
2243 5642 2356 5699 vita}
2390 5647 2697 5728 intrinsecus
2721 5651 2910 5706 callide
2938 5653 3217 5708 occultant.
3249 5642 3395 5711 Editi
3423 5642 3580 5728 veil},

1994 5713 2279 5767 calliditate
2310 5718 2588 5774 occultant.

2068 5791 2091 5820 ρ
2121 5783 2175 5867 In
2207 5785 2324 5912 [ἑόή
2355 5790 2588 5844 accendit
2614 5791 2670 5846 in
2693 5791 2867 5847 corde.
2900 5790 3018 5850 Hoc
3045 5793 3314 5864 glossema
3343 5797 3397 5854 in
3425 5799 3594 5856 cordo.

2068 5869 2213 5910 SCIUII
2321 5874 2391 5912 SS.

1993 5869 2240 5912 ηεδςιωη
2268 5869 2391 5914 MSS.
