4180 6456
586 372 691 433 025

1794 352 2041 414 SANCTI
2079 345 2411 408 GREGORII
2449 346 2667 407 MAGNI

3773 342 3881 400 624

583 466 914 558 discrepani,
936 466 1039 539 sibi
1060 480 1112 539 in
1134 479 1369 537 falsitate
1392 464 1744 533 concordant.
1770 470 1971 526 Omnes
1991 475 2174 524 autem
2203 465 2259 526 Δ
2281 477 2445 535 super
2466 472 2631 536 caput
2675 465 2730 521 in
2770 463 2968 523 coelum
3004 474 3279 535 spargere,
3308 470 3392 519 est
3436 460 3684 519 saeculari
3712 460 3879 517 intel-

585 857 783 914 docere
812 853 1139 915 desiderant,
1170 849 1238 903 ad
1276 862 1397 903 eam
1424 843 1578 915 quasi
1608 839 1952 897 consolantes
1982 850 2180 906 appro-

584 951 867 1022 pinquant.
896 945 1007 1000 Nec
1027 944 1220 997 mirum
1243 940 1387 1012 quod
1409 938 1500 1008 qui
1527 932 1922 990 adversantium
1950 930 2183 984 formam

585 1040 911 1112 exprimunt,
944 1035 1105 1091 amici
1133 1033 1499 1094 nominantur,
1531 1044 1652 1085 cum
1688 1025 1786 1095 ipsi
1825 1037 2043 1093 quoque
2072 1029 2182 1075 tra-

585 1133 748 1189 ditori
778 1130 975 1187 dicitur
1009 1146 1022 1182 :
1050 1127 1226 1181 Amice
1251 1171 1266 1194 ,
1292 1125 1360 1178 ad
1404 1121 1526 1196 quid
1565 1120 1747 1174 venisti
1776 1115 1990 1185 (Matth.
2034 1129 2179 1180 xxvr,

586 1224 730 1293 50)?
767 1230 824 1278 et
848 1222 1019 1290 dives,
1048 1220 1141 1290 qui
1171 1219 1224 1273 in
1254 1216 1447 1272 inferni
1476 1215 1597 1283 igne
1622 1209 1882 1273 exuritur,
1913 1208 1982 1261 ab
2011 1206 2184 1261 Abra-

586 1316 713 1372 ham
752 1313 891 1369 lilius
923 1320 1148 1369 vocatur
1186 1308 1338 1381 (Luc.
1370 1323 1480 1371 xvr,
1508 1303 1632 1375 25);
1675 1302 1801 1372 quia
1830 1299 1929 1356 etsi
1958 1314 2055 1370 per
2083 1313 2185 1354 nos

586 1408 715 1463 mali
740 1407 938 1473 corrigi
977 1404 1274 1473 negligunt,
1304 1400 1524 1469 dignum
1552 1404 1735 1450 tamen
1763 1402 1848 1449 est
1881 1399 1941 1446 ut
1968 1408 1999 1446 a
2028 1391 2185 1447 nobis

586 1517 696 1558 non
735 1516 804 1556 ex
847 1514 946 1555 sua
993 1496 1253 1567 nequitia,
1292 1493 1391 1550 sed
1441 1507 1512 1547 ex
1558 1494 1745 1545 nostra
1791 1484 2124 1555 benignitate
2154 1491 2182 1522 ι

587 1591 748 1648 amici
774 1590 1143 1647 nominentur.

1153 1656 1383 1714 CAPUT
1411 1655 1603 1712 XXIV.

656 1753 822 1810 Vens.
856 1751 943 1807 1‘2.
968 1782 1039 1794 —
1062 1749 1288 1821 Cumque
1316 1750 1603 1804 elevassent
1630 1744 1810 1817 procul
1839 1741 2013 1798 oculos
2037 1754 2181 1808 suos,

586 1865 692 1904 non
721 1852 1065 1917 coynoverunt
1092 1858 1229 1898 eum.

656 1940 747 1993 47.
790 1935 914 1993 Νοη
951 1944 1265 2007 cognoscunt
1307 1933 1621 1989 Ecclesium.
1652 1932 1779 1987 Cur.
1822 1958 1895 1969 --
1933 1924 2183 1981 Hzeretici

586 2033 788 2107 quique
815 2046 937 2085 cum
966 2036 1167 2085 sanctae
1193 2027 1447 2083 Ecclesia:
1476 2026 1619 2080 facta
1650 2021 2017 2086 considerant,
2048 2032 2182 2073 ocu-

585 2124 671 2179 los
700 2122 904 2189 levant,
940 2118 1066 2189 quia
1096 2117 1348 2173 videlicet
1376 2117 1477 2187 ipsi
1507 2117 1559 2171 in
1601 2115 1709 2169 imo
1755 2112 1916 2184 positi
1953 2116 2096 2174 sunt,
2129 2114 2187 2162 et

585 2232 710 2274 cum
760 2214 878 2283 ejus
929 2224 1094 2283 opera
1142 2210 1455 2281 respiciunt,
1497 2210 1551 2263 in
1590 2208 1701 2263 alto
1748 2215 1874 2262 sunt
1918 2204 2019 2261 sita
2066 2215 2187 2271 qua:

585 2313 846 2371 cernunt;
885 2304 980 2360 sed
1010 2310 1191 2358 tamen
1221 2302 1360 2356 hanc
1388 2300 1443 2355 in
1465 2300 1656 2355 dolore
1682 2298 1914 2368 positam
1952 2310 2060 2350 non
2092 2309 2189 2349 co-

586 2408 874 2472 gnoscunt.
917 2397 1038 2468 Ipsa
1066 2396 1267 2466 quippe
1294 2394 1500 2465 appetit
1527 2394 1615 2449 hic
1652 2390 1794 2446 mala
1834 2390 2101 2460 recipere,
2127 2393 2189 2441 ut

585 2490 763 2566 possit
788 2489 855 2544 ad
882 2495 1100 2543 :eternae
1141 2483 1593 2541 remunerationis
1638 2480 1919 2552 praemium
1961 2483 2188 2548 purgata

586 2581 893 2656 pervenire.
936 2578 1259 2648 Plerumque
1285 2590 1547 2646 prospera
1582 2574 1797 2640 metuit,
1825 2579 1881 2625 et
1906 2568 2188 2639 disciplina

586 2671 908 2733 eruditionis
936 2668 1235 2725 hilarescit.
1274 2665 1528 2721 Haeretici
1566 2664 1749 2733 igitur,
1783 2661 1907 2730 quia
1936 2675 2035 2730 pro
2075 2672 2190 2711 ma-

584 2780 693 2838 gno
718 2762 1000 2837 pmsentia
1030 2766 1312 2833 appetunt,
1340 2772 1460 2813 eam
1506 2758 1561 2809 in
1606 2753 1919 2809 vulneribus
1958 2750 2190 2822 positam

587 2881 697 2923 non
726 2867 1080 2934 cognoscunt.
1130 2857 1247 2914 Hoc
1287 2869 1519 2926 namque
1547 2851 1694 2923 quod
1725 2852 1780 2907 in
1810 2850 1901 2904 illa
1939 2854 2188 2911 cernunt,

587 2959 644 3016 in
670 2973 893 3014 suorum
933 2953 1178 3012 cordium
1207 2951 1235 2991 ι»
1265 2948 1576 3019 cognitione
1616 2961 1726 3001 non
1760 2944 2025 3012 relegunt.
2055 2939 2192 2996 Cum

592 3065 724 3120 ergo
752 3050 868 3106 haec
896 3055 953 3105 et
978 3042 1396 3101 adversitatibus
1440 3037 1674 3110 prolicit,
1714 3036 1816 3107 ipsi
1855 3049 1955 3089 suo
1981 3029 2192 3102 stupori

585 3139 851 3198 hihaerent
899 3156 913 3193 :
960 3137 1089 3208 quia
1131 3149 1230 3206 per
1281 3131 1715 3202 experimentum
1768 3126 2020 3196 ignorant
2071 3136 2192 3193 qua:

584 3232 793 3289 vident.

982 3294 1212 3353 CAPUT
1245 3291 1383 3349 XXV
1427 3290 1573 3365 [γει.
1603 3286 1787 3359 XIX].

658 3393 787 3449 lam.
830 3420 903 3434 —
928 3389 1232 3459 .Scissisque
1277 3382 1533 3449 vestibus,
1582 3385 1887 3451 sparserunt
1927 3377 2187 3450 pulverem

587 3502 744 3557 super
772 3490 925 3555 caput
955 3497 1103 3536 suum
1130 3481 1185 3533 in
1214 3478 1416 3532 cozlum.

608 3644 609 3649 η
660 3575 750 3632 48.
778 3574 976 3632 Multas
1012 3573 1067 3627 in
1082 3578 1255 3642 partes
1283 3564 1845 3624 scinduntur.—Sicut
1864 3562 2190 3620 vestimenta

586 3666 844 3724 Ecclesia:
894 3670 1120 3720 cunctos
1174 3661 1360 3716 ﬁdeles
1408 3658 1742 3729 accipimus;
1805 3655 1947 3711 unde
1996 3662 2050 3709 et
2094 3669 2192 3725 per

587 3760 910 3833 prophetam
967 3755 1163 3811 dicitur
1208 3771 1221 3807 :
1276 3750 1528 3806 Omnibus
1576 3750 1655 3803 his
1705 3750 1838 3804 velut
1882 3754 2189 3802 ornamento

586 3852 849 3917 vestieris;
882 3849 954 3905 ita
982 3846 1362 3902 hzcreticorum
1393 3849 1570 3898 vestes
1599 3849 1726 3897 sunt
1756 3854 1962 3905 omnes,
1996 3838 2088 3909 qui
2111 3837 2191 3893 eis

587 3945 933 4007 concorditer
962 3943 1303 4006 inhazrentcs,
1341 3938 1554 3992 illorum
1597 3933 1870 3990 erroribus
1910 3930 2192 3985 involvun-

587 4046 698 4096 tur.
744 4035 956 4091 Habent
979 4048 1110 4089 vero
1138 4028 1371 4086 hmretici
1408 4028 1513 4081 hoc
1535 4025 1836 4105 proprium,
1864 4022 2011 4092 quod
2042 4022 2094 4076 in
2125 4036 2192 4076 eo

588 4128 759 4205 gradu
785 4128 838 4182 in
865 4142 973 4197 quo
1002 4124 1068 4179 de
1097 4121 1339 4178 Ecclesia
1378 4123 1609 4182 exeunt,
1641 4115 1730 4170 diu
1756 4121 1901 4170 stare
1927 4129 2037 4168 non
2067 4128 2193 4183 pos-

589 4229 747 4284 sunt;
790 4217 887 4274 sed
924 4216 992 4270 ad
1030 4214 1300 4270 deteriora
1328 4210 1571 4281 quotidie
1610 4214 1794 4273 ruunt,
1826 4216 1881 4261 et
1909 4206 2193 4261 sentiendo

588 4310 778 4384 pejOra
799 4350 815 4376 ,
862 4308 917 4362 in
956 4306 1138 4361 multis
1175 4320 1235 4360 se
1260 4303 1504 4375 partibus
1538 4299 1808 4365 scindunt,
1842 4306 2006 4368 atque
2042 4313 2073 4350 a
2102 4312 2191 4353 se-

590 4404 836 4474 metipsis
863 4402 1182 4473 plerumque
1213 4397 1423 4466 longius
1452 4394 1787 4452 confusionis
1815 4408 1925 4449 suae
1966 4393 2193 4449 alterca-

591 4499 742 4555 tione
788 4496 1117 4553 dividuntur.
1162 4491 1297 4560 Quia
1344 4504 1474 4559 ergo
1516 4489 1615 4544 hos
1653 4502 1790 4557 quos
1818 4502 1928 4542 suae
1956 4484 2193 4557 perﬁdiae

590 4590 901 4661 adjungunt,
933 4587 1041 4659 93
1072 4584 1248 4640 adhuc
1296 4583 1350 4637 in
1398 4582 1566 4636 multa
1608 4579 1872 4636 divisione
1909 4578 2189 4645 dilaniant,

2212 1866 2261 1925 B

2280 558 2425 614 lectu
2466 567 2704 614 mentem
2737 572 3121 628 corrumpere,
3150 566 3207 613 et
3231 556 3299 612 de
3340 555 3521 611 verbis
3563 555 3882 613 cmlestibus

2280 658 2497 707 terrena
2528 651 2749 707 sentire.
2781 650 2970 704 Divina
2996 656 3175 703 autem
3211 648 3377 704 verba
3414 646 3535 716 plus
3581 646 3884 702 discutiunt

2282 744 2620 815 plerumque,
2644 759 2806 815 quam
2833 744 3073 813 capiunt.
3098 741 3272 813 Super
3295 741 3473 812 capita
3503 740 3665 810 igitur
3692 740 3882 811 pulre-
3952 744 3955 745 ⁷

2281 852 2397 893 rem
2424 847 2708 909 spargunt,
2731 838 2859 908 quia
2899 838 2954 893 in
2999 836 3284 908 praeceptis
3331 836 3427 891 Dei
3462 849 3561 906 per
3606 842 3880 889 terrenam

2284 932 2692 1003 intelligentiam
2736 936 2875 987 ultra
2917 947 3135 987 suarum
3179 930 3441 987 mentium
3488 928 3633 985 vires
3659 928 3877 984 enitun-

2284 1030 2393 1079 tur.

2681 1114 2909 1172 CAPUT
2949 1114 3119 1172 XXVI
3149 1114 3299 1191 [Rea
3324 1112 3480 1187 XV].

2372 1228 2515 1284 Vera.
2550 1229 2638 1284 l5.
2666 1262 2737 1273 —
2764 1231 3122 1303 Sederuntque
3160 1246 3275 1284 cum
3316 1246 3377 1285 eo
3421 1229 3476 1283 in
3506 1236 3646 1283 terra
3687 1235 3883 1299 septem

2289 1323 2467 1379 diebus
2492 1333 2540 1379 et
2562 1332 2752 1394 septem
2777 1323 3035 1380 noctibus.

2360 1416 2447 1472 50.
2480 1418 2583 1473 Per
2612 1419 2789 1488 ﬁctam
2820 1419 3165 1472 humilitatem
3193 1415 3503 1487 persuadere
3549 1420 3751 1469 tentant
3790 1428 3883 1468 su-

2288 1509 2466 1578 perba.
2491 1542 2563 1553 —
2591 1510 2645 1564 In
2683 1509 2768 1564 die
2812 1524 2933 1579 quae
2970 1507 3216 1563 videmus
3237 1505 3606 1575 agnoscimus;
3634 1504 3691 1559 in
3723 1510 3887 1559 nocte

2288 1612 2491 1667 autem,
2525 1609 2618 1655 aut
2645 1601 2888 1656 caecitate
2915 1600 2992 1655 nil
3023 1600 3314 1666 cernimus,
3342 1607 3434 1653 aut
3453 1598 3728 1653 dubietate
3756 1596 3888 1653 cali-

2288 1707 2496 1764 gamus.
2549 1689 2653 1746 Per
2693 1691 2835 1746 diem
2882 1692 3065 1761 itaque
3114 1690 3500 1760 intelligentia,
3534 1705 3630 1759 per
3669 1697 3887 1744 noctem

2288 1803 2420 1844 vero
2463 1788 2766 1859 ignorantia
2808 1788 3139 1857 designatur.
3182 1786 3504 1859 Septenario
3551 1794 3733 1841 autem
3781 1801 3885 1841 nu-

2291 1896 2444 1937 mero
2473 1895 2683 1936 summa
2721 1880 3091 1938 universitatis
3132 1880 3472 1953 exprimitur.
3509 1878 3660 1935 Unde
3696 1887 3753 1937 et
3780 1896 3887 1936 non

2292 1973 2554 2043 amplius,
2602 1987 2765 2043 quam
2812 1972 3005 2029 diebus
3045 1980 3286 2044 septem,
3333 1988 3494 2028 omne
3535 1972 3641 2027 hoc
3675 1979 3889 2043 tempus

2290 2065 2662 2121 transitorium
2714 2073 3138 2121 consummatur.
3195 2065 3334 2133 Quid
3382 2072 3466 2120 est
3521 2078 3687 2134 ergo,
3742 2064 3888 2134 quod

2291 2159 2450 2213 amici
2480 2157 2624 2213 beati
2652 2156 2754 2212 Job
2784 2157 3086 2213 consedere
3124 2156 3175 2212 ei
3222 2164 3433 2226 septem
3462 2155 3654 2211 diebus
3688 2162 3742 2211 et
3764 2170 3888 2226 sep-

2292 2259 2403 2306 tem
2454 2251 2703 2307 noctibus
2743 2249 3072 2319 referuntur,
3100 2248 3203 2305 nisi
3228 2248 3374 2318 quod
3415 2248 3676 2314 haeretici,
3704 2248 3791 2304 vel
3834 2248 3889 2304 in

2291 2343 2376 2399 his
2407 2344 2459 2399 in
2491 2343 2686 2413 quibus
2716 2358 2902 2397 verum
2930 2341 3113 2397 lumen
3156 2341 3489 2411 intelligunt,
3521 2340 3609 2395 vel
3638 2340 3692 2395 in
3722 2341 3805 2395 his
3834 2340 3890 2395 in

2292 2433 2484 2504 quibus
2525 2432 2842 2501 ignorantia:
2900 2432 3148 2487 tenebras
3193 2430 3492 2501 patiuntur,
3538 2430 3695 2500 quasi
3741 2430 3889 2485 infir-

2292 2528 2463 2582 manti
2492 2535 2691 2582 sancta:
2738 2525 2995 2580 Ecclesia:
3026 2539 3087 2579 se
3128 2523 3561 2579 condescendere
3610 2524 3886 2592 simulant,

2294 2619 2453 2688 eique
2480 2618 2578 2671 sub
2607 2616 3102 2672 blandimentorum
3128 2616 3329 2686 specie,
3364 2615 3518 2670 dolos
3550 2614 3887 2686 deceptionis

2292 2708 2519 2778 parant?
2548 2706 2615 2761 Et
2644 2706 2892 2777 quamvis
2920 2705 3005 2760 vel
3034 2705 3087 2759 in
3116 2704 3200 2761 his
3227 2720 3345 2775 qua:
3374 2704 3699 2774 intelligunt,
3728 2706 3812 2760 vel
3834 2706 3889 2763 in

2294 2801 2379 2855 his
2407 2817 2526 2871 quae
2555 2801 2854 2871 intelligere
2880 2816 2989 2857 non
3017 2811 3259 2871 possunt,
3292 2800 3541 2855 elationis
3570 2811 3591 2838 ο
3626 2809 3754 2873 typo
3776 2810 3891 2856 tur-

2295 2893 2668 2963 gidi,magnos
2696 2910 2755 2949 se
2785 2895 2926 2965 apud
2953 2896 3269 2965 semetipsos
3295 2894 3624 2959 existimant,
3648 2910 3893 2950 nonnun-

2295 2999 2454 3055 quam
2470 2996 2653 3042 tamen
2675 2996 2873 3043 sancta:
2886 2986 3140 3042 Ecclesiae
3152 2986 3329 3057 specie
3354 2995 3511 3041 tenus
3531 2986 3812 3052 inclinant;
3835 2995 3889 3042 et

2295 3078 2423 3133 dum
2451 3080 2617 3135 verba
2646 3080 2916 3146 molliunt,
2963 3080 3112 3136 virus
3160 3078 3464 3134 infundunt.
3496 3079 3556 3133 lu
3587 3088 3729 3136 terra
3757 3093 3888 3149 ergo

2297 3171 2615 3240 consedere,
2646 3179 2731 3228 est
2758 3172 2959 3243 aliquid
3001 3173 3067 3228 de
3098 3173 3331 3242 imagine
3360 3173 3680 3229 humilitatis
3709 3181 3887 3228 osten-

2219 3261 2266 3327 C
2295 3260 2455 3329 dere;
2487 3271 2547 3318 ut
2567 3264 2694 3319 dum
2722 3264 2947 3319 humilia
2969 3263 3244 3331 exhibent,
3270 3263 3637 3336 persuadeant
3656 3266 3888 3336 superba

2292 3371 2412 3427 qua:
2433 3355 2648 3413 docent.

2367 3450 2514 3522 [Vet.
2559 3449 2713 3521 XX.]
2764 3449 2850 3506 51.
2900 3451 3185 3507 Nobiscum
3244 3454 3300 3507 in
3363 3460 3504 3507 terra
3551 3453 3731 3507 sedent
3775 3468 3890 3506 cum

2295 3546 2358 3601 de
2387 3548 2748 3602 incarnatione
2783 3548 3049 3603 nobiscum
3079 3551 3421 3605 consentiunt.
3448 3580 3519 3589 —
3546 3547 3735 3605 Potest
3758 3565 3892 3606 vero

2297 3654 2397 3709 per
2425 3646 2623 3693 terram
2652 3640 2767 3710 ipsa
2796 3640 2960 3695 etiam
2990 3641 3298 3697 Mediatoris
3321 3641 3621 3697 incarnatio
3651 3641 3875 3708 designa

2298 3729 2365 3784 ri.
2400 3728 2556 3785 Unde
2582 3738 2636 3785 et
2662 3730 2728 3785 ad
2759 3730 2921 3786 Israel
2947 3732 3144 3789 dicitur
3178 3752 3189 3786 :
3219 3733 3393 3787 Altare
3422 3733 3486 3787 de
3518 3742 3659 3787 terra
3690 3735 3890 3803 facietis

2295 3824 2421 3878 mihi
2453 3822 2651 3894 (Exod.
2677 3840 2768 3889 xx,
2797 3823 2911 3893 24).
2938 3825 3120 3881 Altare
3142 3825 3283 3880 enim
3306 3825 3373 3881 de
3394 3834 3535 3880 terra
3560 3824 3672 3880 Deo
3695 3822 3889 3890 facere,

2296 3924 2380 3971 est
2408 3917 2462 3970 in
2491 3917 2914 3972 incarnationem
2944 3917 3255 3972 Mediatoris
3282 3931 3521 3987 sperare.
3556 3914 3709 3970 Tunc
3736 3915 3890 3984 quip-

2296 4021 2365 4076 pe
2408 4022 2438 4060 a
2465 4006 2577 4060 Deo
2608 4022 2800 4060 munus
2828 4015 3073 4062 nostrum
3122 4006 3407 4077 accipitur,
3442 4005 3659 4077 quando
3706 4004 3759 4058 in
3787 4005 3890 4060 hoc

2296 4099 2453 4153 altari
2482 4109 2665 4154 nostra
2690 4099 2976 4164 humilitas,
3011 4099 3063 4153 id
3091 4108 3193 4164 est,
3224 4113 3386 4169 super
3407 4096 3699 4152 Dominica:
3722 4096 3890 4150 incar-

2297 4192 2534 4246 nationis
2566 4190 2745 4254 ﬁdem,
2778 4191 3019 4261 posuerit
3045 4190 3303 4262 quidquid
3334 4198 3615 4260 Operatur.
3648 4189 3706 4243 ln
3735 4187 3891 4243 altari

2298 4298 2428 4352 ergo
2454 4283 2522 4338 de
2545 4290 2687 4337 terra
2718 4283 2957 4338 oblatum
3000 4300 3195 4338 munus
3224 4283 3496 4354 ponimus,
3532 4283 3576 4337 si
3607 4290 3755 4337 actus
3794 4296 3891 4335 no-

2298 4384 2440 4431 stros
2457 4376 2747 4431 Dominicae
2770 4376 3155 4433 incarnationis
3174 4375 3277 4431 lide
3300 4374 3616 4431 solidamus.
3640 4372 3747 4428 Sed
3767 4378 3893 4427 sunt

2299 4467 2542 4521 nonnulli
2571 4467 2808 4522 ha:retici
2849 4468 2941 4540 qui
2970 4468 3167 4525 laetam
3216 4468 3527 4523 Mediatoris
3558 4466 3889 4521 incarnatio-

2300 4574 2423 4615 nem
2471 4576 2580 4615 non
2627 4560 2916 4631 denegant,
2942 4561 3036 4616 sed
3066 4569 3159 4615 aut
3198 4560 3266 4615 de
3292 4560 3572 4614 divinitate
3599 4573 3759 4627 quam
3808 4565 3893 4611 est

588 4649 800 4741 ﬁgam“,
836 4649 1173 4751 τέοῇτφιοει
1206 4676 1365 4733 amici
1403 4676 1496 4747 qui
1542 4674 1766 4730 νεηίηηι
1812 4681 1992 4730 vestes
2040 4689 2190 4728 rum-
2218 4654 2453 4720 Daliter
2499 4654 2799 4721 aestimant,
2840 4662 2934 4709 aut
2972 4655 3027 4709 in
3066 4655 3181 4725 ipsa
3231 4670 3263 4708 a
3306 4653 3461 4708 nobis
3506 4649 3894 4706 incarnationis

588 4783 742 4845 pant.
776 4773 968 4843 Raptis
1004 4780 1184 4827 autem
1212 4769 1453 4826 vestibus
1482 4782 1682 4839 corpus
1711 4766 2031 4832 ostenditur,
2064 4767 2191 4835 quia

589 4878 737 4934 sape
777 4862 959 4918 scissis
987 4861 1308 4931 sequacibus
1334 4902 1351 4929 ,
1398 4858 1602 4914 malitia
1633 4873 1820 4913 eorum
1849 4857 2192 4926 cogitationis

591 4953 864 5025 aperitur;
913 4960 975 5008 ut
1015 4953 1280 5008 discordia
1311 4951 1466 5006 dolos
1500 4948 1810 5021 patefaciat,
1849 4962 1985 5018 quos
2014 4949 2193 5018 gravis

592 5046 743 5119 prius
767 5045 1069 5100 concordia:
1096 5045 1253 5114 culpa
1283 5044 1587 5099 claudebat.

662 5136 752 5191 49.
788 5134 1017 5190 Terrena
1059 5135 1122 5190 de
1164 5135 1329 5189 verbis
1371 5133 1655 5189 coelestibus
1694 5134 1928 5202 sapiunt.
1958 5164 2031 5175 —
2058 5131 2187 5188 Pul-

590 5218 776 5286 verem
800 5242 932 5283 vero
970 5226 1027 5281 in
1073 5226 1267 5283 ctelum
1314 5241 1478 5296 super
1524 5227 1701 5296 capita
1735 5234 2015 5297 spargunt.
2047 5224 2188 5292 Quid

593 5340 692 5398 per
720 5322 1033 5394 pulverem,
1074 5320 1177 5374 nisi
1219 5327 1432 5375 terrena
1478 5318 1868 5388 intelligentia?
1912 5318 2040 5389 quid
2086 5334 2184 5390 per

593 5420 779 5485 caput,
801 5411 903 5469 nisi
944 5411 1073 5479 hoc,
1104 5408 1249 5479 quod
1286 5406 1581 5477 principale
1618 5415 1862 5462 nostrum
1887 5415 1992 5477 est,
2034 5424 2188 5465 mens

591 5506 868 5573 videlicet,
897 5502 1246 5573 designatur?
1274 5500 1413 5568 Quid
1438 5515 1538 5571 per
1560 5500 1779 5568 coelum,
1812 5502 1914 5557 nisi
1945 5518 2187 5573 praecep-

594 5604 709 5655 tum
735 5613 982 5669 supernae
1019 5594 1308 5654 locutionis
1345 5592 1699 5664 exprimitur?
1729 5592 2015 5651 Pulverem
2058 5610 2186 5666 ergo

668 5766 697 5796 ι
724 5755 887 5813 Deest
905 5756 1067 5813 etiam
1090 5756 1265 5819 amici,
1291 5753 1344 5808 in
1366 5752 1492 5808 Mss.
1515 5749 1701 5817 Corb.,
1730 5750 1941 5821 Germ.,
1972 5752 2183 5819 Norm.,

595 5823 894 5953 Compend.
925 5836 982 5883 et
1006 5827 1124 5883 aliis
1150 5825 1442 5897 plerisque.
1934 5895 1945 5906 ε

666 5897 695 5938 ι’
776 5913 848 5953 ss.
876 5896 1087 5953 Normu
1116 5912 1253 5953 unus
1280 5895 1597 5953 Comnend..
1629 5911 1765 5951 unus
1797 5894 1945 5950 Rem:

666 5897 695 5938 ι’
722 5894 848 5954 Mss.
876 5896 1087 5966 Norm.,
1116 5894 1253 5953 unus
1280 5894 1597 5969 Gempend.,
1629 5911 1765 5951 unus
1797 5894 2027 5965 Remig.,
2063 5896 2181 5954 Val.

2297 4747 2557 4817 qualitate
2584 4746 2911 4802 discordant.
2950 4744 3053 4813 Qui
3094 4758 3223 4814 ergo
3269 4760 3453 4800 veram
3502 4742 3781 4798 nobiscum
3813 4741 3892 4795 iu-

2296 4840 2665 4897 carnationem
2710 4837 3087 4907 Redemptoris
3116 4836 3422 4907 perhibent,
3455 4833 3611 4905 quasi
3639 4848 3759 4888 cum
3790 4829 3890 4885 Job

2295 4935 2351 4990 in
2385 4944 2523 4990 terra
2559 4935 2761 5006 pariter
2798 4934 3008 4990 sedent.
3040 4932 3261 5004 Septem
3288 4947 3421 4987 vero
3447 4929 3636 4984 diebus
3681 4934 3737 4983 et
3763 4941 3888 4996 sep-

2298 5035 2408 5084 tem
2449 5028 2695 5083 noctibus
2740 5027 2793 5081 in
2841 5034 2982 5082 terra
3013 5025 3310 5082 consedere
3337 5024 3734 5086 describuntur,
3763 5020 3888 5091 quia

2294 5124 2381 5180 vel
2403 5123 2454 5179 in
2485 5124 2589 5179 hoc
2606 5122 2750 5193 quod
2779 5121 2979 5191 aliquid
3010 5120 3077 5175 de
3104 5117 3441 5191 plenitudine
3462 5114 3706 5171 veritatis
3731 5112 3890 5169 intel-

2293 5216 2486 5288 ligunt,
2518 5215 2604 5271 vel
2646 5216 2698 5269 in
2735 5216 2839 5269 hoc
2866 5213 3011 5284 quod
3038 5228 3148 5268 suae
3180 5211 3422 5267 stultitia:
3451 5207 3690 5264 tenebris
3713 5220 3886 5262 excee—

2294 5317 2504 5375 cantur,
2538 5307 2921 5362 incarnationis
2943 5305 3255 5377 mysterium
3277 5317 3475 5373 negare
3496 5316 3606 5356 non
3634 5306 3882 5370 possunt.

2292 5402 2425 5459 Cum
2454 5403 2614 5457 beato
2653 5416 2781 5471 ergo
2810 5400 2911 5456 Job
2939 5400 2995 5455 in
3036 5407 3180 5455 terra
3210 5398 3417 5462 sedere,
3451 5402 3535 5451 est
3560 5409 3747 5449 veram
3774 5390 3882 5447 Re-

2290 5493 2588 5564 demptoris
2614 5508 2829 5549 carnem
2858 5508 2980 5548 cum
3009 5501 3196 5550 sancta
3222 5490 3462 5547 Ecclesia
3493 5488 3738 5543 credere.

2362 5587 2472 5661 94
2494 5587 2583 5644 52.
2613 5587 2774 5642 Mutis
2793 5588 2974 5653 amici,
3000 5586 3469 5642 contradicentibus
3491 5582 3886 5654 ﬁunLadversa-

2289 5751 2414 5820 CL,
2471 5754 2528 5806 in
2584 5764 2791 5805 suorum
2854 5746 3087 5820 cordium
3148 5744 3463 5820 cogitatione
3510 5739 3881 5820 non__eligunt.

2290 5811 2538 5892 Lon'gip”
2569 5824 2625 5875 in
2644 5835 2852 5874 suorum
2878 5818 3110 5892 cordium
3135 5811 3427 5892 cog'nitione
3456 5830 3560 5867 non
3589 5811 3806 5892 eligunt.

2363 5906 2385 5934 ο
2408 5881 2611 5958 “Corn,
2627 5892 2832 5957 Germ.,
2853 5889 3109 5953 secunda,
3134 5881 3228 5945 sed
3250 5888 3468 5956 antiqua
3494 5881 3678 5947 manu,
3704 5881 3879 5953 typho.
