4180 6448
306 446 410 504 625

1233 442 1601 502 MORALIUM
1657 442 1786 501 LIB.
1837 446 1922 500 lli.
1963 476 2029 488 -
2072 441 2137 501 IN
2178 443 2327 502 CAP.
2376 447 2416 503 ll
2458 450 2515 503 B.
2559 448 2691 503 JOB.

3488 450 3594 511 626

302 568 469 624 rii.—~
482 563 784 636 Aliquando
812 578 942 619 vero
970 562 1209 619 haeretici
1238 572 1427 620 contra
1453 580 1553 621 nos
1580 565 1745 620 etiam
1772 580 1898 635 sup-
1925 568 1978 627 Α
2003 566 2157 620 rem?
2186 564 2356 632 Quem
2410 575 2585 621 tamen
2628 583 2656 620 a
2698 565 2881 636 praelio
2903 566 3263 622 revertentem
3292 562 3370 623 ire
3398 567 3468 623 ad
3496 568 3596 625 do-

304 659 478 733 pliciis
504 657 749 723 saeviunt,
774 656 1063 727 aliquando
1091 672 1199 737 nos
1220 658 1350 713 solis
1379 658 1557 713 verbis
1600 658 1895 727 insequun-

305 759 413 820 tur,
445 749 735 821 aliquando
764 749 978 818 quietos
1009 757 1035 786 ι
1066 748 1357 818 lacessunt,
1379 749 1667 819 aliquando
1696 758 1896 817 autem,

305 845 352 901 si
398 860 496 899 nos
544 850 790 897 tacentes
815 840 1053 905 videant,
1085 840 1399 907 quiescunt;
1430 849 1486 895 et
1551 841 1713 895 mutis
1741 840 1901 896 amici

306 944 451 1003 sunt,
483 933 827 1006 loquentibus
849 933 1223 988 adversantur.
1256 931 1409 987 Unde
1436 932 1561 1001 quia
1589 932 1779 987 beatus
1801 931 1902 988 Job

306 1029 537 1085 necdum
567 1026 635 1081 ad
665 1026 787 1081 illos
816 1024 1017 1095 aliquid
1044 1024 1315 1079 disserens
1342 1023 1572 1090 dixerat,
1597 1033 1749 1079 recte
1776 1023 1905 1080 sub-

301 1117 546 1189 jungitur
590 1136 604 1171 :
643 1116 715 1171 Et
755 1133 904 1171 nemo
947 1114 1245 1186 loquebatur
1282 1116 1329 1169 ei
1366 1115 1591 1169 verbum.
1637 1114 1905 1170 Tacentes

306 1213 449 1269 enim
486 1210 828 1267 adversarios
868 1209 1157 1276 habemus,
1201 1209 1247 1264 si
1273 1223 1414 1264 verae
1443 1208 1566 1264 ﬁdei
1593 1208 1732 1264 ﬁlios
1761 1224 1902 1279 prm-

306 1303 537 1360 dicando
577 1316 836 1373 generare
876 1300 1213 1371 negligimus.
1250 1300 1306 1355 Si
1330 1310 1511 1358 autem
1554 1310 1703 1357 recta
1747 1301 1908 1373 loqui

305 1397 619 1469 incipimus,
668 1410 859 1467 graves
897 1410 1024 1451 mox
1068 1395 1425 1451 contumelias
1454 1411 1520 1450 ex
1569 1410 1759 1451 eorum
1792 1408 1907 1449 res-

303 1492 571 1562 ponsione
598 1490 858 1545 sentimus
896 1486 1224 1559 ;protinusb
1256 1488 1310 1542 in
1350 1487 1730 1543 adversitatem
1780 1501 1907 1556 pro-

304 1585 519 1650 siliunt,
551 1591 606 1638 et
645 1590 835 1637 contra
876 1597 975 1638 nos
1013 1582 1069 1635 in
1112 1596 1302 1636 vocem
1333 1579 1539 1636 doloris
1579 1586 1904 1649 erumpunt,

305 1676 432 1747 quia
459 1676 713 1731 videlicet
738 1683 985 1731 metuunt
1006 1690 1075 1729 ne
1103 1656 1286 1739 corda,
1320 1688 1438 1742 qua:
1465 1672 1520 1727 in
1543 1671 1743 1727 inﬁmis
1764 1687 1905 1740 pon-

305 1769 408 1823 dus
440 1768 678 1823 stultitite
708 1775 995 1840 aggravat,
1027 1766 1093 1821 ad
1122 1766 1292 1821 altum
1320 1781 1427 1820 vox
1456 1772 1604 1820 recta
1634 1763 1906 1833 loquentis
1940 1793 1946 1799 -

306 1861 507 1915 trahat.
540 1859 673 1927 Quia
704 1874 853 1930 ergo,
887 1867 947 1914 ut
984 1858 1235 1925 diximus,
1269 1864 1448 1911 mutos
1485 1870 1584 1910 nos
1614 1854 1907 1911 adversarii

2004 672 2150 712 mum
2181 657 2435 712 admonet
2462 657 2626 727 pedes
2658 659 2856 713 lavare.
2891 656 2994 723 Qui
3018 658 3264 729 protinus
3292 659 3599 732 respondit,

2004 750 2191 806 dicens
2222 768 2235 804 :
2272 753 2407 805 Arca
2436 750 2649 805 Domini
2680 750 2771 804 sub
2801 750 3016 821 pellibus
3045 761 3140 818 est,
3172 762 3222 806 et
3246 769 3338 824 ego
3367 754 3423 807 in
3444 753 3599 811 domo

2004 861 2118 898 mea
2166 847 2507 916 resquiescam
2560 843 2645 915 (ΙΙ
2674 843 2801 915 Reg.
2837 862 2910 911 ιιι,
2947 843 3077 914 ll)?
3105 843 3276 912 Quem
3321 844 3489 900 David
3532 844 3601 902 ad

2005 953 2244 993 mensam
2276 938 2547 1008 propriam
2575 938 2833 1006 suscepit,
2866 938 3023 1006 eique
3052 938 3445 1008 epistolas,per
3464 952 3601 1006 quas

2005 1031 2145 1086 mori
2195 1030 2409 1096 debeat,
2444 1029 2622 1084 tradit.
2667 1027 2834 1097 Cujus
2879 1042 3058 1082 autem
3104 1028 3271 1083 David
3298 1030 3352 1083 in
3400 1029 3600 1085 solario

2007 1120 2359 1175 deambulans
2388 1127 2571 1190 typum
2620 1126 2789 1184 tenet,
2819 1117 2923 1171 nisi
2959 1116 3076 1185 ejus
3106 1117 3174 1172 de
3203 1134 3310 1187 quo
3339 1118 3601 1187 scriptum

2009 1221 2121 1268 est:
2146 1211 2213 1266 In
2238 1212 2345 1267 sole
2367 1213 2536 1282 posuit
2558 1211 2945 1264 tabernaculum
2966 1226 3115 1263 suum
3138 1208 3310 1281 (Psal.
3330 1226 3476 1274 xvm,
3504 1208 3558 1278 6)
3579 1210 3603 1264 ?

2009 1302 2078 1357 Et
2101 1302 2229 1373 quid
2250 1310 2332 1357 est
2352 1301 2619 1357 Bersabee
2647 1302 2717 1357 ad
2742 1318 2801 1358 se
2830 1300 3148 1371 perducere,
3179 1301 3280 1356 nisi
3311 1302 3484 1371 legem
3516 1302 3606 1356 lit-

2009 1400 2160 1459 terae,
2189 1392 2393 1448 carnali
2422 1392 2623 1462 populo
2648 1391 3019 1462 conjunctam,
3051 1390 3280 1462 spiritali
3307 1392 3408 1445 sibi
3442 1391 3603 1446 intel-

2008 1485 2154 1542 lectu
2176 1486 2422 1542 sociare?
2442 1484 2712 1541 Bersabee
2734 1486 2875 1540 enim
2898 1493 3094 1555 puteus
3112 1485 3374 1554 septimus
3390 1484 3603 1550 dicitur,

2010 1578 2138 1647 quia
2167 1577 2418 1631 nimirum
2459 1590 2556 1647 per
2585 1575 2946 1644 cognitionem
2977 1575 3131 1644 legis,
3162 1574 3428 1630 inlusione
3448 1575 3603 1644 spiri-

2011 1670 2135 1725 talis
2149 1671 2352 1739 gratiae,
2368 1668 2602 1740 perfecta
2617 1667 2770 1725 nobis
2791 1667 3052 1738 sapientia
3067 1666 3421 1722 ministratur.
3436 1665 3605 1732 Quem

2010 1779 2141 1818 vero
2172 1761 2351 1831 Urias,
2370 1761 2473 1817 nisi
2495 1760 2776 1817 Judaicum
2802 1760 3059 1834 populum
3086 1759 3297 1828 signat?
3317 1757 3483 1827 Cujus
3507 1774 3607 1814 no-

2013 1871 2139 1911 men
2171 1856 2581 1926 interpretatum
2610 1855 2827 1921 dicitur,
2866 1864 2891 1899 κ
2922 1855 3013 1909 lux
3057 1869 3177 1909 mea
3207 1853 3322 1908 Dei.
3354 1851 3607 1909 Judaicus

305 1951 552 2021 diligunt,
586 1953 871 2023 loquentes
898 1951 1149 2017 oderunt,
1180 1958 1330 2006 recte
1348 1947 1491 2020 apud
1518 1955 1784 2004 tacentem
1803 1946 1907 2004 Job
1935 1930 1983 1992 Β
2009 1948 2118 2020 95
2141 1956 2321 2002 autem
2348 1947 2598 2017 p0pulus,
2623 1948 2749 2016 quia
2775 1946 2843 2001 de
2865 1953 3088 2014 accepta
3112 1944 3245 2014 legis
3267 1944 3491 2000 scientia
3519 1961 3610 2000 ex-

305 2043 502 2101 dicitur
535 2064 549 2099 :

850 2132 1081 2190 CAPUT
1110 2130 1323 2188 XXVII.

380 2227 509 2283 IBlD.
536 2225 707 2282 Nemo
737 2225 1044 2298 loquebatur
1066 2225 1114 2279 ei
1142 2224 1369 2278 verbum.

382 2318 469 2374 53.
490 2316 808 2389 Quandoque
827 2317 978 2371 silere
1001 2324 1252 2387 coguntur
1275 2314 1522 2369 licerelici.
1554 2346 1625 2357 —-
1646 2313 1907 2370 Nonnun-

305 2428 466 2485 quam
493 2421 671 2466 tamen
693 2426 814 2464 cum
843 2424 939 2479 per
957 2416 1231 2477 torporem
1260 2417 1281 2445 ο
1314 2408 1506 2461 inertia
1529 2404 1765 2462 ﬁdelium
1787 2422 1913 2462 cor.

306 2503 377 2557 da
405 2498 985 2568 considerant,erroris
1006 2499 1210 2554 semina
1232 2513 1486 2569 spargere
1507 2499 1779 2568 loquendo
1802 2513 1912 2554 non

306 2599 544 2650 cessant.
576 2591 711 2647 Cum
740 2606 872 2646 vero
902 2598 1112 2645 mentes
1158 2591 1424 2645 bonorum
1451 2590 1640 2645 vident
1688 2591 1797 2645 alta
1824 2606 1912 2646 sa-

306 2702 460 2758 pere,
493 2685 558 2740 ad
587 2685 817 2755 patriam
843 2682 1074 2739 reditum
1098 2697 1360 2751 quaerere,
1392 2682 1459 2737 de
1484 2697 1722 2737 aerumna
1752 2682 1912 2752 hujus

308 2778 481 2835 exsilii
512 2785 733 2833 strenue
776 2775 982 2842 dolere,
1016 2775 1500 2847 circumspectione
1551 2774 1782 2830 sollicita
1813 2774 1915 2829 lin-

309 2885 467 2941 guam
495 2869 726 2936 frenant,
755 2870 880 2939 quia
928 2868 1112 2923 vident
1150 2868 1294 2936 quod
1322 2876 1512 2923 contra
1539 2867 1703 2923 corda
1725 2867 1916 2922 dolen-

308 2965 445 3019 tium
483 2963 750 3019 incassum
790 2962 1073 3033 loquentes
1116 2961 1278 3017 citius
1324 2962 1721 3017 obmutescant.
1757 2959 1916 3016 Unde

310 3063 367 3110 et
411 3062 558 3110 recte
585 3070 709 3110 cum
741 3053 1009 3109 diceretur
1036 3073 1047 3108 :
1078 3052 1247 3109 Nemo
1274 3053 1575 3127 loquebatur
1604 3057 1651 3110 ei
1680 3054 1913 3124 verbum,

314 3163 440 3203 mox
469 3163 625 3205 causa
655 3148 855 3203 silentii
883 3148 1231 3214 subinfcrtur,
1262 3165 1386 3204 cum
1415 3149 1614 3204 dicitur
1646 3167 1659 3202 :

875 3260 1103 3317 CAPUT
1130 3261 1359 3317 XXVIII.

2014 2039 2250 2105 tollitur,
2280 2038 2433 2107 quasi
2478 2038 2545 2093 de
2578 2037 2676 2092 Dei
2717 2038 2839 2092 luce
2871 2037 3151 2106 gloriatur.
3183 2034 3292 2092 Sed
3317 2035 3442 2090 huic
3470 2032 3611 2089 Urite

2012 2134 2183 2190 David
2210 2149 2436 2189 uxorem
2458 2133 2695 2197 abstulit,
2725 2132 2935 2201 sibique
2962 2130 3243 2201 conjunxit
3271 2148 3284 2184 :
3311 2130 3437 2200 quia
3468 2130 3614 2185 vide-

2013 2226 2139 2281 licet
2166 2241 2329 2280 manu
2371 2224 2545 2290 fortis,
2572 2223 2720 2297 quod
2761 2223 2931 2278 David
2958 2222 3177 2291 dicitur,
3215 2223 3271 2277 in
3302 2236 3467 2278 carne
3497 2221 3613 2276 Re-

2013 2316 2265 2388 demptor
2291 2332 2573 2387 apparens,
2605 2316 2733 2371 dum
2755 2314 2823 2371 de
2850 2330 2910 2371 se
2931 2315 3242 2386 spiritaliter
3268 2315 3415 2385 loqui
3440 2316 3614 2384 legem

2014 2411 2270 2477 innotuit,
2288 2425 2386 2480 per
2414 2410 2534 2476 hoc,
2554 2408 2700 2479 quod
2718 2409 2873 2479 juxta
2896 2408 3131 2464 litteram
3152 2408 3459 2475 tenebatur,
3475 2408 3617 2463 hanc

2017 2519 2049 2559 a
2101 2502 2323 2559 Judaico
2352 2504 2553 2574 populo
2581 2511 2898 2558 extraneam
2943 2501 3361 2569 demonstravit;
3407 2501 3618 2570 sibique

2019 2596 2321 2665 conjunxit,
2363 2596 2489 2665 quia
2537 2608 2597 2649 se
2643 2609 2742 2663 per
2778 2592 2922 2647 illam
2971 2593 3252 2662 praedicari
3298 2592 3613 2647 declaravit.

2020 2688 2206 2745 Uriam
2238 2698 2417 2743 tamen
2446 2687 2514 2742 ad
2535 2687 2753 2741 domum
2783 2686 2862 2742 ire
2882 2686 3050 2741 David
3076 2685 3331 2742 admonet
3349 2686 3515 2755 pedes
3538 2684 3620 2739 la-

2018 2796 2181 2846 vare,
2214 2780 2340 2850 quia
2378 2779 2688 2833 incarnatus
2717 2777 2977 2833 Dominus
3003 2778 3225 2833 veniens
3261 2776 3488 2832 Judaico
3518 2790 3618 2847 po-

2019 2874 2148 2945 pulo
2176 2872 2431 2943 praecepit
2467 2879 2523 2925 ut
2566 2870 2634 2925 ad
2674 2870 3061 2926 conscientiam
3092 2868 3306 2935 redeat,
3334 2878 3389 2924 et
3429 2868 3619 2924 sordes

2021 2988 2245 3045 operum
2275 2971 2490 3027 fletibus
2530 2979 2730 3039 tergat;
2756 2978 2817 3025 ut
2844 2969 3160 3040 spiritaliter
3187 2970 3439 3024 mandata
3482 2968 3619 3038 legis

2021 3064 2306 3132 intelligat,
2339 3074 2393 3117 et
2412 3070 2535 3133 post
2562 3070 2767 3116 tantam
2797 3061 3047 3116 duritiam
3076 3069 3492 3131 praceptorum,
3513 3060 3620 3115 lon-

2022 3167 2136 3214 tem
2178 3157 2518 3226 baptismatis
2550 3154 2847 3220 inveniens,
2880 3154 2947 3209 ad
2976 3169 3170 3223 aquam
3216 3162 3340 3225 post
3376 3153 3620 3208 laborem

2025 3257 2291 3307 recurrat.
2316 3248 2421 3303 Sed
2452 3246 2627 3313 Urias,
2656 3247 2747 3315 qui
2776 3261 2955 3301 arcam
2983 3244 3195 3299 Domini
3238 3259 3358 3300 esse
3385 3245 3485 3298 sub
3504 3242 3621 3314 pel-

389 3353 516 3411 Imp.
548 3387 619 3401 .-.
653 3354 913 3409 Videbam
942 3356 1077 3408 enim
1106 3352 1376 3410 doloremd
1403 3372 1515 3409 esse
1541 3355 1907 3409 vehementem,
1941 3321 1990 3385 (ἶ
2023 3344 2163 3399 libus
2200 3340 2465 3407 meminit,
2506 3337 2787 3408 respondit
2808 3336 2950 3406 quod
2981 3336 3209 3392 domum
3228 3350 3380 3392 suam
3418 3334 3623 3390 intrare

394 3444 479 3502 54.
505 3448 632 3504 Cum
660 3465 725 3503 ea:
754 3464 931 3503 amore
962 3447 1057 3502 Dei
1080 3464 1166 3502 cor
1195 3447 1353 3513 dolet,
1375 3464 1537 3518 praua
1566 3449 1703 3519 loqui
1734 3446 1920 3500 adver-

320 3542 492 3595 sarius
520 3542 718 3595 metuit.
747 3569 810 3580 —
832 3538 967 3595 Cum
1010 3540 1153 3595 enim
1206 3539 1404 3595 amoris
1433 3538 1530 3594 Dei
1575 3538 1732 3593 dolor
1756 3538 1919 3593 vehe-

322 3647 474 3687 mens
503 3633 667 3687 corda
704 3640 890 3689 nostra
922 3630 1202 3700 transﬁgit,
1233 3630 1433 3701 passim
1462 3646 1628 3702 prava
1658 3630 1806 3698 loqui
1834 3628 1923 3684 ad-

321 3724 593 3781 versarius
621 3724 839 3790 metuit,
872 3724 996 3793 quia
1036 3723 1182 3778 videt
1208 3724 1354 3794 quod
1396 3724 1657 3779 intentam
1685 3730 1922 3777 mentem

324 3815 620 3882 lacessens,
654 3832 766 3871 non
813 3816 987 3871 solum
1019 3816 1086 3870 ad
1110 3817 1521 3886 perversitatem
1554 3816 1771 3870 trahere
1812 3795 1923 3869 non

325 3908 490 3973 valet,
522 3908 617 3963 sed
644 3918 666 3945 ε
696 3924 795 3979 per
831 3910 1122 3964 excitatam
1147 3908 1369 3963 forsitan
1397 3915 1454 3962 et
1472 3922 1609 3977 quos
1649 3915 1925 3971 tenuerat,

326 3999 538 4072 perdet.

401 4097 546 4169 [Vet.
581 4096 741 4152 ΧᾹΙ.
775 4096 899 4150 Rec.
942 4092 1125 4166 ΧΗ]
1158 4091 1246 4149 55.
1272 4092 1340 4147 In
1383 4094 1564 4163 script.
1610 4093 1735 4146 bene
1784 4099 1928 4162 gesta

331 4190 593 4244 interdum
620 4190 923 4261 signiﬁcant
964 4189 1101 4242 male
1133 4186 1395 4259 gerenda;
1420 4204 1481 4240 ac
1522 4186 1628 4240 vice
1666 4200 1832 4238 versa.
1854 4211 1930 4227 -

332 4278 585 4336 Fortasse
616 4282 825 4352 aliquos
862 4288 1046 4336 movet
1090 4295 1193 4335 nos
1241 4279 1355 4334 haec
1407 4278 1481 4332 ita
1511 4277 1731 4342 dixisse,
1781 4274 1930 4345 quod

335 4386 454 4440 quae
480 4372 617 4428 bene
673 4374 740 4427 ab
769 4373 957 4427 amicis
1003 4381 1153 4439 gesta
1199 4378 1348 4439 sunt,
1377 4369 1519 4424 male
1558 4369 1624 4423 ab
1661 4367 1931 4422 haereticis

335 4464 569 4532 gerenda
603 4464 927 4534 signiﬁcent.
959 4464 1065 4519 Sed
1095 4463 1173 4519 sic
1212 4463 1529 4533 plerumque
1566 4476 1653 4517 res
1683 4460 1934 4530 quaelibet

336 4574 435 4629 per
472 4559 750 4613 historiam
791 4560 961 4613 virtus
989 4566 1088 4623 est,
1121 4573 1218 4627 per
1247 4557 1695 4625 signiﬁcationem
1725 4554 1881 4624 culpa
1915 4571 1930 4606 :

340 4654 479 4707 sicut
507 4652 796 4720 aliquando
817 4668 905 4707 res
928 4660 1101 4720 gesta,
1128 4652 1180 4705 in
1222 4651 1364 4706 facto
1391 4666 1552 4706 causa
1574 4648 1934 4703 damnationis

342 4753 453 4811 est;
479 4746 532 4799 in
560 4745 763 4812 scripto
793 4754 970 4799 autem
995 4745 1277 4815 prophetia
1304 4744 1536 4799 virtutis.
1568 4742 1727 4810 Quod
1748 4758 1937 4798 verum

342 4840 502 4893 citius
523 4836 901 4901 ostendemus,
929 4837 973 4892 si
996 4852 1159 4890 unum
1185 4852 1351 4892 sacra:
1374 4837 1669 4907 Scriptura:
1691 4838 1941 4892 testimo-

346 4934 494 4988 nium
526 4931 594 4987 ad
619 4938 842 5000 utraque
873 4928 1147 5000 probanda
1170 4930 1527 5000 proferamus.
1552 4928 1682 4995 Quis
1711 4943 1942 4998 namque

348 5027 589 5090 audiens,
619 5040 728 5079 non
751 5023 923 5079 solum
939 5021 1191 5088 ﬁdelium,
1221 5022 1313 5076 sed
1354 5023 1595 5091 ipsorum
1618 5036 1835 5089 quoque
1861 5020 1944 5074 in-

351 5121 605 5187 ﬁdelium,
633 5116 651 5156 ί
676 5134 782 5175 non
813 5118 961 5174 omni
987 5117 1149 5172 modo
1178 5116 1473 5171 detestetur
1501 5115 1646 5184 quod
1674 5114 1862 5179 David,
1889 5114 1944 5167 in

351 5213 549 5270 solario
577 5211 945 5279 deambulans,
969 5209 1235 5266 Bersabee
1283 5207 1423 5264 Uria:
1444 5208 1778 5278 concupiscit
1807 5221 1944 5262 uxo-

429 5384 453 5410 α
494 5373 643 5441 Mss.,
676 5374 976 5440 lacessiunt,
1028 5382 1084 5429 et
1129 5373 1352 5430 inferius
1396 5372 1714 5440 lacessiens,
1766 5387 1830 5427 ac
1873 5370 1952 5427 sic

355 5446 608 5515 deinceps
644 5456 977 5501 constanter.

431 5518 453 5554 ιι
496 5514 610 5570 Huc
630 5526 732 5583 est,
757 5519 825 5569 ad
848 5518 1257 5583 adversundum,‘
1288 5524 1349 5572 ut
1377 5531 1539 5585 supra
1569 5514 1949 5585 explicuimus,

356 5586 449 5641 lib.
484 5603 538 5649 ιι,
558 5602 676 5656 cap.
697 5587 784 5652 51,
812 5606 863 5640 n.
889 5587 1117 5642 5LVide
1147 5590 1307 5643 etiam
1337 5583 1493 5651 infra,
1513 5583 1754 5656 cap.'55,
1783 5602 1838 5639 ιι.
1859 5583 1948 5639 65.

435 5671 455 5695 υ
499 5658 574 5711 lta
607 5672 795 5711 omnes
825 5657 949 5712 Mss.
984 5658 1141 5713 Prius
1169 5660 1451 5727 legebatur
1495 5659 1546 5711 in
1586 5657 1756 5710 Editis
1786 5656 1949 5711 etiam

361 5728 767 5799 vetustioribus.
799 5746 888 5799 per
920 5738 1173 5798 torporem
1198 5732 1425 5789 inertite.
1459 5730 1554 5799 ﬁd.
1589 5729 1770 5783 corda.

433 5798 457 5835 (ι
499 5798 672 5873 (iusst
688 5808 811 5868 post
838 5798 1001 5851 Gilot.
1034 5809 1089 5873 et
1116 5801 1288 5857 Vatic.
1318 5798 1550 5856 dolorem
1579 5802 1710 5873 ejus.

439 5880 463 5908 ο
503 5869 601 5943 Ed.
629 5870 777 5936 Vet.,
801 5886 891 5943 per
913 5871 1192 5943 exercitum
1217 5875 1435 5943 forsitan
1465 5868 1954 5943 sapientiam._Alii,

368 5958 457 6013 per
493 5942 769 5997 excitatam
802 5942 1021 6013 forsitan
1052 5940 1375 6009 sapientiam.
1430 5940 1562 6015 Qua:
1614 5962 1717 6003 vox
1767 5940 1957 5998 ultima

2024 3453 2135 3494 non
2156 3436 2345 3508 possit.
2378 3433 2455 3488 Ac
2484 3433 2527 3487 si
2556 3430 2813 3486 Judaicus
2851 3430 3083 3501 populus
3108 3428 3253 3484 dicat
3285 3446 3299 3482 :
3334 3425 3445 3497 Ego
3468 3442 3625 3482 man-

2023 3537 2150 3594 data
2179 3534 2275 3590 Dei
2301 3534 2355 3589 in
2395 3532 2674 3589 sacriﬁciis
2713 3528 3022 3585 carnalibus
3043 3524 3202 3580 video
3220 3566 3236 3591 ,
3265 3531 3320 3577 et
3349 3521 3527 3577 redire
3555 3518 3625 3576 ad

2024 3625 2413 3683 conscientiam
2439 3638 2537 3694 per
2564 3620 2862 3692 Spiritalem
2885 3615 3296 3684 intelligentiam
3319 3627 3427 3667 non
3450 3609 3624 3679 requi-

2024 3735 2109 3776 ro.
2126 3718 2294 3785 Quasi
2326 3716 2469 3771 enim
2500 3730 2680 3769 arcam
2697 3727 2815 3767 esse
2831 3711 2931 3766 sub
2956 3707 3185 3779 pellibus
3200 3704 3352 3770 dicit,
3371 3703 3463 3772 qui
3489 3714 3628 3770 prato

2026 3818 2185 3878 cepta
2212 3808 2309 3862 Dei
2340 3822 2445 3860 non
2468 3806 2570 3859 nisi
2593 3804 2658 3858 ad
2686 3799 3048 3857 exhibendum
3078 3795 3432 3851 ministerium
3457 3792 3628 3847 sacri-

2028 3898 2136 3955 ﬁcii
2166 3897 2400 3953 carnalis
2448 3895 2712 3963 intelligit.
2746 3892 2903 3946 Hunc
2940 3899 3118 3944 tamen
3156 3888 3319 3942 etiam
3355 3883 3531 3939 redire
3557 3881 3628 3938 ad

2028 3991 2252 4047 domum
2308 3988 2580 4043 nolentem
2633 3982 2798 4039 David
2844 3981 2911 4036 ad
2959 3994 3199 4034 mensam
3254 3984 3445 4041 vocat;
3498 3974 3627 4043 quia

2030 4079 2277 4152 quamvis
2321 4076 2574 4133 Judaicus
2620 4073 2849 4146 populus
2893 4070 2960 4126 ad
3002 4067 3386 4125 conscientiam
3429 4062 3630 4119 reverti

2033 4179 2376 4237 contemnat,
2408 4169 2458 4224 ei
2503 4176 2683 4223 tamen
2725 4165 3059 4235 Redemptor
3110 4160 3330 4217 veniens
3373 4157 3630 4212 mandata

2033 4265 2297 4337 spiritalia
2322 4261 2598 4332 praedicat,
2629 4257 2919 4313 dicens:Si
2944 4255 3217 4310 crederetis
3243 4250 3440 4323 Moysi,
3462 4248 3636 4303 crede-

2034 4360 2161 4413 retis
2192 4357 2415 4427 forsitan
2444 4362 2491 4407 et
2514 4353 2657 4416 mihi,
2693 4350 2755 4404 de
2781 4366 2860 4403 me
2873 4349 3011 4403 enim
3030 4346 3119 4401 ille
3145 4344 3351 4412 scripsit
3382 4341 3632 4414 (Joan.v,

2038 4448 2153 4519 46).
2182 4447 2377 4515 Legem
2408 4446 2588 4514 itaque
2609 4441 2868 4497 Judaicus
2896 4438 3124 4510 populus
3152 4443 3323 4501 tenet,
3371 4447 3490 4502 quae
3518 4430 3637 4498 ejus

2040 4552 2373 4608 divinitatem
2390 4548 2648 4618 loquitur,
2674 4547 2757 4600 cui
2784 4543 2951 4599 isdem
2980 4539 3210 4611 populus
3232 4533 3454 4591 credere
3479 4528 3636 4629 dedi-

2044 4650 2257 4711 gnatur.
2285 4639 2440 4695 Unde
2467 4647 2521 4693 et
2544 4636 2702 4692 Urias
2730 4635 2797 4689 ad
2825 4633 2962 4689 .loab
2984 4645 3108 4686 cum
3138 4624 3398 4696 epistolis,
3422 4636 3490 4675 ex
3516 4624 3638 4687 qui-

2048 4747 2152 4803 bus
2178 4743 2349 4800 occidi
2380 4741 2593 4807 debeat,
2624 4737 2876 4801 mittitur,
2910 4734 3034 4802 quia
3062 4730 3203 4784 idem
3239 4728 3354 4797 ipse
3380 4722 3637 4779 Iudaicus

2050 4838 2281 4911 populus
2336 4836 2507 4904 legem
2555 4838 2751 4903 portat,
2786 4843 2891 4899 qua
2943 4823 3300 4880 convincente
3348 4819 3633 4874 moriatur.

2050 4935 2189 4989 Dum
2218 4930 2362 4985 enim
2391 4927 2642 4982 mandata
2683 4923 2818 4992 legis
2841 4921 3082 4975 retinens
3112 4916 3336 4988 implere
3365 4914 3638 4980 renititur,

2053 5026 2170 5095 ipse
2190 5023 2437 5077 nimirum
2478 5018 2650 5073 defert
2684 5014 2943 5085 judicium
2972 5011 3114 5067 unde
3152 5011 3457 5065 damnetur.
3502 5005 3643 5073 Quid

2053 5129 2183 5185 ergo
2225 5128 2322 5182 per
2371 5112 2570 5166 factum
2612 5106 2751 5163 istud
2789 5103 2956 5160 David
3001 5103 3314 5161 scelestius?
3341 5101 3468 5173 quid
3516 5097 3645 5153 Uria

2060 5206 2313 5264 mundius
2360 5205 2466 5261 dici
2500 5202 2714 5274 potest?
2741 5196 2847 5255 Sed
2893 5212 3108 5266 rursus,
3153 5210 3251 5268 per
3294 5193 3645 5267 mysterium,

2062 5366 2331 5425 redundat
2356 5372 2410 5419 et
2439 5359 2806 5433 abestaMss.
2971 5429 2982 5433 _
3100 5430 3113 5433 _
3320 5423 3332 5433 ι
3410 5428 3423 5433 Α
3495 5418 3542 5433 η

2143 5418 2307 5493 2Illic
2330 5418 2619 5500 Giussanv”
2650 5431 2931 5499 abjiciens,
2954 5429 3070 5502 hoc
3088 5430 3283 5502 factum
3302 5423 3459 5502 juxta
3487 5418 3650 5502 histo-

2066 5489 2227 5575 riam,
2258 5489 2440 5561 monet
2467 5506 2581 5577 hcce
2602 5489 2832 5573 quaiuor
2855 5489 3017 5554 verba
3044 5489 3651 5577 tleessein’quibus‘darn

2067 5559 2487 5649 exemp—laribus.
2523 5575 2598 5629 Ea
2620 5559 2734 5629 ἰιοη
2766 5575 3118 5649 occurrerunt
3144 5565 3245 5649 nisi
3274 5559 3649 5649 infunodC‘olAb.

2062 5629 2464 5718 ιζ’ξῶὲὲἕέίιᾶιῖέ
2489 5662 2596 5703 non
2621 5659 2837 5715 semper
2859 5654 3016 5711 puro.
3040 5637 3241 5692 Desunt
3264 5634 3426 5690 etiam
3449 5631 3502 5687 in
3525 5629 3655 5686 Yet.

2062 5721 2211 5778 Edit.

2140 5772 2394 5856 ἷῖὶίιοῑη
2425 5790 2638 5854 vitiose,
2670 5788 2753 5842 lea:
2773 5799 2903 5839 mea.
2927 5780 3213 5858 Classem”
3242 5777 3334 5832 tua:
3353 5790 3467 5858 mea
3491 5772 3653 5839 Deus,

2064 5882 2166 5937 pro
2206 5863 2327 5937 Dei,
2380 5850 2441 5918 ut
2467 5850 2669 5917 habent
2717 5869 2907 5916 omnes
2957 5850 3078 5908 libri
3127 5859 3237 5907 tam
3280 5850 3469 5920 scripti
3492 5859 3656 5919 quam

2068 5936 2254 5995 excusi
