4180 6468
614 393 717 454 62³1

1822 402 2070 460 SANCTl
2111 401 2440 460 GREGORII
2480 402 2694 460 MAGNI

3797 405 3902 462 69.8

613 506 744 582 quid
775 507 942 566 David
964 517 987 547 δ
1009 511 1272 580 sanctius,
1296 511 1424 584 quid
1455 511 1584 569 Uria
1616 511 1883 571 inﬁdelius
1914 517 2206 585 invenitur,
2237 529 2286 590 Α
2319 516 2458 572 cussi
2481 530 2611 587 ergo
2641 524 2778 572 testa
2795 514 3270 584 saniemradimus,
3289 529 3412 574 cum
3425 524 3549 588 post
3571 519 3902 594 pollutiones

612 597 826 674 quando
857 608 911 656 et
953 601 1064 671 ille,
1109 619 1208 675 per
1236 604 1358 659 vitae
1389 605 1624 677 culpam,
1655 606 1683 646 δ
1715 607 1768 662 in
1817 610 2098 680 prophetia
2129 610 2204 665 si-

607 699 737 763 gnat
770 694 1169 763 innocentiam;
1198 705 1254 751 et
1281 697 1403 764 iste,
1438 715 1534 769 per
1566 701 1686 756 vitae
1717 700 2102 770 innocentiam,
2148 705 2202 759 in

601 777 893 864 prophetia
924 791 1180 862 exprimit
1200 791 1454 862 culpam?
1480 793 1598 849 Non
1630 809 1759 864 ergo
1785 796 2076 865 incongrue
2106 813 2202 870 per

608 887 674 934 e‘a
695 894 816 948 qua:
834 879 973 938 bene
1000 882 1069 937 ah
1091 882 1395 942 amicisJob
1418 894 1568 953 gesta
1592 895 1739 955 sunt,
1768 887 1906 940 male
1934 887 2000 940 ab
2027 887 2202 942 haere-

606 972 730 1029 ticis
757 975 993 1045 gerenda
1035 973 1338 1045 signantur,
1373 977 1501 1032 dum
1529 979 1700 1034 virtus
1728 981 1866 1035 sacri
1896 980 2094 1049 eloquii
2122 981 2201 1036 sic

605 1071 877 1119 transacta
921 1074 1125 1132 narrat,
1176 1075 1236 1122 ut
1264 1077 1491 1123 ventura
1521 1070 1822 1139 exprimat;
1857 1070 1933 1124 sic
1973 1070 2025 1124 in
2057 1069 2198 1126 facto

602 1169 719 1210 rem
751 1156 1032 1226 approbat,
1065 1167 1123 1213 ut
1149 1159 1198 1214 ei
1220 1159 1273 1214 in
1305 1160 1562 1231 mysterio
1595 1161 1962 1226 contradicat;
1995 1163 2071 1217 sic
2101 1176 2196 1232 ge-

602 1251 684 1300 sta
713 1243 954 1314 damnat,
988 1257 1045 1302 ut
1071 1249 1185 1304 haec
1213 1252 1437 1322 mystice
1469 1251 1704 1320 gerenda
1738 1254 2088 1322 persuadeat.

674 1333 876 1390 Sensus
907 1352 1151 1393 MORALIS.
1183 1372 1253 1382 —
1277 1339 1422 1413 [νει.
1457 1339 1675 1413 XXII].
1713 1339 1797 1395 56.
1831 1341 1934 1396 Cur
1955 1344 2194 1398 diabolus

600 1427 882 1499 aliquando
904 1446 935 1482 a
956 1433 1238 1485 tentatione
1258 1433 1754 1504 quiescat.—lgitur
1777 1436 1899 1505 quia
1925 1435 2194 1504 allegorice

597 1519 852 1590 mysteria
902 1521 1245 1576 membratim
1293 1523 1595 1580 enodantes
1643 1526 1995 1596 explevimus,
2048 1541 2193 1581 nunc

594 1611 917 1669 moralitatis
948 1614 1358 1684 intelligentiam
1390 1619 1586 1688 raptim
1615 1628 1898 1687 tangentes
1925 1635 2192 1688 exsequa-

594 1718 733 1758 mur.
769 1703 856 1762 Ad'
885 1706 1200 1762 obscuriora
1230 1709 1432 1780 quippe
1462 1710 1776 1796 disserenda
1806 1726 1962 1766 mens
1991 1725 2191 1781 prope-

592 1805 707 1863 rat;
755 1805 811 1852 et
840 1798 885 1852 si
914 1800 1113 1871 apertis
1143 1800 1233 1856 diu
1279 1802 1589 1872 involvitur,
1624 1805 1828 1870 clausa,
1861 1813 1918 1859 ut
1966 1805 2188 1875 dignum

2307 607 2650 676 cogitationis
2672 607 2898 673 illicitae,
2926 607 3287 678 nosmetipsos
3324 622 3517 678 aspere
3551 607 3900 679 dijudieanalo

2306 705 2645 758 mundamus.
2699 702 2885 758 Potest
2915 704 3080 757 etiam
3130 711 3266 757 testa
3297 701 3557 772 fragilitas
3589 696 3896 760 mortalita-

2305 796 2373 849 tis
2407 796 2650 865 intelligi.
2680 794 2841 851 Testa
2873 812 3000 865 ergo
3026 797 3229 852 saniem
3261 798 3548 866 mundare,
3582 808 3663 851 est
3695 811 3898 854 morta-

2302 886 2471 941 litatis
2505 903 2720 942 cursum
2774 887 3227 956 fragilitatemque
3271 904 3521 958 pensare,
3569 898 3623 943 et
3653 892 3897 962 putredi-

2305 996 2428 1035 netn
2460 982 2667 1036 miserae
2691 981 3065 1038 delectationis
3092 982 3422 1050 abstergere.
3455 982 3587 1037 Nam
3611 985 3738 1037 dum
3760 987 3899 1056 quis-

2304 1091 2408 1143 quc
2441 1076 2778 1141 considerat,
2810 1091 2969 1144 quam
3015 1077 3175 1132 citius
3213 1092 3340 1132 caro
3381 1076 3448 1131 ad
3488 1078 3766 1144 pulverem
3807 1094 3895 1131 re-

2303 1167 2449 1234 deat,
2484 1168 2673 1224 festiue
2703 1177 2924 1237 superat
2973 1168 3096 1233 hoc,
3129 1168 3272 1238 quod
3327 1183 3385 1223 se
3427 1167 3495 1222 de
3537 1183 3700 1223 carne
3752 1168 3896 1223 intus

2303 1259 2533 1328 turpiter
2578 1258 2878 1326 impugnat.
2913 1256 3044 1311 Cum
3088 1272 3217 1326 ergo
3263 1273 3330 1311 ex
3375 1257 3694 1312 tentatione-
3730 1273 3893 1328 prava

2302 1359 2538 1404 mentem
2562 1351 2821 1419 cogitatio
2855 1348 3048 1414 inlinit,
3081 1350 3235 1420 quasi
3261 1366 3328 1404 ex
3348 1349 3571 1403 vulnere
3601 1350 3778 1404 sanies
3801 1350 3895 1404 de-

2300 1445 2486 1499 currit.
2515 1443 2622 1499 Sed
2646 1444 2804 1498 citius
2827 1445 3005 1500 sanies
3038 1445 3284 1512 tergitur,
3307 1444 3349 1498 si
3377 1444 3428 1498 in
3456 1443 3894 1501 consideratione

2299 1545 2484 1592 nostra
2514 1537 2773 1606 fragilitas
2799 1537 2950 1606 quasi
2980 1537 3032 1590 in
3064 1552 3225 1590 manu
3260 1544 3395 1590 testa
3427 1545 3689 1590 teneatur.

2371 1628 2456 1683 59.
2494 1629 2845 1700 Cagitationes
2875 1647 3053 1698 prava:
3082 1647 3184 1683 non
3215 1638 3333 1684 sunt
3358 1628 3893 1700 spernenda—Ne-

2297 1738 2400 1792 que
2421 1723 2563 1776 enim
2586 1724 2733 1792 parvi
2756 1721 3036 1793 pendenda
3059 1733 3185 1776 sunt
3206 1737 3343 1791 qum,
3369 1722 3615 1791 quamvis
3639 1736 3807 1790 usque
3827 1721 3890 1774 ad

2295 1813 2545 1868 elleatum
2578 1831 2684 1869 non
2707 1815 3048 1885 pertrahunt,
3077 1824 3258 1869 tamen
3291 1815 3538 1868 illicitein
3565 1823 3746 1869 mente
3771 1831 3891 1870 ver-

593 1897 696 1954 est,
732 1888 945 1958 pulsare
975 1891 1323 1963 prmpeditur.
1353 1893 1507 1965 Saepe
1535 1896 1787 1967 antiquus
1826 1896 1996 1952 hostis
2027 1906 2176 1968 post-

2293 1914 2496 1959 santur.
2530 1905 2665 1962 Hinc
2685 1916 2766 1960 e:t
2795 1907 2939 1975 quod
2967 1907 3119 1977 quasi
3165 1921 3195 1959 a
3219 1906 3526 1960 vulneribus
3558 1903 3838 1976 Redemptt
3862 1923 3889 1960 r

589 1992 750 2048 quam
783 1982 949 2036 menti
981 1993 1181 2038 nostra:
1208 1987 1572 2042 tentationum
1600 1999 1876 2044 certamen
1908 1987 2184 2060 inﬂixerit,

589 2070 658 2126 ab
688 2071 806 2142 ipso
856 2089 956 2130 suo
1003 2078 1300 2133 certamine
1325 2079 1392 2134 ad
1444 2088 1656 2151 tempus
1686 2080 1922 2147 recedit;
1969 2098 2075 2137 non
2127 2090 2186 2136 ut

586 2162 806 2219 malitiae
837 2162 997 2221 finem
1038 2167 1295 2237 prtebeat,
1330 2169 1425 2226 sed
1456 2179 1514 2226 ut
1541 2171 1709 2227 corda
1738 2187 1856 2242 quae
1887 2188 1980 2243 per
2027 2173 2182 2240 quie-

587 2260 696 2308 tem
721 2270 910 2312 secura
937 2258 1256 2325 reddiderit,
1286 2272 1513 2332 repente
1537 2264 1755 2321 rediens
1783 2266 1992 2321 facilius
2017 2267 2186 2338 inopi-

588 2353 747 2401 natus
777 2347 1063 2418 irrumpat.
1088 2349 1224 2407 Hinc
1254 2353 1498 2424 estquod
1526 2355 1592 2409 ad
1623 2355 1939 2410 tentandum
1965 2357 2183 2414 beatum

584 2435 760 2491 virum
786 2437 981 2494 iterum
1009 2441 1170 2511 redit,
1203 2443 1430 2514 ejusque
1459 2447 1732 2504 cruciatus
1763 2448 1985 2517 expetit,
2019 2463 2180 2517 quem

587 2536 768 2584 tamen
795 2530 845 2586 ei
871 2545 1104 2601 superna
1135 2533 1312 2604 pietas
1340 2539 1623 2592 retinendo
1650 2540 1921 2608 concedit,
1955 2539 2135 2596 dicens
2162 2560 2175 2594 :

1147 2623 1378 2680 CAPUT
1419 2626 1608 2682 XXIX.

654 2708 818 2790 Yens.
852 2711 905 2767 6.
939 2745 1008 2755 —
1031 2713 1165 2771 Ecce
1180 2718 1235 2771 in
1261 2735 1416 2772 manu
1442 2730 1530 2773 tua
1565 2731 1674 2790 est,
1708 2730 1909 2776 tantum
1945 2725 2179 2780 animam

585 2778 733 2835 illius
757 2799 923 2838 serva.

654 2868 744 2926 57.
777 2871 1099 2950 Quandoque
1129 2877 1271 2933 Deus
1300 2897 1394 2936 nos
1425 2881 1618 2934 deserit
1646 2892 1701 2934 ut
1730 2886 2006 2939 custodiat.
2042 2884 2176 2940 Ten-

579 2964 708 3017 tatio
736 2966 800 3034 ﬁt
821 2967 966 3022 salua
996 2971 1191 3038 anima,
1224 2973 1314 3025 ubi
1341 2987 1560 3044 negatur
1589 2990 1868 3029 consensus
1889 3015 1901 3027 .
1933 2975 2175 3031 Delecta-

580 3057 737 3112 tionis
758 3069 929 3116 tamen
951 3064 1134 3118 uulnus
1156 3066 1461 3136 paenitentia
1483 3068 1959 3123 curandum—Sit-
1974 3071 2176 3142 quippe

577 3147 670 3203 ille
697 3165 798 3206 nos
819 3153 1041 3221 'deserit,
1077 3164 1135 3210 ut
1171 3157 1475 3222 custodiat;
1510 3159 1588 3212 sic
1619 3161 1876 3228 custodit,
1911 3170 1967 3218 ut
1996 3171 2174 3216 tamen

577 3245 846 3323 permisso
890 3250 1205 3305 teutationis
1234 3253 1466 3306 articulo
1494 3255 1604 3323 96
1647 3262 1846 3308 statum
1882 3257 2035 3310 nobis
2076 3273 2174 3311 no-

573 3342 706 3388 strae
733 3336 1063 3395 inﬁrmitatis
1107 3342 1383 3397 ostendat.
1419 3344 1521 3410 Qui
1550 3361 1678 3400 mox
1709 3362 1739 3400 a
1787 3346 1924 3402 facie
1957 3349 2170 3404 Domini

572 3423 728 3486 exiit,
762 3433 927 3494 atque
956 3443 987 3482 a
1021 3428 1207 3497 planta
1235 3432 1388 3500 pedis
1433 3449 1605 3502 usque
1629 3436 1695 3490 ad
1721 3439 1978 3493 verticem
2010 3455 2167 3495 acce-

570 3520 726 3582 ptum
756 3513 1005 3574 feriendo
1036 3520 1358 3599 vulneravit,
1388 3524 1516 3594 quia
1555 3526 1805 3582 nimirum
1838 3544 1961 3583 cum
1991 3529 2168 3584 licen-

573 3606 706 3662 tiam
760 3609 1021 3681 percipit,
1073 3628 1105 3666 a
1154 3614 1386 3672 minimis
1439 3617 1731 3687 incipiens,
1783 3628 1948 3690 atque
2000 3638 2176 3692 usque

570 3700 639 3753 ad
695 3700 901 3770 majora
954 3704 1294 3776 perveniens,
1339 3710 1492 3778 quasi
1521 3726 1685 3766 omne
1717 3723 1739 3750 α
1771 3727 1968 3782 corpus
2017 3730 2171 3768 tuen-

569 3790 639 3846 tis
691 3793 856 3850 illatis
907 3797 1300 3854 tentationibus
1361 3799 1649 3858 laceranda
1701 3803 1984 3873 transligit.
2061 3804 2170 3861 Sed

566 3891 752 3942 tamen
777 3889 844 3943 ad
874 3891 1112 3946 animam
1141 3890 1386 3949 feriendo
1429 3911 1538 3950 non
1569 3897 1854 3965 pervenit,
1880 3899 2006 3967 quia
2035 3915 2172 3954 cun-

565 3980 670 4036 ctis
696 3983 1117 4052 cogitationibus
1143 3987 1392 4054 interior,
1440 3988 1582 4044 inter
1611 3989 1729 4060 ipsa
1756 3991 1980 4045 vulnera
2018 3990 2168 4046 dele-

564 4074 867 4129 ctationum
897 4093 1017 4146 quae
1036 4079 1285 4148 suscipit,
1311 4082 1495 4136 arcani
1525 4083 1789 4151 prepositi
1821 4083 2048 4138 intentio
2080 4100 2168 4138 re.

561 4162 735 4233 sisitit;
769 4175 828 4221 ut
855 4172 1104 4236 quamvis
1147 4172 1440 4228 delectatio
1471 4183 1708 4230 mentem
1739 4178 2006 4242 mordeat,
2036 4178 2166 4232 deli-

560 4253 899 4313 berationem
927 4268 1108 4316 tamen
1137 4274 1338 4320 sancta:
1367 4266 1713 4321 rectitudinis
1744 4283 1916 4337 usque
1946 4269 2012 4322 ad
2041 4286 2161 4324 con-

561 4361 759 4404 sensus
803 4351 1084 4408 mollitiem
1115 4371 1224 4410 non
1256 4356 1520 4414 inﬂectat.
1552 4357 1823 4414 Debemus
1857 4369 2034 4415 tamen
2069 4378 2166 4432 per

561 4441 910 4512 asperitatem
954 4446 1289 4514 poenitentiae
1338 4449 1454 4517 ipsa
1483 4450 1906 4507 delectationum
1940 4455 2160 4510 vulnera

559 4541 806 4606 tergere,
837 4545 895 4592 et
932 4552 1164 4594 censum
1189 4540 1545 4598 districtionis
1590 4543 1794 4611 rigidae,
1827 4546 1870 4599 si
1901 4546 2030 4616 quid
2059 4546 2159 4600 lluo

557 4641 690 4682 xum
719 4636 936 4684 emanat
980 4631 1036 4686 in
1078 4632 1427 4703 cogitatione,
1481 4636 1763 4692 mundare.
1818 4636 1970 4692 Unde
2018 4641 2159 4695 bene

559 4733 690 4775 mox
709 4721 976 4789 subditur,

941 4817 1173 4875 CAPUT
1203 4818 1350 4875 xxx
1376 4820 1528 4892 [Rec.
1562 4821 1780 4891 xvm.

629 4928 795 4986 Vens.
827 4931 881 4986 8.
914 4963 984 4974 —
1015 4933 1150 5000 Quia
1169 4945 1298 4990 testa
1318 4939 1518 4991 saniem
1548 4937 1782 4991 radebat.

631 5021 720 5076 58.
768 5022 905 5088 Quia
947 5034 1080 5081 testa
1110 5029 1311 5082 saniem
1347 5029 1534 5083 radere
1562 5038 1638 5083 est
1676 5046 1729 5081 se
1740 5027 2032 5096 judicando
2052 5032 2166 5100 fra-

554 5113 908 5183 gilitatemque
934 5133 1082 5172 suam
1108 5120 1506 5190 contemplanda
1534 5129 1799 5190 peccatum
1828 5137 2072 5190 purgare.
2092 5153 2163 5165 —

551 5203 695 5272 Quid
725 5206 866 5262 enim
884 5223 982 5278 per
1001 5217 1213 5275 testam,
1229 5211 1888 5282 nisijvigordistrictionis;
1921 5213 2046 5280 quid
2066 5227 2164 5281 per

553 5297 786 5369 saniem,
810 5299 1106 5359 nisiﬂuxus
1123 5303 1325 5360 illicitae
1352 5303 1695 5373 cogitationis
1723 5304 2008 5372 accipitur?
2025 5303 2157 5360 Per-

624 5430 756 5522 λΙὲ
777 5432 944 5522 duob.
978 5435 1208 5522 Remigz,
1232 5437 1628 5522 duobﬂlhgrp.
1661 5443 1715 5490 et
1742 5436 1905 5522 Corb.
1939 5437 2149 5505 Germ.,

553 5502 678 5576 quid
706 5502 877 5559 David
898 5510 1116 5562 sacrius.
1138 5502 1336 5563 Melius
1380 5507 1498 5561 Val.
1527 5507 1631 5574 CL,
1655 5509 1930 5562 sacratius.
2135 5502 2141 5505 ’

567 5643 585 5659 1
625 5572 653 5659 ξ’
691 5573 768 5659 Ita
792 5577 975 5646 plures
1003 5587 1066 5659 et.
1085 5579 1324 5659 melioris
1352 5586 1492 5632 notae
1514 5577 1662 5659 Mss,
1689 5579 1852 5659 Gilot.
1885 5588 1939 5659 et
1959 5579 2141 5644 Guss.,

545 5643 810 5722 detracta
840 5650 1220 5722 praepositione
1248 5650 1323 5722 in,
1373 5643 1844 5722 proAp/ietirefising.
1896 5643 2148 5722 innocené

556 5715 711 5788 t_iam;
767 5715 855 5772 cui
905 5715 1028 5774 lect.
1064 5720 1243 5773 favent
1270 5715 1394 5773 Mss.
1443 5719 1632 5788 Corb.,
1663 5715 1870 5786 Genu,
1909 5720 2062 5776 Colb.
2095 5731 2150 5774 et

554 5783 714 5862 R_eg._,
743 5789 796 5842 in
823 5789 1019 5862 quibus
1048 5790 1246 5862 legitur
1272 5791 1572 5862 prop/retice,
1620 5783 1866 5847 fortasse
1885 5809 1984 5862 pro
2027 5809 2150 5859 pro—
2177 5839 2182 5845 .

536 5858 771 5926 τήρησον,
805 5860 948 5927 quod
979 5861 1178 5914 habent
1204 5858 1278 5928 pl;
1307 5858 1431 5918 Mss.

630 5939 651 5966 ε
694 5928 951 5984 Mendose
977 5931 1171 6001 legitur
1195 5934 1244 5987 in
1275 5933 1431 5990 ϐιιςς.
1479 5955 1680 6009 corpus,
1715 5933 1894 5989 menti.
1948 5932 2152 6002 Legen-

2293 2006 2479 2051 noster
2508 1998 2710 2052 saniem
2743 1997 2933 2051 radere
2959 2006 3203 2062 venerat,
3227 2012 3345 2050 cum
3377 1995 3588 2050 dicebat
3615 2014 3627 2048 :
3655 1996 3887 2051 Audistis

2291 2089 2410 2158 quia
2449 2091 2640 2142 dictum
2669 2098 2746 2143 est
2777 2091 3046 2162 antiquis:
3073 2087 3198 2143 Non
3229 2087 3582 2143 mwcltaberis.
3636 2087 3750 2160 Ego
3782 2106 3878 2141 aa-

2292 2189 2391 2234 tem
2423 2182 2538 2235 dico
2570 2181 2708 2236 vobis
2741 2182 2875 2253 quod
2904 2183 2950 2235 si
2978 2181 3090 2255 quis
3118 2182 3298 2236 viderit
3340 2181 3608 2236 mulierem
3649 2182 3718 2234 ad
3757 2199 3884 2236 con-

2291 2273 2654 2343 cupiscendum
2683 2291 2816 2339 eam,
2843 2274 2958 2345 jam
2987 2275 3267 2329 moechatus
3291 2285 3365 2328 est
3395 2292 3508 2329 eam
3531 2277 3582 2328 in
3608 2276 3763 2329 corde
3790 2293 3882 2331 suo

2291 2361 2505 2434 (Matth.
2524 2381 2574 2429 v,
2598 2363 2712 2434 27).
2739 2365 2928 2420 Sanies
2959 2367 3141 2435 itaque
3171 2367 3416 2436 tergitur,
3441 2383 3562 2422 cum
3589 2369 3745 2438 culpa
3775 2385 3882 2422 non

2289 2455 2464 2510 solum
2493 2455 2560 2510 ab
2593 2471 2776 2526 opere,
2812 2457 2904 2512 sed
2938 2460 3098 2512 etiam
3133 2473 3162 2512 a
3206 2458 3533 2528 cogitatione
3580 2468 3877 2515 resecatur.

2289 2545 2425 2599 llinc
2448 2555 2547 2612 est,
2578 2547 2722 2616 quod
2751 2544 2774 2583 ἀ
2802 2544 3052 2602 Jerobaal
3081 2565 3201 2604 cum
3236 2564 3265 2602 a
3297 2550 3465 2617 paleis
3495 2547 3762 2606 frumenta
3795 2566 3882 2605 ex-

2288 2647 2520 2707 cuteret,
2551 2640 2803 2708 angelum
2834 2641 2988 2706 vizlit,
3015 2642 3082 2698 ad
3114 2641 3267 2712 cujus
3299 2643 3586 2713 imperium
3634 2643 3880 2714 protinus

2285 2731 2496 2785 haedum
2529 2732 2691 2797 coxit,
2717 2748 2876 2802 quem
2904 2750 3067 2804 super
3096 2742 3306 2804 petram
3338 2735 3536 2804 posuit,
3563 2747 3618 2790 et
3642 2735 3730 2804 jus
3760 2751 3878 2790 car-

2285 2822 2434 2874 nium
2464 2824 2695 2892 desuper
2724 2821 2940 2890 ell'udit;
2973 2840 3092 2894 qua:
3132 2825 3352 2891 angelus
3382 2826 3528 2894 virga
3563 2827 3752 2895 tetigit,
3787 2843 3877 2882 ea-

2284 2928 2391 2983 que
2422 2916 2558 2978 ignis
2584 2919 2770 2972 exiens
2797 2917 2863 2972 de
2897 2928 3047 2988 petra
3086 2919 3421 2989 consumpsit
3471 2919 3626 2988 (Jud.
3653 2937 3734 2984 vr,
3774 2921 3876 2986 ll,

2287 3007 2518 3078 12,19).
2552 3009 2690 3078 Quid
2741 3020 2823 3065 est
2871 3014 3011 3066 enim
3066 3013 3396 3068 frumentum
3449 3013 3596 3081 virga
3646 3011 3876 3081 exedere,

2286 3103 2383 3156 nisi
2422 3104 2750 3158 rectitudine
2775 3105 2984 3174 judicii,
3035 3123 3064 3161 a
3112 3107 3363 3161 vitiorum
3418 3107 3586 3176 paleis
3613 3109 3873 3162 virtutum

2283 3207 2446 3262 grana
2474 3199 2763 3266 separare?
2793 3199 2897 3252 Sed
2928 3199 3042 3254 hiBC
3069 3201 3351 3267 agentibus
3374 3201 3591 3267 angelux
3623 3211 3870 3270 apparet,

2208 3299 2255 3360 ρ
2290 3285 2412 3352 quia
2446 3295 2597 3341 tanto
2620 3288 2790 3356 magis
2815 3289 3072 3344 Dominus
3095 3291 3355 3345 interiora
3380 3291 3682 3356 denuntiat,
3711 3311 3876 3362 quan-

2285 3385 2338 3430 to
2385 3394 2443 3431 se
2490 3380 2780 3434 studiosius
2826 3382 3071 3436 homines
3117 3385 3184 3437 ab
3214 3383 3572 3439 exterioribus
3617 3396 3870 3455 purgant.

2281 3467 2384 3535 Qui
2414 3470 2587 3523 occidi
2621 3471 2828 3525 haedum
2874 3475 3134 3544 prmcipit,
3170 3475 3222 3528 id
3264 3483 3365 3541 est,
3412 3491 3627 3530 omnem
3662 3480 3872 3547 appeti-

2279 3567 2392 3614 tum
2427 3569 2622 3614 nostra:
2645 3563 2822 3616 carnis
2844 3563 3132 3629 immolari,
3161 3581 3451 3634 carnesque
3474 3580 3636 3635 super
3660 3577 3873 3636 petram

2278 3651 2429 3720 poni,
2462 3659 2516 3705 et
2539 3652 2626 3720 jus
2656 3655 2901 3708 carnium
2933 3655 3166 3726 desuper
3193 3654 3358 3709 fundi.
3392 3656 3560 3722 Quem
3606 3657 3770 3710 alium
3802 3659 3876 3710 si-

2279 3752 2408 3812 gnat
2439 3754 2612 3814 petra.
2665 3747 2764 3800 nisi
2794 3762 2936 3810 eum,
2973 3747 3040 3802 de
3085 3764 3194 3816 quo
3245 3763 3340 3816 per
3381 3747 3602 3802 Paulum
3630 3748 3871 3803 dicitur:

2279 3833 2438 3890 Petra
2467 3848 2636 3891 autem
2669 3848 2781 3892 erat
2807 3839 3043 3893 Christus
3079 3839 3130 3909 (I
3157 3840 3278 3895 Cor.
3309 3858 3340 3894 x
3360 3884 3373 3908 ,
3406 3839 3483 3909 4).
3509 3839 3713 3895 Carnes
3743 3857 3870 3910 ergo

2277 3943 2441 3997 super
2471 3939 2675 3996 petram
2706 3930 2976 3999 ponimus,
3003 3947 3122 3985 cum
3157 3949 3354 4000 corpus
3381 3941 3621 3987 nostrum
3650 3935 3701 3986 in
3723 3933 3870 3986 Chri-

2275 4017 2344 4070 sti
2380 4018 2679 4072 imitatione
2703 4021 3026 4074 cruciamus.
3059 4019 3154 4074 .lus
3184 4023 3348 4075 etiam
3376 4024 3615 4077 carnium
3641 4024 3868 4091 desuper

2274 4106 2466 4170 fundit,
2501 4110 2592 4177 qui
2627 4110 2675 4162 in
2707 4112 3122 4165 conversatione
3151 4109 3350 4165 Christi
3378 4114 3517 4182 ipsas
3556 4129 3584 4166 a
3619 4129 3676 4166 se
3707 4116 3864 4166 etiam

2273 4201 2520 4255 carnales
2557 4201 2913 4269 cogitationes
2945 4203 3204 4257 exiuanit.
3243 4213 3265 4240 ο
3291 4203 3453 4270 Quasi
3487 4206 3630 4258 enim
3674 4206 3760 4270 jus
3800 4222 3862 4259 ex

2271 4307 2434 4346 carne
2464 4292 2663 4360 liquida
2699 4293 2748 4345 in
2777 4303 2985 4362 petram
3019 4294 3276 4359 funditur,
3305 4297 3522 4364 quando
3568 4312 3718 4351 mens
3751 4307 3800 4351 et
3834 4312 3863 4350 a

2269 4385 2654 4451 cogitationum
2686 4386 2982 4440 carnalium
3012 4386 3160 4440 ﬂuxu
3195 4399 3474 4443 vacuatur.
3530 4390 3660 4457 Quae
3690 4401 3862 4445 tamen

2269 4492 2395 4530 mox
2428 4477 2650 4544 angelus
2681 4478 2786 4547 9'7
2817 4479 2968 4546 virga
2992 4480 3181 4546 tangit,
3228 4482 3350 4549 quia
3379 4482 3735 4536 intentionem
3766 4500 3863 4536 no-

2267 4576 2432 4620 stram
2463 4583 2803 4639 nequaquam
2853 4580 3094 4637 potestas
3139 4572 3305 4625 divini
3339 4573 3593 4642 adjutorii
3643 4573 3859 4628 deserit.

2190 4683 2246 4744 Ῑ)
2272 4659 2346 4712 De
2367 4669 2518 4728 petra
2544 4669 2722 4715 autem
2746 4661 2882 4729 ignis
2898 4663 3030 4730 exit,
3060 4673 3114 4717 et
3135 4665 3222 4732 jus
3247 4681 3550 4734 carnesque
3573 4667 3865 4731 consumit,

2269 4754 2393 4822 quia
2437 4755 2648 4809 uitiatus
2683 4772 2712 4809 a
2761 4756 3122 4826 Redemptore
3170 4760 3407 4830 spiritus,
3461 4771 3605 4816 tanta
3633 4778 3731 4818 cor
3777 4779 3866 4816 no-

2270 4857 2438 4900 strum
2473 4847 2686 4902 flamma
2742 4851 3178 4918 compunctionis
3207 4864 3545 4920 concremat,
3595 4862 3655 4909 nt
3703 4871 3864 4910 omne

2271 4940 2414 5004 quod
2439 4939 2489 4992 in
2521 4954 2586 4993 eo
2617 4947 2700 4994 est
2725 4940 2970 4995 illicitum
3004 4951 3058 4996 et
3087 4947 3268 5012 operis
3291 4955 3348 5001 et
3387 4947 3732 5015 cogitationis
3775 4965 3864 5004 ex-

2275 5041 2410 5084 urat.
2444 5031 2598 5099 Quod
2625 5049 2755 5101 ergo
2785 5037 2893 5090 illic
2923 5048 3008 5090 est
3032 5037 3119 5105 jus
3146 5040 3199 5093 in
3233 5049 3438 5108 petram
3467 5041 3711 5108 fundere,
3760 5044 3863 5099 hoc

2273 5132 2354 5176 est
2385 5123 2471 5176 hic
2513 5126 2716 5179 saniem
2747 5135 2882 5181 testa
2922 5129 3206 5185 mundare.
3259 5129 3504 5187 Perfecta
3530 5133 3674 5187 enim
3708 5150 3861 5189 mens

2269 5214 2502 5270 solerter
2524 5217 2784 5286 invigilat,
2833 5220 3025 5274 ut-non
3069 5218 3244 5276 Solum
3287 5237 3543 5290 perversa
3573 5239 3738 5293 agere
3768 5243 3859 5280 re.-

2270 5319 2420 5376 nuat,
2448 5310 2542 5365 sed
2586 5326 2747 5365 omne
2794 5313 2956 5367 etiam
2989 5314 3132 5382 quod
3179 5315 3229 5367 in
3260 5330 3319 5369 se
3360 5331 3455 5384 per
3496 5318 3860 5385 cogitationes

2261 5446 2386 5499 dum
2413 5465 2596 5525 corpus
2622 5451 2827 5525 mentis,
2877 5450 3018 5518 quod
3051 5451 3202 5525 apud
3248 5450 3563 5525 Gregorium
3594 5453 3860 5525 significat

2260 5534 2472 5591 omnem
2525 5518 2834 5575 facultatum
2897 5518 3108 5575 mentis
3147 5538 3210 5577 ac
3273 5518 3671 5591 cogitationum
3708 5543 3861 5581 corn-

2252 5590 2579 5656 plexionem.

2327 5658 2350 5695 ἀ
2393 5661 2564 5714 Vatic.
2598 5670 2653 5713 et
2675 5660 2854 5724 Guss.,

2331 5742 2351 5766 υ
2395 5730 2660 5808 Qorrupte
2715 5731 2987 5808 gloriae,
3018 5734 3224 5808 Germ.,
3277 5737 3460 5808 Corb.,
3520 5739 3672 5808 quasi
3721 5741 3860 5793 enim

2258 5818 2382 5882 τρε..
2409 5801 2468 5882 in
2508 5802 2700 5882 Vatia,
2728 5801 2915 5865 Gilot.,
2949 5802 3132 5872 Guss.,
3187 5807 3379 5874 legitur
3435 5801 3708 5879 liquidum,
3758 5825 3857 5882 pro

2256 5872 2472 5941 liquida,
2509 5874 2713 5928 scilicet
2789 5894 2963 5931 carne.

2910 5679 3005 5730 pro
3049 5663 3322 5730 Jerolmal,
3371 5666 3570 5720 habent
3627 5666 3859 5722 Gedean.
