4180 6446
326 349 432 406 ϐίθ

1245 341 1604 400 ΜοιιΑιιιιιι
1645 339 1774 397 ue.
1817 336 1908 394 ιιι.
1947 360 2019 379 --
2059 335 2125 394 IN
2162 316 2316 401 CAP.
2362 341 2405 398 ιι
2447 343 2505 398 Β.
2546 343 2688 399 JOB.

3498 346 3606 404 630

328 464 555 537 turpiter
581 459 817 531 liquatur
841 465 1037 528 terget.
1067 456 1213 532 [γει.
1246 455 1452 512 XXIII
1461 456 1508 528 .]
1546 454 1650 510 Sed
1680 466 1821 521 stupe
1849 448 1918 504 de
1946 446 2000 510 Α
2023 447 2177 519 tingit
2226 460 2283 507 ut
2310 453 2354 508 is
2379 467 2539 523 quem
2570 455 2795 511 avaritia
2826 455 3054 521 sauciat,
3083 454 3249 513 alium
3288 456 3343 513 in
3384 456 3612 516 luxuria

327 558 443 626 ipsa
468 554 695 611 victoria
722 550 922 608 bellum
951 552 1143 623 oritur,
1176 560 1237 607 ut
1263 565 1387 607 cum
1415 548 1685 606 immunda
1711 546 1915 617 cogita-

328 650 404 702 tio
447 646 701 712 vincitur,
734 644 954 700 victoris
998 646 1210 700 animus
1253 644 1488 698 elatione
1514 643 1778 712 pulsetur.
1825 638 1917 695 Sic

327 758 460 813 ergo
489 753 726 798 mentem
752 759 973 799 necesse
994 754 1076 800 est
1103 760 1201 814 per
1227 743 1543 798 munditiam
1568 741 1721 810 erigi,
1755 749 1813 795 ut
1837 747 1917 794 ta-

328 855 455 895 men
483 839 716 894 sollicite
745 838 942 892 debeat
987 838 1043 891 in
1096 837 1401 891 humilitate
1446 834 1732 890 substerni.
1764 832 1914 908 [Rec.

340 931 446 986 XX
463 930 653 1003 Νη]
699 928 853 985 Unde
879 939 935 985 et
976 946 1098 986 cum
1135 931 1204 986 de
1242 938 1431 986 sancto
1464 929 1583 983 viro
1621 928 1915 989 diceretur,

334 1025 493 1081 Testa
517 1026 717 1081 saniem
743 1023 982 1090 radebat,
1014 1024 1260 1094 protinus
1285 1031 1413 1094 apte
1439 1022 1809 1093 subiungitur,

897 1147 1127 1203 CAPUT
1167 1144 1350 1201 XXXI.

406 1241 831 1299 Ialm—Sedens
861 1244 915 1297 in
946 1242 1285 1313 sterquilinio.

405 1354 493 1410 60.
536 1356 578 1425 Τ
580 1358 858 1410 entatiouis
908 1357 1069 1409 victor
1116 1354 1460 1408 humilitatem
1513 1360 1695 1408 servet.
1743 1349 1921 1405 Elatia

334 1466 493 1519 parva
538 1451 819 1519 agentium,
868 1459 917 1503 et
963 1466 1157 1520 magna
1186 1448 1250 1502 de
1276 1466 1330 1502 se
1359 1449 1708 1502 sentientium.
1745 1444 1922 1500 Elatia

333 1540 645 1611 iniquorum,
676 1540 763 1594 ubi
789 1542 882 1595 alii
909 1550 1121 1612 peccant
1149 1543 1203 1594 in
1229 1539 1408 1612 quibus
1436 1540 1534 1611 ipsi
1562 1556 1663 1592 non
1693 1544 1919 1607 peccent.

334 1630 481 1685 —ln
510 1632 846 1699 sterquilinio
892 1633 1088 1702 quippe
1138 1632 1364 1697 sedere,
1417 1640 1498 1686 est
1541 1631 1667 1685 vilia
1698 1639 1723 1667 ⁸
1754 1628 1821 1684 de
1866 1643 1926 1685 se

334 1721 639 1791 quempiam
671 1734 725 1777 et
754 1722 961 1792 abjecta
1005 1722 1229 1778 sentire.
1277 1722 1335 1776 ln
1382 1721 1720 1790 sterquilinio
1769 1720 1924 1777 nobis

335 1813 545 1884 sedere,
574 1824 656 1870 est
686 1816 753 1869 ad
783 1831 845 1870 ea
872 1831 990 1897 qum
1016 1816 1199 1870 illicite
1225 1815 1487 1884 gessimus
1513 1816 1711 1871 mentis
1736 1814 1923 1870 oculos

334 1905 647 1975 pmnitendo
694 1906 984 1973 reducere;
1030 1915 1089 1961 ut
1134 1922 1255 1961 cum
1301 1913 1428 1961 ante
1454 1922 1551 1961 nos
1577 1914 1925 1976 peccatorum

334 2006 575 2052 stercora
604 1999 905 2062 cernimus,
948 2014 1107 2054 omne
1135 1997 1281 2069 quod
1308 1999 1362 2052 in
1389 1998 1571 2054 animo
1597 1997 1663 2052 de
1692 1997 1932 2057 elatione

335 2093 508 2159 surgit
549 2092 883 2147 inclinemus.
918 2091 977 2146 In
1007 2093 1342 2163 sterquilinio
1382 2091 1555 2155 sedet,
1586 2093 1679 2162 qui
1706 2088 1930 2145 inﬁrmi-

338 2188 502 2234 tatem
532 2196 682 2235 suam
711 2182 973 2237 sollicitus
999 2183 1240 2252 respicit,
1270 2193 1325 2237 et
1353 2198 1472 2237 sese
1499 2182 1565 2237 de
1602 2182 1776 2247 bonis,
1808 2195 1929 2251 quae

340 2287 435 2341 per
460 2274 687 2341 gratiam
718 2275 1043 2344 perceperit,
1072 2291 1179 2329 non
1193 2276 1422 2331 extollit.
1440 2276 1520 2330 An
1560 2292 1667 2330 non
1699 2274 1837 2344 apud
1868 2287 1929 2330 se

341 2363 393 2417 in
416 2367 754 2435 sterquilinio
777 2366 1046 2422 Abraham
1071 2367 1310 2437 sederat,
1333 2370 1422 2438 qui
1445 2370 1695 2424 dicebat:
1721 2367 1930 2440 Loquar

341 2455 411 2509 ad
454 2456 731 2513 Dominum
760 2477 927 2514 meum
946 2499 960 2524 ,
1009 2478 1122 2515 cum
1152 2462 1249 2516 sim
1279 2462 1440 2531 pulvis
1468 2471 1516 2517 et
1546 2463 1675 2519 cinis
1715 2460 1927 2534 (Gener.

342 2566 488 2617 xvxu,
521 2549 650 2622 27)?
679 2554 878 2622 Aperte
907 2554 1050 2609 enim
1077 2554 1366 2620 cernimus,
1397 2555 1451 2610 in
1480 2571 1589 2624 quo
1618 2570 1677 2611 se
1705 2554 1844 2625 apud
1869 2568 1931 2611 se

340 2642 462 2697 loco
492 2653 769 2713 posuerat,
816 2646 907 2715 qui
954 2646 1229 2716 pulverem
1260 2663 1318 2702 se
1346 2663 1409 2702 ac
1440 2647 1674 2702 cinerem
1700 2688 1713 2713 ,
1765 2646 1929 2701 etiam

340 2731 464 2787 dum
493 2749 615 2788 cum
644 2734 754 2789 Deo
784 2734 1119 2806 loqueretur,
1146 2738 1464 2793 aesnimabat.
1497 2736 1554 2792 Si
1584 2738 1744 2805 igitur
1768 2736 1841 2791 ita
1870 2751 1931 2793 se

342 2822 583 2893 despicit,
614 2824 704 2895 qui
735 2841 903 2894 usque
948 2827 1013 2883 ad
1042 2828 1305 2883 honorem
1334 2828 1525 2883 divinae
1554 2828 1930 2887 collocutionis

342 2916 846 2985 ascendit,sollicita
868 2920 1164 2975 intentione
1187 2921 1517 2991 pensandum
1540 2929 1623 2975 est
1642 2935 1746 2990 qua
1768 2934 1929 2989 poena

342 3006 418 3060 illi
446 3006 673 3063 feriendi
701 3020 824 3064 sunt
853 3010 944 3081 qui
974 3021 1028 3068 et
1056 3012 1122 3067 ad
1151 3028 1356 3068 summa
1387 3029 1496 3069 non
1537 3012 1845 3085 proﬁciunt,
1874 3018 1932 3066 et

344 3104 525 3152 tamen
568 3099 635 3155 de
672 3101 917 3156 minimis
962 3103 1315 3161 extolluntur.
1345 3105 1478 3160 Nam
1510 3113 1635 3161 sunt
1662 3103 1927 3170 nonnulli,

343 3191 435 3261 qui
460 3208 580 3246 cum
608 3208 773 3263 parva
796 3205 979 3265 agunt,
1011 3197 1079 3252 de
1104 3199 1407 3270 semetipsis
1435 3213 1626 3268 magna
1651 3198 1887 3253 sentiunt
1911 3214 1925 3251 :

2022 545 2279 613 voragine
2315 562 2550 602 mersum
2595 557 2818 616 cernat;
2858 556 2915 605 et
2958 550 3082 622 quia
3132 565 3192 607 se
3232 566 3263 607 ιι
3309 550 3619 622 pollutione

2017 636 2219 690 carnali
2247 637 2480 693 alienum
2524 641 2765 710 respicit,
2812 643 2924 714 98
2962 642 3157 711 quibus
3201 643 3315 713 ipse
3359 644 3613 701 sordibus

2018 732 2279 804 Spiritalis
2328 733 2443 788 vitii
2491 733 2813 789 intrinsecus
2853 734 3141 804 polluitur,
3192 751 3300 790 non
3348 735 3611 802 attendit;

2018 824 2254 896 dumque
2286 826 2338 879 in
2370 825 2477 880 alio
2508 835 2699 894 pensat
2724 825 2924 879 malum
2954 826 3097 895 quod
3130 826 3245 895 ipse
3271 841 3379 880 non
3426 826 3611 894 habet,

2021 920 2073 974 in
2103 935 2160 974 se
2190 920 2417 988 negligit,
2436 918 2778 975 considerare
2808 920 2954 988 quod
2984 921 3147 976 habet
3174 939 3187 974 :
3214 921 3399 991 sicque
3432 918 3508 983 ﬁt,
3553 928 3615 975 ut

2020 1012 2147 1067 dum
2175 1013 2241 1067 ad
2270 1013 2445 1067 aliena
2474 1012 2811 1081 dijudicanda
2840 1028 2991 1067 mens
3022 1013 3255 1082 ducitur,
3299 1015 3500 1084 proprii
3523 1013 3613 1084 ju-

2020 1105 2144 1159 dicii
2175 1105 2374 1160 lumine
2403 1106 2643 1175 privetur
2668 1123 2681 1171 ;
2713 1112 2769 1159 et
2796 1119 2863 1160 eo
2888 1104 3071 1159 durius
3096 1114 3287 1160 contra
3316 1106 3490 1162 aliena
3520 1120 3614 1161 su-

2022 1198 2264 1268 perbiat,
2296 1214 2403 1266 quo
2432 1214 2526 1252 sua
2558 1197 2913 1265 negligentius
2943 1195 3172 1265 ignorat.

2096 1304 2241 1377 [Vet.
2271 1301 2410 1357 XXI
2423 1300 2511 1374 V.]
2543 1301 2629 1356 6|.
2667 1301 3024 1355 Humilitatem
3052 1302 3135 1370 qui
3161 1317 3263 1353 non
3295 1301 3475 1371 perdat
3500 1318 3619 1371 per-

2024 1399 2185 1470 fectus
2209 1440 2223 1464 ,
2268 1399 2455 1451 intuitu
2486 1397 2651 1467 σαίρω
2690 1396 2897 1449 cliente.
2935 1394 3171 1448 Tentatio
3200 1395 3460 1448 interdum
3493 1398 3619 1465 foris

2023 1500 2072 1545 et
2100 1492 2239 1545 intus
2278 1490 2468 1561 pulsat.
2488 1489 2641 1543 ——At
2681 1499 2869 1549 contra
2898 1488 2969 1554 hi,
3003 1489 3095 1558 qui
3126 1488 3192 1542 ad
3223 1493 3330 1542 alta
3359 1489 3620 1543 virtutum

2025 1597 2245 1651 surgere
2277 1581 2540 1637 veraciter
2568 1588 2830 1651 appetunt
2858 1624 2872 1649 ,
2904 1596 3029 1635 cum
3059 1580 3264 1635 alienas
3303 1580 3490 1649 culpas
3519 1594 3617 1633 au-

2026 1676 2200 1745 diunt,
2247 1692 2375 1731 mox
2418 1691 2515 1730 cor
2553 1674 2619 1729 ad
2651 1675 2898 1745 proprias
2929 1674 3220 1740 reducunt;
3266 1681 3320 1728 et
3351 1681 3500 1727 tanto
3533 1690 3620 1728 rc-

2025 1769 2162 1825 ctins
2191 1768 2308 1823 illas
2336 1767 2647 1836 dijudicant,
2690 1776 2893 1837 quanto
2924 1767 3104 1822 verius
3134 1766 3267 1821 istas
3312 1764 3622 1836 deplorant.

1958 1894 2004 1956 Β
2029 1857 2166 1924 Quia
2196 1858 2356 1925 igitur
2385 1857 2588 1913 electus
2615 1858 2844 1927 quisque
2871 1856 2922 1910 in
2956 1856 3282 1911 inlirmitatis
3307 1871 3417 1911 sua:
3446 1857 3624 1911 consi-

2034 1950 2316 2005 deratione
2345 1966 2403 2005 se
2430 1950 2755 2020 comprimit,
2782 1950 2993 2005 dicatur
3022 1957 3193 2018 recte,
3217 1948 3362 2018 quod
3390 1949 3472 2003 vir
3501 1964 3625 2004 san-

2034 2051 2153 2098 ctus
2185 2043 2237 2097 in
2274 2042 2613 2111 sterquilinio
2645 2041 2838 2098 dolens
2866 2042 3038 2096 sedet.
3087 2040 3188 2108 Qui
3220 2042 3362 2095 enim
3393 2056 3520 2096 vere
3566 2055 3626 2095 se

2034 2138 2308 2205 humiliat,
2356 2136 2382 2176 δ
2416 2137 2686 2193 continuae
2731 2135 3178 2191 considerationis
3220 2134 3398 2199 oculo,
3452 2145 3474 2171 °
3505 2135 3626 2203 qui-

2031 2231 2134 2288 bus
2161 2231 2551 2300 circumseptus
2588 2229 2656 2285 sit
2702 2228 3023 2284 delictorum
3053 2224 3305 2282 sordibus
3335 2222 3626 2296 proficiens

2033 2330 2243 2395 pensat.
2273 2321 2562 2377 Sciendum
2589 2335 2720 2375 vero
2750 2328 2833 2374 est
2875 2318 2999 2387 quia
3028 2318 3345 2388 plerumque
3398 2316 3449 2368 in
3499 2330 3627 2385 pro-

2033 2415 2204 2484 speris
2226 2414 2531 2483 importuna
2556 2410 2855 2466 tentatione
2876 2424 3027 2464 mens
3042 2410 3306 2477 tangitur;
3325 2406 3418 2461 sed
3441 2414 3626 2459 tamen

2033 2506 2320 2577 aliquando
2351 2512 2407 2560 et
2434 2505 2658 2559 adversa
2686 2502 2925 2557 exterius
2953 2500 3207 2571 patimur,
3236 2506 3293 2553 et
3322 2499 3466 2552 intus
3507 2504 3625 2551 ten-

2036 2597 2251 2651 tationis
2276 2596 2509 2666 impulsu
2530 2593 2844 2663 fatigamur;
2870 2600 2928 2646 ut
2950 2600 3006 2647 et
3027 2606 3248 2646 carnem
3270 2588 3479 2657 ﬂagella
3504 2604 3625 2642 cru-

2035 2690 2199 2754 cient,
2216 2698 2269 2742 et
2289 2696 2467 2742 tamen
2493 2686 2560 2740 ad
2576 2694 2812 2740 mentem
2834 2683 3067 2739 carnalis
3087 2682 3359 2751 suggestio
3379 2680 3622 2734 inundet.

2035 2778 2189 2835 Unde
2211 2787 2265 2834 et
2292 2780 2430 2834 bene
2463 2785 2585 2847 post
2607 2784 2689 2832 tot
2718 2776 2863 2831 beati
2890 2774 2991 2831 Job
3020 2774 3266 2839 vulnera,
3291 2772 3469 2827 adhuc
3498 2772 3626 2825 sub«

2030 2873 2215 2943 juncta
2235 2882 2361 2927 sunt
2372 2871 2536 2928 etiam
2550 2869 2690 2925 male
2702 2868 2978 2924 suadentis
2990 2867 3175 2923 uxoris
3185 2865 3373 2935 verba,
3386 2878 3504 2937 quae
3515 2864 3621 2918 ait:

2587 2984 2815 3041 CAPUT
2853 2983 3067 3040 XXXII.

2108 3104 2270 3161 Vens.
2310 3104 2365 3159 9.
2390 3134 2463 3147 —
2487 3102 2666 3155 Adhuc
2719 3088 2988 3169 permanes
3036 3099 3093 3153 in
3140 3096 3472 3167 simplicitate
3501 3091 3631 3147 tua!

2035 3198 2257 3255 Benedic
2282 3198 2395 3252 Deo
2421 3206 2469 3251 et
2494 3210 2711 3252 morere.

344 3280 399 3337 in
441 3260 1223 3353 altum—mentemsublevant,
1273 3260 1328 3344 et
1372 3260 1564 3360 praeire
1606 3305 1663 3345 se
1705 3260 2009 3345 caeterosc
2110 3292 2198 3345 6).
2244 3288 2393 3345 Uxor
2419 3288 2518 3343 Job
2547 3286 2682 3341 male
2710 3285 2966 3349 suadens,
2998 3290 3074 3336 est
3101 3280 3332 3365 carnalis
3361 3279 3627 3350 cogitatio.

346 3375 601 3432 virtutum
632 3374 1078 3449 meritis'putant.
1112 3380 1177 3435 Ili
1206 3382 1453 3437 nimirum
1484 3380 1625 3454 apud
1655 3396 1714 3439 se
1736 3382 1938 3437 intror-

346 3484 437 3526 sus
466 3472 783 3529 humilitatis
822 3474 1217 3544 sterquilinium
1262 3476 1552 3545 deserunt,
1596 3486 1652 3533 et
1689 3475 1938 3534 elationis

349 3559 555 3632 fastigia
602 3566 928 3632 ascendunt;
980 3566 1129 3621 illum
1183 3567 1435 3624 videlicet
1478 3568 1788 3635 imitantes,
1846 3569 1940 3639 qui

347 3656 550 3725 primus
603 3674 660 3712 se
682 3659 823 3729 apud
870 3676 929 3715 se
958 3663 1170 3727 extulit,
1204 3663 1299 3717 sed
1327 3664 1584 3719 elevando
1613 3665 1939 3734 prostravit;

350 3748 496 3802 illum
547 3749 840 3817 imitantes,
898 3753 989 3821 qui
1043 3741 1263 3820 accepta
1310 3757 1634 3811 conditionis
1681 3758 1942 3825 dignitate

348 3848 637 3894 contentus
680 3843 936 3907 nonfuit,
981 3842 1161 3897 dicens
1188 3862 1201 3896 :
1228 3842 1293 3897 In
1344 3846 1526 3900 caelum
1575 3848 1942 3917 conscendam,

348 3949 502 4001 super
548 3941 691 3986 astra
714 3933 824 3987 caeli
871 3934 1110 3990 exaltabo
1138 3937 1324 3991 solium
1370 3955 1537 3993 meum
1586 3938 1759 4009 (Isai.
1811 3957 1945 4004 xtv,

354 4025 485 4095 15).
546 4024 701 4082 Unde
753 4035 808 4082 et
860 4027 908 4083 ei
960 4030 1099 4083 male
1149 4030 1436 4100 conjuncta
1493 4029 1785 4101 Babylonia
1819 4075 1834 4100 ,
1894 4032 1949 4089 id

352 4128 473 4185 est,
524 4120 741 4174 conl’usa
799 4119 1083 4175 multitudo
1134 4122 1471 4191 peccantium
1502 4163 1517 4187 ,
1566 4121 1695 4177 dicit
1738 4124 1947 4181 :Sedeo

353 4212 577 4280 regina,
635 4221 684 4265 et
729 4213 881 4266 uidua
928 4229 1031 4267 non
1078 4230 1191 4266 sum
1244 4211 1424 4287 (Isai.
1480 4231 1620 4270 ηνιι
1651 4256 1666 4281 ,
1724 4213 1757 4268 8
1788 4254 1803 4281 ,
1842 4232 1945 4270 sec.

360 4299 576 4372 LXX.)
636 4303 887 4375 Quisquis
930 4320 1059 4375 ergo
1089 4307 1353 4361 introrsus
1404 4307 1731 4373 intumescit,
1782 4308 1832 4362 in
1873 4308 1952 4363 al-

359 4405 469 4449 tum
500 4412 558 4452 se
580 4399 721 4467 apud
750 4400 1095 4468 semetipsum
1124 4400 1321 4469 posuit.
1349 4398 1455 4455 Sed
1481 4416 1546 4455 eo
1575 4416 1633 4455 se
1659 4401 1873 4468 gravius
1897 4401 1952 4456 in

360 4488 555 4543 inlimis
584 4490 862 4560 deprimit,
903 4507 1010 4560 quo
1039 4492 1106 4546 de
1146 4508 1205 4546 se
1236 4489 1420 4547 inﬁma
1459 4493 1724 4551 veraciter
1753 4493 1953 4548 sentire

361 4582 675 4635 contemnit.
708 4582 844 4636 Sunt
873 4599 1003 4638 vero
1033 4585 1274 4639 nonnulli
1307 4586 1397 4654 qui
1429 4584 1560 4638 nihil
1590 4585 1805 4654 quidem
1844 4586 1953 4640 vir-

2039 3417 2112 3429 --
2134 3382 2281 3438 Uxor
2334 3380 2534 3451 quippe
2590 3378 2728 3433 mle
2764 3376 2995 3431 suadens
3035 3382 3120 3429 est
3156 3372 3388 3428 carnalis
3422 3370 3630 3438 cogita.

2042 3477 2121 3531 tio
2149 3482 2385 3530 mentem
2412 3473 2704 3526 lacessens.
2737 3468 2891 3538 Saepe
2919 3465 3139 3532 etenim,
3184 3473 3244 3519 ut
3280 3463 3481 3519 dictum
3512 3469 3633 3529 est,

2042 3576 2097 3623 et
2144 3567 2277 3623 foris
2323 3564 2547 3634 ﬂagellis
2595 3562 2903 3627 atterimur,
2950 3568 3003 3614 et
3034 3560 3178 3614 intus
3206 3556 3412 3613 carnali
3442 3568 3634 3624 sugge-

2043 3659 2223 3714 stione
2267 3656 2572 3723 fatigamur.
2605 3652 2741 3707 Hinc
2780 3660 2862 3706 est
2900 3651 3045 3705 enim
3073 3646 3505 3718 quodleremias
3540 3646 3637 3701 de‘

2047 3751 2245 3820 plorat,
2270 3748 2455 3802 dicens
2482 3764 2494 3799 :
2522 3746 2679 3799 Foris
2719 3745 2966 3813 interﬁcit
2990 3741 3217 3813 gladius,
3244 3748 3291 3793 et
3322 3739 3461 3793 domi
3496 3754 3638 3791 mors

2046 3840 2232 3897 similis
2257 3848 2333 3894 est
2365 3838 2584 3907 (Thren.
2613 3853 2633 3891 t
2653 3874 2670 3900 ,
2695 3835 2811 3904 ί10).
2840 3833 2995 3889 Foris
3022 3832 3165 3887 enim
3196 3829 3402 3900 gladius
3432 3826 3640 3883 interﬂ-

2049 3934 2144 3996 cit,
2175 3945 2296 3985 cum
2325 3944 2425 3983 nos
2453 3928 2693 3983 exterius
2733 3925 2933 3981 feriens
2975 3924 3211 3979 vindicta
3240 3920 3483 3989 conligit.
3531 3918 3642 3973 Sed

2049 4023 2195 4079 domi
2226 4035 2373 4075 mors
2400 4018 2588 4075 similis
2617 4026 2719 4082 est,
2749 4016 2875 4085 quia
2903 4023 2957 4071 et
2986 4014 3195 4083 ﬂagella
3224 4011 3438 4082 quidem
3480 4009 3643 4065 suetis

2052 4126 2163 4184 net,
2216 4123 2271 4171 et
2300 4124 2481 4168 tamen
2522 4112 2668 4167 intus
2698 4108 3035 4166 conscientia
3086 4123 3118 4161 a
3169 4104 3485 4161 tentationis
3516 4116 3638 4157 sor-

2022 4272 2025 4279 ,
2054 4208 2214 4265 dibus
2235 4206 2435 4262 munda
2454 4220 2563 4260 non
2590 4212 2691 4259 est.
2722 4202 2860 4257 Hinc
2885 4199 3051 4257 David
3078 4200 3154 4254 ait
3179 4217 3192 4253 :
3218 4197 3380 4253 Fiant
3397 4204 3644 4265 tanquam

2054 4304 2217 4375 pulvis
2248 4310 2368 4355 ante
2397 4298 2583 4372 {aciem
2622 4298 2787 4362 venti,
2829 4305 2880 4350 et
2914 4294 3127 4368 angelus
3159 4291 3371 4347 Domini
3411 4288 3645 4360 aﬂligens

2054 4411 2142 4449 eos
2170 4392 2351 4465 (Psal.
2383 4407 2565 4457 xxxrv,
2599 4387 2688 4459 5).
2730 4385 2831 4455 Qui
2862 4387 3005 4442 enim
3052 4386 3106 4439 in
3158 4384 3322 4438 corde
3367 4396 3467 4436 suo
3514 4391 3645 4431 aura

2057 4484 2372 4540 tentationis
2410 4482 2634 4552 rapitur,
2679 4480 2834 4551 quasi
2880 4488 3005 4533 ante
3048 4476 3194 4531 venti
3238 4473 3427 4527 faciem
3470 4468 3647 4538 pulvis

2058 4578 2319 4633 elevatur.
2356 4575 2421 4629 Et
2451 4592 2571 4631 cum
2615 4576 2754 4628 inter
2789 4573 2903 4626 lucc
2941 4571 3117 4624 divina
3157 4563 3423 4621 districtio
3454 4573 3647 4631 percu-

364 4672 490 4725 tutis
520 4685 680 4739 agere
709 4674 925 4728 student
950 4716 963 4741 ,
1017 4677 1110 4731 sed
1140 4648 1338 4732 tamen-
1367 4694 1490 4733 cum
1538 4648 1673 4733 alios
1722 4695 1950 4750 peccare
1976 4648 2032 4712 υ
2060 4669 2142 4734 lii,
2173 4666 2301 4739 QUid
2332 4666 2475 4721 amid
2505 4680 2665 4736 quam
2693 4663 2911 4732 θηεειιιε
2938 4660 3147 4715 Ποιηῖυί
3178 4654 3403 4724 afﬂigit?

362 4768 719 4838 conspiciunt,
747 4769 921 4838 justos
946 4786 1005 4826 se
1034 4772 1086 4825 in
1116 4788 1302 4827 eorum
1344 4774 1747 4843 comparatione
1774 4776 1949 4844 suspi-

365 4872 573 4919 cantur.
616 4863 801 4931 Neque
847 4865 991 4919 enim
1034 4866 1194 4921 corda
1232 4867 1469 4923 omnium
1517 4885 1623 4924 una
1652 4868 1735 4922 vel
1763 4870 1953 4927 similis

365 4954 521 5024 culpa
549 4955 828 5023 transﬁgit.
861 4954 1014 5011 Hunc
1043 4973 1271 5026 namque
1301 4960 1547 5027 superbia
1580 4960 1850 5030 illaqueat,
1885 4962 1951 5015 il-

367 5043 475 5097 lum
505 5044 726 5099 forsitan
750 5045 825 5099 ira
849 5047 1178 5117 supplantat,
1206 5048 1348 5102 hunc
1377 5056 1554 5103 autem
1582 5052 1800 5105 avaritia
1820 5052 1954 5108 cru-

370 5135 502 5201 ciat,
556 5137 704 5191 illum
747 5154 874 5193 vero
924 5138 1130 5192 luxuria
1173 5137 1485 5194 inﬂammat.
1528 5140 1595 5196 Et
1639 5142 1955 5212 plerumque

371 5230 631 5299 contingit
662 5237 719 5283 ut
749 5230 791 5286 is
821 5246 979 5299 quem
1011 5233 1259 5302 superbia
1289 5232 1560 5315 deprimit,
1588 5234 1749 5288 alium
1780 5236 1953 5306 respi-

371 5318 476 5372 ciat
504 5321 734 5390 qualiter
762 5321 839 5375 ira
868 5323 1189 5389 Sttccetrlat;
1221 5332 1275 5378 et
1300 5322 1425 5393 quia
1454 5338 1511 5391 se
1541 5323 1618 5377 ira
1652 5340 1755 5379 non
1798 5325 1958 5382 citius

370 5412 606 5480 instigat,
640 5415 917 5470 meliorem
948 5417 1204 5471 iracundo
1229 5416 1339 5486 jam
1370 5425 1603 5487 reputat,
1630 5424 1791 5487 atque
1816 5418 1956 5490 apud

369 5506 713 5573 semetipsum
740 5509 895 5585 quasi
927 5509 993 5563 de
1016 5508 1223 5578 jnstitia
1251 5510 1543 5579 extollitur,
1570 5511 1692 5582 quia
1727 5528 1957 5581 pensare

372 5596 590 5665 negligit
615 5596 799 5652 vitium
827 5617 933 5670 quo
959 5604 1175 5670 gravius
1199 5610 1434 5659 tenetur.
1478 5601 1799 5674 Plerumque
1825 5621 1955 5659 con-

374 5743 485 5863 et'a
508 5734 636 5859 (ioc.
664 5737 847 5859 βιγῗιίἰ
878 5738 1148 5811 deinceps,
1177 5745 1298 5798 vilia
1320 5746 1593 5816 quaepiam,
1620 5744 1801 5801 invitis
1826 5743 1955 5802 Mss.

494 5824 522 5859 Ii
557 5824 627 5863 Μ.
679 5823 754 5859 ⁴ΛΙ
792 5849 800 5857 .

459 5823 627 5860 autut.
665 5823 800 5859 l‘mlll.

459 5824 565 5860 ali“
616 5848 627 5859 .
665 5824 800 5859 ΙἫΙΙῑ.

446 5876 472 5916 ι)
516 5824 762 5933 t‘icilnnnlli
794 5877 941 5947 Ms=.,
974 5885 1229 5940 contiauaz
1258 5876 1746 5964 circumspectionis.

2126 4770 2216 4826 63.
2262 4770 2619 4825 Tentatlouem
2669 4768 2821 4820 aliter
2867 4765 3044 4827 electi,
3091 4761 3241 4815 aliter
3271 4757 3475 4829 reprobi
3502 4757 3647 4812 exci-

2056 4864 2407 4938 piunt—Sed
2437 4864 2551 4917 hmo
2582 4861 2737 4915 aliter
2764 4864 2997 4925 aguntur
3026 4871 3057 4909 a
3084 4854 3360 4924 reprobis,
3392 4852 3549 4906 aliter
3580 4851 3648 4906 ab

2056 4958 2259 5012 electis.
2292 4954 2508 5015 Illorum
2539 4966 2768 5020 namque
2798 4946 2963 5004 corda
2999 4948 3069 5001 ita
3103 4955 3398 5013 tentantur,
3432 4954 3491 5000 ut
3520 4960 3653 4999 con-

2058 5051 2312 5104 sentiant.
2352 5050 2374 5083 ι¹
2408 5047 2637 5101 Istorum
2666 5059 2798 5098 vero
2821 5085 2834 5106 ,
2876 5042 3202 5096 tentationes
3228 5039 3444 5111 quidem
3483 5038 3655 5092 susci-

2063 5141 2253 5213 piunt,
2294 5138 2391 5193 sed
2437 5143 2756 5208 repugnant.
2807 5134 3026 5189 lllormn
3067 5149 3219 5188 mens
3263 5130 3655 5188 delectabiliter

2064 5231 2306 5301 capitur;
2339 5238 2393 5284 et
2422 5228 2467 5284 si
2496 5228 2559 5281 ad
2596 5236 2803 5297 tempus
2833 5227 2976 5295 quod
3018 5226 3157 5280 male
3206 5226 3509 5295 suggeritur
3544 5220 3654 5274 dis-

2064 5324 2250 5395 plicet,
2304 5322 2397 5379 sed
2429 5322 2767 5393 postmodum
2791 5338 2886 5390 per
2912 5320 3351 5376 deliberationem
3380 5306 3531 5370 libet.
3562 5312 3656 5368 Isti

2064 5433 2193 5472 vero
2222 5414 2301 5471 sic
2329 5416 2689 5471 tentationum
2708 5413 2888 5484 jacula
2917 5416 3212 5484 excipiunt,
3244 5420 3301 5465 ut
3328 5424 3542 5478 semper
3566 5421 3655 5461 re-

2064 5510 2302 5567 sistendo
2332 5508 2647 5578 fatigentur;
2695 5508 2819 5561 etsi
2851 5506 3064 5575 quando
3105 5498 3271 5569 nsque
3312 5501 3377 5555 ad
3416 5499 3656 5555 delecta-

2064 5602 2270 5657 tionem
2317 5608 2523 5656 tentata
2552 5616 2702 5655 mens
2746 5599 2988 5669 rapitur,
3041 5596 3212 5664 ipsam
3263 5602 3445 5649 tamen
3494 5591 3656 5673 citius

2139 5756 2161 5785 ι
2204 5743 2413 5799 Primus
2442 5744 2658 5809 them.,
2688 5738 2867 5812 quibus
2894 5735 3306 5812 circumscriptus
3331 5731 3420 5812 sit.

2137 5813 2163 5854 δ
2203 5813 2465 5873 Gussanv.
2497 5804 2748 5871 observat
2774 5811 2928 5862 aliatn
2953 5820 3073 5862 esse
3095 5806 3244 5874 Iect.,
3274 5818 3351 5861 sc.
3369 5804 3668 5875 justorum.‘

2069 5887 2365 5959 Reperitur
2394 5885 2447 5941 in
2478 5882 2726 5956 quibusd.
2760 5879 2882 5935 Mss.
