4180 6480
554 363 654 419 ὀῦί

554 584 784 628 censura
812 568 1139 636 redarguunt
1167 564 1425 635 quidquid
1452 564 1592 619 intra
1621 579 1681 620 se
1705 578 1999 634 exsurgere
2026 579 2147 620 car-

551 662 677 719 nale
714 659 1142 731 deprehendunt.
1178 656 1330 713 Unde
1358 665 1413 712 et
1440 656 1581 712 bene
1607 671 1735 713 mox
1766 655 2144 727 subjungitur:

888 776 1116 835 CAPUT
1154 774 1387 831 xxxm.
1431 775 1579 850 [Rec.
1626 775 1806 849 XIX].

621 889 787 947 Vens.
824 886 1219 945 lO.—Locuta
1247 904 1301 941 es
1330 886 1477 958 quasi
1519 903 1625 941 una
1663 904 1728 963 ea;
1762 896 1787 923 η
1820 886 1991 941 stultis
2033 902 2147 939 mu-

552 981 783 1037 lieribus.
832 981 893 1036 Si
932 979 1066 1035 bona
1114 979 1401 1049 accepimus
1432 978 1495 1031 de
1535 994 1692 1032 manu
1727 975 1968 1044 Domini,
2008 976 2150 1030 mala

552 1094 713 1148 quare
738 1092 842 1130 non
871 1074 1261 1129 sustineamus?

624 1167 712 1221 64.
754 1166 949 1222 Contra
985 1182 1172 1236 aspera
1221 1172 1311 1217 aut
1357 1163 1553 1218 blanda
1599 1162 1851 1236 quomodo
1903 1162 2151 1217 resisten-

552 1262 1002 1329 dum—Dignum
1032 1260 1232 1330 quippe
1275 1267 1361 1314 est
1399 1268 1457 1314 ut
1494 1267 1681 1314 sancta
1729 1274 1884 1314 mens
1924 1256 2153 1328 spiritali

550 1356 895 1425 correptione
942 1354 1294 1424 comprimat,
1336 1352 1597 1424 quidquid
1642 1354 1784 1424 apud
1827 1369 1887 1409 se
1934 1356 2153 1411 carnale

550 1446 847 1501 insolenter
875 1447 1280 1512 immurmurat;
1314 1461 1382 1501 ne
1411 1460 1541 1502 caro
1571 1453 1663 1500 aut
1683 1445 1911 1515 loquens
1938 1462 2150 1516 aspera,

550 1540 617 1594 ad
642 1540 1029 1609 impatientiam
1059 1539 1205 1593 illam
1236 1538 1534 1609 pertrahat,
1560 1546 1654 1593 aut
1680 1538 1908 1607 loquens
1934 1538 2149 1605 blanda,

550 1631 618 1685 ad
648 1631 883 1685 libidinis
914 1628 1057 1685 ﬂuxa
1088 1629 1365 1686 dissolvat.
1405 1628 1647 1685 Censura
1675 1628 1839 1695 igitur
1864 1628 2053 1696 virilis,
2088 1628 2155 1684 il-

548 1725 707 1781 licitze
736 1726 1081 1794 cogitationis
1109 1724 1509 1793 suggestionem
1536 1722 1897 1791 redarguens,
1929 1722 2156 1778 dissolu.

547 1825 660 1873 tam
687 1815 1038 1888 turpitudinis
1065 1815 1348 1871 mollitiem
1377 1814 1659 1885 reprimat,
1701 1812 1888 1868 dicens
1914 1831 1926 1867 :
1952 1811 2152 1868 Locuta

546 1922 601 1960 es
631 1908 781 1977 quasi
809 1923 913 1960 una
942 1921 1007 1959 ea:
1037 1904 1211 1959 stultis
1242 1903 1562 1959 mulieribus.
1611 1902 1678 1956 Et
1721 1917 1938 1959 rursum
1969 1904 2151 1959 consi-

549 1997 758 2053 deratio
801 2011 1086 2053 munerum
1113 1998 1223 2067 99
1252 1996 1600 2065 cogitationis
1628 2010 1836 2066 asperze
1864 1994 2154 2066 impatien-

546 2090 681 2145 tiam
728 2088 998 2159 refrenet,
1047 2087 1357 2144 dicens:Si
1405 2089 1539 2143 bona
1586 2089 1877 2157 accepimus
1905 2088 1968 2141 de
1995 2105 2152 2143 manu

547 2182 783 2248 Domini,
815 2184 956 2237 mala
982 2199 1143 2254 quare
1163 2198 1268 2235 non
1292 2181 1675 2235 sustineamus?
1696 2180 1951 2251 Quisquis
1973 2188 2153 2235 autem

550 2278 805 2346 subigere
834 2277 962 2329 vitia
994 2274 1219 2344 appetit,
1254 2282 1309 2327 et
1334 2273 1401 2326 ad
1426 2281 1627 2327 :eterna
1658 2273 1884 2326 internze
1912 2271 2153 2326 retribu-

549 2370 719 2423 tionis
742 2367 998 2429 culmina,
1034 2379 1174 2418 vera:
1199 2363 1514 2418 intentionis
1537 2362 1806 2432 gressibus
1827 2361 2019 2428 tendit,
2046 2377 2154 2431 quo

552 2459 725 2526 magis
753 2456 943 2510 vallari
974 2470 1031 2509 se
1060 2453 1315 2508 vitiorum
1337 2452 1480 2507 bello
1503 2451 1739 2520 undique
1767 2451 2057 2520 conspicit,
2088 2465 2155 2506 eo

551 2567 612 2607 se
646 2552 903 2606 virtutum
933 2547 1097 2602 armis
1125 2546 1399 2601 robustius
1422 2545 1689 2615 accingit;
1721 2555 1774 2600 et
1805 2553 1954 2599 tanto
1978 2545 2155 2601 minus

549 2642 732 2713 jacula
764 2643 995 2712 metuit,
1036 2648 1239 2712 quanto
1269 2648 1459 2696 contra
1487 2640 1602 2696 haec
1628 2639 1899 2695 venientia
1944 2638 2158 2696 fortiter

554 2743 744 2806 pectus
774 2734 970 2789 munit.

630 2830 719 2884 65.
768 2827 911 2883 Vitia
940 2845 993 2883 se
1024 2826 1115 2882 sub
1146 2830 1389 2882 virtutum
1418 2828 1585 2897 specie
1615 2825 1993 2898 tegunt.—-Sed
2034 2827 2153 2897 ple-

556 2935 785 2991 rumque
821 2920 949 2975 dum
990 2927 1181 2975 contra
1222 2920 1325 2975 hoc
1367 2919 1723 2975 tentationum
1752 2918 1951 2974 bellum
1981 2917 2155 2973 fulciri

556 3013 766 3083 magnis
811 3013 1101 3068 virtutibus
1149 3012 1398 3078 nitimur,
1450 3012 1697 3081 qumdam
1740 3026 1800 3067 se
1841 3010 1997 3066 nobis
2024 3010 2155 3064 vitia

551 3105 656 3160 sub
701 3105 881 3175 specie
918 3105 1179 3159 virtutum
1221 3109 1431 3171 tegunt,
1463 3110 1519 3157 et
1546 3101 1703 3172 quasi
1731 3100 1928 3157 blanda
1958 3099 2028 3155 ad
2055 3116 2157 3157 nos

555 3196 694 3252 facie
726 3199 987 3264 veniunt;
1037 3197 1130 3252 sed
1160 3197 1313 3266 cujus
1342 3195 1685 3251 adversitatis
1727 3195 1864 3260 sint,
1913 3195 2153 3252 discussa

552 3290 879 3345 sentiuntur.
908 3288 1058 3344 Unde
1087 3296 1141 3344 et
1170 3288 1331 3343 amici
1358 3288 1506 3343 beati
1525 3286 1629 3342 Job
1657 3288 1810 3357 quasi
1840 3304 1939 3358 pro
1967 3303 2157 3344 conso-
2182 3276 2231 3341 C

555 3381 757 3436 latione
801 3380 1162 3448 conveniunt,
1203 3380 1298 3436 sed
1340 3381 1397 3434 in
1434 3380 1792 3435 contumelias
1831 3389 2154 3451 erumpunt;

552 3471 681 3541 quia
711 3470 1015 3525 insidiantia
1055 3471 1185 3525 vitia
1228 3472 1489 3526 virtutum
1516 3472 1713 3526 faciem
1752 3482 2004 3539 sumunt,
2063 3474 2158 3530 sed

554 3562 742 3618 hostili
770 3563 1074 3618 invectione
1102 3578 1202 3618 nos
1231 3561 1450 3618 feriunt.
1475 3562 1611 3617 Nam
1634 3578 1777 3634 saepe
1800 3564 2155 3620 immoderata

552 3657 654 3725 ira,
682 3657 920 3726 justitia;
953 3665 1008 3713 et
1031 3672 1175 3728 saepe
1198 3657 1459 3713 dissoluta
1483 3656 1758 3723 remissio,
1780 3656 2156 3713 misericordia

551 3752 668 3808 vult
712 3751 903 3808 videri.
952 3754 1107 3823 Saepe
1154 3754 1403 3809 incautus
1452 3752 1615 3809 timor
1661 3753 1967 3821 humilitas;
2008 3768 2155 3825 saepe

552 3845 815 3902 effrenata
844 3848 1095 3918 superbia
1124 3850 1329 3920 appetit
1357 3849 1580 3906 libertas
1608 3865 1890 3922 apparere.
1922 3849 2004 3906 Ad
2028 3866 2156 3907 con-

553 3937 839 3993 solandum
884 3952 1015 4008 ergo
1059 3940 1216 3996 amici
1254 3941 1511 4007 veniunt,
1545 3942 1640 3997 sed
1670 3942 1738 3997 ad
1768 3942 2156 4014 increpationis

550 4029 719 4084 verba
748 4028 1086 4097 dilabuntur;
1115 4033 1241 4102 quia
1264 4033 1517 4089 nimirum
1541 4034 1670 4090 vitia
1690 4035 1946 4090 virtutum
1972 4036 2157 4106 specie

550 4119 790 4189 palliata,
807 4120 1000 4177 blanda
1013 4122 1226 4192 quidem
1244 4125 1530 4194 superficie
1554 4124 1832 4194 inchoant,
1858 4126 1951 4181 sed
1963 4141 2155 4196 aspera

550 4226 655 4268 nos
684 4214 1069 4271 contrarietate
1095 4216 1433 4287 perturbant.
1468 4217 1614 4272 Bene
1642 4225 1825 4273 autem
1854 4218 2050 4274 dicitur
2078 4237 2092 4273 :

1102 4330 1329 4387 CAPUT
1367 4330 1604 4389 XXXIV.

623 4433 788 4497 Vsus.
831 4439 919 4496 ll.
951 4474 1022 4484 —
1050 4441 1403 4499 Condixerant
1422 4445 1559 4499 enim
1579 4444 1697 4512 sibi,
1750 4455 1805 4500 ut
1845 4446 2045 4516 pariter
2063 4462 2152 4502 ve-

549 4531 748 4589 nientes
774 4532 1040 4588 visitarent
1077 4550 1212 4589 eum.

1768 352 2013 413 SANC’I‘I
2054 350 2381 413 GRECORII
2418 348 2629 414 MAGNI

553 474 957 548 subreptionem
985 487 1097 529 suae
1124 468 1501 528 delectationis
1532 468 1882 536 erubescunt,
1928 478 1983 525 et
2022 465 2149 524 forti
2178 484 2229 544 Α

3741 361 3843 419 63?

2806 432 3035 530 CArur
3073 471 3289 530 xxxv.

2323 565 2486 621 Vens.
2532 564 2616 620 12.
2642 598 2714 609 -
2736 566 2963 640 Cumque
2982 569 3265 624 elevassent
3288 568 3468 639 procul
3487 570 3662 625 oculos
3684 586 3805 627 suos
3823 610 3843 639 ,

2250 652 2356 693 non
2386 650 2707 709 agnoverunt
2733 655 2868 695 eum.

2322 728 2410 783 67.
2449 729 2671 800 Aﬁlictio
2713 732 2857 803 fugat
2884 733 3027 787 vitia.
3051 731 3377 790 ——Alllictos
3405 735 3551 790 enim
3586 750 3691 791 nos
3719 735 3847 794 vitia

2250 821 2476 877 minime
2504 834 2867 893 cognoscunt,
2894 826 3022 895 quia
3052 826 3205 883 triste
3232 842 3327 883 cor
3353 843 3482 883 mox
3512 836 3573 884 ut
3598 830 3851 900 pulsave-

2249 915 2381 984 rint,
2412 916 2702 987 reprobata
2725 917 2999 985 resiliunt;
3030 925 3086 974 et
3113 934 3231 990 qua:
3254 934 3355 975 nos
3381 919 3537 977 laetos
3565 923 3722 990 quasi
3747 936 3846 977 no-

2249 1016 2471 1077 verant,
2530 1007 2657 1078 quia
2718 1010 3118 1079 penetrabant,
3176 1017 3468 1066 maerentes
3522 1024 3851 1080 cognoscere

2250 1108 2562 1169 nequeunt,
2612 1100 2739 1169 quia
2768 1100 2886 1171 ipso
2915 1108 3104 1157 nostro
3134 1100 3314 1171 rigore
3360 1099 3704 1172 franguntur.
3743 1102 3849 1159 Sed

2252 1194 2503 1265 antiquus
2551 1194 2754 1260 hostis,
2808 1211 2916 1266 quo
2964 1196 3019 1249 in
3067 1195 3147 1251 eis
3192 1194 3405 1252 fortiter
3432 1196 3765 1267 deprehendi
3794 1212 3853 1253 se

2252 1285 2539 1354 conspicit,
2573 1301 2639 1341 eo
2663 1285 2754 1340 illa
2776 1286 2876 1341 sub
2899 1285 3157 1342 virtutum
3180 1285 3414 1358 imagine
3440 1287 3602 1344 altius
3622 1289 3854 1345 abscon-

2253 1375 2351 1432 dit.
2384 1373 2536 1433 Unde
2564 1383 2620 1434 et
2649 1377 2895 1433 subditur
2919 1395 2932 1431 :

2799 1471 3027 1528 CAPUT
3066 1470 3303 1527 XXXVI.

2324 1563 2603 1621 Imm—Et
2616 1566 2968 1621 exclamantes
2983 1567 3337 1637 ploraverunt,
3352 1567 3627 1638 scissisque
3638 1564 3853 1622 vestibus

2251 1666 2555 1727 sparserunt
2575 1659 2830 1729 pulverem
2844 1675 2999 1728 super
3017 1667 3170 1728 caput
3197 1674 3346 1712 suum
3364 1659 3419 1712 in
3445 1658 3645 1723 cretum,
3681 1669 3735 1712 et
3770 1675 3854 1713 se-

2255 1748 2440 1805 derunt
2462 1766 2577 1804 cum
2600 1766 2659 1804 eo
2680 1750 2733 1803 in
2760 1757 2899 1804 terra
2927 1758 3122 1820 septem
3134 1747 3309 1803 diebus
3327 1758 3581 1821 etseptem
3600 1748 3853 1806 noctibus.

2179 1873 2227 1936 Β
2324 1839 2413 1895 68.
2455 1838 2579 1895 Nisi
2618 1844 2709 1895 sub
2750 1842 2992 1895 virtutum
3030 1840 3201 1910 specie
3237 1840 3856 1910 illudant.—Signatur

2253 1931 2398 1989 enim
2428 1933 2602 2004 pietas
2629 1948 2726 2004 per
2753 1932 3026 2003 ploratum
3046 1974 3061 2000 ,
3109 1932 3365 1989 discretio
3405 1948 3505 2005 per
3537 1933 3855 1990 scissionem

2252 2025 2504 2093 vestium,
2552 2024 2775 2083 affectus
2816 2042 3044 2098 operum
3072 2042 3171 2098 per
3205 2029 3362 2099 ιοο
3389 2027 3669 2099 pulverem
3708 2029 3858 2100 capi-

2253 2126 2388 2186 tum,
2421 2119 2697 2175 humilitas
2723 2134 2822 2190 per
2847 2120 3165 2175 sessionem.
3197 2120 3500 2191 Aliquando
3532 2121 3676 2177 enim
3706 2122 3856 2192 pium

2254 2212 2383 2282 quid
2410 2212 2581 2267 hostis
2618 2212 2879 2269 insidians
2906 2212 3157 2281 simulat,
3189 2220 3247 2268 ut
3277 2213 3343 2267 ad
3376 2213 3714 2269 crudelitatis
3743 2221 3855 2269 ter-

2254 2305 2463 2379 minum
2487 2305 2747 2372 deducat;
2772 2305 2913 2361 sicut
2934 2313 3034 2374 est,
3058 2321 3180 2361 cum
3210 2306 3373 2377 plecti
3398 2322 3497 2377 per
3516 2305 3858 2376 disciplinam

2257 2397 2469 2467 culpam
2508 2396 2781 2467 prohibet,
2809 2404 3075 2467 quatenus
3104 2413 3223 2467 quae
3250 2398 3340 2454 hic
3370 2415 3481 2454 non
3510 2398 3856 2470 reprimitur,

2256 2490 2517 2561 gehennte
2548 2490 2670 2560 igne
2697 2490 2940 2548 feriatur.
2973 2490 3277 2561 Aliquando
3299 2491 3644 2549 discretionis
3664 2492 3855 2563 imagi-

2258 2597 2381 2637 nem
2413 2582 2583 2639 oculis
2620 2582 2824 2653 objicit,
2856 2592 2911 2640 et
2940 2584 3007 2639 ad
3037 2584 3438 2641 indiscretionis
3466 2585 3694 2657 laqueos
3726 2601 3852 2656 per-

2257 2672 2437 2740 ducit;
2489 2673 2629 2729 sicut
2675 2683 2757 2729 est
2802 2689 2926 2730 cum
2973 2674 3207 2746 impulsu
3238 2675 3352 2744 ejus
3398 2691 3497 2747 pro
3540 2674 3854 2733 inﬁrmitate

2257 2765 2414 2821 nobis
2443 2765 2562 2837 plus
2593 2765 2972 2821 alimentorum
3010 2767 3165 2836 quasi
3192 2766 3424 2823 discrete
3471 2767 3853 2834 concedimus,

2258 2857 2355 2914 sed
2376 2856 2662 2914 indiscrete
2682 2866 2868 2913 contra
2893 2873 2995 2914 nos
3020 2858 3159 2913 bella
3181 2858 3361 2914 carnis
3385 2857 3702 2914 excitamus.
3736 2857 3851 2912 Ali-

2259 2950 2475 3020 quando
2497 2949 2525 2989 ι)
2548 2948 2800 3006 allectum
2829 2950 3045 3006 simulat
3063 2951 3333 3007 bonorum
3363 2965 3611 3021 operum,
3636 2949 3729 3006 sed
3757 2962 3855 3020 per

2259 3042 2403 3098 hunc
2434 3042 2861 3113 inquietudinem
2892 3042 3097 3114 irrogat
3122 3042 3401 3111 laborum;
3443 3044 3582 3100 sicut
3620 3051 3704 3101 est
3730 3058 3852 3099 cum

2224 3136 2378 3205 .quis
2419 3136 2698 3205 quiescere
2729 3151 2837 3191 non
2866 3135 3037 3203 valet,
3089 3143 3144 3191 et
3172 3135 3325 3205 quasi
3354 3135 3426 3191 de
3469 3136 3583 3192 otio
3622 3134 3854 3206 iudicari

2260 3228 2432 3284 timet.
2462 3226 2765 3299 Aliquando
2805 3229 3095 3299 imaginem
3122 3227 3440 3284 humilitatis
3481 3235 3751 3295 ostentat,
3793 3233 3854 3283 ut

2265 3333 2286 3361 ε
2318 3320 2570 3379 allectum
2613 3323 2858 3379 utilitatis
2904 3323 3213 3389 subtrahat;
3264 3322 3404 3379 sicut
3432 3331 3518 3379 est
3544 3338 3666 3378 cum
3691 3336 3853 3393 quos-

2259 3414 2413 3482 dam,
2453 3416 2737 3489 plusquam
2764 3425 2890 3472 sunt
2918 3416 3160 3472 inﬁrmos
3194 3426 3356 3486 atque
3388 3417 3606 3473 inutiles
3635 3415 3854 3472 sibime-

2260 3507 2413 3577 tipsis
2440 3509 2651 3576 asserit,
2684 3518 2745 3565 ut
2771 3509 2897 3565 dum
2927 3524 2987 3565 se
3017 3509 3177 3565 nimis
3208 3509 3452 3580 indignos
3482 3508 3853 3575 considerant,

2258 3614 2346 3657 res
2371 3602 2424 3657 in
2454 3603 2650 3672 quibus
2676 3603 2935 3675 prodesse
2958 3603 3221 3676 proximis
3245 3610 3514 3675 poterant,
3542 3602 3857 3660 ministrare

2257 3694 2661 3765 pertimescant.

2329 3789 2419 3847 69.
2460 3789 2795 3861 Compunctio
2822 3800 3003 3848 contra
3023 3792 3147 3847 vitia
3167 3788 3553 3846 munit.—Sed
3579 3789 3699 3845 haec
3723 3788 3854 3844 vitia

2257 3898 2379 3955 quae
2412 3884 2512 3940 sub
2558 3884 2817 3939 virtutum
2857 3886 3039 3956 specie
3079 3884 3333 3955 antiquus
3369 3882 3541 3939 hostis
3579 3882 3851 3948 occultat,

2257 3978 2419 4034 valde
2448 3978 2718 4053 subtiliter
2743 3994 2934 4035 manus
2962 3976 3400 4050 compunctionis
3426 3976 3718 4032 examinat.
3750 3974 3851 4041 Qui

2257 4068 2401 4124 enim
2430 4071 2698 4125 veraciter
2742 4071 2886 4125 intus
2917 4068 3065 4125 dolet
3091 4112 3107 4139 ,
3137 4084 3257 4139 quae
3287 4067 3493 4139 agenda
3522 4068 3699 4130 foras,
3732 4079 3853 4135 qua:

2256 4178 2367 4218 non
2396 4163 2600 4232 agenda
2629 4163 2756 4228 sint,
2800 4162 3012 4220 fortiter
3038 4163 3317 4233 prtevidet.
3350 4161 3406 4217 Si
3437 4160 3580 4216 enim
3610 4174 3710 4215 nos
3738 4159 3851 4213 vir-

2256 4263 2344 4311 tus
2383 4256 2812 4325 compunctionis
2841 4255 2896 4310 in
2927 4255 3129 4311 intimis
3158 4253 3356 4319 allicit,
3388 4251 3565 4308 omnis
3598 4250 3853 4320 strepitus

2256 4362 2435 4419 pravae
2456 4347 2812 4419 suggestionis
2838 4349 3180 4404 obmutescit.
3209 4346 3363 4403 Unde
3384 4354 3440 4402 et
3461 4345 3737 4415 sequitur:

2462 4438 2465 4439 ν
2785 4438 3014 4495 CAPUT
3062 4438 3325 4494 XXXVII.

2326 4530 2491 4586 Vens.
2518 4528 2752 4586 lli—Et
2781 4547 2930 4587 nemo
2959 4529 3258 4601 loquebatur
3283 4530 3328 4584 ei
3346 4527 3589 4583 verbum:
3613 4524 3852 4582 videbant

622 4626 713 4682 66.
753 4624 949 4684 Faedus
968 4628 1237 4683 adversum
1261 4646 1356 4685 nos
1381 4627 1800 4685 iueunt.—Vitia
1820 4629 2021 4701 quippe
2044 4628 2147 4686 sibi
2174 4660 2228 4721 Β
2252 4626 2391 4682 enim
2419 4624 2648 4680 dolorem
2674 4640 2784 4679 esse
2810 4622 3176 4677 vehementem.

549 4713 649 4773 sub
676 4719 936 4775 virtutum
964 4728 1229 4790 praetextu
1258 4720 1571 4787 condicunt,
1599 4722 1724 4791 quia
1755 4729 1881 4777 sunt
1900 4721 2147 4791 quaedam

552 4826 672 4877 qun:
718 4810 1005 4869 adversum
1049 4831 1149 4872 nos
1196 4814 1337 4870 inter
1383 4829 1443 4871 se
1489 4815 1721 4885 quadam
1769 4816 2147 4872 convenientia

553 4902 969 4973 conjunguntur,
1011 4908 1150 4964 sicut
1188 4909 1442 4980 superbia
1482 4917 1536 4965 et
1575 4910 1677 4976 ira,
1720 4908 1968 4965 remissio
1996 4917 2052 4965 et
2080 4910 2150 4965 ti-

553 5005 690 5043 mor.
707 4991 892 5049 Vihina
904 5011 1136 5066 namque
1148 5007 1229 5053 est
1255 5000 1333 5054 ira
1362 4999 1648 5071 superbiae,
1674 5001 1922 5056 remissio
1944 5000 2146 5057 timori.

552 5080 900 5140 Condicendo
929 5100 1057 5154 ergo
1096 5090 1356 5158 veniunt,
1406 5107 1525 5162 quae
1564 5101 1753 5149 contra
1796 5107 1897 5149 nos
1942 5093 2043 5148 sibi
2080 5108 2149 5150 ex

551 5175 787 5245 quadam
808 5178 1087 5248 pravitatis
1100 5182 1421 5248 cognatione
1441 5185 1735 5241 sociantur.
1760 5184 1908 5259 [Vet.
1936 5184 1989 5240 Χ
1990 5185 2043 5240 Χ
2054 5184 2146 5259 V.]

550 5268 660 5325 Sed
689 5269 734 5325 si
763 5286 1059 5327 mrnmnam
1090 5284 1289 5331 nostra:
1317 5278 1646 5348 captivitatis
1675 5280 2019 5351 agnoscimus
2038 5321 2056 5348 ,
2100 5280 2149 5338 si

550 5376 619 5417 ex
650 5377 837 5421 amore
863 5376 1077 5420 aeternae
1114 5367 1301 5438 patriae
1340 5370 1394 5424 in
1436 5370 1640 5429 intimis
1677 5372 1954 5443 dolemus,
1983 5372 2146 5443 vitia,

549 5468 670 5523 quae
698 5458 838 5513 male
879 5458 1016 5515 lzetis
1052 5469 1374 5531 surrepunt,
1416 5462 1554 5519 bene
1583 5464 1825 5521 tristibus
1852 5464 2146 5538 praevalere

549 5560 663 5603 non
690 5559 936 5620 possunt.
971 5549 1121 5609 Unde
1147 5561 1202 5609 et
1229 5552 1368 5611 bene
1395 5554 1679 5612 subditur:

622 5688 647 5764 ξ
689 5680 945 5764 ῌρηημιιί
968 5684 1126 5764 ραι,
1153 5704 1217 5743 es:
1248 5689 1607 5760 insipientibus
1635 5693 1958 5752 mulieribus.
2016 5725 2021 5729 ε

621 5747 649 5835 ξ
689 5747 1179 5835 Aliquae/fectum.

629 5831 660 5905 ε.
696 5823 836 5879 Edit.
877 5823 1000 5905 vel.
1041 5839 1097 5905 et
1132 5831 1206 5900 pl.
1249 5832 1401 5902 Mss.,
1444 5835 1677 5905 effectum
1719 5838 1986 5903 utilitatis,
2031 5850 2140 5894 non

555 5890 699 5951 malo
726 5908 906 5954 sensu.
934 5898 1100 5971 Magis
1127 5890 1304 5963 famen
1331 5890 1615 5977 probatur,
1645 5890 2139 5981 optigissent;

2324 4718 2413 4775 70.
2457 4718 2556 4784 Qui
2584 4718 2707 4772 vitia
2733 4717 2802 4770 ad
2829 4716 3030 4770 virtutis
3062 4730 3212 4768 usum
3242 4718 3457 4784 possunt
3493 4709 3853 4780 famulari.—

2251 4812 2309 4869 Si
2338 4811 2481 4868 enim
2504 4826 2600 4867 cor
2619 4810 2885 4866 veraciter
2913 4807 3079 4875 dolet,
3106 4807 3342 4873 tinguant
3372 4811 3564 4860 contra
3590 4818 3691 4859 nos
3720 4802 3851 4856 vitia

2253 4921 2363 4961 non
2390 4904 2611 4960 habent.
2646 4902 2780 4957 Nam
2810 4917 2933 4958 cum
2962 4900 3121 4972 plene
3150 4899 3261 4955 vita
3288 4895 3624 4953 rectitudinis
3653 4894 3852 4965 qumri-

2251 5007 2375 5066 tur,
2426 5013 2760 5069 supervacua
2808 4995 3080 5065 suggestio
3128 4991 3412 5064 pravitatis
3462 4989 3488 5026 ά
3539 4989 3851 5045 obturatur.

2253 5093 2408 5165 Saepe
2429 5101 2609 5149 autem
2634 5094 2679 5149 si
2705 5091 2829 5150 forti
2850 5107 2950 5147 nos
2969 5090 3146 5147 studio
3172 5098 3360 5145 contra
3382 5086 3635 5142 vitiorum
3666 5085 3854 5138 incen-

2255 5189 2363 5244 tiva
2390 5188 2700 5256 stringimus
2724 5229 2738 5254 ,
2789 5188 2904 5259 ipsa
2954 5186 3117 5241 etiam
3156 5185 3285 5239 vitia
3330 5181 3399 5238 ad
3444 5196 3600 5237 usum
3638 5180 3855 5235 virtutis

2256 5280 2621 5336 immutamus.
2672 5278 2972 5335 Nonnullos
3019 5290 3255 5346 namque
3302 5275 3381 5330 ira
3431 5271 3719 5345 possidet:
3754 5266 3855 5324 sed

2255 5375 2413 5444 hanc,
2444 5373 2572 5430 dum
2616 5372 2811 5429 rationi
2840 5371 3149 5442 subjiciunt,
3188 5370 3243 5425 in
3271 5367 3444 5425 sancti
3476 5365 3579 5422 zeli
3608 5362 3854 5421 ministe-

2253 5468 2393 5523 rium
2438 5474 2675 5522 vertunt.
2721 5464 3018 5520 Nonnullos
3055 5461 3308 5532 superbia
3338 5458 3526 5526 erigit;
3576 5454 3673 5512 sed
3722 5452 3853 5507 dum

2256 5562 2450 5619 divinae
2479 5559 2751 5617 formidini
2780 5560 3019 5614 animum
3049 5556 3327 5621 inclinant,
3373 5553 3518 5609 hanc
3557 5549 3627 5606 ad
3666 5546 3855 5605 delen-

2253 5701 2501 5769 gantibus
2530 5697 2831 5770 potioribus
2860 5697 2984 5751 Mss.

2322 5770 2347 5807 ά
2389 5755 2599 5827 Primus
2640 5769 2874 5837 Remig.,
2925 5781 3062 5823 unus
3110 5758 3593 5835 Vindoc.,'Corb.,
3631 5755 3849 5827 Germ.,

2251 5842 2551 5897 obduratur.
