4180 6448
328 304 435 363 655

1268 305 1627 365 MORALIUM
1668 304 1798 361 LIB.
1841 305 1930 362 IV.
1975 335 2039 346 —
2078 306 2145 362 IN
2184 305 2338 362 CAP.
2380 305 2446 362 III
2487 306 2546 360 Β.
2583 304 2721 362 JOB.

3498 299 3604 354 63b

322 424 535 481 sionem
575 420 798 492 iustitiae
826 422 881 478 in
908 435 1098 479 vocem
1126 421 1310 479 liberae
1337 420 1675 479 auctoritatis
1712 422 1907 477 immu-
1934 426 1987 486 Α
2012 421 2369 491 cogitationes
2396 420 2694 490 subigendo
2725 418 2779 474 in
2826 418 3050 474 virtutes
3094 414 3381 481 vertimus,
3433 422 3609 472 tenta-

323 524 461 574 tant.
493 514 791 572 Nonnullos
814 515 1068 573 fortitudo
1096 517 1275 574 carnis
1302 516 1612 583 illecebrat;
1660 515 1755 572 sed
1783 514 1910 571 dum

322 608 638 668 exercendis
676 610 780 679 piis
818 610 1073 681 operibus
1111 625 1309 680 corpus
1353 608 1606 672 subdunt,
1639 606 1781 662 unde
1810 607 1913 662 ini-

320 703 541 774 quitatis
568 702 842 758 stimulum
862 703 1008 773 passi
1032 709 1178 768 sunt,
1208 702 1332 758 inde
1360 702 1578 773 pietatis
1604 700 1750 756 lucra
1772 716 1919 757 mer-

323 803 534 850 cantur.
591 793 742 850 Unde
769 802 826 851 et
851 794 991 851 bene
1018 794 1186 851 isdem
1228 796 1418 850 beatus
1454 792 1555 849 Job
1584 801 1710 864 post
1747 793 1917 848 multa

322 889 619 944 certamina
665 888 901 945 hostiam
944 904 1044 959 pro
1084 887 1270 943 amicis
1299 887 1559 943 immolat.
1593 887 1741 954 Quos
1768 886 1914 942 enim

320 993 418 1049 per
446 979 852 1035 contentionem
874 978 965 1034 diu
984 978 1169 1034 hostes
1195 977 1434 1047 pertulit,
1464 976 1791 1047 quandoque
1815 990 1916 1046 per

320 1070 646 1127 sacriﬁcium
672 1071 820 1128 cives
857 1070 1066 1137 reddit;
1109 1070 1237 1141 quia
1266 1069 1393 1125 dum
1421 1070 1644 1126 vitiosas
1669 1082 1915 1140 quasque

2017 517 2222 571 tionum
2247 515 2471 570 adversa
2498 513 2677 570 studia
2704 529 2802 585 per
2831 509 3145 568 intentionis
3170 508 3428 573 hostiam,
3449 507 3611 580 quasi

2019 606 2086 661 ad
2128 605 2301 661 amica
2330 605 2493 660 corda
2524 613 2912 674 permutamus.
2944 603 3073 659 Haec
3101 618 3199 658 nos
3226 601 3282 656 in
3312 601 3481 657 tribus
3509 616 3613 658 vo-

2018 698 2310 754 luminibus
2330 695 2614 766 tripliciter
2633 695 2950 752 disseruisse
2965 694 3216 752 suﬂiciat.
3237 692 3297 748 In
3320 693 3438 764 ipso
3460 708 3613 747 nam-

2020 807 2124 863 que
2153 792 2332 862 operis
2368 789 2525 860 hujus
2564 788 2788 845 exordio
2816 789 2963 844 velut
2991 790 3047 844 in
3074 787 3275 843 molem
3322 787 3613 841 nascitura:

2020 884 2247 947 arboris,
2281 883 2474 952 linguae
2514 881 2751 938 radicem
2782 881 3016 948 liximus,
3047 888 3106 935 ut
3133 878 3492 951 expositionis
3519 892 3614 933 ra—

2020 990 2140 1030 mos
2169 972 2542 1045 postmodum,
2586 978 2747 1044 prout
2775 970 2982 1040 singula
3012 978 3271 1043 expetunt
3296 969 3441 1040 loca,
3482 982 3613 1040 pro-

2023 1068 2299 1123 ducamus.

340 1231 3603 1259 W

1454 1330 1798 1413 LIBER
1868 1330 2473 1436 QUARTUS.

322 1496 402 1561 In
437 1515 559 1578 quo
593 1496 937 1577 Gregorius
959 1498 1179 1578 paucis
1205 1496 1510 1576 prwfatus
1546 1491 1902 1569 Scriptura:
1929 1487 2204 1550 litteram
2238 1506 2444 1551 secum
2473 1488 2815 1568 aliquandp
2838 1506 3143 1571 pugnare,
3182 1486 3253 1551 et
3293 1489 3611 1570 impreca-

407 1598 606 1660 tiones
638 1598 762 1660 Job
791 1600 952 1662 sicut
976 1595 1258 1659 Ieremia:
1293 1614 1364 1656 ac
1390 1590 1620 1668 David,
1642 1588 1974 1651 secundum
1998 1587 2069 1649 id
2093 1587 2263 1667 quod
2286 1597 2541 1664 sonant,
2598 1591 2729 1650 sine
2754 1588 3142 1650 absurditate
3171 1589 3448 1670 intelligi
3485 1606 3615 1652 non

402 1717 607 1779 posse,
634 1699 821 1761 verba
844 1698 969 1761 Job
997 1697 1070 1760 ab
1099 1697 1285 1760 initio
1315 1695 1540 1775 capitis
1574 1692 1774 1769 tertii,
1803 1688 1883 1751 ad
1904 1705 2147 1750 versum
2169 1688 2534 1768 vigesimum
2558 1688 2876 1764 historice,
2905 1689 3162 1768 mystice
3190 1709 3263 1752 ac
3288 1691 3615 1756 moraliter

409 1800 698 1878 exponit.

852 1986 1079 2044 CAPUT
1111 1986 1401 2041 PRIMUM.

960 2091 982 2118 ⁰
1008 2096 1306 2137 PIIA‘ZFATIO.

402 2187 555 2258 101
600 2182 888 2256 Scriptum
937 2185 1111 2239 littera
1140 2184 1422 2255 aliquando
1447 2185 1544 2241 sibi
1583 2184 1913 2241 contradicit.

327 2280 615 2351 Scriptum
647 2295 827 2333 sensus
856 2279 919 2332 ab
949 2279 1222 2334 humilibus
1253 2280 1557 2335 assiduitate
1592 2281 1797 2354 legendi
1826 2295 1917 2349 pe-

327 2377 581 2424 netratur.
606 2398 677 2411 --
704 2370 807 2437 Qui
836 2378 1044 2425 textum
1069 2370 1395 2437 considerat,
1423 2380 1479 2427 et
1505 2388 1723 2429 sensum
1752 2387 1920 2428 sacrm

330 2461 619 2518 locutionis
659 2463 905 2532 ignorat,
948 2478 1055 2517 non
1078 2445 1194 2517 tam
1223 2478 1283 2520 se
1327 2464 1632 2520 eruditione
1674 2465 1917 2529 instruit,

329 2556 871 2627 quamambiguitate
900 2556 1208 2624 confundit,
1240 2558 1364 2628 quia
1406 2574 1791 2629 nonnunquam
1820 2558 1922 2613 sibi

328 2644 525 2703 litterae
550 2648 715 2704 verba
739 2649 1146 2715 contradicunt;
1177 2650 1274 2706 sed
1295 2650 1422 2705 dum
1443 2667 1474 2706 a
1500 2652 1804 2721 semetipsis
1826 2666 1924 2721 per

332 2739 775 2796 contrarietatem
816 2739 843 2778 δ
874 2740 1163 2807 dissident,
1204 2740 1466 2798 lectorem
1513 2741 1580 2796 ad
1619 2742 1924 2810 intelligen-

338 2834 468 2888 tiam
497 2833 743 2888 veritatis
770 2834 1010 2888 mittunt.
1042 2832 1179 2900 Quid
1214 2834 1354 2890 enim
1385 2843 1468 2890 est
1494 2834 1639 2903 quod
1669 2834 1925 2891 Salomon

335 2926 412 2981 ait
435 2944 448 2979 :
487 2915 517 2965 θ’
543 2924 735 2981 Melius
760 2936 837 2981 est
864 2928 1128 2982 comedere
1153 2937 1204 2982 et
1230 2927 1401 2982 bibere
1421 2927 1617 3001 (Eccle.
1643 2945 1698 2993 ιι,
1720 2927 1845 2999 24);
1872 2934 1927 2984 et

234 3082 239 3085 Α
334 3033 444 3073 non
473 3018 632 3087 longe
660 3026 786 3090 post
822 3018 1042 3087 subjicit
1088 3037 1102 3073 :
1144 3019 1333 3074 Melius
1377 3030 1453 3074 est
1491 3022 1569 3075 ire
1608 3020 1677 3074 ad
1720 3020 1927 3075 domum

336 3109 523 3176 luctus,
552 3127 705 3182 quam
734 3111 804 3165 ad
842 3112 1048 3166 domum
1078 3112 1297 3166 convivii
1333 3109 1527 3183 (Eccle.
1572 3127 1665 3177 vn,
1696 3109 1792 3181 5)?
1819 3110 1930 3167 Cur

336 3199 540 3256 luctum
571 3202 823 3257 convivio
852 3201 1105 3272 praetulit,
1136 3201 1230 3270 qui
1272 3202 1423 3272 prius
1452 3217 1602 3257 esum
1633 3208 1930 3272 potumque

335 3286 618 3345 laudavit?
646 3290 703 3346 Si
734 3291 877 3346 enim
906 3307 1006 3362 per
1032 3290 1356 3347 electionem
1384 3292 1589 3347 bonum
1633 3300 1719 3348 est
1746 3308 1930 3349 come-

336 3381 468 3437 dere
514 3391 570 3437 et
596 3383 810 3450 bibere,
858 3360 1052 3454 procul
1090 3383 1256 3439 dubio
1286 3399 1405 3439 esse
1448 3384 1641 3439 melius
1671 3384 1833 3440 debet
1861 3385 1929 3441 ad
1954 3360 1998 3423 (ἶ

338 3472 558 3528 domum
579 3474 780 3544 gaudii,
812 3490 974 3545 quam
1016 3475 1084 3529 ad
1112 3478 1332 3531 domum
1362 3475 1582 3531 lamenti
1610 3491 1926 3547 properare.

335 3562 475 3621 Hinc
502 3573 586 3622 est
610 3566 754 3636 quod
784 3569 976 3622 iterum
1005 3567 1136 3623 dicit
1156 3585 1169 3621 :
1190 3566 1411 3634 Ltetare,
1424 3568 1654 3638 juvenis,
1676 3571 1731 3623 in
1754 3569 1932 3623 adole-

338 3659 536 3712 scentia
578 3666 665 3712 tua
708 3657 906 3729 (Eccle.
950 3674 1027 3727 χι,
1072 3658 1149 3729 9).
1194 3657 1263 3712 Et
1302 3659 1464 3728 paulo
1508 3668 1633 3731 post
1672 3660 1928 3728 subjicit:

337 3750 703 3805 Adolescentia
741 3751 879 3804 enim
906 3758 956 3805 et
995 3749 1230 3820 voluptas
1272 3766 1406 3803 vana
1435 3758 1555 3802 sunt
1598 3748 1785 3821 (Ibid.,
1819 3749 1931 3818 IO).

343 3840 483 3907 Quid
506 3846 589 3896 est
617 3840 722 3895 hoc
740 3840 887 3909 quod
914 3839 999 3894 vel
1028 3839 1175 3910 prius
1194 3838 1639 3909 reprehendenda
1666 3838 1932 3908 praecipit,

340 3932 428 3987 vel
457 3939 581 4002 post
596 3939 867 4003 praecepta
894 3929 1260 4001 reprehendit,
1289 3930 1391 3985 nisi
1415 3928 1560 4000 quod
1586 3930 1721 4000 ipsis
1743 3930 1935 3985 litterae

338 4023 521 4080 verbis
566 4024 761 4090 innuit,
802 4030 860 4078 ut
888 4022 980 4092 qui
1020 4020 1391 4077 difﬁcultatem
1430 4020 1670 4076 exterius
1714 4020 1932 4090 patitur,

341 4118 588 4175 veritatis
617 4116 1027 4187 intelligentiam
1073 4114 1409 4181 consideret,
1450 4128 1613 4183 quam
1643 4116 1936 4183 sequatur?

340 4223 461 4279 qua:
500 4210 751 4266 nimirum
794 4208 1035 4266 veritatis
1078 4208 1431 4278 intelligentia
1472 4222 1595 4262 cum
1624 4222 1723 4278 per
1759 4205 1938 4262 cordis

342 4304 702 4363 humilitatem
723 4304 1002 4376 quaeritur,
1027 4302 1240 4374 legendi
1266 4301 1579 4358 assiduitate
1600 4309 1932 4372 penetratur.

342 4394 497 4451 Sicut
525 4397 669 4451 enim
696 4395 1005 4465 ignotorum
1042 4394 1321 4449 hominum
1348 4392 1515 4449 facies
1554 4392 1852 4460 cernimus,
1884 4399 1939 4448 et

342 4485 508 4541 corda
550 4486 841 4555 nescimus,
872 4486 967 4541 sed
997 4485 1044 4541 si
1091 4484 1340 4540 familiari
1369 4485 1448 4541 eis
1493 4484 1769 4540 locutione
1808 4499 1939 4539 con-

342 4576 642 4647 jungimur,
664 4594 766 4634 usu
793 4578 1052 4648 colloquii
1076 4592 1264 4634 eorum
1287 4580 1453 4633 etiam
1482 4579 1837 4649 cogitationes
1866 4577 1942 4633 in-

347 4667 638 4736 dagamus;
688 4668 764 4722 ita
804 4684 926 4724 cum
974 4669 1029 4723 in
1080 4684 1237 4724 sacro
1288 4668 1505 4738 eloquio
1552 4670 1667 4725 sola
1714 4668 1938 4724 historia

1939 1985 1990 2045 B
2018 1988 2231 2037 sonant.
2267 1980 2442 2036 Tanto
2464 1990 2643 2037 autem
2671 1983 2901 2055 quisque
2929 1983 3135 2039 notitia:
3165 1985 3308 2043 illius
3322 1995 3612 2047 extraneus

2016 2070 2279 2139 redditur,
2311 2082 2512 2142 quanto
2540 2072 2597 2129 in
2624 2074 2738 2130 sola
2770 2073 2885 2144 ejus
2913 2074 3197 2145 superficie
3222 2077 3440 2147 ligatur.

2646 2183 2874 2241 CAPUT
2916 2186 2979 2240 Il.

2092 2273 2500 2346 Imprecationes
2528 2275 2626 2330 Job
2664 2278 2888 2348 intelligi
2914 2280 2982 2331 ad
3024 2280 3251 2335 litteram
3279 2282 3390 2336 sine
3428 2282 3614 2337 absur-

2021 2367 2183 2422 ditate
2212 2378 2487 2441 nequeunt.
2516 2402 2589 2413 —
2614 2368 2755 2425 Ecce
2784 2371 2927 2426 enim
2967 2374 3113 2441 quod
3139 2373 3336 2430 beatus
3363 2373 3464 2431 Job
3508 2375 3616 2432 diei

2022 2475 2122 2516 suo
2167 2462 2511 2519 maledixisse
2538 2461 2863 2519 describitur
2910 2464 3144 2521 dicens:
3196 2466 3391 2522 Pereat
3417 2469 3529 2524 dies
3557 2471 3614 2524 in

2022 2569 2123 2623 qua
2148 2562 2301 2607 natus
2325 2570 2456 2619 sum,
2485 2564 2535 2608 et
2555 2570 2660 2609 nox
2684 2556 2739 2608 in
2765 2573 2865 2627 qua
2887 2557 3078 2611 dictum
3098 2568 3207 2613 est:
3230 2559 3517 2631 Conceptus
3537 2569 3616 2615 est

2024 2644 2196 2713 homo,
2224 2645 2269 2700 si
2307 2646 2593 2715 superficie
2623 2655 2778 2701 tenus
2804 2649 3123 2719 attenditur,
3167 2650 3295 2720 quid
3325 2652 3408 2708 his
3436 2653 3616 2709 verbis

2022 2738 2496 2806 reprehensibiltus
2526 2739 2831 2796 invenitur?
2854 2741 2983 2808 Quis
3008 2750 3190 2799 autem
3215 2746 3439 2810 nesciat,
3472 2746 3616 2801 diem

2023 2829 2080 2883 in
2108 2844 2216 2898 quo
2260 2838 2416 2885 natus
2459 2838 2544 2905 est
2590 2847 2929 2903 nequaquam
2978 2842 3107 2890 tunc
3152 2842 3297 2893 stare
3332 2838 3619 2907 potuisse?

2026 2917 2053 2957 ἀ
2083 2918 2275 2976 Modus
2301 2922 2501 2993 quippe
2530 2932 2611 2978 est
2640 2925 2929 2995 temporis,
2962 2927 3020 2980 ut
3048 2935 3247 2983 statum
3288 2945 3395 2985 non
3424 2931 3621 2987 habeat

2026 3012 2342 3068 mansionis.
2374 3013 2511 3079 Quia
2559 3015 2701 3069 enim
2744 3026 3111 3092 per.ventura
3158 3018 3329 3073 tendit
3358 3020 3424 3074 ad
3476 3036 3619 3087 esse,

2028 3115 2243 3172 semper
2270 3118 2337 3157 ex
2368 3104 2657 3173 praeteritis
2683 3104 2904 3159 festinat
2930 3121 3037 3161 non
3077 3121 3216 3163 esse.
3247 3107 3354 3164 Cur
3381 3124 3510 3179 ergo
3540 3112 3623 3167 vir

2028 3203 2209 3251 tantus
2243 3195 2592 3252 malediceret
2618 3198 2717 3263 rei,
2749 3213 2912 3267 quam
2941 3214 3285 3269 nequaquam
3326 3202 3621 3258 subsistere

2031 3302 2141 3342 non
2171 3288 2479 3356 ignoraret?
2501 3286 2606 3343 Sed
2629 3288 2856 3365 fortasse
2884 3289 3078 3359 aliquis
3099 3289 3263 3357 dicat,
3293 3291 3436 3360 quod
3465 3307 3533 3347 ex
3555 3306 3622 3347 eo

2030 3378 2240 3450 pondus
2263 3380 2476 3435 virtutis
2498 3380 2615 3449 ejus
2642 3368 2902 3451 aspicitur
2918 3422 2932 3448 ,
2958 3382 3085 3451 quia
3106 3382 3455 3439 tribulatione
3474 3400 3625 3439 com-

2031 3481 2233 3539 motus,
2265 3470 2341 3525 illi
2370 3472 2449 3527 rei
2472 3471 2818 3527 maledictum
2857 3474 3011 3544 102
3038 3474 3241 3544 irrogat
3263 3489 3382 3544 quae
3412 3483 3625 3531 constat

2032 3562 2180 3630 quod
2202 3562 2423 3617 minime
2443 3563 2720 3618 subsistat.
2746 3563 2853 3618 Sed
2874 3565 2979 3620 hoc
3004 3566 3161 3620 citius
3178 3575 3459 3637 perspecta
3483 3568 3623 3623 ratio

2032 3655 2293 3721 destruit,
2322 3656 2447 3727 quia
2474 3656 2518 3710 si
2545 3657 2870 3712 subsistebat
2897 3673 2984 3713 res
3012 3659 3099 3713 cui
3119 3660 3485 3729 malediceret,
3504 3677 3627 3732 per-

2035 3748 2299 3802 niciosum
2331 3748 2674 3803 maledictum
2704 3749 2913 3804 intulit:
2946 3750 2993 3805 si
3023 3760 3203 3805 autem
3230 3767 3340 3806 non
3367 3752 3626 3810 subsiste-

2035 3836 2149 3901 bat,
2195 3836 2449 3891 otiosum.
2480 3836 2732 3906 Quisquis
2761 3853 2892 3893 vero
2922 3838 3037 3907 cjus
3065 3840 3258 3909 spiritu
3301 3842 3493 3911 plenus
3521 3850 3623 3910 est,

2036 3926 2127 3995 qui
2157 3926 2276 3980 ait:
2322 3924 2489 3980 Omne
2525 3928 2728 3981 verbum
2771 3930 3020 3995 otiosum,
3061 3932 3198 4001 quod
3237 3932 3392 3987 locuti
3435 3936 3628 4005 fuerint

2038 4016 2289 4081 homines,
2322 4016 2575 4071 rationem
2604 4018 2821 4071 reddent
2850 4019 2912 4073 de
2937 4036 2995 4074 eo
3011 4022 3066 4074 in
3096 4021 3179 4076 die
3193 4022 3380 4092 judicii
3405 4023 3621 4096 (Matth.

2038 4122 2133 4169 xu,
2176 4103 2289 4176 '56),
2319 4105 2393 4160 ita
2423 4108 2596 4163 otiosa
2628 4108 2930 4177 admittere,
2962 4111 3102 4167 sicut
3131 4113 3293 4168 etiam
3323 4116 3629 4186 perniciosa

2037 4197 2308 4253 formidat.
2340 4196 2440 4254 Cui
2469 4198 2645 4255 adhuc
2673 4202 2956 4258 sementim
2995 4203 3302 4274 adjungitur
3333 4224 3345 4261 :
3381 4206 3508 4263 Dies
3538 4208 3629 4264 ille

2039 4303 2264 4349 vertatur
2300 4296 2355 4349 in
2382 4295 2636 4360 tenebras,
2671 4311 2775 4350 non
2805 4298 3032 4368 requirat
3068 4314 3183 4352 eum
3212 4297 3352 4354 Deus
3386 4300 3624 4372 desuper,

2040 4395 2088 4439 et
2119 4402 2224 4441 non
2254 4386 2320 4439 sit
2362 4388 2413 4439 in
2444 4386 2821 4453 recordatione,
2856 4395 2904 4441 et
2932 4405 3036 4442 non
3065 4396 3088 4425 ο
3132 4390 3357 4443 illustret
3385 4392 3577 4444 lumine
3607 4408 3625 4445 :

2041 4478 2313 4533 obscurent
2339 4494 2454 4531 eum
2486 4478 2706 4532 tenebrae
2734 4486 2781 4530 et
2808 4478 2993 4531 umbra
3022 4480 3223 4542 mortis,
3270 4488 3479 4548 occupet
3514 4496 3628 4533 eum

2043 4572 2231 4641 caligo,
2264 4578 2312 4624 et
2340 4571 2630 4624 involvatur
2659 4570 3028 4623 amaritudine.
3062 4567 3283 4622 Noctem
3312 4568 3458 4621 illam
3489 4582 3629 4623 tene-

2044 4663 2224 4718 brosus
2272 4663 2416 4717 turbo
2459 4662 2748 4733 president,
2796 4660 2815 4699 ί
2857 4663 2925 4715 sit
2964 4676 3068 4716 nos:
3106 4661 3201 4713 illa
3238 4660 3501 4725 solitaria,
3539 4677 3633 4717 nec

348 4730 634 4831 aspicitur,
652 4758 786 4813 nihil
814 4758 959 4813 aliud
980 4774 1141 4826 quam
1168 4759 1332 4815 facies
1356 4730 1597 4826 videtur;
1620 4760 1716 4816 sed
1741 4762 1787 4816 si
1812 4760 1937 4817 huic
1964 4730 2019 4792 Β
2042 4746 2199 4811 laude
2220 4756 2408 4826 digna;
2432 4762 2687 4825 exspectet
2719 4754 2903 4816 lucem,
2929 4760 2977 4805 et
3002 4768 3103 4805 non
3134 4751 3320 4818 videat,
3352 4769 3442 4807 nec
3464 4764 3630 4809 ortum
3666 4790 3669 4795 -

350 4849 570 4905 assiduo
624 4865 724 4904 usu
777 4847 1180 4918 conjungimur,
1233 4850 1348 4919 ejus
1401 4852 1651 4907 nimirum
1698 4861 1937 4910 mentem

351 4942 507 5014 quasi
536 4957 605 4998 ex
626 4941 1000 4998 collocutionis
1028 4940 1392 4998 familiaritate
1408 4953 1770 5013 penetramus.
1801 4946 1937 5001 Dum

353 5034 495 5091 enim
532 5033 633 5089 alia
681 5049 748 5089 ex
790 5033 909 5088 aliis
952 5033 1282 5102 colligimus,
1330 5033 1486 5089 facile
1516 5036 1569 5090 in
1610 5037 1727 5105 ejus
1762 5038 1940 5096 verbis

354 5128 715 5199 agnoscimus,
756 5126 901 5183 aliud
945 5142 1066 5183 esse
1108 5126 1253 5197 quod
1281 5126 1549 5194 intimant,
1596 5128 1743 5187 aliud
1791 5128 1937 5199 quod

428 5252 452 5279 ⁸
497 5241 625 5309 Quae
669 5249 966 5313 sequuntur
1010 5239 1343 5313 prmfationis
1393 5240 1549 5313 titulo
1602 5240 1937 5312 insignienda

356 5328 496 5380 esse,
527 5312 592 5367 ad
616 5311 852 5369 mentem
882 5313 1051 5382 sancti
1084 5312 1350 5376 Doctoris,
1377 5311 1611 5381 probant
1646 5311 1763 5382 quae
1808 5314 1940 5381 legi-

355 5399 475 5439 mus
501 5384 554 5437 in
580 5382 687 5438 ﬁne
711 5400 830 5454 cap.
850 5383 883 5436 4
915 5401 927 5435 :
963 5381 1098 5454 Quia
1126 5382 1282 5453 igitur
1300 5391 1555 5452 utcunque
1577 5381 1690 5454 qud:
1714 5385 1767 5438 in
1807 5401 1943 5454 prte-

357 5455 783 5577 fationeJuerant
812 5453 1151 5525 exquirenda,
1180 5453 1527 5521 distinximus,
1556 5453 1705 5510 verba
1726 5455 1841 5526 jam
1864 5456 1941 5511 hi-

357 5526 534 5577 storiae
595 5526 871 5577 isserentes
900 5540 1259 5577 exsequamur.

357 5526 534 5608 βεργερ
558 5526 871 5608 disserentes
900 5540 1259 5608 essequamur.

428 5594 455 5635 ιι
477 5593 640 5650 Corb.
686 5592 893 5659 Germ,
925 5592 1202 5650 dissidunt.

432 5677 454 5705 ε
482 5664 539 5718 In
568 5664 731 5744 (_l_uob.
766 5664 1207 5744 Rhemvduobus
1230 5664 1462 5744 _R__emig.,
1491 5666 1942 5744 Compend.,_Val.

357 5737 467 5804 CL,
492 5736 671 5860 ultelitus
697 5744 772 5789 est
800 5736 1113 5789 manducare
1137 5745 1186 5789 et
1224 5735 1414 5804 bibere,
1447 5761 1606 5818 quam
1632 5735 1722 5800 'ire
1752 5740 1820 5791 ad
1852 5738 1946 5792 do-

360 5824 499 5860 mum
541 5823 601 5860 uc
626 5823 704 5860 us.

360 5824 499 5865 mum
520 5816 704 5860 luctus.

433 5876 461 5915 ἀ
491 5874 673 5939 δῦθι..
708 5875 906 5941 Vatic..
950 5873 1237 5945 Gussanv.,
1265 5893 1294 5935 a
1320 5878 1450 5948 Mss.
1486 5884 1826 5971 “cedendo,
1858 5878 1947 5935 hic

2040 4849 2301 4919 surgentis
2346 4861 2566 4899 auroree.
2609 4843 2731 4897 Dies
2772 4842 2865 4910 qui
2909 4842 3122 4911 elapsus
3163 4857 3325 4899 cursu
3370 4846 3633 4915 temporis

2041 4942 2241 5006 scitur,
2275 4955 2372 4994 cur
2398 4938 2535 4992 verti
2564 4937 2617 4991 in
2650 4936 2899 4990 tenebras
2921 4935 3149 4991 dicitur?
3180 4936 3244 4991 Et
3271 4953 3392 4993 cum
3414 4949 3629 4997 consta-

2044 5042 2132 5089 ret
2157 5032 2281 5101 quia
2310 5045 2419 5085 non
2458 5028 2792 5090 subsisteret,
2838 5042 2934 5082 cur
2959 5035 3178 5097 optatur
3205 5040 3263 5084 ut
3290 5045 3413 5085 eum
3442 5031 3629 5086 umbra

2042 5125 2234 5181 mortis
2264 5123 2516 5179 obscuret
2538 5130 2596 5187 8;
2637 5119 2723 5174 vel
2743 5134 2861 5189 quae
2888 5119 3063 5189 caligo
3100 5134 3357 5192 occupat,
3390 5139 3509 5193 qua:
3533 5124 3631 5177 im-

2045 5240 2248 5294 liabent
2268 5246 2454 5292 motus.
2499 5233 2711 5299 Melius,
2742 5232 2921 5287 modus
2946 5274 2960 5300 ,
2989 5241 3049 5288 ut
3086 5235 3249 5289 etiam
3277 5243 3501 5289 vetustae
3528 5234 3626 5288 Ed.

2044 5311 2403 5371 retinuerunt,
2424 5305 2567 5376 quod
2592 5304 2774 5359 statim
2798 5305 3341 5373 patebitattendenti;
3367 5321 3490 5359 nam
3515 5306 3630 5360 dies

2045 5390 2129 5437 est
2152 5396 2279 5434 vere
2301 5378 2482 5433 modus
2509 5390 2604 5430 seu
2632 5376 3141 5445 speciestemporis.

2122 5462 2144 5489 (⁸
2177 5450 2335 5517 Editi,
2362 5467 2462 5503 non
2486 5448 2791 5503 illustratur.
2820 5444 2954 5501 Huic
2982 5444 3105 5501 lect.
3129 5445 3504 5501 contradicunt
3525 5462 3633 5501 oms

2050 5538 2145 5577 nes
2171 5522 2297 5576 Mss.
2327 5521 2517 5574 nostri.

2124 5592 2144 5631 ί
2179 5591 2278 5647 Hic
2308 5593 2567 5646 insertum
2617 5590 2683 5643 ab
2730 5588 3058 5653 Editoribus,
3093 5604 3196 5641 non
3221 5595 3540 5656 computetur
3579 5589 3634 5641 in

2049 5663 2393 5726 diebus’anni,
2425 5678 2516 5713 nec
2546 5669 2839 5713 muneretur
2858 5660 2909 5711 in
2942 5657 3219 5723 mensibus,
3250 5658 3636 5727 amputandunt

2053 5736 2379 5794 censuimus,
2416 5732 2538 5785 Mss.
2573 5746 2762 5783 omnes
2790 5728 2984 5782 secuti.

2127 5815 2151 5851 ε
2181 5804 2380 5857 Locum
2429 5803 2571 5857 hunc
2599 5800 2755 5854 valde
2784 5808 3094 5867 corruptum
3134 5814 3202 5852 ex
3242 5798 3365 5853 Mss.
3400 5800 3639 5857 restitui-

2052 5891 2193 5933 mus.
2227 5874 2379 5932 Prius
2408 5874 2683 5943 legebatur
2712 5868 2856 5941 apud
2878 5868 3009 5927 Coc.
3041 5869 3176 5926 etin
3206 5884 3322 5942 seq.
3341 5868 3464 5941 Ed.,
3493 5888 3642 5945 quem
