4180 6482
1707 332 1716 340 ’
1767 373 2010 432 sanan
2049 375 2376 434 GREGORII
2431 375 2642 434 MAGNI

3745 379 3852 440 036

573 491 795 567 plicatlo
815 489 1183 547 amaritudinis
1207 488 1464 557 involvit;
1497 497 1591 545 aut
1615 489 1736 560 quis
1759 498 1970 546 noctem
1999 497 2152 545 tene-
2179 493 2230 554 Α
2255 491 2342 546 dia
2391 495 2654 564 sperant?
2699 491 2853 561 Quod
2898 500 3106 558 tamen,
3162 500 3221 548 ut
3276 493 3611 565 Redemptor
3665 506 3856 555 noster

571 585 764 643 brosus
791 586 950 641 turbo
977 584 1236 656 possidet,
1262 600 1422 655 quam
1453 585 1632 640 nullus
1652 593 1824 640 status
1848 587 2031 640 tenet?
2054 583 2160 640 Aut

571 681 844 750 quomodo
874 688 1092 751 optatur
1121 677 1236 735 ﬁeri
1264 679 1523 744 solitaria,
1555 694 1674 749 qua:
1705 678 2031 733 transeundo
2047 677 2159 746 jam

570 772 747 829 fuerat
777 775 957 828 nulla?
986 772 1094 828 Aut
1122 773 1297 828 lucem
1325 773 1600 842 quomodo
1630 781 1928 846 exspectat,
1961 785 2078 841 quae
2107 778 2162 825 et

568 881 729 923 sensu
759 875 930 932 caret,
965 874 1020 921 et
1042 866 1094 920 in
1123 867 1343 936 proprio
1370 874 1512 921 statu
1543 882 1650 921 non
1682 865 1998 936 permanet?
2027 864 2161 931 Qui-

567 957 670 1016 bus
691 958 866 1015 adhuc
894 958 1076 1014 verbis
1105 958 1321 1027 subiicit
1354 976 1368 1010 :

1189 1047 1416 1105 CAPUT
1445 1047 1532 1103 Ill.

609 1151 612 1155 '
644 1142 818 1210 Quare
843 1159 948 1197 non
974 1144 1029 1195 in
1057 1140 1205 1196 vulva
1229 1150 1462 1196 mortuus
1491 1157 1624 1205 sum,
1660 1157 1895 1210 egressus
1923 1157 1986 1194 ex
2014 1148 2158 1192 utero

567 1253 672 1293 non
703 1238 878 1292 statim
906 1237 1076 1305 perii?
1105 1234 1280 1299 Quare
1308 1243 1550 1304 exceptus
1579 1234 1836 1305 genibus?
1863 1232 1966 1286 Cur
1988 1233 2157 1286 lacta-

568 1337 649 1384 tus
675 1330 951 1384 uberibus?
976 1328 1131 1383 Nunc
1159 1329 1299 1382 enim
1326 1328 1587 1382 dormiens
1618 1328 1823 1381 silerem
1845 1365 1859 1390 ,
1893 1335 1942 1380 et
1973 1342 2156 1380 somno

575 1441 687 1478 meo
712 1423 1099 1495 requiescerem.

641 1517 947 1588 Argumenti
985 1515 1236 1586 propositi
1281 1513 1627 1584 conﬁrmatio.
1668 1509 1769 1574 Qui
1815 1511 2161 1564 liberarentur

570 1609 800 1664 homines
828 1605 892 1660 ab
929 1607 1171 1678 originali
1212 1615 1440 1676 peccato,
1487 1611 1606 1657 ante
1647 1603 1937 1656 institutum
1967 1601 2160 1671 baptis-

565 1718 727 1756 mum.
752 1727 824 1738 —
853 1698 1101 1769 Nunquid
1128 1699 1174 1753 si
1199 1711 1447 1765 egressus
1472 1712 1538 1751 ex
1572 1703 1726 1750 utero
1755 1695 1934 1748 statim
1967 1692 2158 1763 periis-

568 1802 670 1859 set,
721 1791 1097 1847 retributionis
1138 1791 1388 1844 meritum
1432 1805 1499 1844 ex
1547 1789 1649 1842 hac
1699 1787 1809 1857 ipsa
1857 1787 2158 1856 perditione

2263 586 2420 641 valde
2437 602 2636 650 rarum,
2661 594 2712 641 et
2731 601 2793 641 ex
2822 586 2939 641 solo
2966 586 3145 641 divino
3169 587 3427 641 miraculo
3453 587 3669 643 evenire
3696 606 3856 655 posse

2261 686 2590 733 monstraret
2627 697 2638 732 :
2685 679 2836 749 Apud
2865 680 3094 732 homines
3111 701 3136 747 ,-
3171 679 3372 746 inquit,
3402 679 3498 733 hoc
3539 681 3858 750 impossibile

2260 781 2364 837 est,
2409 773 2548 842 apud
2589 772 2753 826 Deum
2793 783 2961 826 autem
3005 774 3270 842 possibilia
3310 775 3486 826 omnia
3534 785 3674 828 sunt.
3719 774 3853 841 Quia

2261 865 2423 931 igitur
2451 867 2613 918 verba
2656 865 2771 919 hzrc
2801 866 2851 920 in
2883 865 3166 936 superﬁcie
3212 881 3240 919 a
3272 869 3483 922 ratione
3520 868 3851 939 discordant,

2261 955 2374 1025 ipsa
2402 956 2511 1023 jam
2543 957 2718 1010 littera
2750 957 2972 1025 indicat,
3005 958 3148 1026 quod
3176 958 3226 1012 in
3260 957 3337 1014 eis
3361 966 3580 1015 sanctus
3602 960 3684 1014 vir
3701 959 3856 1030 juxta

2262 1045 2497 1102 litteram
2529 1047 2662 1101 nihil
2691 1047 2855 1101 dicat.

2711 1139 2939 1194 CAPUT
2975 1141 3037 1195 IV
3097 1141 3238 1213 |Vet.
3275 1141 3418 1216 III].

2335 1231 2447 1285 Nec
2472 1231 2641 1286 David
2686 1250 2774 1286 nec
2801 1232 3040 1287 Jeremiw
3067 1235 3466 1305 imprecationes
3529 1235 3600 1290 ad
3625 1237 3858 1293 litteram

2261 1324 2596 1393 accipiendis.
2619 1353 2688 1362 —
2718 1324 2821 1377 Sed
2853 1326 2896 1377 si
2929 1326 3074 1393 prius
3098 1326 3147 1378 in
3180 1342 3335 1381 sacro
3367 1328 3585 1398 eloquio
3615 1329 3718 1382 alia
3750 1345 3859 1383 ma-

2261 1415 2455 1470 ledicta
2490 1418 2828 1478 discutimus,
2866 1417 2968 1471 hoc
2995 1419 3137 1487 quod
3163 1419 3302 1473 beati
3333 1418 3434 1473 Job
3463 1436 3558 1473 ore
3588 1422 3854 1489 prolatum

2261 1518 2361 1573 est,
2393 1510 2638 1564 subtilius
2664 1511 2998 1578 indagamus.
3026 1513 3163 1578 Quid
3189 1521 3271 1566 est
3301 1515 3461 1579 enim,
3489 1513 3633 1582 quod
3666 1513 3854 1580 David,

2260 1606 2350 1673 qui
2391 1603 2811 1657 retrihucntihus
2843 1605 2940 1657 sibi
2969 1605 3246 1658 Inala'non
3279 1605 3533 1669 reddidit,
3575 1623 3694 1659 cum
3728 1605 3858 1660 Sanl

2260 1703 2316 1749 et
2337 1692 2595 1747 Jonathas
2619 1694 2760 1747 bello
2783 1697 3191 1762 occumberent,
3215 1696 3421 1750 Gelboe
3446 1698 3718 1750 montibus
3742 1713 3855 1749 ma-

2261 1784 2462 1849 ledicit,
2495 1786 2681 1840 dicens
2708 1805 2718 1839 :
2754 1785 2959 1841 Montes
2991 1787 3198 1853 Gelboe,
3226 1807 3318 1842 nec
3344 1808 3428 1843 ros
3458 1807 3552 1842 nec
3582 1791 3752 1862 pluria
3777 1809 3858 1845 ce-

566 1883 915 1954 conciperet?
961 1863 1208 1952 Nunquid
1261 1891 1461 1936 interna
1509 1880 1693 1948 requie
1743 1879 1971 1932 abortivi
2026 1893 2152 1948 per-
2187 1879 2228 1939 Β
2257 1878 2369 1930 niat
2411 1896 2564 1948 super
2594 1896 2709 1945 ros,
2743 1897 2902 1949 neque
2930 1891 3033 1934 sint
3063 1882 3178 1948 agri
3223 1884 3600 1951 primitiarum,
3634 1886 3753 1955 quia
3785 1884 3858 1938 ibi

571 1975 861 2031 fruuntur?
903 1974 1157 2044 Quisquis
1198 1974 1340 2028 enim
1393 1972 1819 2041 regenerationis
1865 1970 2006 2024 unda
2051 1985 2158 2024 non

565 2066 819 2131 solvitur,
855 2074 878 2101 ⁸
909 2072 1061 2120 reatu
1092 2051 1250 2135 primi
1278 2064 1476 2120 vinculi
1519 2064 1711 2132 ligatus
1739 2070 1972 2117 tenetur.
2006 2060 2160 2128 Quod

565 2175 696 2216 vero
727 2157 830 2231 (De
859 2175 1027 2224 cons.,
1059 2159 1180 2213 dist.
1215 2156 1268 2224 4,
1302 2178 1347 2225 c,
1379 2159 1430 2226 5,
1494 2158 1644 2223 Quod
1671 2157 1859 2222 autent)
1894 2157 2032 2228 apud
2063 2172 2162 2212 nos

565 2250 709 2305 valet
737 2265 876 2319 aqua
901 2250 1259 2320 baptismatis,
1288 2250 1393 2304 hoc
1419 2250 1528 2318 egit
1554 2250 1695 2320 apud
1722 2259 1932 2304 veteres
1951 2249 2032 2303 vel
2064 2264 2161 2318 pro

568 2336 960 2409 parvulis'sola
1000 2340 1153 2405 ﬁdes,
1185 2341 1270 2394 vel
1300 2357 1398 2410 pro
1443 2341 1735 2408 majoribus
1788 2341 1953 2393 virtus
1997 2340 2163 2394 sacri-

568 2427 695 2494 ﬁcii,
743 2429 830 2484 vel
860 2444 960 2500 pro
989 2429 1073 2484 bis
1101 2431 1190 2500 qui
1231 2446 1295 2485 ex
1328 2431 1558 2485 Abrahae
1604 2434 1772 2500 stirpe
1809 2431 2159 2502 prodierant,

569 2519 882 2591 mysterium
905 2520 1350 2577 circumcisionis.
1368 2520 1498 2574 Nam
1516 2522 1640 2590 quia
1659 2522 2025 2590 unusquisque
2040 2537 2162 2576 cum

568 2611 726 2682 primi
766 2612 1004 2682 parentis
1033 2612 1192 2682 culpa
1231 2612 1550 2682 concipitur,
1602 2612 1870 2682 PrOpheta
1913 2619 2162 2680 testatur,

569 2703 752 2759 dicens
784 2721 800 2758 :
833 2703 967 2758 Ecce
1016 2707 1153 2759 enim
1203 2705 1258 2758 in
1286 2703 1644 2777 iniquitatibus
1689 2713 1962 2773 conceptus
1993 2720 2106 2759 sum
2132 2702 2161 2744 δ

573 2795 746 2866 (Psat.
778 2814 832 2863 ι,
862 2797 938 2866 7).
970 2797 1038 2853 Et
1059 2799 1186 2868 quia
1214 2797 1260 2853 is
1287 2813 1446 2867 quem
1471 2799 1658 2854 salutis
1680 2798 1819 2852 unda
1850 2814 1956 2853 non
1985 2797 2160 2866 diluit,

572 2889 848 2959 originalis
893 2891 1063 2961 culpae
1109 2892 1370 2962 supplicia
1420 2908 1528 2947 non
1567 2892 1788 2962 amittit,
1832 2902 2020 2962 aperte
2067 2907 2166 2963 per

572 2983 916 3054 semetipsum
940 2984 1152 3039 Veritas
1176 2985 1440 3054 perhibet.
1475 2985 1656 3040 dicens
1682 3003 1694 3038 :
1727 2985 1850 3038 Nisi
1878 2987 1992 3056 quis
2015 3002 2165 3039 rena-

573 3079 654 3125 tus
685 3073 839 3145 fuerit
867 3088 934 3128 ea:
962 3090 1097 3145 aqua
1125 3083 1175 3128 et
1203 3074 1402 3144 Spiritu
1429 3085 1629 3141 sancto,
1661 3093 1762 3130 non
1785 3075 1988 3130 habebit
2009 3078 2166 3130 vitam

573 3173 823 3221 (sternam
854 3165 1032 3238 (Joan.
1066 3183 1142 3233 ιιι,
1177 3166 1254 3238 5).
1286 3167 1421 3232 Quid
1453 3175 1537 3221 est
1565 3181 1696 3235 ergo
1749 3168 1894 3236 quod
1923 3169 1976 3222 in
2006 3169 2163 3222 vulva

2269 1969 2496 2039 abjectus
2529 1982 2604 2023 est
2625 1972 2648 2006 ά
2678 1971 2886 2041 clypeus
2910 1972 3059 2036 Saul,
3085 1974 3232 2044 quasi
3264 1991 3362 2028 non
3385 1984 3517 2028 esset
3541 1987 3723 2028 unctus
3746 1978 3857 2030 oleo

2267 2061 2367 2132 (II
2391 2061 2520 2134 Reg.
2554 2079 2603 2124 ι,
2631 2063 2760 2131 2|)?
2791 2064 2937 2136 [Ιῖεε.
2969 2063 3099 2136 IV.]
3127 2066 3261 2131 Quid
3294 2075 3375 2120 est
3399 2067 3541 2135 quod
3571 2065 3855 2135 Jeremias,

2264 2168 2384 2206 cum
2419 2153 2858 2222 prmdicatiouem
2890 2170 3042 2209 suam
3083 2165 3333 2210 cerneret
3363 2157 3692 2211 audientium
3721 2158 3860 2212 ditii-

2264 2245 2462 2299 cultate
2505 2247 2804 2315 praepediri,
2837 2248 3114 2302 maledicit
3169 2249 3353 2303 dicens
3386 2266 3397 2300 :
3445 2248 3756 2304 Maledictus
3787 2253 3860 2304 uir

2264 2338 2350 2407 qui
2371 2338 2700 2390 annuntiavit
2727 2339 2866 2406 patri
2895 2354 3024 2400 meo,
3057 2339 3233 2392 dicens
3265 2356 3282 2393 :
3313 2337 3486 2393 Natus
3508 2350 3586 2394 est
3611 2340 3704 2394 tibi
3732 2359 3860 2412 puer

2266 2428 2528 2480 masculus
2580 2427 2804 2497 (Jerem.
2839 2445 2927 2490 xx,
2964 2428 3094 2497 l5)?
3131 2431 3268 2496 Quid
3315 2443 3446 2498 ergo
3474 2443 3688 2484 montes
3725 2431 3858 2485 Gel-

2265 2518 2390 2586 boe,
2421 2518 2547 2573 Saul
2582 2521 2845 2575 moriente
2875 2521 3237 2590 deliquerunt,
3263 2530 3527 2591 quatenus
3558 2523 3610 2577 in
3652 2525 3728 2580 eis
3758 2539 3858 2581 nec

2266 2627 2357 2666 ros
2402 2627 2502 2666 nec
2531 2612 2711 2682 pluvia
2761 2614 3017 2680 caderet,
3059 2623 3114 2666 et
3157 2617 3225 2667 ab
3262 2614 3407 2668 omni
3449 2629 3546 2669 eos
3576 2614 3860 2670 viriditatis

2267 2704 2511 2770 germine
2541 2711 2826 2757 sententiae
2854 2719 3031 2757 sermo
3062 2707 3328 2760 siccaret?
3356 2704 3463 2760 Sed
3499 2708 3624 2775 quia
3656 2709 3860 2764 Gelboe

2267 2793 2658 2864 interpretatur
2698 2796 2988 2861 decursus,
3029 2812 3128 2866 per
3171 2797 3300 2851 Saul
3328 2809 3508 2853 autem
3554 2809 3775 2853 unctum
3805 2806 3860 2854 et

2267 2899 2570 2955 mortuum,
2604 2905 2750 2944 mors
2801 2892 2968 2945 nostri
3002 2890 3310 2946 Mediatoris
3357 2893 3711 2961 exprimitur;
3749 2908 3856 2946 non

2269 2980 2538 3035 immerito
2594 2996 2690 3051 per
2744 2981 2950 3037 Gelboe
3001 2990 3213 3037 montes
3269 2982 3500 3052 superba
3555 2981 3857 3038 δυόωσι-εισι

2269 3076 2432 3131 corda
2462 3077 2760 3144 signantur,
2792 3093 2911 3145 qum
2941 3078 3065 3131 dum
3090 3077 3142 3131 in
3173 3077 3332 3145 hujus
3361 3079 3548 3132 mundi
3579 3077 3857 3132 desideriis

2270 3168 2531 3236 delluunt,
2575 3170 2626 3223 in
2661 3170 2877 3236 Christi,
2924 3171 2974 3224 id
3017 3179 3102 3227 est
3131 3173 3295 3237 uncti,
3328 3189 3386 3228 se
3417 3181 3592 3227 morte
3631 3173 3855 3226 miscue-

580 3273 640 3313 se
665 3266 935 3314 mortuum
966 3259 1126 3315 fuisse
1149 3260 1438 3326 desiderat,
1465 3269 1520 3315 et
1541 3262 1779 3330 potuisse
1808 3276 1867 3316 se
1891 3261 2169 3330 quiescere
2200 3267 2244 3330 ο
2276 3268 2419 3314 runt.
2451 3259 2516 3313 Et
2545 3261 2668 3329 quia
2702 3262 2753 3314 in
2783 3263 2860 3316 eis
2885 3269 3078 3317 unctus
3108 3279 3200 3316 rex
3227 3264 3582 3332 corporaliter
3610 3265 3856 3329 moritur,

583 3350 828 3420 ejusdem
861 3352 1049 3406 mortis
1089 3351 1364 3407 beneﬁciis
1392 3360 1603 3421 sperat,
1636 3351 1760 3404 dum
1790 3360 2002 3406 constet
2030 3353 2173 3421 quod

585 3456 926 3512 nequaquam
966 3457 1089 3497 eum
1121 3445 1336 3512 requies
1378 3445 1500 3498 vitae
1527 3443 1844 3513 susciperet,
1877 3445 1920 3498 si
1951 3460 1980 3498 a
2020 3453 2174 3501 reatu

579 3533 733 3589 illum
762 3534 1039 3604 originalis
1085 3537 1256 3607 culpa:
1291 3537 1444 3608 103
1477 3551 1811 3606 nequaquam
1858 3537 2050 3593 divinae
2079 3555 2173 3595 co-

581 3617 846 3696 gniti-onis
867 3638 1201 3683 sacramenta
1225 3630 1578 3685 liberassent?
1595 3629 1696 3696 Qui
1718 3632 1889 3685 adhuc
1911 3647 2029 3686 cum
2053 3633 2171 3700 qui-

583 3719 684 3777 bus
704 3720 984 3790 quiescere
1006 3721 1291 3792 potuisset,
1314 3721 1555 3791 adjungit
1575 3721 1790 3778 dicens:
1817 3721 1941 3776 Cum
1969 3723 2172 3793 regibus

578 3821 631 3868 et
657 3813 952 3869 consulibus
973 3822 1144 3883 terra,
1169 3817 1252 3888 qui
1277 3815 1542 3886 aediﬁcant
1568 3816 1665 3870 sibi
1682 3816 2005 3872 solitudines.
2038 3818 2169 3884 Quis

577 3907 786 3975 ignoret
837 3907 982 3978 quod
1008 3921 1162 3978 reges
1192 3917 1350 3964 terrae
1376 3925 1438 3964 ac
1465 3909 1711 3964 coiusules
1735 3925 1802 3964 eo
1823 3925 1851 3964 a
1883 3910 2169 3967 solitudine

579 3997 739 4067 longe
768 4009 909 4066 sunt,
937 4015 1045 4070 quo
1074 4001 1368 4056 innumeris
1397 4001 1807 4071 obsequentium
1831 4002 2013 4057 cuneis
2036 4018 2167 4058 con-
2209 4035 2214 4039 -

574 4089 874 4158 stipantur?
900 4091 1000 4146 Vel
1029 4105 1188 4160 quam
1221 4091 1435 4146 difﬁcile
1464 4092 1516 4146 hi
1547 4092 1610 4146 ad
1643 4092 1883 4161 requiem
1918 4093 2163 4160 tendunt,

573 4181 665 4245 qui
699 4192 806 4234 tam
836 4181 983 4235 duris
1012 4183 1278 4237 rationum
1310 4183 1678 4252 multiplicium
1713 4184 1935 4237 nexibus
1965 4184 2163 4240 astrin-

574 4270 816 4336 guntur?
844 4267 1123 4341 Scriptura
1152 4280 1462 4336 attestante,
1495 4288 1611 4342 quae
1637 4275 1709 4326 ait
1744 4293 1755 4326 :
1788 4273 2051 4328 Indicium
2080 4276 2165 4328 du-

574 4359 836 4413 rissimum
871 4369 892 4398 α
925 4361 978 4413 in
1009 4361 1088 4415 his
1115 4364 1201 4434 qui
1230 4372 1458 4432 praesunt
1487 4364 1576 4434 ﬁet
1606 4363 1760 4434 (Sap.
1793 4381 1867 4429 vr,
1899 4364 1974 4433 6)‘.
2012 4363 2163 4422 Unde

570 4450 624 4505 in
656 4449 949 4520 Evangelio
991 4451 1200 4507 Veritas
1235 4454 1364 4508 dicit
1397 4472 1409 4506 :
1459 4454 1550 4508 Cui
1599 4455 1816 4508 multant
1855 4457 2031 4510 datum
2061 4466 2156 4525 est,

565 4543 786 4598 multum
803 4551 1062 4617 queretur
1087 4543 1152 4598 ab
1173 4561 1232 4600 eo
1260 4543 1409 4616 (Luc.
1435 4561 1527 4606 xu,
1559 4545 1672 4617 48).
1699 4545 1797 4614 Qui
1826 4548 1999 4603 adhuc
2021 4565 2158 4620 quos

2279 3352 2377 3420 ipsi
2400 3352 2465 3405 ab
2493 3353 2637 3406 omni
2661 3353 2844 3421 gratiae
2869 3369 2993 3408 rore
3019 3355 3307 3409 siccantur.
3331 3354 3406 3410 De
3426 3357 3624 3425 quibus
3651 3364 3705 3410 et
3726 3355 3859 3410 bene

2276 3443 2470 3496 dicitur
2504 3461 2515 3494 :
2565 3442 2635 3497 Ut
2663 3445 2776 3515 agri
2815 3445 3163 3512 primitiarum
3202 3460 3314 3500 esse
3353 3464 3458 3500 non
3495 3449 3718 3519 possint.
3760 3446 3860 3501 Su-

2276 3535 2454 3602 perba
2482 3534 2679 3604 quippe
2712 3535 3058 3591 Hebraeorum
3088 3546 3296 3592 mentes
3327 3539 3626 3608 primitivos
3655 3540 3860 3596 fructus

2276 3640 2384 3678 non
2435 3627 2630 3690 l'erunti,
2658 3627 2784 3695 quia
2830 3629 2883 3681 in
2912 3627 3286 3700 Redemptoris
3329 3629 3562 3685 adventu
3604 3647 3672 3685 ex
3703 3640 3862 3701 parte

2275 3719 2504 3772 maxima
2536 3720 2588 3772 in
2615 3719 2836 3790 pertidia
2868 3732 3228 3787 remanentis,
3250 3723 3537 3793 primordia
3559 3722 3680 3778 ﬁdei
3703 3724 3861 3794 sequi

2275 3809 2581 3863 noluerunt.
2613 3809 2805 3867 Sancta
2850 3827 3080 3882 namque
3113 3812 3352 3872 Ecclesia
3380 3815 3432 3868 in
3463 3815 3713 3884 primitiis
3751 3815 3856 3870 suis

2273 3900 2613 3956 multitudine
2659 3904 2895 3972 gentium
2936 3903 3250 3972 fecundata,
3307 3908 3392 3961 vix
3426 3907 3478 3960 in
3523 3909 3705 3962 mundi
3754 3909 3854 3964 line

2269 3990 2502 4057 Judasos,
2535 4008 2672 4063 quos
2699 3996 2984 4066 invenerit,
3026 3999 3308 4070 suscipiet;
3342 4008 3398 4055 et
3424 4008 3666 4057 extrema
3704 4003 3853 4057 colli-

2269 4097 2399 4153 gens
2421 4128 2434 4152 ,
2467 4103 2564 4143 eos
2593 4090 2748 4158 quasi
2792 4092 3045 4162 reliquias
3091 4093 3298 4163 frugum
3329 4104 3511 4166 ponet.
3547 4097 3624 4152 De
3664 4100 3853 4168 quibus

2249 4179 2518 4235 nimirum
2550 4183 2793 4253 reliquiis
2821 4185 2984 4240 Isaias
3011 4187 3140 4243 dicit
3173 4206 3186 4241 :
3223 4189 3287 4244 Si
3325 4192 3484 4261 fuerit
3508 4209 3750 4246 numeris
3791 4193 3852 4264 [i-

2267 4271 2454 4326 liorum
2497 4272 2668 4330 Israel
2697 4279 2828 4331 sicut
2863 4296 3024 4334 arena
3051 4282 3244 4349 maris,
3276 4283 3507 4354 reliquias
3534 4286 3692 4341 salute
3730 4287 3852 4357 ﬁent

2267 4361 2450 4434 (Isaia:
2481 4382 2545 4432 x,
2577 4365 2675 4433 Ξῖ,
2708 4386 2808 4422 sec.
2844 4369 3026 4436 LXX;
3065 4372 3214 4429 Rom.
3261 4391 3333 4439 rx,
3363 4375 3473 4445 2⁵1).
3513 4378 3739 4433 Poswnt
3776 4387 3852 4433 ta-

2265 4472 2387 4512 men
2418 4459 2621 4516 idcirco
2649 4462 2852 4518 Gelboe
2883 4473 3095 4522 montes
3135 4483 3231 4523 ore
3261 4471 3540 4539 pr0pheta:
3578 4470 3851 4538 maledici,

2264 4558 2323 4603 ut
2350 4550 2476 4605 dum
2508 4550 2710 4609 fructus
2740 4567 3089 4614 exarescente
3119 4569 3259 4616 terra
3292 4577 3398 4616 non
3429 4563 3619 4629 oritur,
3648 4579 3850 4632 posses-

569 4641 624 4689 lu
653 4637 846 4691 eadem
877 4634 1063 4706 requie
1111 4637 1290 4693 socios
1319 4639 1614 4707 habuisset,
1647 4639 1882 4701 insinuat
1923 4643 2106 4698 dicens
2137 4660 2149 4696 :
2182 4655 2238 4716 ι)
2261 4657 2414 4698 seres
2437 4653 2593 4700 terra
2615 4648 2912 4704 sterilitatis
2936 4652 3132 4707 damno
3161 4653 3439 4722 feriantur,
3466 4663 3733 4725 quatenus
3753 4657 3852 4726 ipsi

567 4727 665 4780 Aut
702 4745 820 4783 cum
845 4728 1183 4801 principibus,
1216 4731 1302 4802 qui
1347 4731 1613 4798 possident
1643 4749 1846 4797 aurum,
1879 4743 1926 4788 et
1957 4735 2155 4806 replent

564 4819 745 4873 domos
785 4837 905 4874 suas
935 4831 1169 4892 argento.
1206 4820 1411 4877 Rarum
1442 4823 1598 4879 valde
1628 4833 1710 4880 est
1742 4835 1800 4880 ut
1839 4827 1930 4895 qui
1959 4843 2151 4881 aurum

563 4909 860 4978 possident,
893 4912 959 4966 ad
987 4915 1228 4981 requiem
1256 4915 1498 4983 tendant,
1529 4916 1655 4971 dum
1683 4932 1780 4986 per
1807 4921 2152 4988 semetipsam

562 4997 773 5053 Verita
801 5000 942 5055 dicat
968 5021 980 5056 :
1004 5003 1246 5072 Difﬁcile,
1270 5007 1356 5076 qui
1377 5009 1620 5077 pecunias
1645 5010 1851 5074 habent,
1885 5011 2152 5066 intrabunt

558 5087 612 5142 in
666 5105 884 5160 regnum
926 5092 1168 5146 calorum
1209 5093 1423 5164 (Matth.
1459 5114 1573 5173 xix,
1611 5098 1726 5170 24).
1769 5100 1902 5154 Nam
1932 5103 2022 5170 qui
2064 5103 2152 5158 hic

560 5179 980 5250 multiplicandis
1004 5183 1202 5242 divitiis
1233 5187 1460 5255 inhiant,
1490 5206 1608 5260 quae
1629 5193 1848 5249 alterius
1877 5195 1999 5249 vitae
2023 5209 2149 5264 gau-

555 5335 694 5418 dient
711 5335 881 5418 caligo
902 5350 1138 5418 occupet,
1170 5359 1318 5418 quem
1338 5347 1620 5416 implicatio
1650 5353 2015 5408 amaritudinis
2039 5372 2142 5412 non

554 5408 782 5489 involvit.
809 5409 909 5489 iiut
933 5426 1107 5489 quam,
1139 5408 1245 5467 etc.
1283 5408 1547 5473 Particula
1577 5438 1700 5488 non,
1743 5423 1918 5477 addita
1951 5408 2142 5482 contra

552 5474 679 5531 Mss.
713 5474 955 5554 omnium
1003 5474 1184 5550 (idem,
1224 5501 1438 5542 sensum
1488 5474 1707 5554 evertit,
1749 5474 2141 5552 aliunde

548 5557 791 5614 apertum
822 5559 875 5631 et
906 5551 1158 5631 obvium,
1187 5572 1264 5611 sc.
1302 5576 1313 5611 :
1345 5564 1472 5624 Qua:
1515 5551 1704 5630 caligo—
1729 5580 2008 5631 occupare,
2048 5551 2141 5622 aut

546 5633 662 5707 qua:
680 5622 982 5707 gmnritudo
1021 5622 1750 5707 involverepo—testdieninqui
1781 5622 1894 5702 jam
1933 5622 2138 5707 elapsus

545 5697 623 5766 est
638 5689 662 5740 Ξ)
678 5688 1141 5766 Quemadmodum
1173 5688 1354 5752 statim
1374 5701 1568 5756 dicitur
1593 5720 1604 5754 :
1629 5688 1756 5766 Quis
1777 5688 2140 5765 noctetn'trene:

544 5751 724 5810 brosus
754 5763 899 5814 turbo
929 5767 1174 5827 possidet,
1203 5751 1308 5822 etc.

621 5827 825 5916 τέῳ),
850 5827 1041 5916 Οἱίοιί,
1073 5836 1268 5916 Vatic._,
1300 5837 1481 5916 Quss_.,
1513 5851 1687 5916 reatus
1713 5845 1870 5913 primi
1892 5847 2132 5916 vinculis,

549 5901 755 5963 optimo
773 5913 956 5958 sensu.
981 5905 1050 5958 At
1081 5922 1145 5960 ne
1171 5906 1297 5962 huic
1323 5901 1536 5966 lectioni
1566 5901 1933 5974 adhte'reamus
1958 5901 2140 5980 obstat

2260 4737 2652 4794 maledictionis
2684 4743 3007 4797 sententiam
3046 4745 3201 4818 104
3225 4749 3556 4819 acciperent,
3581 4751 3671 4819 qui
3711 4749 3846 4820 apud

2257 4845 2316 4884 se
2359 4843 2584 4888 mortem
2638 4838 2780 4903 regis
2817 4840 3093 4908 suscipere
3136 4843 3422 4912 iniquitate
3450 4857 3545 4897 sua
3597 4843 3846 4912 exigente

2257 4923 2597 4979 meruissent.
2623 4926 2765 5000 [νει.
2794 4929 2925 5001 ιγ.]
2954 4931 3059 4986 Sed
3087 4934 3213 5002 quid
3244 4944 3326 4990 est
3357 4935 3500 5004 quod
3525 4950 3554 4988 a
3577 4934 3846 5004 Pmpbeta

2257 5015 2650 5072 maledictionis
2679 5022 3001 5076 sententiam
3037 5024 3116 5077 vir
3142 5025 3232 5077 ille
3280 5025 3534 5094 suscepit,
3579 5025 3668 5093 qui
3711 5024 3846 5078 nati-

2255 5107 2476 5162 vitatem
2528 5109 2668 5166 illius
2712 5115 2851 5182 patri
2894 5115 3197 5170 nuntiavit?
3237 5116 3352 5172 Hoc
3399 5118 3648 5170 nimirum
3700 5125 3846 5171 tanto

2255 5197 2575 5258 intrinsecus
2630 5203 2824 5272 majori
2876 5207 3133 5277 mysterio
3200 5207 3414 5277 plenum
3467 5215 3588 5275 est,
3645 5214 3848 5277 quanto

2250 5357 2383 5434 Mss:
2429 5361 2742 5434 auctoritas.
2794 5362 2927 5418 Cum
2971 5364 3034 5419 iis
3080 5359 3202 5432 quae
3249 5366 3496 5434 proxime
3543 5376 3846 5432 sequuntur

2250 5430 2614 5556 fgqlezetzdius
2658 5433 3006 5502 Augustinus,
3038 5430 3194 5506 epist.
3229 5430 3296 5490 ad
3343 5430 3654 5491 Dardanum
3702 5449 3844 5492 nunc

2361 5539 2374 5562 ,
2409 5517 2457 5554 C.
2493 5517 2577 5556 11.

2326 5569 2351 5608 b
2381 5569 2730 5649 Suhjungitur
2756 5576 2806 5630 in
2837 5577 2935 5632 Ed.
2953 5587 3003 5632 et
3025 5579 3080 5632 in
3104 5587 3299 5648 peccat.
3321 5579 3555 5649 concepit
3581 5593 3661 5631 me
3682 5587 3846 5634 mater

2251 5657 2386 5704 utea,
2415 5658 2519 5695 non
2552 5644 2605 5697 in
2634 5644 2758 5700 Mss.

2325 5724 2346 5787 (ξ
2371 5711 2772 5787 _Re!ocavimus
2802 5719 2989 5787 partic.
3019 5720 3073 5772 in
3103 5721 3356 5774 omissam
3391 5721 3438 5773 in
3473 5719 3510 5771 Ε
3535 5721 3568 5774 l.

2319 5780 2345 5820 ά
2370 5781 2427 5864 In
2459 5783 2551 5864 Ed.
2583 5787 2734 5851 Coc.,
2767 5780 2954 5852 Cilot.,
2988 5789 3188 5864 _Vatic.,
3212 5790 3394 5864 Guss.,
3430 5791 3710 5860 inseritur,
3732 5788 3844 5864 elu-

2246 5870 2371 5924 peus
2402 5856 2646 5926 fortium;
2669 5875 2773 5929 qua
2801 5862 3146 5930 auctoritate,
3177 5878 3278 5917 nos
3305 5863 3455 5918 latet.
