4180 6442
343 364 447 427 037

1249 361 1606 421 MORALIUM
1649 360 1774 418 LIB.
1818 359 1908 417 ιν.
1964 389 2032 403 --
2086 358 2154 415 IN
2192 358 2343 417 CAP.
2385 360 2449 417 lll
2490 362 2550 417 Β.
2590 361 2728 419 JOB.

3520 363 3625 422 6'58

344 484 689 544 extrinsecus
732 480 965 536 humana
1009 481 1224 538 ratione
1267 497 1510 537 vacuum.
1555 480 1685 534 Nam
1723 479 1768 534 si
1807 476 1935 548 quid
1967 478 2011 536 Α
2038 491 2092 543 v,
2124 474 2212 545 2);
2246 475 2491 545 quamvis
2525 474 2633 530 illic
2661 482 2717 529 et
2758 473 2862 528 hoc
2903 471 3073 544 accipi
3103 469 3318 541 debeat,
3346 474 3472 545 quia
3499 484 3626 535 tunc

347 578 584 635 exterius
627 575 945 629 rationabile
978 574 1205 630 fortasse
1243 562 1545 642 sonuisset',
1596 585 1932 642 nequaquam

345 686 446 727 nos
476 669 542 722 ad
572 667 805 722 studium
846 665 1116 721 interioris
1146 667 1451 721 intellectus
1481 665 1816 721 accenderet.
1860 661 1935 715 Eo

347 773 476 827 ergo
499 757 653 811 nobis
680 755 889 825 plenius
917 756 1113 825 aliquid
1146 756 1284 811 intus
1316 758 1518 821 innuit,
1550 771 1656 824 quo
1688 754 1814 809 foris
1848 770 1933 807 ra-

347 848 605 903 tionabile
634 847 765 900 nihil
796 847 1047 902 ostendit.
1080 846 1135 901 Si
1165 848 1306 901 enim
1339 864 1406 901 ex
1436 849 1621 901 matris
1646 862 1755 901 suae
1784 855 1936 902 utero

348 938 453 993 hoc
484 939 537 991 in
568 937 767 991 mundo
798 939 1064 1007 propheta
1096 936 1651 1007 aﬂligendusprodiit,
1673 937 1935 991 .nativita-

351 1032 419 1085 tis
445 1031 559 1099 ejus
582 1031 799 1084 nuntius
828 1031 953 1099 quid
985 1031 1246 1101 deliquit?
1273 1032 1377 1085 Sed
1408 1033 1533 1102 quid
1563 1049 1789 1101 persona
1822 1049 1941 1102 pro-

349 1124 526 1193 pheta)
572 1121 901 1188 ﬂuctuantis,
934 1124 1031 1178 nisi
1074 1141 1168 1191 per
1213 1139 1382 1187 ptume
1428 1125 1679 1179 meritum
1717 1125 1938 1180 veniens

351 1214 571 1268 humani
598 1215 811 1280 generis
855 1215 1185 1268 mutabililas
1212 1214 1564 1282 designatur?
1597 1215 1660 1269 Et
1688 1217 1813 1284 quid
1845 1233 1940 1286 per

350 1312 556 1373 patrem
584 1304 747 1370 illius,
768 1304 869 1358 nisi
888 1305 986 1356 iste
1005 1303 1069 1357 de
1092 1320 1198 1373 quo
1221 1305 1493 1358 nascimur
1515 1305 1741 1359 mundus
1764 1307 1940 1375 expri-

352 1396 550 1448 mitur?
586 1393 650 1447 Et
678 1396 797 1463 quis
825 1404 903 1449 est
929 1396 1016 1449 ille
1062 1396 1140 1449 vir
1179 1397 1269 1464 qui
1317 1398 1650 1451 nativitatem
1701 1407 1937 1451 nostram

351 1485 487 1555 patri
516 1485 812 1549 annuntiat,
852 1485 949 1538 nisi
980 1486 1231 1555 antiquus
1257 1486 1425 1541 hostis
1452 1529 1465 1553 ,
1492 1489 1581 1555 qui
1610 1503 1728 1541 cum
1760 1503 1856 1540 nos
1888 1488 1939 1541 in

350 1575 766 1643 cogitationibus
788 1572 1051 1630 ﬂuctuare
1074 1575 1398 1640 considerat,
1422 1578 1683 1630 malorum
1710 1585 1936 1639 mentes,

350 1672 440 1739 qui
469 1685 533 1725 ex
563 1670 887 1725 auctoritate
913 1668 1069 1737 hujus
1100 1670 1282 1723 mundi
1314 1670 1680 1738 prmeminent,
1716 1670 1780 1723 ad
1821 1686 1941 1740 per-

348 1763 655 1816 suasionem
699 1770 895 1815 nostrtr.
924 1761 1263 1830 deceptionis
1294 1762 1541 1829 instigat;
1574 1777 1802 1831 cumque
1843 1777 1941 1815 nos

2037 583 2101 623 os
2128 582 2284 620 suum
2310 565 2361 619 in
2389 566 2667 635 praeceptis
2697 563 2927 634 aperuit,
2961 564 3012 618 in
3050 563 3243 636 quibus
3272 563 3471 621 dudum
3497 582 3627 638 ape-

2036 664 2219 711 ruerat
2261 672 2355 711 ora
2399 656 2799 726 prophetarum.
2832 655 3001 711 Valde
3045 664 3224 710 autem
3270 656 3499 712 solerter
3542 658 3626 713 in-

2039 746 2292 801 tuendum
2323 754 2406 800 est
2432 746 2575 814 quod
2613 744 2828 810 dicitur,
2860 744 2985 801 Post
3016 745 3141 811 lure,
3173 755 3232 801 ut
3276 747 3522 802 nimirum
3550 749 3631 815 rei

2038 838 2206 892 virtus
2256 852 2374 907 quae
2421 836 2595 903 agitur
2622 836 2888 890 veraciter
2936 852 3003 890 ex
3053 846 3297 907 tempore
3344 838 3625 897 sentiatur.

2042 929 2192 983 Prius
2210 928 2353 983 enim
2372 928 2596 983 vastitas
2618 942 2816 993 rerum,
2837 928 3124 982 exstinctio
3142 930 3444 998 pignorum,
3466 933 3622 1005 105

2039 1020 2194 1075 dolor
2221 1020 2524 1086 vulnerum,
2549 1019 2824 1088 persuasio
2848 1018 3107 1087 conjugis,
3133 1019 3395 1077 adventus
3424 1024 3628 1079 amico-

2043 1129 2157 1167 rum
2189 1112 2528 1175 describitur,
2562 1111 2650 1180 qui
2682 1111 2901 1166 scidisse
2932 1120 3126 1178 vestes,
3159 1114 3629 1186 exclamantesque

2044 1202 2273 1267 ﬂevisse,
2308 1205 2527 1274 pulvere
2580 1203 2757 1271 capita
2810 1203 3190 1271 conspersisse,
3226 1213 3279 1257 et
3325 1206 3414 1259 diu
3454 1206 3631 1261 consi-

2044 1293 2233 1348 dentes
2268 1294 2319 1347 in
2353 1303 2492 1347 terra
2526 1294 2753 1347 tacuisse
2783 1300 3170 1355 memorantur,
3201 1309 3262 1347 ac
3290 1292 3483 1350 deinde
3504 1297 3631 1351 sub-

2038 1387 2279 1458 jungitur
2314 1404 2325 1438 :
2355 1386 2479 1439 Post
2511 1386 2618 1440 lucc
2649 1387 2851 1453 aperuit
2875 1382 2973 1438 Job
3003 1402 3059 1438 os
3086 1402 3265 1450 suum,
3287 1396 3335 1438 et
3368 1388 3634 1445 maledixit

2044 1478 2145 1530 diei
2176 1494 2298 1541 suo;
2333 1486 2389 1530 ut
2420 1477 2535 1545 ipso
2566 1476 2813 1530 videlicet
2838 1476 3163 1530 narrationis
3193 1476 3381 1531 ordine
3407 1494 3636 1548 perpeti.

2043 1569 2199 1623 datur
2228 1570 2351 1637 quia
2383 1583 2717 1637 nequaquam
2750 1568 3086 1623 maledictum
3120 1580 3216 1638 per
3244 1568 3633 1640 impatientiam

2044 1661 2292 1731 protulit,
2326 1660 2417 1730 qui
2449 1658 2516 1713 ad
2565 1657 2960 1712 maledictionis
2992 1674 3181 1712 vocem
3230 1659 3417 1713 amicis
3463 1660 3634 1716 adhuc

2048 1751 2343 1806 tacentibus
2371 1753 2563 1819 erupit.
2600 1749 2744 1823 (Vel.
2788 1749 2875 1822 ιη]
2904 1748 2960 1803 Si
2985 1752 3125 1804 enim
3158 1751 3233 1804 ira
3266 1761 3444 1805 motus
3466 1754 3633 1807 male-

351 1866 511 1921 agere
552 1852 759 1905 inﬁrma
790 1854 1163 1922 conspexerit,
1207 1867 1268 1905 ea
1300 1854 1451 1919 quasi
1485 1852 1638 1905 fortia
1670 1852 1941 1906 favoribus

2049 1844 2270 1907 diceret,
2297 1844 2479 1897 audito
2510 1842 2704 1895 damno
2734 1842 3077 1902 substantiae,
3107 1844 3323 1911 cognita
3363 1852 3537 1899 morte
3570 1844 3632 1895 fi-

350 1947 583 2011 extollit,
611 1954 637 1983 ι
662 1954 717 1999 et
737 1945 890 2014 quasi
917 1952 1070 1998 natos
1097 1946 1363 1999 masculos
1393 1944 1643 2014 loquitur,
1671 1960 1793 1997 cum
1821 1960 1941 1999 cor-

350 2045 599 2106 ruptores
628 2035 870 2089 veritatis
900 2050 998 2104 per
1027 2037 1366 2089 mendacium
1398 2052 1493 2090 nos
1525 2036 1793 2090 exstitisse
1822 2051 1942 2103 gra-

351 2128 587 2182 tulatur?
608 2128 753 2181 Patri
779 2142 908 2195 ergo
930 2128 1221 2182 masculum
1249 2136 1429 2181 natum
1454 2128 1748 2192 denuntiat,
1775 2144 1944 2197 quan-

352 2221 423 2275 do
457 2222 578 2275 huic
608 2220 807 2275 mundo
831 2236 971 2285 eum,
998 2236 1157 2289 quem
1182 2221 1526 2290 persuaserit,
1558 2218 1755 2275 factum
1790 2222 1942 2274 inno-

355 2313 544 2367 centiae
572 2320 947 2381 corruptorem
994 2312 1349 2367 demonstrat.
1384 2311 1514 2365 Nam
1563 2327 1683 2367 cum
1726 2313 1944 2366 cuilibet

354 2407 602 2475 peccanti
632 2419 695 2459 ac
724 2404 1053 2474 superbienti
1075 2405 1286 2469 dicitur,
1312 2403 1506 2459 Fecisti
1530 2403 1670 2459 sicut
1690 2405 1791 2469 vir,
1816 2402 1943 2474 quid

355 2497 500 2551 aliud
522 2512 682 2565 quam
704 2506 862 2562 natus
883 2497 1151 2551 masculus
1178 2496 1231 2550 in
1260 2495 1459 2551 mundo
1484 2496 1829 2565 perhibetur?
1850 2494 1942 2549 Ju-

358 2605 417 2643 re
448 2588 627 2658 itaque
655 2588 756 2654 vir,
788 2588 879 2658 qui
910 2589 1202 2642 masculum
1232 2597 1416 2641 natum
1462 2589 1690 2652 nuntiat,
1724 2588 1943 2641 maledi-

358 2680 515 2743 citnr,
546 2680 668 2747 quia
718 2680 834 2747 ipso
865 2678 978 2747 ejus
1008 2680 1195 2732 nuntio
1235 2680 1522 2748 reprobum
1566 2680 1813 2747 gaudium
1846 2695 1943 2732 no-

359 2774 455 2827 stri
486 2772 817 2841 corruptoris
848 2772 1129 2825 indicatur.
1158 2771 1251 2825 His
1299 2786 1427 2839 ergo
1457 2771 1747 2841 Scriptura:
1776 2784 1945 2825 sacrae

360 2866 822 2921 maledictionibus
865 2867 1117 2922 discimus
1146 2866 1272 2937 quid
1319 2866 1460 2937 apud
1489 2866 1705 2919 beatum
1746 2864 1845 2919 Job
1890 2865 1947 2918 in

361 2972 494 3010 voce
534 2958 931 3013 maledictionis
962 2959 1318 3027 inquiramus,
1350 2974 1417 3012 ne
1462 2972 1620 3026 quem
1654 2958 1794 3011 Deus
1823 2964 1947 3027 post

365 3050 583 3104 vulnera
625 3060 679 3104 et
705 3050 730 3089 δ
758 3051 923 3105 verba
954 3059 1284 3119 remunerat,
1320 3052 1489 3106 lector
1516 3051 1683 3105 verba
1713 3053 1830 3119 ejus
1860 3066 1946 3105 re-

360 3140 623 3207 darguere
646 3158 753 3195 non
778 3143 1079 3210 intelligens
1097 3152 1400 3212 praesumat.
1418 3142 1552 3209 Quia
1574 3144 1735 3211 igitur
1755 3152 1946 3198 utcuno

363 3246 467 3298 que
495 3232 608 3285 hth
638 3247 756 3301 quae
786 3235 839 3287 in
871 3234 1183 3303 prarfatione
1230 3234 1441 3289 fuerant
1471 3234 1801 3303 exquirenda
1831 3236 1943 3290 dis—

366 3321 644 3389 tinximus,
691 3325 855 3378 verba
900 3324 1007 3393 jam
1048 3325 1285 3378 historiae
1313 3326 1641 3381 disserentes
1682 3340 1948 3395 exsequa-

362 3428 500 3466 mur.

746 3505 915 3559 CAPl.
933 3506 974 3559 Τ
1003 3506 1269 3561 PRIMUM
1293 3507 1445 3580 [Rea

436 3598 562 3652 Car.
580 3615 655 3653 nl.
679 3598 837 3652 Vitas.
872 3598 1191 3653 i-5.—Post
1208 3597 1706 3669 Imaperuitlobos
1718 3615 1883 3661 suum,
1903 3607 1953 3653 et

363 3692 746 3745 maledixitdiei
760 3709 872 3753 suo,
893 3694 1066 3746 dicens
1092 3710 1107 3745 :
1130 3694 1317 3746 Pereat
1332 3694 1440 3745 dies
1466 3695 1515 3745 in
1532 3710 1630 3762 qua
1644 3705 1794 3745 natus
1817 3710 1947 3745 sum.

436 3783 487 3834 l.
522 3781 841 3836 lltsvomcus
871 3798 938 3835 ετ
971 3798 1218 3837 IYSTICUS
1239 3798 1444 3835 sensus.
1471 3812 1541 3821 —
1568 3780 1669 3835 Job
1699 3800 1761 3835 ex
1781 3784 1952 3851 impa-

367 3872 547 3924 tientia
576 3871 904 3924 maledictum
945 3888 1047 3925 non
1076 3873 1309 3941 protulit.
1342 3903 1413 3912 —
1442 3872 1557 3924 Non
1589 3881 1672 3925 est
1713 3872 1955 3940 neglecte

364 3963 731 4017 disserendum
754 3962 897 4031 quod
919 3962 1130 4026 dicitur,
1158 3963 1371 4031 Aperuit
1399 3979 1454 4015 os
1486 3979 1653 4015 suum.
1679 3962 1953 4031 Scriptura

366 4054 507 4107 enim
534 4069 685 4107 saera
709 4069 775 4108 ex
802 4054 885 4107 his
905 4068 1023 4122 qua:
1053 4053 1286 4107 tenuiter
1312 4053 1581 4121 pnrmittit
1605 4094 1618 4117 ,
1646 4061 1958 4108 reverenter

367 4147 724 4215 exspectanda
755 4146 953 4200 iudicat
975 4160 1094 4214 qua:
1116 4144 1405 4212 subjungit.
1433 4144 1584 4199 Sicut
1608 4146 1748 4198 enim
1774 4146 1954 4200 clausa

368 4236 580 4289 vascula
610 4236 735 4304 quid
779 4236 923 4290 intus
964 4235 1202 4289 habeant
1232 4234 1558 4302 ignoramus,
1606 4242 1795 4304 aperto
1827 4250 1955 4291 vero

368 4344 463 4383 ore
505 4328 845 4383 vasculorum
891 4327 1018 4396 quid
1049 4327 1373 4381 intrinsecus
1421 4326 1766 4381 contineatur
1790 4341 1957 4395 agno-

367 4421 596 4485 scimus;
630 4421 703 4474 ita
732 4428 1040 4475 sanctorum
1066 4418 1253 4486 corda,
1279 4433 1397 4488 qua:
1420 4418 1602 4472 clauso
1624 4434 1717 4471 ore
1743 4418 1953 4472 occulta

368 4519 511 4573 sunt,
544 4520 733 4579 aperto
764 4525 857 4564 ore
878 4510 1227 4578 deteguntur;
1258 4518 1455 4564 etcum
1484 4509 1839 4576 cogitationes
1862 4508 1956 4563 de-

369 4610 571 4668 tegunt,
602 4617 664 4653 os
689 4600 899 4668 aperire
928 4600 1252 4666 referuntur,
1287 4608 1344 4653 ut
1372 4600 1576 4654 intenta
1600 4610 1797 4665 mente,
1823 4616 1956 4669 qua-

369 4693 413 4747 si
442 4692 643 4759 apertis
683 4691 930 4754 vasculis,
962 4692 1090 4758 quid
1120 4693 1263 4745 intus
1293 4693 1606 4745 contineant
1641 4691 1671 4743 f.
1694 4693 1956 4746 stinemus

368 4796 715 4851 cognoscere,
747 4798 810 4835 ac
835 4782 1197 4851 nosmetipsos
1238 4796 1427 4835 eorum
1457 4783 1646 4837 intimo
1676 4784 1841 4839 odore
1871 4800 1958 4840 re-

369 4889 577 4929 creare.
608 4871 755 4927 Unde
795 4882 850 4927 et
871 4873 1117 4926 sublimia
1148 4882 1414 4943 prreccpta
1436 4874 1662 4928 Domino
1692 4876 1741 4928 in
1774 4883 1957 4930 monte

375 4976 395 5004 ο
420 4965 629 5021 dicturo
658 4964 1024 5033 praemittitur:
1044 4964 1296 5032 Aperiens
1327 4981 1381 5017 os
1403 4981 1553 5018 suum
1576 4965 1711 5018 dixit
1739 4966 1950 5035 (Matth.

445 5128 467 5154 δ
515 5118 591 5172 Ita
644 5118 697 5172 in
747 5115 995 5173 omnibus
1025 5132 1161 5186 pene
1209 5116 1359 5182 Mss,
1402 5119 1652 5172 nimirum
1696 5118 1746 5172 in
1792 5118 1953 5173 Corb.

373 5188 577 5253 Germ.,
597 5188 759 5243 duob.
794 5186 1011 5253 Rhem.,
1045 5189 1206 5242 duob.
1226 5188 1456 5257 Remig.,
1484 5192 1532 5242 in
1548 5188 1795 5242 omnibus
1819 5188 1956 5242 Nor-

372 5276 540 5323 man.,
575 5259 738 5313 duob.
771 5258 1047 5327 Compeud
1078 5300 1091 5323 ,
1126 5259 1180 5313 S.
1219 5260 1361 5319 Alb.,
1396 5260 1561 5327 Longi
1591 5260 1673 5327 P.,
1708 5260 1822 5313 Val.
1849 5260 1954 5322 CL,

371 5332 422 5384 in
458 5346 562 5384 uno
598 5330 877 5385 V'indocin.
909 5330 994 5383 Ε»
1038 5330 1244 5396 Relnig.
1290 5346 1425 5383 unus
1464 5341 1519 5384 et
1562 5331 1701 5383 alter
1732 5330 1952 5384 Vindoc.

371 5402 590 5463 habent,
622 5411 666 5452 rt
696 5402 841 5469 quasi
873 5410 1023 5453 nutus
1054 5400 1310 5453 masculus
1335 5401 1577 5470 loquitur.
1608 5402 1663 5453 lu
1692 5402 1835 5453 nullo
1858 5417 1953 5464 an-

372 5481 478 5525 tem
512 5471 703 5537 legitur
735 5480 797 5541 uti
817 5472 868 5524 in
887 5473 1004 5525 aliis
1030 5473 1187 5526 editis
1214 5490 1227 5524 ;
1261 5482 1308 5524 et
1330 5473 1465 5541 quod
1487 5475 1556 5525 sit
1582 5482 1732 5525 natus
1756 5489 1956 5525 mascu-

373 5544 451 5595 lus
482 5544 725 5613 loquitur.
760 5540 1099 5613 YetusﬂEdit.
1146 5541 1313 5596 Paris.
1344 5540 1540 5609 habet,
1566 5554 1615 5595 et
1648 5544 1791 5613 quasi
1836 5554 1958 5596 nato

372 5615 602 5737 ptasculo
643 5611 883 5682 loquitur.
919 5612 1035 5667 γει.
1081 5613 1265 5678 Basil.,
1296 5622 1345 5666 et
1372 5615 1519 5685 quasi
1550 5611 1686 5667 natis
1715 5615 1956 5667 ntasculis

394 5693 617 5737 oauuur.

394 5686 617 5752 aquuur.

445 5756 469 5791 ι)
502 5753 556 5806 In
584 5751 751 5805 Editis
782 5760 837 5805 et
862 5755 1129 5809 nonnullis
1150 5753 1298 5820 Mss.,
1330 5765 1379 5808 et
1403 5756 1626 5808 verbera.
1653 5755 1959 5823 Legeudum

372 5839 492 5878 cum
528 5823 650 5877 Mss.
688 5824 846 5877 Corb.
893 5824 1073 5878 Germ.
1110 5834 1165 5879 et.
1214 5824 1421 5888 Gerun,
1455 5836 1501 5878 ct
1531 5826 1711 5893 rerba;
1737 5838 1965 5881 suaent

374 5894 489 5949 hinc
518 5894 763 5963 proxime
795 5913 907 5967 seq.
945 5902 1080 5953 inter
1110 5904 1317 5955 τρίγωνα
1348 5899 1599 5967 corporis,
1630 5900 1765 5952 inter
1812 5898 1959 5953 verba

2046 1936 2258 1997 lioruni,
2309 1949 2428 1987 eum
2473 1933 2658 2002 procul
2710 1932 2870 1986 dubio
2901 1931 2965 1985 ad
3000 1933 3432 1988 maledictionem
3481 1932 3639 1989 dolor

2046 2014 2323 2080 eiicitaret.
2370 2026 2476 2080 Sed
2518 2025 2644 2095 quid
2681 2033 2808 2080 tunc
2837 2025 2970 2078 dixit
3009 2025 3326 2079 audivimus.
3367 2026 3455 2080 Ait
3484 2042 3635 2080 nam-

2046 2136 2148 2188 que
2183 2138 2193 2171 :
2234 2119 2483 2174 Dominus
2508 2119 2670 2185 dedit,
2706 2118 2959 2173 Dominus
3005 2118 3217 2172 abstulit
3264 2118 3405 2192 (Job.
3438 2135 3488 2185 ι,
3517 2119 3629 2189 21).

2046 2212 2301 2280 Rursum,
2325 2212 2371 2267 si
2413 2214 2489 2267 ira
2520 2223 2697 2266 motus
2727 2211 3072 2266 malediceret
3100 2210 3309 2277 ,saltem
3352 2227 3635 2281 percussus

2047 2304 2097 2357 iu
2130 2319 2382 2373 corpore,
2408 2304 2495 2359 vel
2527 2304 2668 2358 male
2717 2317 2905 2357 suasus
2934 2318 2965 2357 a
2993 2301 3254 2373 conjuge,
3287 2302 3631 2357 maledictum

2046 2394 2243 2449 inferre
2288 2396 2569 2464 potuisset.
2602 2392 2706 2448 Sed
2756 2392 2882 2462 quid
2929 2400 3055 2448 tunc
3102 2393 3380 2463 respondit
3409 2392 3632 2463 agnovi-

2046 2504 2182 2541 mus.
2213 2488 2299 2541 Ait
2325 2503 2590 2557 namque:
2630 2486 2822 2541 Locuta
2852 2503 2903 2540 es
2927 2486 3076 2559 quasi
3104 2504 3207 2541 una
3237 2503 3300 2540 ea:
3330 2485 3501 2540 stultis
3523 2502 3633 2538 ntu-

2046 2576 2272 2631 licribus.
2310 2578 2368 2631 Si
2414 2576 2547 2631 bona
2597 2577 2886 2645 accepimus
2928 2578 2992 2629 de
3033 2594 3189 2630 manu
3219 2574 3459 2643 Domini,
3492 2576 3631 2630 mala

2045 2686 2201 2740 quare
2224 2686 2323 2722 non
2353 2668 2735 2722 sustineamus?
2766 2666 2903 2737 (Job.
2948 2684 3013 2731 tl,
3050 2666 3160 2738 l0.)
3192 2665 3319 2723 Post
3347 2669 3458 2722 haec
3502 2684 3629 2721 vero

2047 2758 2382 2825 describitur,
2412 2759 2535 2826 quia
2567 2759 2724 2813 amici
2756 2759 2999 2823 veniunt,
3030 2756 3177 2824 ﬂent,
3214 2759 3514 2825 consident,
3550 2767 3629 2811 ta-

2047 2858 2199 2915 cent;
2230 2866 2460 2919 moxque
2492 2852 2828 2919 subjungitur
2854 2852 2979 2919 hoc,
3012 2852 3157 2921 quod
3204 2851 3309 2906 diei
3338 2868 3436 2905 suo
3466 2851 3636 2906 male—

2047 2944 2247 2999 dixisse
2291 2943 2623 3012 perhibetur.
2657 2943 2822 2998 Nimis
2866 2944 3046 3012 itaque
3091 2944 3441 3011 incongruum
3469 2950 3552 2997 est
3583 2950 3641 2995 ut

2047 3036 2383 3105 suspicemur
2407 3050 2549 3100 eum,
2586 3034 2730 3089 nullo
2755 3034 3063 3102 instigante,
3094 3036 3242 3090 nullo
3269 3034 3537 3106 pulsante,
3572 3049 3639 3087 ex

2046 3125 2381 3196 impatientia
2412 3127 2477 3180 ad
2502 3142 2690 3181 vocem
2722 3126 3115 3182 maledictionis
3142 3142 3445 3198 erumpere,
3480 3141 3640 3196 quem

2051 3219 2302 3273 nimirum
2334 3220 2579 3273 novimus
2610 3220 2749 3275 inter
2778 3220 2972 3275 damna
3002 3236 3181 3276 rerum
3213 3230 3550 3293 mortemque
3584 3223 3647 3274 ti-

2055 3312 2269 3378 liorum,
2300 3311 2439 3365 inter
2466 3311 2686 3365 vulnera
2716 3312 2982 3381 corporis,
3015 3312 3154 3367 inter
3175 3313 3337 3367 verba
3361 3312 3499 3366 male
3522 3329 3645 3366 sua-

2056 3403 2228 3457 dentis
2262 3404 2464 3469 uxoris,
2497 3416 2687 3471 magna
2717 3404 2948 3458 creatori
2980 3404 3248 3473 praeconia
3279 3401 3465 3457 humili
3493 3419 3647 3459 men-

2058 3504 2109 3549 te
2140 3493 2452 3549 reddidisse.
2482 3492 2741 3549 Patefecit
2769 3508 2899 3562 ergo
2948 3509 3054 3563 qua
3085 3502 3267 3549 mente
3296 3493 3411 3548 hmc
3435 3494 3652 3565 quietus

2055 3586 2270 3650 dixerit,
2303 3586 2393 3655 qui
2418 3594 2495 3638 tot
2529 3585 2625 3639 Dei
2656 3585 2841 3639 laudes
2863 3584 3025 3639 etiam
3055 3599 3343 3653 percussus
3371 3584 3395 3620 ά
3428 3600 3642 3639 emana-

2055 3680 2152 3732 vit.
2185 3678 2366 3745 Neque
2394 3678 2534 3731 cnim
2563 3677 2904 3746 postmodum
2934 3693 3041 3731 non
3066 3668 3350 3746 perenssus
3372 3677 3651 3745 superbire

2061 3770 2253 3836 potuit,
2272 3783 2430 3835 quem
2463 3777 2516 3820 et
2547 3768 2598 3819 in
2627 3767 2975 3835 percussione
2996 3767 3155 3821 dolor
3176 3765 3432 3819 humilem
3461 3774 3648 3821 osten-

2058 3859 2154 3912 dit.
2193 3858 2297 3912 Sed
2326 3873 2447 3912 cum
2475 3866 2624 3912 certo
2670 3858 2915 3912 novimus
2943 3858 3087 3926 quod
3120 3855 3463 3911 maledictum
3494 3870 3654 3910 sacra

2058 3949 2335 4020 Scriptura
2364 3948 2632 4017 prohibet,
2665 3963 2761 4003 cur
2790 3955 2939 4002 recte
2967 3947 3257 4017 aliquando
3281 3946 3394 4001 ﬂeri
3418 3948 3648 4003 dicimus

2056 4042 2199 4110 quod
2224 4050 2247 4079 ο
2282 4042 2430 4095 vitari
2454 4040 2643 4095 eodem
2669 4056 2825 4095 sacro
2852 4040 3068 4110 eloquio
3096 4056 3202 4095 non
3232 4042 3579 4110 ignoramus?

2131 4131 2279 4206 [Rea
2333 4131 2454 4203 VL]
2498 4131 2551 4186 2.
2595 4132 2931 4186 Maledictum
2961 4132 3106 4186 aliud
3132 4149 3197 4188 ex
3219 4134 3421 4205 judicio
3447 4176 3459 4198 ,
3509 4134 3659 4188 aliud

2057 4242 2122 4278 ea:
2150 4208 2394 4279 vindicta.
2416 4256 2488 4267 —
2510 4223 2799 4280 Sciendum
2830 4238 2957 4280 vero
2986 4226 3227 4294 estquod
3257 4226 3534 4296 Scriptura
3564 4242 3651 4280 sa-

2057 4334 2148 4373 cra
2178 4319 2386 4375 duobus
2416 4319 2590 4374 modis
2621 4318 2964 4373 maledictum
3009 4328 3295 4385 memorat,
3328 4319 3472 4373 aliud
3505 4318 3654 4374 vide-

2062 4413 2186 4467 licet
2214 4412 2357 4482 quod
2388 4412 2673 4481 approbat,
2701 4411 2843 4465 aliud
2870 4412 3013 4480 quod
3042 4410 3262 4465 damnat
3290 4408 3400 4481 (24,
3434 4429 3483 4481 q.
3518 4409 3570 4474 3,
3602 4427 3648 4464 c.

2060 4503 2110 4567 i,
2143 4521 2263 4557 can.
2296 4501 2422 4557 Cum
2452 4504 2667 4575 sancti).
2698 4503 2869 4557 Aliter
2894 4504 3036 4557 enim
3070 4503 3409 4557 maledictum
3441 4503 3651 4571 profer;

2062 4605 2147 4649 tur
2164 4596 2366 4665 judicio
2385 4597 2626 4665 justiti-.e,
2652 4595 2993 4650 aliterlivore
3017 4594 3278 4647 vindictae.
3306 4590 3648 4646 Maledictum

1990 4664 2036 4721 θ
2062 4694 2260 4763 quippe
2285 4692 2487 4761 judicio
2510 4691 2748 4761 justilim,
2781 4690 2882 4758 ipsi
2909 4687 2928 4726 τ
2959 4689 3133 4757 primo
3164 4685 3367 4740 homini
3402 4684 3649 4754 peccanti

2062 4784 2331 4853 prolatum
2362 4791 2463 4848 est,
2496 4797 2616 4836 cum
2659 4779 2859 4833 audivit
2891 4796 2899 4827 :
2927 4775 3210 4829 Maledicta
3255 4784 3387 4828 terra
3416 4776 3470 4828 in
3502 4764 3654 4845 opere

2063 4886 2147 4928 tuo
2179 4872 2398 4942 (Cenes.
2432 4888 2507 4935 ni,
2545 4872 2665 4939 Π).
2695 4868 3033 4922 Maledictum
3061 4865 3279 4933 justitize
3300 4865 3503 4935 judicio
3528 4882 3650 4936 pro-

2062 4966 2250 5027 fertur,
2282 4978 2404 5017 cum
2432 4962 2500 5015 ad
2529 4961 2799 5015 Abraham
2827 4958 3022 5013 dicitur
3048 4975 3060 5010 :
3086 4955 3401 5013 Haledicam
3431 4959 3651 5013 maledi-

2065 5119 2199 5173 male
2222 5118 2489 5172 suadentis
2517 5118 2715 5172 uxoris.
2753 5114 2984 5171 Possunt
3011 5116 3175 5172 etiam
3198 5116 3494 5172 amicorum
3523 5131 3647 5171 ver-

2062 5191 2131 5243 ba
2162 5191 2441 5260 etprobra
2471 5190 2560 5260 hic
2595 5188 2792 5242 notari.

2140 5273 2159 5298 ε
2193 5258 2341 5314 Unus
2368 5275 2435 5313 ex
2468 5259 2659 5313 Rheni.
2692 5266 2747 5312 et
2774 5260 2909 5313 alter
2930 5258 3164 5328 Remig.,
3182 5258 3392 5325 datura,
3414 5274 3521 5327 quo
3540 5273 3656 5311 ver-

2064 5333 2132 5385 bo
2162 5333 2327 5385 utitur
2356 5332 2681 5397 Augustinus
2702 5371 2715 5394 ,
2748 5330 2781 5384 l.
2814 5345 2831 5385 t
2858 5334 2924 5383 de
2954 5332 3125 5384 Serm.
3163 5328 3319 5383 Dom.
3350 5328 3403 5382 in
3432 5338 3648 5390 monte,

2063 5418 2223 5471 quem
2255 5402 2342 5456 hic
2373 5402 2614 5455 nonnihil
2646 5400 2882 5455 imitatur
2908 5399 3218 5469 Gregorius.

2138 5478 2158 5507 ἀ
2202 5473 2278 5526 lta
2303 5488 2489 5526 omnes
2522 5472 2737 5538 lthem.,
2762 5473 2991 5539 ltemig.,
3024 5466 3185 5525 Corb.
3226 5469 3433 5539 Germ.,
3467 5466 3651 5539 Colb.,

2065 5544 2317 5607 Floriac.,
2335 5544 2582 5605 Viinloc.,
2602 5538 2964 5609 Norm.,etc.,
2989 5551 3042 5597 et
3062 5549 3168 5595 vet.
3196 5539 3339 5593 Edit.
3359 5538 3653 5593 Receptio-

2064 5632 2168 5681 rcs,
2204 5630 2473 5683 percussus
2506 5616 2786 5667 enarravit.
3072 5618 3080 5623 '

2140 5698 2162 5723 θ
2202 5680 2277 5739 Ita
2306 5688 2466 5739 etiam
2501 5686 2695 5738 laudati
2739 5684 2862 5737 Mss.
2915 5683 3049 5735 l~fditi
3081 5680 3279 5733 habent
3306 5680 3443 5752 quod
3470 5680 3650 5752 vetari.

2145 5758 2159 5794 ί
2208 5757 2456 5811 Nonnulli
2486 5754 2633 5821 Mss.,
2665 5758 2774 5826 ipso
2816 5755 2982 5825 primo
3012 5753 3215 5806 homine
3244 5751 3509 5821 peCcante.
3540 5751 3655 5805 Ali-

2065 5829 2175 5898 qui,
2210 5830 2264 5883 in
2288 5830 2399 5896 ipso
2427 5829 2592 5898 primo
2621 5828 2826 5881 homine
2857 5832 3111 5895 peccante.
