4180 6462
528 308 631 365 639

1728 306 1975 366 SANCTI
2015 305 2346 363 GREGORII
2388 304 2603 362 MAGNI

3712 310 3820 365 640

526 419 757 480 sentibus
778 422 871 477 tibi
900 420 1107 495 (Cenes.
1132 440 1224 491 xn,
1247 423 1325 495 5).
1358 424 1589 482 Rursum
1617 426 1742 496 quia
1771 424 2115 481 maledictum
2141 428 2195 485 Α
2221 422 2348 492 ligi?
2386 421 2531 492 quod
2572 420 2803 492 quandiu
2838 434 2937 476 nos
2975 420 3029 475 in
3068 420 3171 476 hac
3207 428 3408 476 nostra:
3442 421 3821 483 mutabilitatis

527 530 637 572 non
664 514 865 585 judicio
889 513 1138 583 iustitiae,
1181 516 1274 571 scd
1314 516 1485 574 livore
1527 518 1779 573 vindictze
1822 516 2115 587 promitur,

523 622 660 664 voce
680 605 832 659 Pauli
852 606 1085 677 apostoli
1113 606 1457 676 prmdieantis
1484 608 1853 675 admonemur,
1887 605 1978 677 qui
2004 605 2079 658 ait
2102 619 2116 656 :

524 695 859 763 Benedicite,
904 707 953 751 et
1001 697 1159 753 nolite
1184 699 1494 753 maledicere
1544 698 1736 770 (Rom.
1768 713 1868 762 xu,
1902 694 2027 764 14).
2056 691 2119 746 Et

523 811 737 853 rursum
763 813 776 849 :
802 792 986 867 Neque
1027 796 1269 851 maledici
1316 814 1531 869 regnum
1560 796 1657 851 Dei
1689 793 2019 866 possidebunt
2058 789 2121 863 (Ι

526 883 647 941 Cor.
678 902 753 950 vt,
790 885 900 956 10).
932 884 1074 942 Deus
1102 901 1231 955 ergo
1260 887 1584 943 maledicere
1612 886 1827 952 dicitur,
1859 893 1913 941 et
1941 892 2121 937 tamen

526 980 851 1036 maledicere
880 979 1045 1035 homo
1076 980 1431 1050 prohibetur;
1482 981 1607 1052 quia
1648 980 1792 1051 quod
1822 980 1984 1034 homo
2014 976 2125 1045 agit

524 1070 730 1127 malitia
758 1069 1029 1135 vindictte,
1063 1071 1205 1127 Deus
1236 1089 1346 1128 non
1371 1072 1499 1128 facit
1524 1073 1629 1127 nisi
1657 1073 1905 1128 examine
1935 1078 1988 1125 et
2011 1069 2121 1123 vir-

525 1172 642 1219 tute
667 1164 905 1233 justitize.
958 1164 1104 1238 [νει.
1144 1163 1269 1236 VL]
1307 1164 1441 1221 Cum
1470 1181 1602 1221 vero
1632 1164 1803 1221 sancti
1833 1162 1933 1217 viri
1962 1160 2126 1216 male-

527 1258 779 1314 dictionis
824 1260 1148 1315 sententiam
1198 1259 1481 1330 proferunt
1528 1258 1651 1329 (24,
1695 1278 1745 1329 q.
1790 1257 1844 1324 3,
1876 1273 1994 1310 can.
2032 1255 2121 1321 1'2,

526 1348 652 1406 Cum
681 1352 896 1419 sancti),
938 1367 1044 1406 non
1076 1351 1141 1406 ad
1173 1352 1312 1408 hanc
1341 1367 1409 1407 ex
1436 1360 1567 1407 voto
1599 1351 1841 1415 ultionis,
1874 1349 1969 1405 sed
2003 1358 2027 1385 ιι
2056 1364 2125 1404 ex

524 1442 748 1514 iustitiae
793 1444 1040 1499 examine
1089 1451 1396 1514 erumpunt.
1445 1444 1590 1499 Intus
1633 1442 1776 1497 enim
1807 1437 2000 1495 subtile
2029 1438 2126 1493 Dei

523 1532 785 1605 judicium
825 1535 1125 1605 aspiciunt,
1166 1544 1220 1590 et
1255 1535 1400 1590 mala
1430 1538 1574 1589 foras
1603 1533 1965 1602 exsurgentia,
1998 1533 2124 1602 quia

526 1626 817 1682 maledicto
839 1627 1070 1682 debeant
1098 1625 1281 1694 ferire,
1306 1634 1669 1696 cognoscunt;
1700 1633 1753 1680 et
1780 1640 1848 1680 eo
1874 1626 1927 1678 in
1956 1624 2124 1680 male-

526 1717 673 1774 dicto
720 1735 829 1773 non
875 1728 1123 1789 peccant,
1166 1735 1274 1789 quo
1306 1720 1373 1774 ab
1404 1719 1618 1775 interno
1644 1718 1846 1788 judicio
1876 1733 1987 1772 non
2017 1716 2126 1773 dis-

527 1808 774 1865 cordant.
808 1808 944 1866 Hinc
975 1819 1058 1867 est
1085 1811 1229 1880 quod
1250 1809 1442 1865 Petrus
1474 1810 1527 1865 in
1559 1808 1872 1865 offerentem
1898 1809 1998 1863 sibi
2028 1824 2125 1879 pe-

527 1900 742 1956 cuniam
773 1900 1047 1957 Simonem
1066 1946 1080 1971 ,
1111 1905 1435 1958 sententiam
1464 1902 1860 1959 maledictiouis
1890 1902 2124 1969 intorsit,

526 1990 1012 2048 dicenszPecunia
1061 2003 1149 2048 tua
1191 2005 1354 2049 tecum
1399 1996 1464 2049 sit
1503 1996 1557 2049 in
1605 1994 1944 2066 perditionent
1988 1993 2127 2062 (Act.

524 2101 637 2152 vm,
673 2084 787 2148 20).
819 2085 921 2153 Qui
949 2088 1092 2142 enim
1122 2103 1231 2143 non
1261 2089 1355 2154 ait,
1389 2097 1495 2153 est;
1541 2086 1636 2142 sed
1664 2088 1751 2152 sit,
1786 2100 1892 2140 non
1924 2083 2129 2139 indica-

525 2177 657 2244 tivo,
692 2177 788 2233 sed
820 2181 1066 2249 optativo
1095 2182 1258 2237 modo
1289 2196 1347 2236 se
1378 2182 1492 2235 haec
1520 2180 1721 2235 dixisse
1757 2180 1913 2250 108
1949 2179 2129 2247 signa-

524 2266 621 2323 vit.
653 2267 791 2323 Hinc
820 2267 967 2324 Elias
995 2270 1205 2325 duobus
1234 2271 1715 2341 quinquagenariis
1737 2270 1805 2324 ad
1827 2286 1885 2325 se
1907 2270 2131 2325 venien-

524 2358 670 2413 tibus
716 2359 854 2414 dixit
881 2378 894 2413 :
921 2360 981 2414 Si
1029 2362 1180 2415 homo
1224 2361 1321 2415 Dei
1369 2379 1522 2430 sum,
1572 2362 1849 2416 descendat
1894 2365 2027 2435 ignis
2066 2363 2131 2416 de

527 2449 675 2515 ctelo,
705 2457 755 2503 et
785 2459 1052 2504 consumat
1079 2467 1165 2506 vos
1197 2450 1306 2522 (IV
1340 2449 1469 2524 Reg.
1502 2470 1540 2517 ι,
1570 2452 1682 2521 10).
1713 2453 1951 2520 Quorum
1979 2462 2129 2509 utro-

527 2555 759 2609 rumque
808 2542 1078 2596 sententia
1125 2550 1325 2612 quanta
1358 2542 1383 2580 b
1414 2544 1660 2599 veritatis
1690 2545 1902 2600 ratione
1932 2560 2129 2601 conva-

524 2630 665 2697 luit,
720 2632 985 2688 terminus
1032 2650 1210 2689 causse
1262 2637 1604 2691 monstravit.
1657 2636 1789 2691 Nam
1837 2646 1893 2692 et
1940 2637 2129 2694 Simon

525 2731 729 2779 :eterna
760 2722 1068 2795 perditione
1099 2726 1322 2794 interiit,
1365 2736 1420 2782 et
1460 2727 1597 2785 duos
1639 2730 2128 2799 quinquagenarios

525 2816 759 2888 desuper
808 2818 1031 2875 veniens
1083 2817 1299 2876 ﬂamma
1353 2823 1709 2893 consumpsit.
1767 2823 1948 2879 Virtus
1996 2839 2128 2894 ergo

526 2910 864 2983 subsequens
912 2913 1266 2981 testiﬁcatur,
1330 2931 1433 2986 qua
1495 2926 1701 2972 mente'
1732 2916 2127 2972 maledictiouis

525 3005 797 3059 sententia
825 3006 1111 3076 promitur.
1142 3004 1279 3061 Cum
1308 3007 1451 3061 enim
1497 3018 1517 3046 ε
1561 3016 1616 3063 ct
1642 3007 2011 3063 maledicentis
2041 3009 2126 3061 in—

525 3097 778 3153 nocentia
808 3107 1114 3169 permanet,
1162 3110 1219 3154 et
1265 3108 1446 3155 tamen
1474 3116 1596 3156 eum
1626 3101 1717 3171 qui
1746 3100 2084 3156 maledicitur
2106 3138 2121 3165 ,

527 3202 701 3257 usque
725 3189 793 3245 ad
815 3190 1092 3246 interitum
1115 3190 1425 3247 maledictio
1452 3193 1725 3259 absorbet,
1749 3209 1817 3249 ex
1844 3194 2125 3263 utriusque

525 3282 695 3350 partis
722 3281 827 3337 ﬁne
856 3282 1147 3352 colligitur,
1180 3285 1302 3352 quia
1328 3286 1395 3341 ab
1424 3302 1532 3341 uno
1562 3296 1617 3342 et
1644 3287 1834 3343 intimo
1860 3287 2038 3357 judice
2066 3288 2122 3344 in

525 3387 679 3428 reum
708 3376 977 3429 sententia
1008 3384 1221 3445 sumpta
1247 3376 1535 3445 jaculatur.

597 3465 649 3519 5.
694 3466 997 3523 Maledictio
1025 3468 1125 3523 Job
1158 3486 1221 3523 ea:
1262 3470 1571 3525 rectitudine
1590 3471 2049 3543 judicis.—lgitur
2076 3474 2124 3529 si

526 3558 797 3615 subtiliter
842 3562 986 3618 beati
1031 3562 1132 3619 Job
1170 3564 1334 3619 verba
1375 3580 1684 3635 pensamus,
1730 3583 1839 3623 non
1878 3577 1961 3623 est
2007 3569 2124 3639 ejus

526 3651 835 3709 maledictio
857 3670 924 3709 ex
946 3655 1151 3711 malitia
1181 3657 1560 3727 delinquentis,
1592 3659 1687 3714 sed
1708 3675 1776 3715 ex
1800 3662 2126 3719 rectitudine

523 3743 753 3814 judicis;
788 3763 896 3802 non
918 3756 1003 3804 est
1028 3749 1105 3804 ira
1133 3750 1409 3816 commoti,
1435 3750 1528 3806 sed
1556 3751 1804 3807 doctrina
1828 3754 2120 3823 tranquilli.

525 3834 628 3906 Qui
658 3839 801 3894 enim
832 3848 940 3895 tam
969 3849 1119 3897 recta
1158 3842 1487 3899 maledicens
1516 3842 1716 3909 intulit,
1760 3860 1868 3900 non
1910 3853 2127 3915 pertur-

524 3928 761 3986 bationis
790 3932 922 3987 vitio
952 3932 1271 4000 succubuit,
1317 3933 1415 3990 sed
1454 3934 1716 3990 doctrinte
1756 3936 2126 4004 magisterium

525 4021 809 4093 impendit.
842 4024 984 4080 Vidit
1012 4026 1211 4097 quippe
1256 4026 1461 4082 amicos
1502 4042 1627 4083 cum
1675 4027 1913 4083 clamore
1959 4026 2123 4095 ﬂere,

522 4115 657 4171 vidit
682 4125 861 4171 vestes
888 4117 1169 4184 scindere,
1211 4117 1343 4173 vidit
1384 4118 1607 4188 pulvere
1643 4121 1821 4189 capita
1864 4136 2127 4190 consper-

525 4206 662 4262 sisse
686 4247 700 4273 ,
746 4208 884 4262 vidit
911 4209 1347 4265 consideratione
1388 4225 1499 4264 sure
1537 4212 1901 4280 percussionis
1930 4202 2129 4267 obmu-

528 4303 771 4363 tescere;
802 4306 859 4352 et
885 4299 969 4353 vir
996 4308 1214 4354 sanctus
1239 4299 1495 4369 inspexit,
1518 4301 1645 4370 quia
1667 4301 1725 4355 hi
1748 4303 1841 4370 qui
1864 4318 2127 4373 prospera

528 4388 850 4459 temporalia
908 4389 1298 4459 requirebant,
1356 4406 1425 4446 ex
1472 4394 1883 4462 comparatione
1931 4395 2130 4451 mentis

528 4482 761 4551 propriae
791 4497 913 4537 eum
959 4484 1245 4555 temporali
1273 4484 1501 4540 fractum
1530 4486 1855 4542 adversitate
1884 4488 2131 4544 credide-

2225 514 2573 582 corruptione
2601 514 2816 577 retinet,
2840 513 3159 569 aeternitatis
3185 514 3341 569 nobis
3366 514 3824 575 incommutabili-

2226 618 2309 663 tas
2357 623 2466 662 non
2514 615 2757 678 apparet.
2810 607 2911 673 Qui
2959 607 3121 676 igitur
3167 606 3311 661 diem
3353 606 3466 676 jam
3503 611 3825 667 aeternitatis

2226 699 2390 765 videt,
2422 713 2566 767 azgre
2595 697 2738 753 diem
2764 714 2873 754 sua:
2903 698 3247 755 mortalitatis
3273 699 3524 754 sustinet.
3549 698 3615 755 Et
3636 710 3827 759 notano

2225 791 2352 845 dum
2382 792 2505 861 quia
2538 807 2646 846 non
2672 790 2764 855 ait,
2799 788 2993 845 Pereat
3021 789 3137 845 dies
3167 791 3220 844 in
3248 805 3356 860 qua
3386 792 3636 848 conditus
3663 811 3675 847 :
3700 793 3821 863 sed,

2226 882 2413 938 Pereat
2444 885 2552 938 dies
2581 886 2635 938 in
2666 902 2767 955 qua
2796 893 2949 939 natus
2980 901 3115 939 sum.
3156 883 3213 938 In
3255 884 3344 941 die
3381 887 3581 957 quippe
3605 886 3826 955 justitizn

2225 978 2389 1033 homo
2417 987 2500 1033 est
2528 977 2807 1046 conditus,
2838 977 2931 1033 sed
2956 977 3068 1046 jam
3098 977 3153 1031 in
3185 986 3429 1048 tempore
3450 979 3624 1050 culpae
3647 989 3825 1036 natus.

2226 1066 2396 1122 Adam
2426 1068 2568 1123 enim
2600 1068 2850 1124 conditus
2877 1111 2891 1134 ,
2940 1069 3036 1123 sed
3080 1067 3213 1123 Cain
3262 1070 3470 1139 primus
3516 1079 3676 1127 natus
3719 1081 3824 1127 est.

2227 1159 2365 1225 Quid
2405 1167 2487 1215 est
2516 1174 2644 1229 ergo
2669 1160 2774 1215 diei
2803 1159 3099 1214 nativitatis
3120 1160 3444 1217 maledicere
3462 1201 3477 1227 ,
3511 1163 3613 1219 nisi
3640 1172 3829 1232 aperte

2227 1252 2408 1308 dicere
2434 1271 2445 1306 :
2474 1253 2599 1308 Dies
2625 1254 2999 1309 mutabilitatis
3024 1262 3233 1326 pereat,
3267 1263 3323 1311 et
3350 1256 3533 1314 lumen
3561 1258 3830 1314 :eternita-

2228 1345 2298 1401 tis
2325 1356 2594 1416 erumpat.
2950 1398 2956 1405 .

2301 1436 2464 1511 [Vet.
2517 1436 2687 1513 νη]
2729 1437 2783 1492 5.
2828 1437 3049 1509 Tempus
3079 1441 3440 1495 mutabilitatis
3490 1451 3684 1498 nostra
3729 1444 3831 1498 ali-

2228 1532 2435 1603 quando
2462 1533 2666 1602 penitus
2696 1534 2997 1601 periturunt.
3030 1532 3157 1587 Dies
3186 1535 3273 1605 qui
3303 1534 3384 1587 hic
3410 1536 3483 1589 ita
3513 1544 3723 1604 aptatur
3741 1552 3832 1606 pe-

2230 1626 2333 1679 rire
2360 1634 2414 1677 ut
2444 1626 2579 1680 male
2606 1626 2695 1691 sit,
2713 1635 2790 1680 est
2820 1635 3061 1697 apostatu
3075 1627 3492 1697 spiritus.—Sed
3510 1629 3636 1697 quia
3652 1629 3832 1698 perire

2231 1714 2446 1773 duobus
2474 1716 2651 1771 modis
2678 1716 2862 1772 dicere
2888 1718 3126 1773 solemus
3156 1719 3338 1787 (aliter
3367 1720 3512 1775 enim
3540 1721 3721 1791 perire
3750 1721 3833 1776 di-

2154 1823 2203 1883 Β
2232 1808 2424 1875 cimus,
2457 1808 2674 1879 quando
2706 1808 2909 1877 aliquid
2937 1817 3190 1879 optamus
3223 1819 3283 1865 ut
3310 1826 3419 1867 non
3447 1812 3548 1878 sit;
3589 1821 3645 1867 et
3672 1812 3832 1869 aliter

2232 1899 2412 1970 perire
2442 1899 2701 1966 dicimus,
2732 1899 2952 1969 quando
2978 1909 3228 1971 optamus
3255 1909 3315 1955 ut
3340 1901 3483 1957 male
3521 1901 3657 1971 sit),
3692 1902 3827 1967 hoc,

2232 1989 2380 2057 quod
2416 1990 2485 2045 de
2527 1990 2632 2046 hoc
2670 1990 2755 2046 die
2801 1991 3067 2057 subditur,
3102 1990 3355 2047 Obscuret
3395 2010 3513 2047 eum
3555 1994 3748 2065 caligo,
3782 2004 3841 2047 et

2230 2082 2521 2137 involvatur
2557 2084 2938 2151 amaritudine,
2977 2084 3179 2155 liquido
3222 2085 3529 2142 ostenditur
3556 2088 3681 2157 quia
3716 2088 3831 2142 dies

2233 2173 2337 2229 iste
2362 2189 2469 2229 non
2494 2175 2568 2229 ita
2588 2183 2647 2229 ut
2667 2191 2774 2230 non
2798 2176 2887 2241 sit,
2917 2175 3012 2231 sed
3040 2177 3112 2230 ita
3135 2178 3316 2247 perire
3340 2186 3580 2247 optatur,
3605 2186 3668 2234 ut
3689 2178 3831 2233 male

2232 2264 2322 2319 sit.
2354 2265 2558 2321 Involvi
2586 2266 2728 2321 enim
2771 2267 3131 2323 amaritudine
3159 2284 3266 2324 non
3297 2279 3478 2339 potest
3505 2272 3651 2340 quod
3679 2272 3830 2326 omni

2232 2358 2395 2415 modo
2422 2359 2691 2431 perditum
2730 2377 2837 2416 non
2867 2369 2951 2417 est
2980 2364 3212 2433 penitus.
3246 2362 3361 2420 Hoc
3390 2374 3574 2422 autem
3618 2375 3830 2439 tempus

2231 2458 2433 2506 nostrae
2472 2451 2845 2507 mutabilitatis
2881 2469 2991 2509 non
3040 2455 3364 2527 quandoque
3394 2457 3469 2511 ita
3500 2459 3827 2528 periturum,

2233 2542 2286 2598 id
2316 2551 2420 2611 est,
2452 2544 2804 2599 transiturum
2834 2554 2939 2613 est,
2987 2554 3048 2600 ut
3090 2547 3232 2603 male
3274 2548 3374 2614 sit;
3404 2549 3501 2605 sed
3532 2558 3590 2605 ut
3616 2552 3830 2621 penitus

2233 2649 2341 2689 non
2371 2634 2460 2700 sit,
2494 2633 2686 2703 angelo
2716 2634 2771 2689 in
2800 2650 2957 2690 sacro
2985 2634 3201 2705 eloquio
3230 2645 3523 2693 attestante
3543 2678 3559 2705 ,
3589 2640 3683 2711 qui
3709 2642 3787 2696 ait
3811 2659 3825 2696 :

2230 2726 2340 2782 Per
2378 2729 2627 2783 viventem
2645 2730 2702 2781 in
2748 2729 2963 2796 scecula,
3010 2731 3129 2802 quia
3178 2739 3378 2801 tempus
3416 2732 3530 2803 jam
3578 2750 3681 2789 non
3731 2736 3829 2789 erit

2234 2820 2416 2890 (Apoc.
2454 2837 2511 2889 x,
2556 2820 2632 2890 6).
2668 2819 2801 2875 Nam
2831 2822 2931 2876 etsi
2962 2820 3233 2892 Propheta
3268 2822 3425 2890 dicit,
3470 2824 3593 2880 Erit
3631 2837 3829 2896 tempus

2231 2927 2409 2965 eorum
2438 2912 2499 2965 in
2524 2922 2770 2966 internum
2800 2914 2818 2983 (
2844 2912 2995 2967 Psal.
3040 2930 3202 2981 Lxxx,
3250 2914 3353 2986 16)
3381 2955 3395 2981 ,
3428 2917 3553 2985 quia
3582 2933 3676 2987 per
3702 2934 3825 2974 mo-

2229 3010 2416 3057 menta
2444 3012 2655 3075 tempus
2681 3003 2883 3069 deﬁcit,
2918 3007 3138 3062 nomine
3169 3007 3430 3079 temporis
3457 3024 3646 3064 eorum
3674 3009 3826 3066 defe-

2230 3104 2374 3150 ctum
2417 3097 2653 3163 vocavit,
2697 3097 2989 3154 ostendens
3017 3099 3161 3169 quod
3192 3098 3213 3134 ι¹
3248 3100 3364 3155 sine
3392 3102 3705 3158 omnimodo
3733 3102 3828 3159 de-

2153 3215 2201 3282 C
2232 3188 2663 3245 fectu.dclieiuut
2690 3190 2744 3245 lii
2773 3192 2865 3260 qui
2904 3207 2936 3246 a
2975 3192 3196 3248 visionis
3224 3192 3427 3248 intimae
3456 3195 3827 3252 consolatione

2231 3290 2571 3351 separantur.
2606 3281 2739 3348 Quia
2778 3284 2930 3355 107
2963 3298 3092 3353 ergo
3122 3293 3323 3339 nostrae
3352 3285 3698 3343 mortalitatis
3725 3288 3829 3343 hoc

2233 3380 2449 3444 tempus
2478 3390 2586 3429 non
2616 3375 2691 3428 ita
2721 3382 2780 3429 ut
2807 3375 2949 3431 male
2976 3376 3078 3442 sit,
3107 3376 3203 3432 sed
3233 3376 3306 3431 ita
3338 3377 3481 3448 perit
3506 3386 3566 3433 ut
3594 3394 3702 3434 non
3726 3379 3825 3447 sit;

2227 3467 2575 3536 quaerendum
2604 3476 2689 3523 est
2715 3467 2843 3537 quid
2872 3469 2940 3523 sit
2964 3468 3109 3537 quod
3140 3484 3249 3523 non
3279 3469 3351 3523 ita
3384 3478 3444 3524 ut
3471 3485 3583 3527 non
3610 3472 3699 3539 sit,
3730 3471 3830 3527 sed

2227 3559 2302 3614 ita
2330 3560 2507 3628 perire
2536 3566 2754 3631 optatur
2782 3568 2841 3614 ut
2868 3560 3008 3616 male
3037 3561 3127 3617 sit.
3160 3560 3402 3617 llumana
3439 3562 3584 3618 enim
3612 3564 3825 3631 anima,

2228 3665 2325 3709 seu
2381 3651 2654 3720 angelicas
2698 3651 2918 3723 spiritus
2964 3652 3037 3707 ita
3086 3654 3400 3709 immortalis
3427 3663 3529 3720 est,
3581 3663 3642 3710 ut
3685 3657 3831 3713 mori

2228 3744 2430 3815 possit;
2461 3744 2535 3799 ita
2562 3744 2827 3811 mortalis,
2872 3754 2932 3801 ut
2958 3746 3096 3802 mori
3143 3763 3251 3802 non
3278 3748 3468 3817 possit.
3498 3745 3637 3802 Nam
3666 3748 3832 3805 beate

2226 3838 2431 3904 vivere,
2476 3837 2588 3892 sive
2614 3852 2710 3908 per
2737 3836 2963 3908 vitium,
2993 3837 3106 3895 sive
3135 3854 3233 3909 per
3261 3839 3588 3909 supplicium
3622 3839 3818 3911 perdit.

2228 3927 2603 3986 Essentialiter
2629 3938 2811 3985 autem
2840 3930 3039 3994 vivere,
3072 3946 3248 3999 neque
3274 3946 3374 4000 per
3400 3930 3613 3999 vitium,
3647 3946 3824 4000 neque

2230 4038 2331 4093 per
2358 4021 2680 4093 supplicium
2709 4022 2927 4077 amittit.
2961 4022 3004 4075 A
3033 4022 3294 4091 qualitate
3322 4023 3469 4078 enim
3494 4022 3711 4078 vivendi
3740 4022 3833 4078 de-

2231 4111 2363 4178 ﬁcit,
2403 4112 2499 4167 sed
2537 4112 2683 4167 omni
2714 4112 2875 4167 modo
2918 4111 3243 4167 subsistendi
3273 4111 3556 4167 interitum
3584 4128 3687 4167 nec
3714 4128 3833 4168 mo-

2232 4204 2378 4260 riens
2407 4203 2591 4259 sentit.
2631 4202 2700 4258 Ut
2731 4218 2860 4272 ergo
2890 4203 3127 4257 breviter
3154 4202 3402 4269 dixerim,
3434 4212 3491 4258 et
3516 4203 3834 4259 immortali-

2234 4305 2319 4351 ter
2366 4295 2611 4351 mortalis
2659 4303 2781 4361 est,
2830 4303 2886 4349 et
2936 4294 3239 4350 mortaliter
3286 4294 3625 4351 immortalis.
3679 4294 3830 4369 [Rec.

2242 4386 2437 4458 VIII.]
2486 4387 2619 4443 Dum
2650 4387 2811 4455 igitur
2841 4385 2959 4441 dies
3006 4396 3065 4441 ut
3103 4396 3291 4456 pereat
3317 4395 3558 4457 Optatur,
3590 4396 3647 4442 et
3675 4388 3834 4458 paulo

2234 4489 2360 4552 post
2388 4480 2740 4535 involvendus
2785 4478 3139 4533 amaritudine
3185 4479 3421 4545 dicitur;
3455 4495 3619 4548 quem
3649 4480 3836 4535 creda-

528 4582 667 4629 rant.
714 4573 1002 4647 Per-spexit,
1040 4578 1186 4647 quod
1227 4578 1536 4634 transitoria
1578 4577 1871 4635 afﬂictione
1898 4595 2124 4649 percus-
2149 4606 2205 4666 Β
2237 4589 2377 4640 mus,
2407 4572 2553 4642 quod
2584 4573 2663 4627 vir
2691 4579 2909 4627 sanctus
2933 4572 3039 4627 dici
3061 4572 3279 4628 nomine
3307 4573 3613 4644 exprimere
3642 4575 3834 4640 voluit,

528 4682 648 4722 sum
706 4668 992 4742 desperate
1042 4688 1155 4737 non,
1198 4670 1429 4739 ﬂerent,
1482 4673 1585 4727 nisi
1638 4673 1738 4743 ipsi
1786 4672 2127 4744 desperatam

530 4766 767 4813 mentem
796 4762 862 4816 ab
892 4779 987 4833 spe
1028 4764 1411 4820 incolumitatis
1450 4764 1675 4820 interna:
1713 4766 2123 4833 subtraherent;

530 4854 585 4901 et
625 4848 751 4903 dum
794 4855 1025 4926 erumpit
1054 4854 1197 4913 foras
1226 4858 1279 4912 in
1312 4873 1497 4914 vocem
1538 4857 1741 4913 doloris
1764 4900 1779 4923 ,
1832 4858 2125 4916 vulneratis

531 4938 676 4995 intus
699 4946 932 4998 ostendit
956 4946 1209 5003 virtutem
1239 4950 1628 5019 medicaminis,
1660 4951 1881 5009 dicens:

604 5030 792 5085 Pereat
821 5034 930 5088 dies
960 5037 1013 5090 in
1043 5055 1142 5108 qua
1172 5049 1325 5094 natus
1353 5058 1486 5096 sum.

605 5123 754 5197 (Hec.
808 5124 968 5197 νη]
1011 5128 1062 5181 4.
1104 5130 1373 5187 Maledicit
1406 5134 1507 5189 diei
1538 5136 1918 5201 mutabilitatis,
1961 5152 2025 5190 ea:
2055 5137 2134 5189 in-

534 5217 663 5271 tuitu
680 5218 1221 5286 wternitatis.—Quid
1244 5224 1387 5277 enim
1416 5224 1577 5280 debet
1600 5242 1695 5296 per
1716 5226 1857 5280 diem
1880 5227 2132 5280 nativita-

533 5304 625 5376 tis,
658 5306 759 5362 nisi
788 5322 948 5364 omne
975 5308 1082 5364 hoc
1110 5317 1321 5381 tempus
1351 5321 1550 5369 nostrae
1591 5316 1939 5373 mortalitatis
1966 5316 2130 5372 intel-

608 5473 635 5501 ι
673 5464 750 5518 Ita
780 5464 892 5521 fere
921 5481 1111 5521 omnes
1138 5467 1307 5521 nostri
1337 5466 1462 5522 Mss.
1498 5469 1616 5524 Vet.
1646 5469 1785 5525 Edit.
1818 5480 1873 5525 et
1896 5472 2031 5533 alim,
2065 5489 2132 5526 ea:

527 5532 737 5604 justitia
765 5539 1040 5592 examinis.
1058 5537 1337 5593 Secundus
1356 5538 1547 5593 Rhem.
1578 5540 1744 5595 habet
1768 5560 1779 5595 :
1804 5544 1895 5595 sed
1924 5560 1989 5596 ex
2018 5532 2133 5597 rato

532 5606 756 5682 Iustitiae
778 5609 1229 5682 ultionis,_sci_licet
1253 5611 1490 5682 examine
1505 5611 1745 5682 justitiw.

611 5675 634 5710 δ
675 5675 765 5747 S_ic
793 5678 985 5747 legitur
1010 5680 1063 5733 in
1091 5680 1253 5735 Corb.
1279 5680 1486 5747 Germ.,
1505 5675 1565 5735 in
1592 5684 1838 5737 omnibus
1852 5683 1978 5739 Mss.
2001 5693 2055 5739 et
2077 5686 2132 5739 in

534 5740 658 5820 γει.
692 5740 1040 5803 Ειιίι.Ῥ;η-ίς.
1075 5759 1131 5805 et
1161 5750 1321 5806 Basil.
1354 5751 1414 5806 In
1443 5740 1562 5808 aliis
1593 5753 1714 5809 loco
1741 5756 1991 5820 veritatis,
2038 5749 2153 5811 ha?

537 5812 696 5869 betur
731 5820 1037 5873 severitatis.

612 5895 635 5922 ο
674 5882 820 5943 Unus
848 5887 1040 5948 Rhein.
1070 5898 1127 5948 et
1153 5891 1260 5950 duo
1290 5892 1521 5966 Remig.,
1556 5914 1667 5953 cum
1689 5901 1825 5955 enim
1866 5901 2135 5955 maledici-

2239 4666 2340 4721 nisi
2372 4673 2674 4735 apostatam
2698 4665 2968 4734 spiritum,
2992 4665 3081 4735 qui
3109 4666 3159 4719 in
3184 4666 3397 4721 vivendi
3419 4668 3651 4722 essentia
3675 4668 3839 4721 etiam

2237 4760 2520 4833 moriendo
2548 4760 2831 4815 subsistit?
2862 4775 3023 4828 quem
3054 4760 3287 4830 perditio
3320 4761 3439 4814 vita:
3470 4776 3577 4815 non
3625 4760 3843 4815 subtra-

2234 4856 2316 4910 hit
2338 4896 2352 4921 ,
2398 4855 2521 4925 quia
2554 4855 2608 4908 in
2638 4862 2843 4907 aeterno
2872 4852 3059 4908 dolore
3088 4853 3323 4923 positum
3347 4894 3361 4919 ,
3395 4852 3661 4907 servando
3692 4868 3842 4907 mors

2231 4946 2552 5002 immortalis
2583 4945 2911 5012 exstinguit:
2938 4945 3028 5015 qui
3054 4944 3165 5013 jam
3208 4960 3238 4999 a
3278 4944 3626 5000 beatitudinis
3655 4944 3832 5010 gloria

2229 5038 2490 5107 dejectus,
2517 5038 2689 5093 adhuc
2719 5044 2937 5107 aptatur
2966 5044 3023 5091 ut
3054 5046 3262 5107 pereat,
3296 5046 3354 5092 ut
3381 5035 3631 5090 videlicet
3653 5044 3838 5090 retru-

2241 5143 2333 5184 sus
2359 5128 2533 5198 dignis
2564 5127 2863 5198 suppliciis,
2906 5126 3069 5182 etiam
3103 5126 3343 5181 tentandi
3369 5126 3640 5181 licentiam
3680 5126 3843 5181 amit-

2240 5229 2339 5276 tat.
3426 5210 3429 5211 ν

2313 5311 2457 5385 [γει.
2504 5309 2669 5381 γιιι,
2702 5311 2827 5367 Rec.
2861 5310 2990 5384 IX].
3029 5312 3081 5368 6.
3126 5309 3240 5377 Qua
3279 5313 3481 5368 ratione
3507 5313 3637 5379 dies,
3680 5329 3845 5383 quave

2243 5480 2338 5542 tur_
2352 5471 2483 5542 quis,
2510 5479 2559 5542 et
2586 5473 2939 5526 maledicentis
2969 5472 3266 5524 innocentia
3296 5479 3582 5540 permanet.

2316 5539 2342 5577 (ι
2365 5539 2463 5594 Ἀίι
2494 5541 2646 5597 iidem
2680 5544 3041 5611 antiquiorum
3079 5544 3199 5596 Mss.
3235 5542 3323 5612 hic
3355 5542 3715 5612 expunximus
3743 5555 3841 5595 vo—

2244 5612 2418 5667 culam
2447 5613 2571 5681 ﬁne,
2602 5631 2721 5682 qum
2751 5608 2829 5668 sic
2860 5615 3051 5680 legitur
3082 5613 3132 5666 in
3164 5611 3284 5666 aliis
3312 5608 3518 5682 Edilis:
3552 5608 3703 5675 Quod
3727 5614 3842 5666 sine

2242 5685 2350 5808 {ine
2374 5680 2667 5738 omnimodo
2691 5686 2891 5753 defectu
2923 5684 3190 5751 deﬁciunt,
3218 5692 3322 5738 etc.
3355 5682 3411 5736 in
3443 5680 3681 5737 Uticensi
3712 5683 3842 5737 olim

2264 5755 2520 5808 egebatur
2539 5794 2553 5808 .
2584 5757 2696 5808 sine
2721 5757 2824 5808 line
2845 5795 2858 5808 .
2888 5755 2982 5808 sed
3012 5769 3116 5808 vox
3148 5755 3252 5808 line
3276 5762 3545 5808 exnuncta
3576 5762 3677 5808 est.
3710 5752 3842 5808 Per-

2264 5755 2520 5826 egebatnr
2539 5794 2553 5818 ,
2584 5757 2696 5809 sine
2718 5752 2824 5826 ﬁne
2845 5795 2858 5821 ,
2888 5755 2982 5811 sed
3012 5769 3116 5809 vox
3145 5755 3252 5824 [ine
3276 5762 3545 5826 expuncta
3576 5762 3677 5810 est.
3710 5752 3844 5809 Per-

2244 5832 2457 5883 severat
2482 5825 2535 5880 in
2564 5826 2718 5884 Colb.
