4180 6454
347 348 449 405 6H

1245 344 1606 404 MORALIUM
1644 348 1785 411 LlBa
1814 349 1905 407 ιν.
1939 379 2009 393 —
2048 351 2116 408 ΙΝ
2151 352 2301 410 CAP.
2346 355 2411 411 Ill
2453 357 2511 411 Β.
2554 358 2692 415 JOB.

3513 364 3618 424 642

344 479 453 522 non:
482 463 569 518 sit.
604 460 742 526 Quid
769 460 817 515 ei
845 465 1046 533 optetur
1068 502 1082 525 ,
1113 461 1237 517 dum
1262 472 1319 517 ut
1343 472 1521 533 pereat
1549 470 1775 533 optatur.
1797 497 1869 507 —-
1889 464 1937 521 Is
1962 467 2018 529 Α
2041 468 2203 523 etiam
2232 471 2439 540 perdita
2480 474 2621 528 bona
2663 475 2950 546 reparavit.
2983 474 3126 533 Duas
3152 491 3285 534 vero
3310 478 3380 535 ad
3416 479 3618 538 intelli-

345 554 602 611 nimirum
629 552 771 606 diem
798 567 856 607 se
886 552 1123 617 exhibet,
1148 554 1273 623 quia
1297 569 1393 622 per
1418 570 1678 624 prospera
1702 564 1727 592 ι
1752 555 1933 623 illicit;

343 646 441 705 sed
470 646 524 700 in
551 644 729 699 noctis
759 644 1008 699 tenebras
1034 642 1262 712 desinit,
1295 648 1419 715 quia
1457 646 1524 700 ad
1563 647 1787 702 adversa
1814 663 1938 719 per-

346 739 514 797 ducit.
546 738 698 793 Diem
729 752 962 806 namque
986 736 1016 775 δ
1043 738 1389 803 ostendebat,
1436 754 1557 793 cum
1588 739 1823 809 diceret,
1869 739 1937 796 In

345 848 642 909 quocunque
662 832 746 885 die
764 832 1089 886 comederitis
1111 848 1175 885 ea:
1198 849 1277 897 eo,
1302 833 1596 903 aperientur
1610 834 1744 888 oculi
1760 835 1934 899 vestri,

344 935 395 983 et
424 927 569 981 eritis
596 929 726 979 sicut
755 925 827 978 dii
858 922 1068 997 (Cenes.
1098 941 1188 991 ιιι,
1222 923 1305 992 5);
1338 926 1430 980 sed
1468 934 1680 981 noctem
1721 927 1935 996 intulit,

346 1033 469 1073 cum
513 1015 580 1070 ad
624 1014 970 1069 mortalitatis
1013 1014 1264 1069 tenebras
1307 1014 1571 1084 perduxit.
1602 1016 1726 1074 Dies
1754 1017 1937 1085 itaque

344 1119 449 1178 est,
490 1109 639 1163 illata
680 1108 967 1178 promissio
996 1106 1312 1172 meliorum;
1361 1107 1456 1162 sed
1502 1121 1609 1162 nox
1640 1116 1741 1173 est,
1780 1107 1937 1163 exhi-

345 1203 455 1259 bita
502 1203 615 1273 ipsa
655 1200 985 1271 experientia
1031 1200 1420 1255 calamitatum.
1472 1198 1738 1270 Antiquus
1766 1201 1936 1257 hostis

343 1292 460 1348 dies
489 1299 571 1347 est
599 1307 695 1362 per
723 1299 970 1345 naturam
1000 1290 1139 1345 bene
1166 1290 1441 1356 conditus;
1473 1291 1569 1345 sed
1597 1307 1706 1346 nox
1730 1300 1812 1348 est
1839 1308 1937 1363 per

345 1384 594 1441 meritum
622 1383 691 1438 ad
720 1383 974 1438 tenebras
998 1383 1269 1452 delapsus.
1319 1382 1444 1439 Dies
1473 1391 1574 1450 est,
1626 1400 1749 1440 cum
1778 1385 1935 1455 polli-

343 1479 513 1531 cendo
556 1475 722 1543 bona,
769 1474 1015 1529 humanis
1058 1474 1364 1543 aspectibus
1404 1473 1534 1529 lucis
1577 1490 1638 1531 se
1684 1476 1934 1544 angelum

341 1566 576 1631 simulat,
608 1566 776 1620 Paulo
803 1572 1095 1620 attestante
1122 1565 1214 1634 qui
1244 1566 1339 1629 ait,
1374 1564 1497 1636 Ipse
1520 1567 1656 1620 enim
1700 1567 1934 1623 Satanas

345 1658 686 1729 transﬁgurat
716 1675 771 1712 se
798 1658 854 1711 in
884 1657 1125 1728 angelum
1155 1656 1281 1711 lucis
1314 1656 1368 1729 (1
1375 1656 1404 1710 Ι
1430 1656 1547 1712 Cor.
1576 1675 1661 1726 xl,
1692 1659 1812 1730 M),
1839 1661 1934 1716 sed

345 1763 451 1803 nox
476 1757 575 1813 est,
606 1763 729 1803 cum
757 1756 967 1804 mentes
988 1748 1442 1803 consentientium
1466 1755 1666 1805 erroris
1691 1751 1932 1807 tenebris

2040 563 2273 631 gendum
2299 580 2359 619 se
2385 574 2659 625 creaturas
2686 569 2910 638 fecerat,
2941 572 3239 640 angelicam
3267 575 3534 645 videlicet,
3563 587 3621 635 et

2037 655 2326 713 humanam
2355 677 2367 711 :
2395 669 2675 730 utramque
2704 679 2829 719 vero
2859 665 3107 735 superbia
3156 668 3412 736 perculit,
3457 680 3622 743 atque

2039 751 2108 807 ab
2137 760 2281 806 statu
2308 752 2558 821 ingenitae
2582 756 2914 811 rectitudinis
2940 756 3118 826 fregit.
3148 757 3254 814 Sed
3277 776 3381 815 una
3407 771 3620 831 tegmen

2039 844 2216 901 carnis
2237 843 2443 911 habuit,
2476 844 2582 901 alia
2622 862 2752 903 vero
2778 849 2910 903 nihil
2939 849 3208 906 inﬁrmum
3234 850 3303 907 de
3329 868 3492 910 carne
3521 870 3619 925 ge-

2038 937 2219 993 stavit.
2262 938 2497 1008 Angelus
2534 954 2768 1010 namque
2808 942 3146 1001 solummodo
3174 946 3424 1017 spiritus,
3456 948 3622 1007 homo

2036 1046 2168 1087 vero
2189 1041 2257 1087 et-
2270 1033 2489 1104 spiritus
2517 1043 2601 1089 est
2621 1044 2676 1091 et
2703 1051 2852 1091 caro.
2885 1036 3134 1095 Misertus
3161 1055 3290 1111 ergo
3318 1051 3535 1099 creator
3563 1051 3623 1099 ut

2038 1124 2348 1194 redimeret,
2376 1126 2519 1180 illam
2547 1126 2614 1181 ad
2637 1142 2695 1182 se
2720 1127 2904 1183 debuit
2928 1130 3207 1199 reducere,
3232 1150 3393 1205 quam
3417 1137 3469 1191 in
3494 1152 3620 1209 per-

2037 1219 2343 1287 petratione
2372 1220 2543 1291 culpae
2571 1236 2637 1276 ex
2667 1221 2980 1279 inﬁrmitate
3026 1225 3225 1295 aliquid
3274 1236 3484 1283 constat
3521 1230 3621 1284 ha-

2036 1308 2251 1377 buisse;
2283 1320 2337 1366 et
2366 1327 2431 1368 eo
2463 1322 2486 1350 °
2516 1314 2677 1369 altius
2706 1315 2888 1370 debuit
2926 1325 3230 1386 apostatam
3259 1321 3506 1388 angelum
3534 1335 3625 1377 re-

2036 1400 2240 1469 pellere
2262 1443 2277 1467 ,
2328 1418 2435 1471 quo
2484 1419 2607 1459 cum
2637 1420 2667 1462 a
2697 1407 3023 1476 persistendi
3051 1408 3367 1465 fortitudine
3394 1413 3620 1481 corruit,

2037 1489 2171 1543 nihil
2209 1488 2478 1546 inlirmum
2516 1508 2583 1549 ex
2618 1509 2781 1550 carne
2819 1497 3067 1565 gestavit.
3112 1496 3263 1554 Unde
3297 1507 3447 1555 recte
3474 1499 3623 1555 Psal-

2037 1582 2215 1648 mista,
2248 1598 2371 1637 cum
2395 1584 2677 1640 misertum
2707 1586 3125 1658 Redemptorem
3152 1589 3459 1646 hominibus
3486 1592 3625 1647 dice-

2035 1682 2148 1741 ret,
2200 1676 2370 1747 ipsam
2397 1692 2614 1747 quoque
2646 1694 2863 1735 causam
2908 1682 3289 1738 misericordia:
3317 1686 3619 1754 expressit,

2034 1764 2218 1822 dicens
2243 1784 2255 1819 :
2280 1766 2351 1820 Et
2393 1778 2703 1824 memoratus
2751 1782 2865 1837 est,
2917 1774 3037 1845 quia
3085 1790 3206 1829 caro
3256 1784 3378 1830 sunt
3427 1775 3621 1850 (Psal.

342 1836 615 1892 obscurat.
647 1837 744 1892 Vir
769 1850 898 1906 ergo
920 1847 1142 1893 sanctus
1167 1838 1220 1893 in
1247 1838 1434 1893 dolore
1464 1841 1684 1910 proprio
1714 1856 1929 1897 causam
1962 1851 2011 1911 Β
2038 1872 2216 1911 “xm
2238 1898 2255 1923 ν
2304 1856 2373 1910 59
2394 1857 2434 1929 ),
2492 1858 2639 1931 [Rea
2692 1860 2790 1933 χχ]
2822 1836 2899 1917 Ac
2929 1836 2992 1918 ἐί
3019 1864 3260 1921 dicere“
3288 1866 3404 1934 Quo
3432 1836 3619 1925 'eomm

343 1928 509 1983 totius
537 1926 758 1982 humani
785 1927 998 1996 generis
1025 1927 1246 1993 deﬂens,
1280 1936 1335 1982 et
1361 1928 1494 1982 nihil
1521 1930 1756 1999 speciale
1782 1931 1931 1985 omni

340 2019 500 2075 modo
530 2028 552 2059 ε
581 2019 635 2073 in
674 2018 895 2089 speciali
922 2018 1144 2074 vulnere
1171 2020 1434 2088 cogitans,
1465 2020 1688 2075 reducat
1714 2021 1781 2076 ad
1810 2023 1929 2076 ani-

342 2126 489 2164 mum
537 2111 798 2180 originem
843 2110 1012 2180 culpae
1037 2128 1065 2177 ;’
1099 2118 1153 2165 et
1197 2111 1631 2168 consideratione
1674 2112 1926 2182 justitiae,

341 2201 583 2256 dolorem
631 2208 896 2271 temperet
936 2217 1129 2272 poenae.
1179 2202 1371 2257 Videat
1416 2203 1711 2260 humanum
1758 2219 1931 2274 genus

342 2292 485 2347 unde
523 2308 630 2362 quo
659 2293 882 2358 cecidit,
932 2302 987 2347 et
1013 2293 1159 2348 dicat
1182 2310 1199 2348 :
1222 2292 1413 2348 Pereat
1440 2295 1548 2348 dies
1569 2297 1624 2349 in
1650 2314 1751 2368 qua
1777 2307 1930 2352 natus

341 2401 474 2445 sum,
499 2394 548 2438 et
567 2402 673 2439 nos:
696 2386 751 2439 in
774 2401 874 2455 qua
897 2384 1089 2437 dictum
1110 2394 1205 2452 est,
1232 2383 1519 2456 Conceptus
1545 2396 1620 2441 est
1650 2376 1819 2441 homo.
1853 2390 1932 2444 Ac

340 2477 387 2531 si
429 2484 615 2547 aperte
659 2475 839 2530 dicat:
870 2473 1062 2530 Pereat
1103 2491 1227 2546 spes
1256 2476 1322 2531 ab
1353 2486 1601 2547 apostata
1630 2479 1821 2549 angelo
1862 2480 1929 2533 il-

342 2565 470 2630 lata,
503 2567 594 2635 qui
624 2566 764 2619 diem
791 2580 851 2620 se
880 2566 1158 2630 simulans,
1191 2581 1258 2620 ex
1286 2567 1643 2635 promissione
1681 2570 1932 2625 divinita-

344 2657 414 2712 tis
434 2656 687 2721 emicuit;
708 2655 803 2710 sed
828 2665 1041 2711 noctem
1065 2672 1125 2711 se
1143 2656 1421 2722 exhibens,
1447 2656 1623 2712 lucem
1656 2660 1809 2713 nobis
1832 2677 1931 2715 no-

341 2756 468 2805 stra:
496 2748 876 2803 immortalitas
898 2749 1225 2803 obscuravit.
1252 2746 1446 2803 Pereat
1468 2750 1719 2818 antiquus
1740 2751 1926 2817 hostis,

341 2843 433 2911 qui
459 2843 633 2897 lucem
662 2843 1034 2913 promissionis
1063 2843 1335 2911 ostendit,
1366 2851 1421 2897 et
1448 2846 1651 2913 peccati
1679 2847 1931 2902 tenebras

341 2933 601 2999 contulit;
629 2933 722 3002 qui
752 2934 907 3002 quasi
937 2933 1078 2988 diem
1108 2949 1167 2989 se
1197 2935 1519 2990 blandiendo
1550 2936 1801 3004 innotuit,
1834 2942 1931 2995 sed

343 3040 513 3094 usque
552 3025 621 3079 ad
671 3026 1017 3082 tenebrosam
1072 3034 1286 3082 noctem
1335 3044 1402 3083 ex
1448 3028 1705 3100 impressa
1752 3032 1931 3087 cordis

342 3119 584 3176 caecitate
608 3117 880 3189 perduxit.
912 3117 1169 3189 Sequitur
1195 3139 1206 3172 :

966 3209 1196 3265 CAPUT
1237 3211 1300 3267 ll.

412 3302 576 3359 Vens.
607 3301 866 3357 4.—Dies
896 3303 982 3357 ille
1009 3313 1238 3358 vertatur
1263 3306 1320 3359 in
1346 3290 1606 3362 tenebras.

409 3395 463 3447 7.
500 3392 732 3449 Vertitur
751 3394 806 3447 in
829 3393 1088 3459 tenebras,
1114 3412 1229 3449 cum
1250 3412 1364 3467 quae
1383 3399 1637 3468 promittit
1656 3416 1925 3471 prospera,

337 3487 692 3557 intelliguntur
722 3486 1199 3554 adversm—Quasi
1228 3489 1373 3545 lucet
1392 3490 1506 3545 dies
1536 3491 1637 3547 iste
1660 3494 1930 3551 mentibus

338 3579 653 3646 hominum,
701 3594 822 3635 cum
860 3581 1141 3650 pravitatis
1190 3582 1307 3653 ejus
1352 3586 1631 3654 persuasio
1670 3603 1928 3658 prospera

337 3674 575 3729 creditur
598 3715 613 3741 ,
656 3683 712 3729 et
757 3675 932 3745 qualis
960 3675 1029 3729 sit
1072 3676 1397 3733 intrinsecus
1424 3695 1531 3732 non
1562 3680 1790 3735 videtur.
1822 3680 1929 3737 Sed

338 3783 461 3823 cum
490 3768 743 3835 iniquitas
772 3766 933 3830 illius,
967 3768 1105 3822 sicut
1130 3776 1233 3833 est,
1275 3770 1605 3837 agnoscitur,
1640 3770 1756 3826 dies
1784 3771 1929 3826 falsa:

338 3858 712 3930 promissionis
754 3858 909 3928 quasi
955 3858 1271 3927 quibusdam
1310 3868 1438 3914 ante
1466 3858 1491 3896 ἀ
1530 3860 1716 3929 judicii
1760 3864 1930 3917 nostri

338 3953 527 4010 oculos
556 3951 791 4007 tenebris
820 3952 1171 4017 obscuratur;
1214 3952 1340 4021 quia
1369 3953 1622 4009 videlicet
1647 3958 1819 4024 qualis
1848 3965 1931 4012 est

338 4063 407 4105 ex
435 4046 650 4109 merito,
684 4044 807 4099 talis
836 4043 1157 4114 perspicitur
1186 4044 1239 4098 in
1271 4044 1659 4101 blandimento.
1689 4046 1746 4101 lu
1777 4055 1930 4103 tene-

337 4141 463 4197 bras
487 4154 617 4209 ergo
642 4137 760 4193 dies
784 4137 1030 4202 vertitur,
1060 4137 1276 4205 quando
1306 4137 1532 4193 adversa
1558 4138 1926 4210 intelligimus,

338 4236 500 4292 etiam
532 4249 651 4305 qua:
677 4247 934 4304 prospera
964 4231 1236 4287 suadendo
1265 4232 1566 4304 pollicetur.
1594 4232 1651 4288 ln
1679 4235 1929 4289 tenebras

339 4325 454 4381 dies
484 4325 737 4389 vertitur,
777 4322 992 4393 quando
1022 4324 1275 4394 antiquus
1301 4322 1473 4378 hostis
1498 4325 1673 4393 qualis
1715 4333 1796 4381 est
1828 4341 1928 4381 sre-

338 4418 509 4482 viens,
541 4417 661 4471 talis
684 4432 716 4471 a
746 4416 901 4470 nobis
928 4415 1251 4486 perspicitur
1277 4415 1440 4471 etiam
1466 4417 1566 4471 Sub
1592 4417 1928 4473 blandimen-

342 4509 412 4564 tis
440 4509 641 4574 latens;
686 4523 753 4562 ne
784 4507 920 4562 lictis
960 4508 1403 4578 prosperitatibus
1430 4511 1583 4578 quasi
1612 4525 1679 4564 ex
1710 4510 1814 4564 diei
1846 4510 1927 4565 lu-

2034 1949 2245 2003 inlirma
2304 1950 2474 2017 vidit,
2526 1967 2593 2006 eo
2643 1952 2883 2009 districto
2930 1955 3116 2026 culpas
3173 1959 3365 2028 punire
3424 1961 3615 2015 noluit.

2034 2036 2130 2093 Est
2170 2038 2346 2095 adhuc
2393 2040 2573 2109 aliud,
2622 2057 2730 2111 quo
2780 2052 2836 2099 et
2884 2046 3128 2115 perditus
3174 2048 3337 2105 homo
3380 2052 3621 2123 reparari

2033 2130 2252 2197 debuit,
2302 2140 2357 2187 et
2385 2133 2701 2204 superbiens
2731 2137 2950 2206 spiritus
2978 2140 3220 2209 reparari
3247 2156 3356 2197 non
3410 2144 3617 2213 possit,

2033 2223 2157 2292 quia
2223 2224 2476 2280 nimirum
2532 2228 2754 2296 angelus
2817 2245 2912 2285 sua
2968 2232 3174 2287 malitia
3228 2235 3473 2303 cecidit,
3516 2236 3620 2293 ho-

2031 2316 2232 2371 minem
2280 2332 2412 2372 vero
2458 2318 2633 2374 aliena
2660 2322 2972 2390 prostravit.
3005 2324 3141 2390 Quia
3171 2338 3300 2393 ergo
3328 2326 3620 2384 humanum

2032 2421 2201 2475 genus
2249 2406 2530 2466 ad'lucem
2580 2414 2912 2482 pmnitentia:
2963 2415 3340 2488 Redemptoris
3386 2420 3620 2477 adventu
3692 2480 3697 2481 γ

2032 2500 2337 2569 reducitur,
2383 2512 2631 2573 apostata
2677 2520 2806 2560 vero
2851 2507 3074 2575 angelus
3111 2507 3182 2562 ad
3211 2512 3622 2569 restaurationis

2033 2589 2208 2646 lucem
2252 2594 2397 2647 nulla
2427 2610 2523 2665 spe
2550 2597 2722 2651 venire
2742 2636 2757 2661 ,
2802 2598 2947 2652 nulla
2982 2599 2999 2635 ί
3031 2601 3398 2657 conversionis
3436 2617 3621 2659 emen-

2031 2683 2249 2739 datione
2283 2695 2602 2754 revocatur;
2634 2688 2846 2743 dicatur
2880 2698 3067 2747 recte:
3095 2688 3218 2746 Non
3249 2694 3475 2762 requirat
3505 2711 3620 2749 eum

2031 2772 2171 2829 Deus
2213 2776 2462 2849 desuper,
2500 2788 2549 2833 et
2583 2796 2686 2834 non
2724 2781 2945 2835 illustret
2983 2782 3194 2837 lumine.
3237 2783 3314 2839 Ac
3351 2786 3395 2839 si
3434 2794 3621 2856 aperte

2032 2869 2500 2937 diceretueruia
2544 2872 2660 2942 ipse
2708 2874 2957 2928 tenebras
3006 2874 3221 2941 intulit,
3270 2876 3466 2932 toleret
3505 2880 3622 2935 sine

2032 2960 2137 3017 ﬁne
2164 2963 2308 3031 quod
2330 2963 2483 3029 fecit;
2522 2979 2867 3034 necuuquam
2891 2967 3068 3023 lumen
3089 2968 3299 3038 pristini
3321 2976 3492 3024 status
3529 2986 3619 3027 re-

2031 3055 2224 3124 cipiat,
2270 3057 2393 3126 quia
2424 3057 2530 3111 hoc
2559 3058 2721 3112 etiam
2750 3074 2857 3113 non
2886 3075 3075 3115 suasus
3102 3060 3300 3116 amisit.
3331 3060 3615 3133 Sequitur:

2647 3146 2875 3203 CAPUT
2915 3149 3005 3204 Ν.

1948 3235 1998 3300 C
2096 3236 2259 3293 Vnus.
2291 3237 2706 3295 5.—0bscurent
2733 3257 2847 3294 eum
2877 3240 3095 3297 tenebrae
3121 3248 3172 3296 et
3197 3240 3379 3296 umbra
3417 3245 3617 3300 mortis.

2103 3328 2154 3383 9.
2198 3328 2475 3385 Diabolum
2507 3333 2696 3387 erroris
2726 3334 2932 3387 caecitas
2962 3334 3035 3387 sic
3065 3334 3255 3404 obruit,
3280 3344 3336 3390 ut
3364 3337 3434 3390 ad
3459 3340 3622 3409 paeni-

2030 3424 2205 3476 tentia:
2247 3423 2413 3477 lucem
2451 3441 2555 3479 non
2596 3426 2663 3479 sit
2706 3436 3105 3482 resurrecturus.
3135 3427 3330 3485 —Per
3376 3431 3621 3487 mnbram

2029 3516 2239 3581 mortis,
2274 3502 2475 3571 oblivio
2506 3516 2669 3573 debet
2697 3519 2953 3589 intelligi;
2984 3522 3107 3590 quia
3136 3521 3274 3577 sicut
3303 3539 3450 3579 mors
3478 3525 3619 3581 inte-

2029 3608 2177 3662 rimit
2205 3610 2392 3676 vitam,
2438 3611 2510 3664 ita
2548 3612 2746 3667 oblivio
2777 3614 3068 3682 exstinguit
3106 3615 3441 3671 memoriam.
3485 3615 3620 3684 Quia

2031 3715 2160 3770 ergo
2190 3709 2436 3770 apostata
2459 3703 2680 3771 angelus
2700 3712 2914 3759 :eterna:
2942 3704 3195 3759 oblivioni
3225 3705 3467 3770 traditur,
3497 3723 3617 3760 um-

2030 3790 2126 3844 bra
2176 3792 2365 3845 mortis
2414 3794 2750 3848 obscuratur.
2815 3794 3036 3849 Dicatur
3096 3797 3295 3865 igitur:
3332 3796 3620 3851 Obscurent

2029 3895 2144 3932 eum
2174 3879 2392 3934 tenebrae
2423 3891 2471 3934 et
2496 3882 2678 3936 umbra
2706 3884 2915 3948 mortis;
2946 3885 2995 3938 id
3026 3893 3127 3951 est,
3157 3886 3236 3941 sic
3264 3901 3385 3941 eum
3416 3888 3618 3944 erroris

2031 3970 2113 4023 sui
2145 3971 2352 4024 caecitas
2381 3972 2589 4037 obruat,
2626 3982 2684 4027 ut
2713 3990 3051 4045 nequaquam
3095 3977 3316 4032 ulterius
3342 3977 3410 4032 ad
3439 3978 3615 4034 lucem

2030 4063 2361 4133 poenitentiae
2388 4080 2485 4135 per
2506 4064 2669 4121 divini
2698 4077 2976 4139 respectus
3005 4070 3321 4125 memoriam
3349 4080 3612 4143 resurgat.

2032 4155 2284 4226 Sequitur
2310 4175 2321 4210 :

2504 4249 2731 4307 CAPUT
2769 4251 2814 4307 v
2855 4252 3000 4326 [γει.
3039 4252 3135 4326 X].

2099 4344 2227 4399 iam.
2252 4375 2323 4386 —
2346 4342 2571 4416 Occupet
2599 4362 2715 4399 eum
2742 4344 2928 4417 caligo,
2960 4354 3009 4401 et
3038 4347 3328 4404 involvatur
3360 4349 3617 4405 amaritu-

2028 4437 2167 4490 dine.

2101 4526 2185 4580 10.
2234 4526 2371 4594 Quid
2415 4544 2550 4581 nunc
2589 4529 2818 4598 patiatur
2841 4570 2855 4594 ,
2902 4539 2951 4583 et
2979 4531 3101 4600 quid
3130 4546 3375 4601 passurus
3406 4531 3473 4583 sit
3503 4538 3619 4599 post

339 4601 486 4655 mine
515 4599 722 4666 illudat,
754 4608 809 4654 et
833 4599 976 4653 veris
1006 4599 1233 4654 miseriis
1260 4598 1327 4652 ad
1358 4601 1514 4670 103
1540 4601 1744 4671 peccati
1773 4608 1924 4659 tene-

2031 4620 2676 4692 jndicium.-—Antiquus
2724 4622 2894 4676 hostis
2944 4622 3194 4691 nequitiae
3240 4636 3350 4676 suae
3396 4622 3620 4677 vinculis

341 4690 465 4746 bras
494 4689 792 4761 pertrahat.
833 4688 1090 4757 Sequitur
1114 4708 1126 4742 :

787 4798 1014 4854 CAPUT
1051 4799 1114 4853 ιιι
1156 4799 1299 4873 [νει.
1352 4798 1477 4870 IX].

343 4896 388 4936 ο
413 4890 743 4952 [Bm—Non
776 4893 1003 4964 requirat
1031 4908 1145 4946 eum
1173 4890 1312 4945 Deus
1341 4892 1575 4962 desuper,
1602 4905 1649 4949 et
1678 4912 1782 4951 non
1811 4897 1932 4952 illu-

340 4997 469 5050 stret
505 4987 717 5041 lumine.
1658 5030 1691 5061 ,

411 5079 464 5135 8.
506 5077 609 5134 Cur
639 5079 862 5132 humana
899 5083 1087 5130 natura
1116 5084 1389 5146 reparata,
1432 5094 1536 5131 non
1579 5080 1835 5150 angelica.
1857 5115 1929 5127 --

340 5172 697 5244 Omnipotens
720 5171 860 5226 Deus
889 5169 1026 5225 sicut
1049 5185 1117 5225 ex
1144 5169 1314 5224 nihilo
1355 5171 1494 5225 bona
1524 5169 1701 5226 facere
1730 5176 1926 5244 potuit,

342 5264 446 5332 ita,
494 5280 615 5321 cum
659 5263 861 5332 voluit,
913 5278 1011 5334 per
1049 5262 1440 5318 incarnationis
1476 5278 1586 5318 suae
1616 5266 1928 5334 mysterium

416 5435 465 5510 ζ
481 5424 562 5507 Ita
582 5438 771 5480 omnes
799 5423 946 5491 Mss,
980 5436 1109 5489 non,
1140 5436 1234 5491 per
1263 5433 1510 5491 prospera
1537 5420 1741 5490 incipit,
1764 5426 1825 5473 ut
1845 5427 1928 5475 est

343 5495 732 5620 1niihiiilltslitum
756 5581 810 5619 se
838 5566 905 5620 ab
934 5564 1265 5634 Editoribus,
1290 5562 1665 5633 expunximus,
1698 5576 1928 5618 consen-

342 5638 599 5695 tientibus
624 5635 748 5689 Mss.
782 5637 999 5690 nostris.

418 5719 441 5747 ο
478 5706 658 5775 Antiq.
710 5706 889 5770 item,
927 5708 987 5759 in
1020 5708 1228 5761 mortali
1255 5708 1479 5763 vulnere.
1507 5706 1688 5775 Colb.,
1717 5701 1924 5769 Germ,

347 5778 400 5829 in
422 5777 636 5829 speciali
661 5778 907 5829 mortali:
937 5777 1030 5829 sed
1060 5789 1327 5829 exnuncla
1358 5788 1440 5829 est
1465 5797 1590 5829 vox-
1623 5776 1852 5829 mortali.

340 5778 400 5840 in
422 5777 636 5850 speciali
661 5778 907 5832 mortali:
937 5777 1030 5831 sed
1060 5789 1327 5847 expuncla
1358 5788 1440 5834 est
1465 5797 1591 5848 vox,
1623 5777 1852 5835 mortali.

415 5846 443 5887 ἀ
483 5848 642 5913 Editi,
691 5848 869 5904 invitis
912 5846 1063 5916 Mss.,
1104 5857 1223 5901 ante
1256 5850 1448 5922 judiris
1490 5856 1670 5913 nostri.
1704 5848 1770 5903 Et
1799 5861 1927 5903 vero

2035 4713 2303 4778 astrictus,
2338 4711 2480 4766 aliud
2509 4721 2590 4767 est
2615 4713 2757 4782 quod
2786 4728 2928 4767 nunc
2952 4713 3174 4781 patitur,
3217 4712 3359 4766 aliud
3388 4712 3531 4783 quod
3564 4714 3616 4768 in

2035 4802 2141 4859 ﬁne
2166 4804 2419 4875 patietur.
2453 4802 2586 4871 Quia
2627 4804 2768 4858 enim
2797 4819 2825 4856 a
2858 4804 2989 4857 lucis
3030 4803 3229 4857 intimae
3258 4803 3445 4860 ordine
3476 4805 3621 4862 ceci-

2032 4893 2148 4955 dit,
2200 4909 2340 4947 nunc
2388 4894 2733 4961 semetipsum
2783 4893 3102 4947 intrinsecus
3144 4894 3345 4949 erroris
3392 4895 3618 4964 caligine

2034 4984 2331 5042 confundit.
2366 4986 2471 5039 Sed
2496 4993 2620 5055 post
2644 4984 2746 5039 hoc
2771 4984 3127 5040 amaritudine
3157 4986 3465 5057 involvitur,
3493 4988 3619 5059 quia

2034 5094 2102 5135 ex
2140 5081 2335 5135 merito
2373 5088 2683 5149 spontaneas
2716 5078 2957 5149 caliginis
2984 5088 3189 5137 aiterno
3218 5083 3473 5152 gehennm
3506 5091 3617 5137 tor-

2035 5182 2219 5227 mento
2262 5172 2549 5227 cruciatur.
2594 5171 2812 5226 Dicatur
2858 5187 3023 5242 ergo:
3052 5173 3101 5229 Is
3143 5174 3234 5246 qui
3273 5175 3618 5231 serenitatem

2035 5265 2171 5323 lucis
2201 5267 2399 5321 iutimm
2438 5264 2686 5335 perdidit,
2719 5266 2847 5335 quid
2876 5275 2958 5323 est
2984 5268 3128 5339 quod
3155 5276 3282 5325 ante
3319 5278 3619 5325 extremum

2035 5434 2143 5475 non
2186 5420 2252 5474 de
2292 5418 2536 5487 Domini,
2563 5419 2659 5476 sed
2681 5419 2748 5475 de
2775 5420 3035 5477 mentium
3063 5429 3367 5477 nostrarum
3391 5419 3615 5491 judicio,
3670 5428 3671 5431 ‘

2034 5491 2123 5545 hic
2150 5507 2327 5546 sermo
2357 5500 2457 5546 est.

2106 5571 2130 5601 ο
2171 5561 2228 5617 lu
2286 5562 2524 5635 Vulgatis
2557 5606 2571 5631 ,
2629 5566 2870 5635 amplius.
2930 5563 3216 5635 Sequimur
3266 5562 3393 5635 Mss.
3451 5562 3613 5620 Corb.

2032 5632 2239 5699 Germ.,
2273 5649 2460 5717 omnes
2498 5632 2972 5717 Blienr.,'Remig.,
3004 5632 3285 5717 Norman.,
3333 5634 3617 5717 in‘quibus

2032 5714 2343 5760 constanter
2373 5706 2599 5760 habetur
2622 5707 2777 5760 altius
2798 5748 2812 5773 ,
2853 5706 2957 5759 hoc
2983 5713 3067 5759 est
3094 5719 3161 5758 ex
3188 5705 3368 5759 aitiori
3399 5705 3540 5761 loco.

2110 5775 2130 5815 τ
2174 5775 2313 5831 Edit.
2346 5776 2519 5834 Vatic.
2557 5785 2613 5832 et
2649 5777 2934 5841 Gussanv.,
2979 5791 3101 5832 cum
3130 5774 3307 5841 Colb.,
3340 5792 3608 5835 conversa-

2035 5848 2209 5901 tionis.
