4180 6474
1779 352 2022 415 ΒΑΝΟΤΙ
2062 353 2389 414 GREGORII
2427 353 2643 412 IAGM

3742 356 3853 420 ω

570 477 892 553 supplicium!
916 476 1152 534 tolerat?
1179 473 1409 548 Occupet
1435 490 1554 530 eum
1578 472 1769 546 caligo.
1790 470 2159 541 Subjungatur
2185 474 2233 533 Α
2260 469 2315 526 iu
2343 470 2556 526 interna
2579 470 2701 529 luce
2721 478 3063 543 permanent,
3086 469 3318 543 angelici
3344 468 3603 543 spiritu;
3634 479 3853 535 mem

569 572 771 636 etiam,
813 582 934 639 quia
963 568 1113 625 illum
1142 583 1300 639 paena
1328 568 1664 636 subsequens
1690 565 1852 621 etiam
1892 564 2010 620 sine
2047 571 2159 619 ter-

568 662 719 723 mino
745 661 990 719 devastat
1014 680 1028 715 :
1055 658 1356 719 Insoluatur
1376 660 1745 715 amaritudine.
1767 658 1940 713 Omne
1957 655 2157 727 quippe"

567 753 713 825 quod
742 753 1047 811 involutum
1075 761 1159 811 est
1184 753 1343 809 linem
1372 767 1528 808 suum
1556 752 1707 822 quasi
1737 765 2001 821 nusquam
2022 747 2157 805 indi-

564 853 686 914 cat;
714 845 843 918 quia
868 845 1011 903 sicut
1031 862 1138 903 non
1169 846 1406 903 ostendit
1440 862 1550 917 quo
1590 845 1798 916 incipit,
1824 844 1899 900 ita
1924 859 2032 900 non
2060 844 2159 899 de-

566 937 700 1005 tegit
725 950 837 1006 quo
863 936 1096 995 desistit.
1129 936 1334 995 involvi
1362 950 1495 1006 ergo
1522 935 1878 993 amaritudine
1903 935 2155 1005 antiquus

565 1026 740 1085 hostis
765 1027 982 1095 dicitur,
1004 1029 1128 1099 quia
1148 1030 1411 1101 superbiae
1430 1029 1548 1099 ejus
1566 1029 1827 1100 supplicia
1847 1042 1957 1085 non
1976 1028 2152 1084 solum

565 1120 910 1190 omnimoda,
941 1121 1038 1178 sed
1066 1124 1228 1180 etiam
1258 1123 1465 1180 inﬁnita
1494 1132 1886 1196 praeparantur.
1914 1123 2043 1192 Quae
2073 1124 2153 1178 vi-

562 1212 760 1270 delicet
778 1215 895 1284 ejus
921 1230 1081 1286 pains
1103 1224 1232 1272 tunc
1259 1215 1467 1273 initium
1496 1217 1709 1287 accipit,
1733 1231 1856 1273 cum
1876 1214 2154 1271 districtus

562 1304 631 1361 ad
666 1315 967 1370 extremum
1006 1308 1266 1380 judicium
1304 1308 1471 1380 judex
1515 1311 1682 1369 venit.
1732 1308 1885 1366 Unde
1921 1318 1977 1365 et
2012 1311 2153 1367 bene

561 1397 807 1457 subditur
831 1418 845 1455 :

922 1491 1081 1562 ιοο
1116 1490 1345 1547 CAPUT
1381 1491 1451 1548 vr
1479 1490 1628 1565 [Rec.
1659 1489 1788 1562 χιι.

542 1678 551 1687 ι
632 1598 795 1658 Vens.
822 1601 963 1669 ϐ.,-
974 1603 1194 1660 Noctem
1210 1607 1359 1661 illam
1385 1606 1682 1662 tenebrosus
1705 1604 1850 1662 turbo
1864 1607 2142 1676 possideat.

629 1695 715 1751 li.
762 1698 971 1765 Quanta
1001 1706 1300 1769 tempestate
1327 1701 1398 1755 ad
1422 1709 1617 1756 wterna
1660 1701 1919 1773 supplicia
1944 1710 2144 1772 raptus.

555 1818 624 1831 --
652 1789 935 1862 Scriptum
960 1793 1160 1864 quippe
1199 1802 1284 1849 est
1318 1813 1329 1848 :
1375 1793 1515 1850 Deus
1548 1803 1572 1832 ιι
1601 1796 1909 1867 manifestus
1960 1797 2145 1865 veniet,

2261 571 2461 631 autem,
2492 580 2681 621 eorum
2706 566 2924 622 ordines
2950 574 3006 623 et
3032 566 3319 637 dignitates
3347 566 3593 638 intelligi.
3641 567 3851 638 Singuli

2259 657 2403 714 enim
2426 661 2627 730 quique
2649 661 2886 732 spiritus,
2912 662 3037 731 quia
3063 661 3263 727 lucent,
3287 660 3406 717 dies
3426 670 3570 717 sunt.
3593 662 3701 718 Sed
3722 665 3851 734 quia

2258 750 2423 807 certis
2460 748 2780 833 quibusdam
2825 752 3175 823 dignitatibus
3216 753 3639 823 distinguuntur,
3671 762 3727 808 ut
3757 755 3847 810 alii

2258 840 2459 909 throni,
2480 842 2573 896 alii
2600 842 3019 912 dominationes,
3041 843 3131 899 alii
3154 844 3508 915 principatus,
3538 843 3628 899 alii
3657 860 3847 915 potes-

2256 940 2397 990 tates
2413 935 2551 1001 sint;
2576 948 2677 1007 pro
2700 936 2802 993 hac
2820 938 2935 1008 ipsa
2965 936 3345 993 distributione
3373 937 3664 1006 agminum,
3694 952 3851 992 mena-

2254 1039 2342 1082 ses
2367 1035 2649 1083 vocantur.
2695 1025 2802 1083 Sed
2844 1027 2972 1098 quia
3000 1028 3255 1099 antiquus
3291 1028 3463 1086 hostis
3502 1043 3847 1100 nequaquam

2254 1116 2321 1171 ad
2353 1118 2603 1174 meritum
2631 1119 2786 1187 lucis,
2817 1133 3157 1191 nequaquam
3202 1118 3270 1175 ad
3297 1119 3542 1176 ordinem
3570 1135 3844 1191 superno-

2256 1225 2371 1264 rum
2401 1212 2672 1280 agminum
2701 1212 2976 1268 reducitur
3000 1230 3015 1267 :
3043 1227 3145 1269 nec
3174 1213 3226 1268 in
3255 1212 3448 1269 diebus
3475 1214 3622 1280 anni,
3652 1229 3755 1269 nec
3787 1214 3844 1269 in

2254 1302 2527 1358 mensibus
2572 1312 2907 1360 numeratur.
2956 1302 3048 1360 Sic
3075 1304 3275 1374 quippe
3318 1305 3471 1360 illum
3518 1312 3846 1375 perpetrata

2254 1394 2519 1461 superbiai
2542 1396 2756 1451 cmeitas
2782 1402 2990 1465 gravat,
3023 1403 3085 1450 ut
3103 1396 3245 1451 ultra
3270 1397 3338 1451 ad
3364 1396 3455 1451 illa
3484 1395 3747 1452 claritatis
3771 1398 3847 1452 in-

2256 1488 2397 1543 timae
2435 1490 2648 1557 agmina
2693 1504 2924 1561 superna
2966 1505 3074 1546 non
3119 1490 3327 1546 redeat.
3359 1489 3704 1562 Nequaquam
3731 1490 3843 1559 jam

2252 1580 2517 1635 stantibus
2544 1580 2677 1636 lucis
2703 1580 3052 1650 dignitatibus
3077 1581 3421 1645 admiscetur,
3445 1582 3571 1651 quia
3594 1582 3845 1637 tenebra-

2250 1684 2370 1725 rum
2415 1685 2630 1726 suarum
2661 1674 2858 1729 merito
2885 1688 3100 1746 semper
3124 1673 3191 1729 ad
3233 1674 3339 1729 ima
3366 1672 3707 1745 deprimitur.
3740 1673 3844 1741 Qui

2251 1766 2377 1836 quia
2402 1766 2470 1821 ab
2510 1767 2598 1821 illa
2626 1769 2813 1838 patriae
2833 1769 3070 1824 cmlestis
3096 1767 3396 1838 frequentia
3421 1780 3608 1823 exsors
3635 1769 3689 1823 in
3718 1783 3844 1841 per-

554 1880 695 1938 Deus
722 1861 916 1951 noster,
947 1861 999 1939 et
1186 1884 1381 1942 silebit.
1444 1886 1591 1959 Ignis
1634 1888 1685 1942 in
1718 1861 1991 1958 conspectu
2034 1861 2147 1959 ejus
2174 1868 2226 1935 Β
2251 1867 2472 1931 Ρθωυω
2500 1870 2800 1932 permanet,
2827 1871 2975 1917 "me
3004 1861 3181 1917 adhuc
3204 1861 3545 1932 subiungitur
3569 1878 3587 1917 ³

552 1974 787 2042 ardebit,
822 1983 873 2031 et
910 1977 966 2031 in
1003 1978 1225 2032 circuitu
1270 1978 1383 2050 ejus
1414 1987 1689 2049 tempestas
1727 1979 1902 2033 valida
1953 1978 2143 2052 (Psal.

446 2106 455 2115 μ
552 2083 697 2134 ms,
722 2067 801 2141 3).
832 2068 1179 2127 Tenebrosus
1206 2084 1335 2141 ergo
1365 2072 1525 2127 turbo
1547 2071 1687 2128 hanc
1711 2080 1929 2127 noctem
1971 2072 2146 2143 possi-

550 2159 672 2228 det,
692 2163 817 2233 quia
832 2173 1132 2234 apostatam
1149 2165 1393 2236 spiritum
1412 2180 1441 2219 a
1455 2173 1746 2235 conspectu
1769 2166 1996 2222 districti
2003 2166 2147 2236 judi-

548 2256 626 2312 cis
652 2256 720 2313 ad
738 2265 940 2313 aeterna
978 2258 1259 2329 supplicia,
1285 2259 1529 2329 pavenda
1553 2258 1641 2313 illa
1670 2265 1964 2330 tempestas
1984 2259 2143 2329 rapit.

549 2348 787 2406 Turbine
809 2362 940 2421 ergo
971 2365 1079 2406 nox
1110 2351 1213 2405 ista
1241 2348 1724 2421 possidetur,'quia
1755 2351 1984 2421 superba
2030 2350 2147 2419 ejus

552 2446 766 2502 accitas
777 2444 1021 2501 districta
1044 2445 1507 2501 animadversione
1522 2444 1840 2515 percutitur.
1857 2445 2140 2517 Sequitur:

1154 2554 1387 2614 CAPUT
1423 2558 1530 2614 Vll.
1846 2616 1855 2623 .

619 2648 745 2706 lBlD.
773 2683 846 2695 ——
870 2648 997 2707 Non
1026 2660 1347 2718 computetur
1366 2652 1422 2707 in
1451 2653 1631 2709 diebus
1660 2655 1808 2719 anni,
1841 2671 1934 2710 nec
1962 2673 2145 2713 nume-

544 2752 684 2799 retur
711 2745 764 2800 in
784 2747 1063 2802 mensibus.

616 2835 703 2890 ‘12.
749 2834 887 2903 Quid
906 2839 1008 2897 diei
1041 2837 1232 2894 mensis
1272 2847 1323 2894 et
1352 2840 1478 2894 anni
1508 2840 1736 2907 nomine,
1769 2840 1823 2895 in
1848 2839 2014 2896 verbis
2042 2841 2142 2897 Job

543 2927 956 3000 intelligendum.
974 2960 1042 2975 -
1060 2929 1267 2985 Annun
1291 2930 1729 3001 prmdicationem
1752 2946 1999 3001 supernre
2020 2946 2145 3000 gra-

545 3019 634 3074 tite
654 3035 761 3075 non
785 3021 1230 3079 inconvenienter
1250 3024 1578 3094 accipimus;
1608 3024 1733 3095 quia
1760 3023 1901 3079 sicut
1922 3024 1974 3079 in
1998 3040 2142 3081 anno

545 3112 816 3181 congestis
863 3113 1053 3169 diebus
1097 3123 1311 3185 tempus
1354 3115 1647 3185 perﬁcitur,
1689 3116 1763 3169 ita
1806 3115 1857 3169 in
1907 3130 2142 3186 superna

542 3207 712 3273 gratia
736 3206 998 3262 virtutum
1029 3207 1307 3279 multiplex
1338 3208 1446 3262 vita
1476 3207 1795 3279 completur.
1832 3205 2016 3263 Potest
2045 3222 2144 3278 per

546 3310 745 3350 annum
774 3296 938 3351 etiam
968 3296 1255 3352 multitudo
1286 3297 1509 3366 intelligi
1550 3298 1983 3368 redemptorum;
2015 3299 2142 3368 quia

542 3384 683 3441 sicut
719 3401 787 3442 ex
832 3386 1037 3442 dierum
1080 3388 1423 3443 multitudine
1475 3404 1649 3444 annus
1696 3390 1931 3458 ducitur,
1960 3391 2035 3445 ita
2074 3405 2144 3444 ex

544 3477 869 3534 collectione
910 3478 1176 3533 bonorum
1210 3480 1474 3545 omnium,
1508 3481 1598 3535 illa
1639 3481 1936 3536 electorum
1982 3481 2143 3536 innu-

544 3569 819 3625 merabilis
846 3569 1168 3625 universitas
1197 3570 1463 3640 expletur.
1494 3569 1651 3627 Hunc
1683 3587 1913 3641 namque
1941 3587 2141 3627 annum

543 3661 801 3733 perfecta:
824 3660 1210 3719 -multitudinis
1238 3659 1405 3717 Isaias
1447 3664 1723 3734 praedicat,
1755 3664 1977 3720 dicens:
2012 3664 2139 3734 Spi-

540 3757 673 3810 ritus
697 3752 909 3811 Domini
934 3772 1088 3827 super
1127 3772 1226 3824 me,
1255 3773 1315 3811 eo
1338 3756 1473 3828 quod
1501 3758 1711 3810 tinxerit
1734 3773 1815 3811 me
1844 3756 2095 3812 Dominus
2117 3774 2136 3812 :

538 3848 610 3903 ad
637 3847 1053 3903 annuntiandum
1080 3850 1361 3903 mansuetis
1382 3848 1522 3902 misit
1546 3866 1642 3914 me,
1669 3857 1725 3902 ut
1750 3848 1981 3904 mederer
2015 3866 2139 3905 con-

541 3942 677 3997 tritis
717 3941 891 4008 corde,
924 3954 974 3997 et
1014 3942 1360 4015 pradicarem
1402 3943 1615 4014 captivis
1654 3944 2063 4015 indulgentiam,
2089 3952 2140 3998 et

538 4034 732 4088 clausis
754 4035 1095 4107 apertionem,
1119 4043 1177 4087 ut
1200 4035 1539 4105 praedicarem
1565 4052 1761 4088 annum
1785 4033 1810 4073 δ
1828 4035 2136 4106 placabilem

532 4126 756 4180 Domini
784 4124 941 4194 (Isai.
966 4142 1077 4189 ut,
1106 4126 1182 4195 1).
1224 4124 1409 4181 Annus
1435 4128 1578 4180 enim
1610 4126 1893 4195 placabilis
1925 4126 2136 4182 Domini

539 4215 881 4286 praedicatur,
905 4230 1026 4270 cum
1049 4216 1224 4271 futura
1247 4216 1400 4287 plebs
1422 4216 1658 4272 fidelium
1677 4218 1918 4272 veritatis
1938 4217 2139 4273 lumine

541 4304 865 4361 illustranda
895 4302 1222 4377 prtedicitur.
1256 4305 1398 4375 Quid
1431 4322 1559 4362 vero
1591 4323 1687 4377 per
1714 4308 1851 4374 dies,
1884 4309 1982 4363 nisi
2023 4310 2136 4365 sin-

540 4395 678 4467 gulae
725 4413 953 4469 qumque
993 4398 1289 4453 electorum
1338 4408 1578 4462 mentes;
1624 4399 1750 4470 quid
1780 4415 1878 4470 per
1903 4416 2137 4471 menses,

539 4489 643 4546 nisi
669 4488 1037 4562 multiplicata!
1063 4504 1249 4544 eorum
1280 4488 1559 4555 Ecclesiae,
1608 4507 1726 4562 qute
1754 4509 1914 4547 unam
1945 4494 2137 4551 catho-

536 4585 696 4645 licam
726 4585 948 4653 faciunt,
979 4586 1331 4654 designatur?
1351 4587 1442 4642 Illa
1475 4602 1604 4657 ergo
1634 4604 1743 4644 nox
1771 4605 1880 4643 non
1904 4606 2132 4661 compu-

2847 1973 3078 2031 CAPUT
3114 1974 3247 2031 VIII.

2322 2065 2547 2123 γωδ-1.
2572 2094 2639 2108 ε-
2670 2065 2755 2124 Sit
2779 2085 2882 2123 nos
2909 2068 3003 2123 illa
3032 2068 3292 2135 solitaria,
3325 2083 3416 2122 nec
3444 2067 3599 2123 laude
3623 2068 3803 2141 digna.

2322 2157 2409 2214 15.
2455 2158 2704 2215 Diabolus
2734 2160 2996 2233 redempta
3036 2161 3242 2217 homine
3284 2170 3332 2215 el
3358 2161 3516 2216 idolis
3557 2164 3840 2234 reprobatis

2249 2250 2310 2321 fit
2341 2252 2607 2307 solitarius
2636 2261 2686 2307 et
2714 2253 2826 2307 sine
2870 2252 3041 2307 laude.
3072 2285 3143 2294 —
3170 2252 3286 2307 Nox
3336 2252 3425 2307 illa
3454 2254 3697 2309 solitaria
3726 2253 3840 2309 elli-

2249 2344 2405 2408 citur,
2430 2344 2555 2415 quia
2575 2356 2595 2383 ο
2623 2344 2970 2402 distinctione
2998 2354 3258 2417 perpetua
3280 2363 3309 2401 a
3330 2345 3633 2416 frequentia
3657 2349 3842 2419 patria:

2247 2453 2494 2509 superna:
2516 2448 2812 2508 separatur.
2840 2438 2995 2505 Quod
3027 2446 3205 2494 tamen
3232 2439 3453 2510 intelligi
3479 2449 3534 2495 et
3565 2439 3721 2494 aliter
3746 2457 3844 2513 po-

2251 2537 2373 2593 test,
2395 2528 2714 2584 utvidelicet
2734 2529 3032 2594 hominem,
3049 2545 3209 2600 quem
3228 2529 3329 2585 sibi
3357 2528 3561 2585 socium
3586 2529 3656 2584 ad
3673 2529 3843 2601 perdi-

2247 2618 2448 2675 tionem
2476 2618 2697 2687 feeerat,
2730 2623 2888 2695 110
2914 2622 3154 2689 amittat;
3183 2629 3237 2676 et
3262 2622 3409 2677 solus
3439 2638 3560 2677 cum
3588 2639 3688 2677 suo
3717 2640 3841 2679 cor-

2247 2727 2381 2783 pore
2411 2711 2584 2769 hostis
2631 2721 2834 2784 pereat,
2884 2713 3009 2767 dum
3042 2714 3241 2768 multos
3290 2729 3429 2783 quos
3474 2713 3838 2784 destruxerat,

2247 2802 2627 2875 Redemptoris
2654 2804 2825 2873 gratia
2849 2802 3126 2859 reformat.
3152 2803 3405 2858 Solitaria
3436 2817 3565 2873 ergo
3592 2821 3699 2859 nox
3727 2804 3841 2859 elli-

2247 2898 2406 2963 citur,
2436 2913 2559 2951 cum
2604 2895 2830 2952 sublatis
2859 2894 2937 2950 eis
2966 2895 3055 2966 qui
3086 2895 3245 2950 electi
3276 2901 3442 2966 sunt,
3482 2896 3630 2951 solus
3668 2896 3840 2951 hostis

2247 2992 2498 3061 antiquus
2525 2990 2742 3046 aeternis
2769 2989 2981 3060 ignibus
3005 2989 3264 3057 gehennre
3294 2990 3649 3060 mancipatur.
3692 2986 3839 3045 Bene

2247 3092 2427 3138 autem
2467 3081 2696 3137 dicitur:
2749 3079 2862 3135 Nec
2891 3080 3045 3134 laude
3085 3079 3265 3151 digna.
3316 3078 3449 3135 Cum
3479 3080 3622 3135 enim
3650 3081 3838 3134 huma-

2246 3192 2373 3230 num
2402 3190 2570 3245 genus
2591 3217 2604 3240 ,
2647 3175 2848 3230 erroris
2898 3173 3136 3230 tenebris
3168 3188 3433 3243 pressum,
3464 3172 3596 3229 deos
3635 3172 3838 3244 lapides

2168 3260 2216 3324 C
2247 3267 2513 3333 crederet,
2548 3281 2644 3336 per
2685 3266 2789 3321 hoc
2818 3265 2964 3336 quod
3013 3263 3172 3319 idolis
3210 3264 3499 3329 serviebat,
3531 3264 3661 3335 quid
3699 3263 3837 3318 aliud

2246 3373 2406 3427 quam
2436 3358 2739 3413 seductoris
2768 3356 2850 3412 sui
2891 3354 3031 3410 facta
3071 3354 3358 3409 laudabat?
3393 3352 3545 3410 Unde
3575 3355 3714 3409 bene
3743 3369 3836 3425 per

2247 3449 2472 3505 Paulum
2502 3449 2733 3504 dicitur:
2769 3438 2994 3514 Scimus,
3029 3449 3150 3521 quia
3188 3447 3321 3503 nihil
3354 3455 3431 3501 est
3479 3447 3715 3516 idolum;
3748 3447 3839 3501 sed

2245 3558 2361 3615 qua:
2396 3539 2667 3595 immolant
2703 3550 2910 3613 gentes,
2968 3539 3242 3594 dwmoniis
3280 3538 3552 3592 immolant
3603 3538 3623 3608 (
3649 3536 3681 3591 I
3709 3534 3832 3592 Cor.

2245 3649 2356 3694 vni,
2382 3629 2457 3702 4).
2489 3631 2588 3697 Qui
2613 3645 2740 3699 ergo
2764 3629 3031 3684 idolorum
3059 3628 3386 3683 venerationi
3408 3626 3663 3681 substrati
3686 3632 3831 3693 sunt,

2245 3724 2369 3795 quid
2402 3722 2545 3778 aliud
2585 3738 2744 3791 quam
2790 3721 2962 3776 noctis
3005 3722 3253 3776 tenebras
3293 3718 3687 3774 laudaverunt?
3715 3717 3830 3773 Sed

2245 3832 2373 3872 ecce
2396 3816 2505 3886 jam
2537 3814 2828 3880 cernimus,
2861 3814 2985 3885 quia
3016 3830 3125 3869 nox
3154 3813 3243 3868 illa
3274 3828 3381 3867 non
3411 3826 3533 3868 esse
3561 3811 3724 3868 laude
3753 3812 3833 3866 di—

2242 3921 2346 3977 gna
2374 3906 2751 3974 cognoscitur,
2789 3921 2910 3961 cum
2936 3904 3046 3975 jam
3075 3919 3104 3959 a
3132 3904 3413 3974 redempta
3455 3904 3691 3959 humano
3740 3917 3831 3972 ge-

2244 4013 2373 4054 nere
2404 3996 2668 4053 idolorum
2687 3998 2968 4052 veneratio
2995 3994 3345 4067 reprobatur;
3376 4001 3431 4050 et
3459 3994 3697 4049 solitaria
3726 4009 3830 4049 nox

2241 4090 2581 4159 relinquitur,
2626 4089 2756 4159 quia
2790 4104 2913 4144 cum
2962 4088 3221 4143 damnato
3250 4093 3503 4159 apostata
3532 4085 3723 4157 spiritu
3764 4083 3831 4140 ad

2243 4191 2511 4238 tormenta
2544 4199 2652 4237 non
2684 4184 2811 4237 itur.
2844 4181 3102 4252 Sequitur
3140 4200 3156 4237 :

2857 4291 3085 4351 CAPUT
3123 4290 3212 4348 IX.

2314 4387 2476 4442 Vens.
2520 4386 2571 4441 8.
2611 4421 2683 4431 —
2711 4386 3033 4441 Maledicant
3061 4386 3110 4440 ei
3136 4384 3220 4458 qui
3247 4381 3564 4438 maledicunt
3589 4381 3713 4451 diei,
3745 4383 3829 4456 qui

2241 4483 2411 4555 parati
2442 4490 2559 4536 sunt
2587 4481 2840 4536 suscitare
2867 4477 3174 4534 Leniat/tan.

2316 4576 2399 4629 i4.
2443 4579 2487 4629 A
2513 4575 2716 4630 Christo
2754 4575 2865 4646 ejus
2909 4572 3113 4628 malitia
3135 4574 3251 4645 jam
3291 4570 3601 4639 destruitur;
3644 4574 3699 4627 in
3725 4573 3829 4644 ﬁne

536 4690 683 4741 tetur
708 4684 763 4739 in
791 4683 981 4739 diebus
1027 4680 1186 4747 anni,
1230 4656 1685 4738 nee'numeretur
1731 4682 1784 4737 in
1828 4656 2130 4752 mensibus;
2162 4656 2418 4724 Dntundi
2461 4669 2687 4739 potentia
2727 4669 3102 4738 exstinguetur.
3133 4697 3204 4708 -—
3245 4664 3302 4720 1n
3354 4663 3704 4720 translatione
3733 4679 3827 4744 ve:-

538 4776 667 4848 quia
695 4776 947 4848 antiquus
974 4774 1146 4831 hostis
1174 4775 1442 4846 superbiae
1479 4790 1588 4830 suae
1629 4775 1867 4830 tenebris
1895 4792 2135 4845 pressus,

537 4869 826 4927 adventum
846 4869 1063 4940 quidem
1090 4868 1463 4941 Redemptoris
1492 4869 1785 4940 conspicit,
1809 4869 1902 4924 sed
1927 4884 2131 4938 nequa-

538 4976 698 5034 quam
740 4960 809 5017 ad
841 4961 1055 5017 veniam
1086 4977 1207 5017 cum
1238 4962 1427 5018 electis
1468 4961 1626 5016 redit.
1658 4960 1797 5016 Hinc
1827 4961 1969 5016 enim
2000 4961 2135 5016 scri-

534 5064 688 5127 ptum
717 5061 802 5110 est
827 5053 1135 5129 :Nusq'uam
1156 5057 1291 5110 enim
1309 5055 1520 5126 angelos
1548 5054 1907 5125 apprehendit,
1925 5055 2016 5108 sed
2045 5071 2131 5108 se-

533 5162 652 5205 men
670 5144 897 5203 Abrahtc
914 5145 1250 5216 apprehendit
1268 5144 1453 5217 (Hebr.
1468 5162 1527 5214 ιι,
1543 5144 1653 5215 16).
1689 5143 1835 5218 [Rea
1854 5144 1975 5198 XII
1983 5143 2020 5215 .j
2057 5144 2135 5199 ld-

2241 4765 2340 4819 tcri
2370 4765 2443 4818 ita
2474 4779 2583 4816 non
2614 4762 2845 4828 dicitur;
2897 4760 3012 4825 sed,
3044 4758 3332 4814 Maledicat
3361 4774 3505 4826 eam,
3537 4759 3624 4829 qui
3663 4757 3827 4812 male-

2239 4856 2373 4909 dixit
2402 4856 2567 4918 diem,
2597 4854 2682 4925 qui
2710 4860 2954 4921 capturus
2984 4861 3060 4905 est
3100 4851 3349 4922 grandem
3393 4857 3579 4902 cetum.
3626 4847 3828 4925 Quibus

2238 4947 2415 5003 verbis
2460 4912 2647 5016 aperte
2676 4943 2977 4998 ostenditur
3014 4940 3159 5012 quod
3202 4956 3231 4994 a
3275 4949 3462 4995 sancto
3491 4938 3608 4993 viro
3639 4940 3692 4993 in
3726 4912 3841 4993 ﬁn!

2236 5038 2421 5093 mundi
2453 5040 2676 5091 ventura
2708 5033 3020 5091 Antichristi
3071 5032 3299 5102 perditio
3341 5029 3685 5102 prteridetur.
3715 5026 3832 5083 Ma-

2234 5130 2409 5200 lignus
2439 5146 2668 5201 namque
2708 5128 2947 5199 spiritus,
2980 5127 3066 5197 qui
3114 5141 3211 5196 per
3258 5124 3507 5179 meritum
3558 5138 3668 5178 nox
3722 5130 3826 5191 est,

533 5241 681 5298 circo
727 5213 960 5307 namque
984 5213 1327 5310 Redemptor
1375 5213 1560 5293 noster
1602 5213 1708 5293 non
1761 5213 2133 5307 angelum—sed
2233 5222 2321 5277 die
2352 5242 2376 5274 ιλ
2421 5222 2553 5278 90in
2598 5220 2779 5274 mundi
2829 5219 2934 5274 “ne
2965 5217 3198 5282 Simulat.
3231 5230 3352 5270 cum
3376 5229 3437 5310 sti
3466 5213 3831 5310 99339601}!

529 5334 698 5390 homo
728 5331 901 5389 factus
928 5340 1029 5398 est,
1056 5333 1180 5402 quia
1211 5332 1316 5387 hoc
1343 5331 1530 5401 procul
1564 5330 1728 5385 dubio
1770 5327 1887 5384 ﬁeri
1918 5329 2123 5395 debuit,

2233 5315 2543 5370 hominibus
2574 5321 2830 5381 ostentat,
2860 5326 2983 5367 cum
3030 5311 3331 5366 claritatem
3375 5308 3477 5363 sibi
3520 5304 3829 5362 Divinitatis

530 5423 679 5495 Quod
696 5421 957 5489 redemit;
979 5430 1043 5479 ut
1063 5398 1117 5477 et
1135 5398 1402 5492 perditum
1424 5419 1672 5489 angelum
1696 5434 1803 5474 non
1827 5421 2133 5490 apprehen-
2231 5406 2496 5463 fallaciter
2518 5406 2722 5473 tribuit,
2751 5413 2804 5461 et
2831 5420 2888 5460 se
2916 5419 3079 5495 supra
3096 5418 3258 5495 omne
3286 5401 3432 5495 quod
3460 5399 3718 5495 Deus‘vel
3744 5398 3826 5495 di-

530 5488 710 5572 dendo
732 5516 1031 5584 desereret,
1054 5521 1109 5569 et
1132 5488 1406 5568 bominem
1435 5511 1488 5565 in
1510 5488 1803 5581 semetipso
1824 5488 2125 5582 apprehen-
2231 5500 2390 5566 οίῑιιΐν
2428 5498 2511 5553 νει
2540 5497 2754 5560 οοιίῑυνν
2789 5496 3019 5551 θιῑοηίιο
3059 5493 3286 5550 Nouem
3332 5491 3496 5562 ίΒίιυΓ
3523 5488 3821 5560 maledicit.

531 5606 709 5665 dendo
729 5605 1197 5681 repararet.[Vet.
1222 5601 1356 5675 XL]
1384 5600 1616 5658 Possunt
1637 5603 1800 5659 etiam
1822 5604 1936 5661 dies
1956 5604 2011 5659 hi
2031 5604 2124 5677 qui
2228 5593 2321 5663 (illi
2367 5592 2641 5648 maledic“
2683 5589 2853 5658 diem;
2897 5589 3025 5659 (ιυίι
3075 5588 3167 5644 ille
3207 5600 3351 5642 nunc
3397 5584 3517 5656 eius
3561 5585 3823 5646 malitiam

603 5768 632 5798 ⁸
659 5760 736 5819 ιω
764 5758 889 5818 Mss.
922 5758 1178 5831 potiores.
1204 5756 1263 5811 In
1297 5756 1434 5812 Utic.
1473 5757 1539 5831 ad
1573 5756 1880 5831 marginem
1907 5765 2125 5814 notatur

532 5832 826 5942 manil'este,
855 5827 1012 5896 quam
1042 5829 1324 5889 lectionem
1356 5827 1586 5897 amplexi
1634 5837 1758 5882 Sunt
1784 5828 2013 5898 Vulgati.

608 5901 638 5942 δ
698 5898 816 5942 ιηιιιι
844 5899 1058 5942 Ωιιρηι--
1090 5898 1196 5942 dum
1222 5897 1429 5942 Remitr;
1457 5908 1514 5942 et
1545 5899 1657 5942 Val-
1691 5898 1791 5942 CL,
1816 5897 2013 5942 nlnenbi

2232 5754 2469 5811 Domino.

2304 5800 2539 5895 audiit-im
2568 5824 2793 5895 Rbemu
2826 5822 2946 5893 quia
2975 5819 3335 5895 destructione
3356 5800 3625 5895 perpetua.
3666 5819 3831 5881 None

716 5890 823 5957 nus
843 5890 1060 5964 Rbem.,
1090 5898 1196 5954 duo
1222 5890 1514 5969 Remigfet
1545 5899 1658 5954 Val.
1691 5898 1796 5969 CL,
1814 5890 2119 5969 pldcabilem
2227 5898 2376 5965 nulli,
2411 5890 2532 5953 cum
2560 5895 2721 5952 Corb.
2754 5890 2935 5950 Germ.
2956 5931 2970 5958 ,
3021 5896 3144 5965 quia
3186 5890 3509 5949 districtione
3547 5904 3816 5968 perpetua.
