4180 6494
260 5371 295 5443 ι,

341 379 449 440 845

1242 373 1609 432 MORALIUM
1647 373 1778 431 LIB.
1822 372 1912 431 Ιν,
1951 401 2027 419 __
2059 371 2128 430 1N
2165 373 2322 434 CAP.
2367 375 2433 432 111
2473 376 2542 435 Β.
2576 375 2717 433 JOB.

3509 380 3619 442 646

335 492 586 562 destruit,
609 490 702 564 qui
737 468 1096 549 illustratione
1142 491 1406 547 adventus
1454 491 1537 546 sui
1587 499 1714 546 tunc
1761 488 1924 546 etiam
1955 493 1999 550 Α
2031 503 2149 571 sum.
2167 488 2609 558 premunt.—Sed
2629 490 2773 546 hunc
2799 488 3096 550 Leviathan
3114 489 3275 548 electi
3303 493 3619 562 angeloru

331 585 635 660 potentiam
667 584 782 654 ejus
811 583 1136 640 fortitudinis
1167 584 1488 652 exstinguet.
1524 580 1676 638 Unde
1704 589 1756 636 et
1784 581 1924 636 bene

335 676 674 746 subjungitur
694 693 712 730 :
746 674 846 740 Qui
885 685 1127 746 capturus
1158 684 1234 730 est
1257 675 1506 748 grandem
1535 683 1718 729 cetum.
1754 671 1924 742 Hujus

336 769 479 826 enim
513 767 618 822 ceti
656 765 915 822 fortitudo
965 768 1016 821 in
1069 769 1222 837 aquis
1262 769 1492 838 capitur,
1545 767 1670 837 quia
1719 765 1925 838 antiqui

335 862 508 917 hostis
536 860 771 914 versutia
802 860 1052 931 baptismi
1083 869 1420 915 saeramento
1450 867 1752 930 superatur.

408 952 495 1007 15.
525 951 690 1006 Electi
716 953 890 1023 angeli
919 953 1030 1024 ejus
1069 952 1176 1007 doli
1216 952 1452 1006 tenebras
1483 950 1628 1005 nobis
1665 950 1919 1004 indicant.

336 1076 406 1087 —
432 1043 538 1098 Sed
568 1041 712 1112 quod
743 1043 1092 1097 translatione
1116 1043 1282 1098 veteri
1314 1043 1378 1098 de
1409 1051 1632 1098 auctore
1683 1043 1922 1097 omnium

337 1133 552 1198 dicitur,
569 1133 671 1188 hoc
688 1133 1041 1188 translatione
1055 1133 1172 1199 hac,
1190 1149 1306 1202 quas
1319 1132 1384 1186 ad
1401 1149 1497 1188 nos
1520 1149 1586 1187 ex
1600 1133 1827 1188 Hebrazo
1843 1141 1925 1188 est

337 1223 676 1293 Arabicoque
703 1240 952 1279 sermone
983 1226 1240 1288 derivata,
1266 1225 1332 1279 de
1362 1225 1548 1280 electis
1577 1225 1692 1294 ejus
1721 1226 1924 1294 angelis

335 1324 668 1370 memoratur
697 1313 940 1386 (Consule
970 1334 1083 1388 qua:
1123 1317 1349 1370 diximus
1377 1316 1413 1370 ι.
1447 1334 1618 1382 xxxv,
1646 1334 1763 1389 cap.
1797 1319 1921 1374 olim

337 1405 425 1472 15,
456 1407 524 1460 ad
546 1423 675 1461 vers.
711 1406 776 1458 14
822 1423 867 1460 c.
909 1405 1003 1460 ult.
1049 1407 1084 1461 ι.
1116 1407 1274 1476 Job.)
1317 1409 1390 1462 De
1421 1409 1501 1462 his
1532 1423 1762 1479 namque
1792 1409 1922 1464 dicio

334 1503 425 1550 tnr
451 1515 464 1549 :
496 1496 816 1550 Maledicant
844 1499 888 1551 ei
914 1497 1000 1569 qui
1047 1497 1359 1551 maledicunt
1387 1498 1510 1553 diei.
1545 1497 1693 1571 [Rea
1718 1495 1920 1570 XIII.]

336 1585 485 1641 Diem
533 1603 590 1642 se
633 1588 832 1658 quippe
882 1588 982 1641 iste
1023 1589 1337 1658 superbiens
1387 1589 1605 1658 spiritus
1647 1597 1922 1648 ostentare

335 1685 496 1738 etiam
524 1683 778 1754 angelicis
801 1684 1154 1753 potestatibus
1174 1683 1361 1747 voluit,
1386 1698 1506 1736 cum
1537 1698 1594 1738 se
1623 1698 1785 1752 super
1815 1699 1920 1737 cie-

333 1783 481 1830 teros
510 1776 660 1846 quasi
692 1775 746 1829 in
775 1776 1012 1846 potentia
1031 1775 1326 1829 divinitatis
1353 1775 1647 1841 extollens;
1691 1783 1770 1829 tot
1800 1784 1920 1844 post

2027 580 2248 652 spiritus
2271 597 2412 637 nunc
2436 582 2489 636 in
2513 590 2679 653 puteo
2702 583 2878 655 abyssi
2901 583 3143 639 clausum
3171 591 3439 655 premunt.
3468 584 3622 644 Unde

2026 673 2285 742 scriptum
2330 681 2414 728 est
2451 692 2464 726 :
2521 674 2640 730 Vidi
2677 677 2922 748 angelum
2951 676 3342 734 descendentem
3378 678 3444 734 de
3471 682 3621 748 calo,

2026 763 2298 820 habentem
2325 765 2516 820 clavem
2539 767 2734 838 abyssi,
2758 778 2807 823 et
2847 778 3087 824 catenam
3107 787 3354 843 magnam
3374 772 3430 827 in
3465 789 3622 830 manu

2027 872 2163 911 sua:
2195 865 2243 910 et
2287 857 2629 929 apprehendit
2675 858 2950 916 draconem
2989 870 3275 934 serpentem
3321 865 3618 938 antiquum,

2025 949 2111 1020 qui
2143 958 2215 1002 est
2245 949 2483 1004 diabolus
2510 958 2558 1004 et
2581 948 2843 1018 Satanas,
2885 961 2934 1006 et
2961 953 3136 1024 ligavit
3175 970 3291 1009 eum
3315 971 3408 1026 per
3447 973 3619 1014 annos

2025 1040 2186 1108 mille,
2236 1050 2284 1095 et
2315 1043 2453 1096 misit
2496 1059 2612 1097 eum
2654 1044 2708 1097 in
2738 1043 2979 1114 abyssum
3020 1045 3276 1117 (Apocal.
3307 1064 3400 1115 xx,
3435 1047 3548 1117 1,2
3573 1060 3624 1106 et

2024 1134 2189 1206 seq.).
2242 1134 2411 1200 Quem
2444 1142 2624 1200 tamen
2654 1135 2708 1189 in
2739 1135 2922 1190 mundi
2963 1135 3067 1192 line
3093 1137 3160 1192 ad
3183 1139 3454 1208 apertiora
3499 1156 3621 1196 cer-
3680 1210 3685 1215 ἱ

1985 1258 2002 1281 .
2026 1226 2226 1280 tamina
2253 1236 2532 1292 revocant,
2567 1236 2622 1282 et
2653 1235 2825 1282 totum
2855 1234 3044 1282 contra
3075 1243 3174 1284 nos
3204 1229 3259 1284 in
3289 1231 3398 1286 suis
3423 1230 3623 1290 viribus

2023 1314 2288 1368 ralaxant.
2334 1314 2487 1371 Unde
2531 1324 2586 1371 et
2631 1316 2741 1371 illic
2784 1333 2994 1372 rursum
3040 1318 3300 1388 scriptum
3343 1333 3462 1374 est:
3493 1319 3621 1377 Cum

2025 1407 2264 1477 completi
2281 1409 2470 1479 fuerint
2501 1409 2640 1462 mille
2657 1410 2806 1477 anni,
2829 1408 3051 1464 solvetur
3073 1407 3308 1464 Satanas
3329 1409 3516 1482 (Ibid.,
3543 1411 3617 1484 7).

2025 1495 2118 1550 ille
2155 1497 2298 1551 enim
2325 1507 2572 1568 apostata
2604 1501 2845 1569 angelus,
2878 1501 3004 1570 quia
3033 1501 3105 1555 ita
3135 1502 3382 1558 conditus
3422 1500 3622 1572 fuerat,

2024 1593 2082 1639 ut
2113 1588 2423 1656 angelorum
2457 1590 2667 1644 caneris
2694 1590 2994 1661 legionibus
3022 1590 3409 1660 emineret,'ita
3432 1607 3622 1662 super-

2022 1677 2217 1733 biendo
2240 1679 2541 1744 succubuit,
2569 1687 2629 1733 ut
2650 1695 2789 1752 nunc
2815 1680 3072 1734 stantium
3097 1680 3409 1748 angelorum
3431 1680 3622 1737 ditioni
3677 1663 3684 1667 λ

2022 1769 2324 1824 substratus
2385 1771 2507 1835 sit;
2565 1778 2830 1840 quatenus
2871 1769 2957 1825 vel
3018 1787 3162 1826 nunc
3216 1770 3281 1825 ad
3334 1771 3622 1830 utilitatem

331 1883 392 1924 se
420 1867 484 1920 ad
513 1866 785 1921 interitum
816 1867 1055 1934 legiones
1086 1867 1266 1920 traxit.
1302 1865 1406 1920 Sed
1438 1866 1490 1919 hi
1524 1867 1793 1931 nimirum,
1827 1867 1916 1936 qui
1955 1872 1996 1931 Β
2024 1871 2259 1914 nostram
2292 1862 2368 1916 eis
2397 1862 2822 1916 ministrantibus
2859 1861 3115 1932 religatus
3144 1861 3342 1929 lateat,
3373 1863 3460 1918 vel
3489 1872 3621 1920 tunc

330 1957 385 2012 in
417 1967 636 2012 auctore
657 1974 754 2011 suo
779 1957 964 2010 humili
995 1957 1161 2011 corde
1192 1958 1564 2026 perstiterunt,
1597 1973 1716 2011 cum
1749 1957 1920 2011 errori

329 2049 445 2117 ejus
477 2059 690 2103 noetem
723 2049 896 2104 inesse
932 2049 1334 2118 conspicerent,
1370 2049 1508 2102 diem
1559 2048 1819 2103 claritatis
1857 2049 1919 2102 il-

329 2142 434 2196 lius
454 2141 520 2194 de
542 2140 843 2209 semetipsis
867 2140 1087 2193 humilia
1111 2139 1393 2194 sentiendo
1418 2140 1760 2194 calcaverunt
1790 2159 1801 2193 :
1828 2139 1918 2209 qui

330 2249 474 2288 nunc
498 2234 653 2288 nobis
683 2233 790 2288 doli
833 2233 946 2302 ejus
992 2233 1241 2287 tenebras
1284 2232 1542 2300 indicant,
1572 2240 1626 2287 et
1660 2249 1820 2304 quam
1850 2234 1920 2287 sit

329 2325 472 2380 illius
503 2323 844 2393 despicienda
891 2323 1011 2378 ﬁcta
1044 2324 1287 2389 claritas,
1339 2323 1727 2378 demonstrant.
1763 2323 1918 2378 Dica-

330 2427 417 2473 tur
439 2433 567 2488 ergo
596 2418 660 2472 de
690 2419 974 2473 tenebrosa
1008 2427 1192 2480 nocte,
1237 2431 1354 2486 qua:
1402 2413 1645 2470 humanie
1695 2416 1920 2470 infirmi-

328 2511 459 2564 tatis
485 2509 671 2567 oculos
721 2508 955 2562 claudit:
990 2506 1308 2560 Maledicant
1355 2509 1434 2572 ei,
1476 2507 1560 2578 qui
1608 2507 1920 2560 maledicunt

331 2604 430 2657 diei
457 2645 470 2668 ,
505 2604 557 2657 id
581 2609 696 2668 est,
738 2602 810 2656 illi
839 2601 996 2655 electi
1039 2601 1257 2669 spiritus
1287 2600 1486 2658 erroris
1515 2599 1630 2668 ejus
1669 2599 1919 2654 tenebras

332 2702 357 2729 "
380 2682 684 2748 damnando
717 2692 1052 2758 denuntient,
1076 2691 1163 2759 qui
1211 2691 1631 2759 magnitudinem
1662 2689 1920 2745 claritatis

329 2785 472 2840 illius
497 2783 606 2854 jam
636 2785 702 2839 ab
729 2784 950 2838 exordio
981 2782 1158 2837 ﬁctam
1185 2782 1387 2836 vident.
1414 2780 1558 2834 Bene
1586 2789 1762 2833 autem
1795 2779 1918 2833 sub-

329 2874 504 2930 ditur:
537 2872 636 2939 σλαὶ
665 2876 834 2944 parati
865 2880 982 2926 sunt
1009 2873 1258 2926 suscitare
1282 2871 1587 2926 Leniat/tan.
1622 2871 1916 2925 Leviathan

329 2969 527 3038 quippe
578 2968 959 3034 interpretatus
1007 2964 1200 3018 dicitur
1241 2962 1661 3017 additamentum
1708 2977 1914 3016 eorum.

329 3059 566 3124 Quorum
593 3057 814 3121 scilicet,
848 3055 948 3108 nisi
978 3054 1292 3108 hominum?
1330 3052 1498 3107 Recte
1537 3062 1717 3107 autem
1764 3052 1916 3106 addi-

329 3158 625 3204 tamentum
671 3163 859 3202 eomm
907 3146 1140 3207 dicitur,
1180 3145 1305 3214 quia
1353 3155 1635 3214 postquam
1687 3145 1916 3213 primam

329 3244 542 3312 culpam
572 3241 710 3293 mala
741 3239 1082 3308 suggestione
1131 3237 1329 3304 intulit,
1361 3237 1500 3291 hanc
1530 3236 1772 3305 quotidie
1821 3253 1917 3290 au-

328 3348 453 3405 gere
506 3331 842 3401 gravioribus
893 3328 1329 3399 persuasionibus
1378 3341 1484 3381 non
1536 3327 1761 3380 desistit.
1820 3325 1917 3380 Vel

329 3431 477 3491 certe
507 3438 604 3493 per
631 3421 1103 3491 exprobrationem
1137 3420 1430 3473 Leviathan
1459 3428 1684 3473 vocatus
1714 3429 1814 3484 est,
1864 3417 1918 3471 id

331 3527 430 3584 est,
460 3517 880 3571 additamentum
912 3515 1187 3569 hominum
1218 3515 1412 3569 dictus.
1454 3512 1560 3569 Eos
1600 3527 1834 3581 namque
1863 3513 1914 3566 in

331 3609 580 3681 paradiso
602 3608 934 3664 immortales
959 3607 1189 3677 reperit;
1217 3606 1309 3660 sed
1338 3606 1671 3659 divinitatem
1704 3605 1916 3658 immor-

330 3707 526 3761 talibus
572 3705 723 3775 ιιι
759 3703 1159 3774 promittendo,
1212 3703 1363 3771 quasi
1413 3702 1489 3754 eis
1531 3700 1728 3769 aliquid
1778 3701 1916 3753 ultra

330 3813 491 3867 quam
539 3803 692 3849 erant
745 3810 804 3848 se
847 3793 1045 3847 addere
1088 3792 1396 3862 Spopondil.
1431 3791 1538 3846 Sed
1570 3793 1694 3844 dum
1724 3792 1918 3844 b'ande

330 3906 437 3943 non
472 3887 650 3940 habita
697 3899 757 3939 se
799 3884 1049 3937 daturum
1098 3883 1387 3953 perhibuit,
1419 3882 1608 3935 callide
1646 3890 1700 3935 et
1738 3881 1916 3934 habita

330 3979 616 4036 subtraxit.
649 3977 671 4015 ιι
693 3975 847 4031 Unde
869 3985 923 4030 et
952 3975 1197 4030 eumdem
1231 3974 1528 4028 Leviathan
1561 3976 1630 4027 ita
1658 3975 1919 4043 propheta

331 4073 590 4130 describit
613 4072 834 4126 dicens:
873 4069 1042 4140 Super
1080 4066 1361 4122 Leviathan
1392 4076 1679 4136 serpentem
1708 4073 1917 4130 vectem,

330 4185 483 4238 super
513 4164 798 4219 Leviathan
835 4171 1121 4232 serpentem
1154 4170 1435 4214 tortuosum
1462 4157 1617 4233 (Isai.
1651 4175 1812 4223 xxvii,
1844 4158 1916 4229 1).

334 4257 628 4312 Leviathan
655 4256 853 4326 quippe
884 4255 983 4310 iste
1014 4253 1066 4308 in
1097 4269 1182 4319 eo,
1215 4249 1360 4323 quod
1405 4266 1464 4306 se
1494 4250 1692 4306 addere
1720 4250 1921 4304 homini

333 4349 644 4420 spopondit,
696 4349 956 4403 tortuosis
996 4346 1063 4400 ad
1109 4361 1232 4402 eum
1265 4345 1472 4400 sinibus
1501 4344 1746 4413 irrepsit;
1797 4343 1922 4413 quia

335 4442 461 4496 dum
506 4441 640 4496 falso
669 4439 1017 4509 impossibilia
1068 4439 1333 4509 promisit,
1373 4451 1502 4492 vere
1547 4445 1601 4490 et
1649 4435 1921 4506 possibilia

335 4534 568 4590 sustulit.
596 4531 756 4605 [Vet.
785 4530 838 4586 Χ
843 4531 907 4586 II
915 4529 954 4601 .]
985 4531 1343 4598 Quaerendum
1368 4545 1500 4585 vero
1533 4530 1688 4584 nobis
1718 4538 1800 4582 est
1829 4545 1925 4584 cur

2024 1952 2088 2006 ad
2131 1953 2504 2022 probationem
2551 1961 2792 2008 nostram
2840 1953 2919 2008 eis
2962 1953 3360 2024 relaxantibus,
3404 1955 3532 2010 totis
3558 1970 3622 2014 se

2023 2057 2211 2104 contra
2243 2066 2341 2105 nos
2366 2050 2478 2104 suis
2504 2049 2709 2104 viribus
2737 2049 2947 2104 solutus
2969 2057 3242 2104 exerceat.
3291 2049 3426 2116 Quia
3455 2049 3618 2118 igitur

2021 2143 2077 2199 hi
2108 2144 2266 2200 electi
2305 2144 2534 2215 spiritus
2580 2144 2869 2214 superbum
2900 2152 3201 2214 apostatam
3233 2143 3613 2213 comprimunt,

2021 2239 2114 2308 qui
2141 2238 2370 2294 humiles
2399 2240 2542 2293 hunc
2580 2239 2730 2308 sequi
2761 2238 3070 2304 noluerunt,
3103 2237 3339 2308 ipsisque
3382 2235 3613 2290 admini-

2022 2332 2318 2386 strantibus
2338 2332 2661 2402 disponitur,
2689 2340 2745 2386 ut
2769 2332 2837 2384 ad
2869 2331 3221 2386 intentionem
3249 2328 3419 2400 aperti
3441 2336 3615 2383 certa-

2021 2427 2181 2481 minis
2226 2426 2583 2482 destruendus
2635 2425 2873 2480 funditus
2923 2423 3246 2494 quandoque
3299 2431 3616 2490 revocetur,

2023 2515 2233 2571 dicatur
2275 2524 2460 2571 recte:
2501 2515 2600 2582 Qui
2640 2516 2814 2587 parati
2859 2523 2978 2570 sunt
3020 2513 3270 2568 suscitare
3309 2510 3621 2569 Leviathan.

2023 2608 2156 2676 Quia
2207 2616 2386 2663 tamen
2424 2609 2594 2664 hostis
2631 2595 2880 2664 callidu?
2897 2607 2962 2660 ad
3004 2614 3189 2676 aperta
3217 2604 3354 2659 bella
3385 2603 3613 2659 necdum

2023 2701 2309 2755 suscitatus
2339 2710 2420 2755 est
2435 2743 2451 2768 ,
2473 2699 2745 2772 quomodo
2767 2697 3126 2768 quorumdam
3148 2704 3357 2751 mentes
3383 2711 3491 2752 nox
3512 2695 3616 2750 ista

2022 2807 2164 2846 nunc
2193 2793 2423 2846 latenter
2449 2792 2718 2852 obscuret,
2753 2791 3002 2844 insinuet.
3033 2786 3324 2859 Sequitur:

2268 2883 2498 2940 CAPUT
2540 2882 2588 2937 X
2641 2882 2784 2956 [Vet.
2811 2881 2988 2948 XIII,
3025 2881 3151 2936 Rec.
3183 2879 3372 2954 XIV].

2095 2977 2258 3032 Vsus.
2289 2975 2339 3028 9.
2364 3010 2435 3019 -
2463 2974 2872 3030 Obtenebrentur
2890 2974 3055 3028 stella:
3090 2972 3314 3044 caligine
3335 2973 3468 3044 ejus.

2096 3069 2183 3124 17.
2227 3069 2408 3123 Stella:
2449 3067 2730 3140 aliquando
2767 3068 2972 3132 sancti,
3013 3065 3291 3136 aliquando
3331 3065 3642 3138 hypocritte.

2022 3165 2077 3220 in
2108 3165 2394 3235 Scripturis
2431 3163 2689 3216 dicuntur.
2718 3161 3124 3233 Hypocritarum
3169 3159 3260 3212 tua:
3309 3157 3615 3216 obscuratur

1946 3260 1990 3322 C
2022 3262 2202 3324 aperto
2230 3270 2422 3307 errore.
2441 3284 2512 3296 —-
2531 3253 2585 3306 in
2614 3252 2886 3321 Scriptura
2917 3266 3068 3306 sacra
3092 3249 3369 3305 stellarum
3398 3251 3617 3309 nomine

2022 3345 2311 3412 aliquando
2356 3353 2667 3400 sanctorum
2693 3343 2929 3413 justitia,
2961 3357 3080 3412 qua:
3107 3342 3161 3396 in
3191 3340 3352 3412 hujus
3378 3342 3501 3396 vitae
3530 3351 3613 3398 te-

2018 3437 2202 3492 'nebris
2241 3436 2402 3501 lueet,
2437 3435 2724 3505 aliquando
2758 3451 2886 3490 vero
2916 3435 3316 3507 hypocritarum
3349 3433 3494 3491 ﬁctio
3521 3435 3617 3492 de-

2020 3536 2371 3593 monstratur,
2405 3527 2498 3598 qui
2543 3526 2688 3582 bona
2730 3542 2850 3597 qua:
2879 3526 3100 3592 faciunt,
3134 3525 3200 3580 ad
3245 3524 3616 3597 percipiendas

2021 3620 2206 3674 laudes
2239 3619 2548 3674 hominibus
2574 3619 2885 3673 ostendunt.
2919 3617 2976 3672 Si
3007 3618 3149 3672 enim
3179 3624 3326 3671 recte
3347 3617 3614 3684 viventes,

2021 3712 2191 3765 stella:
2221 3726 2327 3765 non
2359 3717 2568 3774 essent,
2594 3722 2933 3776 nequaquam
2983 3705 3178 3760 Paulus
3225 3705 3500 3775 discipulis
3529 3706 3614 3760 di-

2021 3808 2166 3855 ceret
2195 3818 2204 3849 :
2241 3800 2306 3852 In
2328 3800 2494 3853 medio
2520 3798 2746 3852 nationis
2771 3813 2944 3868 prava:
2965 3804 3014 3850 et
3041 3811 3308 3866 perversae,
3333 3795 3468 3848 inter
3489 3811 3616 3866 quos

2021 3890 2202 3943 lucetis
2231 3891 2360 3941 sicut
2383 3888 2664 3941 luminaria
2699 3887 2752 3940 in
2779 3886 2969 3940 mundo
2993 3886 3214 3958 (Philip.
3245 3903 3302 3951 n,
3328 3885 3438 3956 15).
3475 3884 3614 3940 Rur-

2022 3996 2162 4042 sum,
2201 3979 2243 4032 si
2287 3983 2426 4033 inter
2453 3992 2550 4032 eos
2579 3977 2671 4047 qui
2709 3985 2858 4031 recta
2890 3990 3050 4044 agere
3079 3975 3347 4043 videntur,
3392 3976 3611 4048 quidam

2023 4069 2089 4126 de
2137 4071 2347 4124 actione
2393 4084 2488 4124 sua
2535 4067 2944 4123 retributionem
2992 4063 3191 4120 favoris
3238 4066 3460 4120 humani
3505 4081 3613 4120 non

2026 4171 2347 4233 quaererent,
2383 4175 2720 4232 nequaquam
2755 4158 2938 4214 stellas
2984 4157 3217 4212 Joannes
3255 4173 3412 4213 ruere
3436 4172 3470 4212 a
3502 4174 3615 4213 coe-

2024 4256 2251 4310 lestibus
2273 4254 2498 4319 videret,
2525 4253 2740 4308 dicens:
2766 4250 2914 4305 Misit
2935 4250 3094 4304 draco
3116 4249 3357 4314 caudam,
3382 4259 3430 4302 et
3457 4251 3620 4304 traxit

2029 4349 2230 4402 tertiam
2279 4354 2477 4418 partem
2521 4344 2788 4399 stellarum
2832 4341 3032 4414 (Apoc.
3079 4356 3174 4406 xn,
3213 4337 3308 4409 4).
3357 4337 3620 4393 Draconis

2028 4444 2170 4497 enim
2211 4441 2379 4496 cauda
2422 4439 2701 4494 stellarum
2748 4449 2873 4505 pars
2919 4433 3168 4495 trahitur,
3212 4430 3335 4501 quia
3377 4436 3619 4484 extrema

2027 4534 2374 4606 persuasione
2396 4529 2710 4586 Antichristi
2731 4526 2946 4597 quidam
2969 4523 3324 4593 quividentur
3347 4520 3524 4573 lucere
3543 4531 3624 4569 ra-

335 4627 428 4696 qui
456 4635 764 4695 serpentem
793 4626 1032 4690 dixerat,
1057 4633 1468 4695 tortuosumque
1511 4625 1655 4678 illico
1698 4622 1922 4692 subjun-
1954 4640 2008 4701 D
2031 4621 2639 4699 pientunllzstellas
2653 4631 2884 4687 namque
2906 4607 3625 4691 interramtrahere,esteos

337 4729 487 4785 gens,
515 4714 837 4782 interposuit
858 4721 1087 4776 vectem,
1113 4716 1211 4769 nisi
1245 4714 1382 4768 forte
1411 4715 1554 4783 quod
1579 4715 1631 4768 in
1661 4715 1926 4784 serpentis

337 4806 658 4862 tortitudine
679 4803 820 4859 ﬂuxa
837 4806 1111 4872 mollities,
1131 4808 1182 4860 in
1205 4815 1359 4861 vecte
1377 4816 1554 4861 autem
1577 4816 1661 4861 est
1685 4818 1706 4845 ε
1731 4809 1925 4862 duritia

337 4901 643 4982 rigiditatis.
681 4897 748 4952 Ut
778 4914 908 4970 ergo
932 4899 1076 4954 hunc
1098 4907 1153 4954 et
1181 4900 1373 4953 durum
1399 4900 1635 4969 signaret
1660 4939 1673 4963 ,
1708 4910 1761 4955 et
1789 4902 1926 4954 mol-

341 4997 446 5050 lem
467 5002 552 5061 ;et
569 4999 774 5048 vectem
793 4991 1056 5059 nominat,
1072 4991 1095 5027 ά
1121 4999 1175 5045 et
1193 4999 1518 5060 serpentem.
1535 4991 1708 5046 Durus
1729 4993 1929 5062 quippe

345 5095 427 5140 est
451 5099 544 5156 per
565 5083 841 5147 malitiam,
868 5083 1046 5137 mollis
1069 5098 1166 5152 per
1192 5081 1574 5136 blandimenta.
1599 5069 1780 5137 Veciis
1802 5098 1930 5153 ergo

345 5174 563 5243 dicitur,
594 5176 719 5246 quia
746 5188 921 5243 usque
952 5174 1018 5228 ad
1046 5189 1230 5228 necem
1260 5175 1529 5243 percutit;
1577 5189 1801 5244 serpens
1837 5191 1933 5229 au—

344 5272 481 5333 tem,
514 5267 639 5336 quia
668 5281 728 5322 se
756 5281 853 5336 per
874 5265 1092 5320 insidias
1122 5263 1356 5319 molliter
1382 5272 1406 5301 ε
1433 5263 1682 5318 infundit.

420 5356 508 5412 16.
548 5355 826 5413 Diabolum
844 5357 992 5412 electi
1013 5357 1317 5429 angelorum
1339 5357 1391 5410 in
1426 5363 1576 5426 puteo
1601 5355 1773 5426 abyssi
1799 5358 1938 5411 clau-

419 5545 447 5574 ι
474 5534 552 5590 ita
581 5533 800 5603 Rhem.,
825 5533 988 5591 Corb.
1039 5532 1218 5590 Germ.
1242 5573 1257 5599 ,
1289 5533 1521 5604 Remig.,
1569 5535 1772 5602 Norm.,
1809 5536 1937 5592 Flo-

345 5608 506 5673 riac.,
537 5617 673 5674 quos
698 5615 992 5676 sequuntur
1019 5607 1143 5660 Vet.
1170 5605 1310 5660 Edit.
1345 5604 1514 5661 Paris.
1547 5607 1782 5662 et'Basil.
1805 5606 1939 5666 Coc.

349 5680 452 5733 Alii
497 5677 751 5745 deinceps
772 5719 785 5737 ,
813 5679 1153 5730 damnandos.

425 5751 448 5786 ιλ
483 5749 536 5801 In
565 5747 693 5818 Mss.
742 5747 1000 5801 Norinan.
1022 5789 1036 5818 ,
1071 5749 1385 5815 Vindocin.,
1425 5748 1642 5817 Germ.,
1694 5749 1889 5818 legitur
1923 5769 1936 5804 :

356 5819 505 5890 Unde
533 5828 580 5872 et
607 5817 858 5872 Dominus
887 5817 1118 5872 eumdem
1139 5819 1210 5872 ita
1241 5838 1330 5888 per
1351 5822 1650 5890 pmphetam
1679 5817 1937 5877 describit.

269 5924 273 5928 ι
352 5891 410 5946 in
446 5889 583 5944 Utic.
617 5890 760 5959 prius
790 5889 1065 5959 legebatur
1096 5896 1152 5944 ut
1173 5900 1253 5945 est
1281 5892 1334 5946 in
1363 5889 1550 5948 Editis.

2034 4719 2125 4790 qui
2153 4717 2402 4771 videntur
2421 4713 2600 4769 studio
2627 4712 2750 4766 vitae
2779 4707 3014 4765 caelestis
3041 4704 3323 4766 inhzerere,
3349 4713 3416 4753 ex
3441 4705 3626 4752 amore

2033 4789 2252 4866 terreno
2278 4807 2556 4876 iniquitate
2579 4801 2750 4873 aperti
2773 4799 2972 4854 erroris
2993 4791 3286 4850 involvere.
3315 4789 3453 4846 Sunt
3474 4804 3625 4843 nam-

2035 4919 2140 4971 que
2171 4899 2410 4956 nonnulli
2439 4897 2528 4967 qui
2560 4903 2684 4947 ante
2711 4893 2976 4946 humanos
3029 4885 3212 4942 oculos
3250 4881 3398 4939 velut
3423 4879 3627 4950 magnis

2037 4991 2292 5063 cperibns
2337 4989 2551 5050 lucent;
2583 4982 2675 5037 sed
2709 4979 2834 5049 quia
2878 4978 2993 5032 lucc
3032 4977 3144 5046 ipsa
3175 4989 3339 5045 Opera
3367 4989 3396 5027 a
3426 4971 3626 5026 mundo

2039 5082 2204 5137 corde
2227 5094 2332 5133 non
2363 5075 2654 5147 prodeunt,
2681 5069 2822 5139 capti
2850 5069 2903 5124 in
2934 5066 3160 5123 occultis
3186 5063 3623 5134 cogitationibus,

2037 5173 2210 5230 noctis
2237 5170 2395 5239 hujus
2421 5165 2660 5222 tenebris
2682 5164 3076 5226 obscurantur;
3103 5157 3196 5228 qui
3247 5171 3388 5226 saepe
3415 5169 3478 5209 ea
3510 5167 3628 5221 quae

2038 5263 2236 5320 mundo
2281 5258 2442 5316 corde
2493 5272 2598 5311 non
2643 5255 2886 5321 faciunt,
2925 5252 3089 5306 etiam
3133 5261 3300 5320 opera
3349 5246 3624 5301 amittunt.

2041 5356 2178 5424 Quia
2199 5368 2328 5422 ergo
2348 5366 2453 5405 nox
2475 5347 2766 5422 prtevalere
2788 5345 3138 5416 permittitur,
3172 5339 3388 5412 quando
3412 5343 3468 5391 et
3490 5333 3629 5388 inter

2119 5546 2141 5575 ε
2174 5535 2231 5590 1η
2255 5533 2457 5594 Editis,
2486 5530 2693 5585 duritia?
2723 5529 2982 5599 rigiditas.

2115 5604 2142 5644 ά
2175 5606 2230 5659 in
2259 5605 2383 5660 MSS.
2417 5603 2598 5657 Norm.
2633 5609 2688 5655 et
2713 5594 2984 5670 plcrisque
3012 5594 3226 5670 legitur,
3254 5597 3630 5670 et_tortuosum.

2041 5676 2109 5731 Et
2132 5677 2264 5730 infra
2293 5695 2304 5728 :
2327 5684 2580 5728 tortuosus
2607 5660 2798 5737 autem,
2829 5660 2948 5740 quia
2973 5684 3025 5740 se
3053 5660 3143 5740 per
3166 5664 3382 5719 insidias
3411 5660 3636 5718 molliter

2041 5749 2290 5819 infundit.
2325 5746 2789 5819 Utic._‘utr.unquc
2818 5738 2980 5818 habet
2997 5738 3345 5819 AIBCl‘lglielP'_
3399 5805 3408 5815 ,
3459 5802 3488 5819 η

2122 5832 2142 5856 ι’
2173 5820 2450 5872 Sec-titulus
2467 5802 2788 5881 Ctnnpernd,
2810 5826 2909 5880 pro
2929 5807 3176 5878 infundit,
3191 5806 3370 5873 habet,
3392 5802 3630 5872 inﬂectit.

2045 5893 2122 5948 ita
2152 5891 2314 5948 etiam
2356 5887 2678 5956 Longipont.
