4180 6448
587 380 689 440 617

1770 368 2012 426 SANCTI
2053 364 2382 425 GREGORII
2422 363 2635 422 MAGNI

3766 368 3873 423 618

582 495 726 553 bona
746 506 910 565 opera
932 490 1109 548 cordis
1129 489 1358 547 intentio
1382 488 1602 544 minime
1629 486 1942 555 mundatur,
1963 485 2175 539 dicatur
2205 484 2252 543 Λ
2280 480 2482 536 tionem
2510 478 2714 537 faciunt
2741 479 2933 549 laudis,
2960 479 3073 551 jam
3099 478 3376 551 praemium
3414 480 3481 536 ab
3506 480 3747 539 humano
3774 501 3873 543 ore

582 593 768 641 recte:
816 592 841 623 ι
874 582 1225 638 Obscurentur
1264 581 1429 635 stella:
1457 580 1678 651 caligine
1716 580 1857 649 ejus;
1888 577 1912 614 δ
1957 576 2007 630 id
2054 583 2174 643 est,

581 686 772 733 contra
798 690 894 731 eos
914 676 1005 745 qui
1028 684 1153 730 ante
1183 674 1449 728 humanos
1471 671 1659 726 oculos
1679 669 1833 740 quasi
1859 667 2019 723 bonis
2048 680 2178 735 ope-

582 769 730 825 ribus
752 767 1059 839 splendent,
1082 765 1284 821 malitia
1307 764 1511 835 antiqui
1536 762 1705 818 hostis
1725 762 1953 816 obscura
1974 772 2180 830 praeva-

582 861 723 926 leat;
755 868 810 915 et
834 859 957 925 hoc,
989 858 1133 928 quod
1164 864 1290 913 ante
1317 857 1550 911 humana
1577 854 1781 925 judicia
1817 856 2178 923 sumpserant,

583 954 765 1010 lumen
789 953 961 1007 laudis
984 951 1277 1021 deponant.
1303 949 1546 1020 Caligine
1565 949 1765 1019 quippe
1786 946 1962 1002 noctis
1983 945 2179 1001 obscu-

580 1052 788 1112 rantur,
833 1059 953 1098 cum
982 1058 1170 1099 eorum
1197 1042 1309 1096 vita
1340 1049 1528 1111 aperto
1568 1052 1753 1094 errore
1798 1034 2177 1102 confunditur;

581 1144 643 1192 ut
672 1135 923 1190 nimirum
966 1134 1102 1189 tales
1129 1134 1292 1189 etiam
1339 1131 1471 1187 foris
1500 1132 1554 1186 in
1584 1130 1795 1185 actione
1846 1135 2177 1198 appareant,

2276 580 2618 642 receperunt,
2650 570 2889 627 Veritate
2914 580 3224 638 attestantc,
3267 588 3387 643 qua:
3416 573 3530 628 ait:
3564 577 3729 630 Amen
3756 579 3873 634 dico

2276 664 2453 731 vobis,
2483 672 2781 735 receperunt
2823 665 3107 719 mercedem
3143 665 3298 737 113
3325 680 3475 720 suam
3520 664 3744 739 (Matth.
3780 685 3830 724 vr
3852 708 3871 735 ,

2281 758 2334 823 ἓ,
2366 758 2458 831 5).
2508 759 2604 815 llbi
2644 766 2700 815 et
2746 760 2885 817 bene
2931 760 3217 817 subditur:
3252 760 3365 817 Nec
3419 771 3590 818 ortum
3617 768 3876 837 surgentis

2282 866 2508 905 aurorw.

2356 942 2501 1015 [Vet.
2533 942 2689 1015 XV.)
2729 941 2815 998 19.
2854 941 3106 999 Ecclesia
3146 946 3199 999 in
3224 945 3422 1018 judicio
3454 948 3731 1005 novissimo
3761 950 3874 1004 cla-

2281 1033 2487 1087 ritatem
2516 1050 2619 1089 non
2648 1034 2909 1089 videbunt.
2943 1068 3015 1078 —
3052 1036 3263 1092 Aurora
3292 1038 3491 1109 quippe
3521 1037 3762 1096 Ecclesia
3790 1041 3875 1098 di-

2281 1127 2441 1197 citur,
2471 1143 2589 1200 quae
2627 1144 2659 1183 a
2687 1137 3036 1200 peccatorum
3067 1146 3288 1186 suorum
3332 1133 3569 1189 tenebris
3599 1133 3667 1188 ad
3700 1134 3877 1191 lucem

576 1232 772 1305 quales
802 1230 947 1302 apud
977 1231 1299 1300 semetipsos
1336 1228 1482 1283 intus
1522 1226 1705 1281 divino
1745 1237 1939 1295 parere
1979 1221 2180 1292 judicio
2275 1218 2498 1290 iustitia:
2528 1229 2883 1292 permutatur.
2920 1220 3073 1277 Unde
3100 1234 3156 1277 et
3184 1223 3323 1278 hanc
3350 1239 3582 1294 sponsus
3612 1226 3666 1280 in
3695 1225 3879 1284 Canti-

581 1339 693 1381 non
716 1322 1027 1381 formidant.
1065 1322 1324 1392 Sequitur
1348 1338 1362 1373 :

1007 1413 1238 1471 CAPUT
1267 1412 1336 1467 Xl
1377 1411 1524 1487 [Vet.
1562 1409 1750 1483 XIV].

656 1512 783 1568 lum.
810 1510 1088 1583 Exspectet
1111 1510 1298 1578 lucem,
1328 1516 1376 1563 et
1397 1523 1502 1561 non
1533 1507 1721 1573 videat,
1746 1521 1837 1561 nec
1866 1513 2033 1561 ortum
2060 1520 2178 1560 sur-

583 1608 750 1680 gentis
782 1618 1007 1661 aurorae.

656 1700 741 1754 18.
787 1699 1021 1755 Christus
1046 1715 1161 1753 cum
1187 1698 1335 1753 bonis
1365 1714 1468 1750 una
1498 1705 1574 1750 est
1600 1712 1842 1765 persona,
1875 1706 1923 1748 et
1944 1692 2179 1748 diabolus

584 1810 690 1850 una
728 1810 843 1847 cum
881 1792 1135 1862 reprobis.
1181 1788 1281 1855 Qui
1325 1806 1488 1858 prava
1532 1798 1711 1860 agunt,
1757 1795 1845 1840 aut
1892 1794 2032 1839 recta
2074 1802 2179 1840 non

2282 1327 2470 1368 corum
2519 1312 2729 1369 cantico
2770 1314 3016 1381 miratur,
3059 1313 3282 1373 dicens:
3316 1314 3445 1379 Quen
3491 1324 3567 1370 est
3608 1318 3733 1386 ista,
3764 1336 3879 1388 qua:

2281 1406 2609 1477 pregreditur
2654 1408 2801 1478 quasi
2846 1424 3038 1463 aurora
3086 1424 3398 1482 consurgens
3448 1410 3639 1482 (Cant.
3672 1427 3745 1479 vr,
3774 1412 3880 1484 9)?

2282 1496 2448 1565 Quasi
2479 1514 2674 1554 aurora
2702 1500 2902 1570 quippe
2929 1500 3226 1556 electorum
3254 1502 3426 1572 surgit
3469 1500 3733 1570 Ecclesia,
3762 1520 3881 1574 qua:

2283 1589 2563 1659 pravitatis
2591 1590 2828 1660 pristina:
2874 1590 3127 1647 tenebras
3170 1592 3393 1661 deserit,
3424 1602 3479 1648 et
3508 1609 3628 1649 sese
3669 1595 3722 1650 in
3754 1599 3882 1653 novi

2282 1678 2500 1735 luminis
2528 1680 2793 1751 fulgorem
2823 1682 3109 1738 convertit.
3156 1682 3215 1737 ln
3265 1683 3356 1738 illa
3385 1683 3547 1754 igitur
3571 1684 3730 1755 luce,
3760 1702 3882 1758 qua:

2288 1774 2344 1829 in
2373 1773 2605 1829 districti
2628 1772 2825 1843 judicis
2846 1774 3083 1829 adventu
3103 1782 3459 1843 monstratur,
3502 1792 3700 1848 corpus
3730 1778 3883 1835 dam-

585 1896 724 1941 recto
768 1885 949 1951 corde,
990 1882 1277 1938 mercedem
1327 1891 1575 1935 (uernam
1614 1882 1810 1950 [rustra
1858 1885 2185 1948 sperant.—

2292 1866 2400 1920 nati
2452 1866 2625 1920 hostis
2648 1874 2826 1920 ortum
2853 1867 3122 1936 surgentis
3157 1882 3365 1922 aurora:
3395 1883 3505 1924 non
3543 1869 3722 1937 videt;
3754 1873 3879 1942 quia

584 1977 645 2034 In
669 1978 961 2047 Evangelio
982 1976 1196 2033 Veritas
1219 1974 1383 2030 dicit:
1407 1973 1523 2044 Ego
1547 1989 1659 2027 sum
1680 1974 1769 2025 lux.
1792 1970 1969 2025 mundi
2002 1968 2182 2042 (Joan.

584 2085 700 2137 vui,
730 2069 841 2141 12).
876 2069 1028 2125 Sicut
1066 2076 1245 2123 autem
1293 2066 1462 2121 isdem
1508 2064 1840 2133 Redemptor
1869 2068 2054 2117 noster
2083 2075 2189 2116 una

589 2176 825 2233 persona
852 2169 935 2216 est
960 2175 1081 2216 cum
1111 2158 1529 2228 congregatione
1566 2157 1865 2221 bonorum;
1898 2155 2012 2224 ipse
2037 2168 2189 2207 nam-

589 2270 698 2326 que
724 2264 887 2325 caput
918 2263 1001 2309 est
1028 2253 1294 2323 corporis,
1336 2259 1391 2305 et
1420 2265 1521 2305 nos
1552 2250 1711 2318 hujus
1740 2247 1931 2320 capitis
1958 2263 2187 2319 corpus;

586 2346 666 2401 ita
696 2347 949 2415 antiquus
985 2345 1159 2400 hostis
1186 2358 1293 2397 una
1324 2356 1555 2413 persona
1585 2350 1669 2395 est
1694 2356 1815 2395 cum
1849 2348 2046 2395 cuncta
2072 2338 2189 2394 col-

588 2437 822 2492 lectione
862 2437 1251 2505 reproborum,
1278 2434 1403 2503 quia
1452 2434 1567 2503 ipse
1614 2432 1693 2487 eis
1736 2432 1802 2486 ad
1850 2432 2191 2500 iniquitatem

589 2530 742 2601 quasi
786 2535 949 2599 caput
976 2526 1310 2598 prmeminet,
1336 2525 1415 2589 illi
1446 2534 1625 2579 autem
1657 2524 1785 2579 dum
1825 2523 1892 2578 ad
1934 2539 2190 2594 persuasa

588 2622 919 2695 deserviunt,
942 2621 1092 2677 velut
1120 2621 1465 2690 subjunctum
1489 2620 1651 2689 capiti
1681 2634 1879 2689 corpus
1902 2619 2187 2675 inhaerent.

590 2704 745 2783 Quod
765 2726 895 2784 ergo
916 2712 983 2769 de
1012 2713 1115 2768 hac
1136 2720 1321 2780 nocte,
1347 2713 1399 2767 id
1421 2720 1504 2767 est
1534 2712 1758 2781 antiquo
1791 2711 1949 2767 hoste
1970 2712 2189 2782 dicitur,

590 2805 809 2877 dignum
834 2812 917 2860 est
949 2811 1009 2859 ut
1039 2803 1105 2858 ad
1126 2819 1321 2873 corpus
1345 2802 1479 2872 ejus,
1511 2802 1563 2856 id
1592 2810 1675 2857 est
1700 2802 1768 2856 ad
1795 2802 2013 2871 iniquos
2034 2817 2191 2874 quos-

590 2914 717 2970 que,
745 2898 1037 2954 derivetur.
1071 2895 1207 2964 Quia
1234 2897 1395 2965 igitur
1424 2896 1756 2967 Redemptor
1780 2896 1999 2951 humani
2024 2910 2190 2966 gene-

592 2989 668 3044 ris
697 2988 790 3044 lux
818 2996 920 3054 est,
953 2986 1081 3057 quid
1108 2996 1190 3043 cst
1216 2986 1361 3056 quod
1385 2986 1452 3042 de
1491 2986 1593 3042 hac
1616 2997 1777 3041 nocte
1806 2986 2001 3041 dicitur
2026 3004 2037 3039 :
2073 2984 2187 3041 Ec-

592 3095 784 3143 suectet
810 3086 994 3150 lucem,
1028 3094 1077 3140 et
1107 3102 1211 3139 non
1240 3084 1450 3138 videat:
1483 3082 1584 3136 nisi
1613 3082 1759 3151 quod
1791 3089 1918 3136 sunt
1947 3081 2191 3138 nonnulli

594 3179 688 3250 qui
719 3178 897 3245 fidem,
930 3193 1092 3247 quam
1120 3176 1375 3247 operibus
1404 3174 1708 3241 destruunt,
1736 3183 1923 3229 tenere
1965 3189 2025 3229 se
2070 3188 2187 3229 ser-

2291 1973 2414 2014 cum
2444 1958 2715 2014 districtus
2753 1958 2920 2030 judex
2962 1959 3031 2013 ad
3060 1960 3472 2017 retributionem
3496 1963 3736 2033 venerit,
3782 1966 3885 2022 ini-

2291 2068 2431 2124 quus
2458 2054 2687 2125 quisque
2735 2070 2955 2109 suorum
2998 2056 3229 2125 caligine
3273 2058 3592 2113 meritorum
3623 2074 3881 2132 pressus,

2292 2155 2494 2219 quanta
2523 2149 2769 2204 claritate
2798 2158 2985 2205 sancta
3014 2148 3251 2205 Ecclesia
3297 2150 3352 2207 in
3391 2152 3663 2207 internum
3707 2157 3885 2214 cordis

2292 2241 2473 2298 lumen
2494 2250 2697 2312 surgat,
2722 2242 2952 2311 ignorat.
2978 2240 3128 2299 Tunc
3150 2258 3385 2315 namque
3411 2245 3709 2303 electorum
3733 2264 3886 2307 mens

2294 2339 2348 2394 in
2379 2339 2546 2395 altum
2576 2340 2805 2411 rapitur,
2836 2346 2895 2395 ut
2922 2340 3217 2397 divinitatis
3263 2342 3430 2399 radiis
3471 2344 3800 2415 illustrctur;
3830 2358 3887 2407 et

2294 2446 2402 2502 quo
2432 2425 2550 2500 ejus
2575 2439 2828 2502 respectu
2854 2432 3213 2502 perfunditur,
3242 2448 3309 2490 eo
3338 2434 3479 2490 ultra
3509 2452 3567 2493 se
3594 2441 3767 2508 gratia
3795 2457 3889 2497 co-

2295 2531 2548 2579 ruscante
2596 2524 2925 2580 sublevatur.
2973 2524 3124 2581 Tunc
3170 2534 3356 2582 sancta
3404 2526 3697 2585 Ecclesia°
3728 2533 3888 2602 plena

2294 2629 2490 2669 aurora
2522 2612 2600 2680 fit,
2632 2629 2753 2670 cum
2796 2615 3146 2670 mortalitatis
3190 2624 3357 2686 atque
3410 2617 3734 2687 ignorantia:
3778 2638 3889 2678 suae

2293 2706 2546 2760 tenebras
2575 2704 2812 2760 funditus
2841 2705 3058 2759 amittit.
3102 2705 3161 2761 In
3197 2706 3404 2777 judicio
3430 2723 3562 2778 ergo
3592 2711 3771 2767 adhuc
3794 2728 3889 2767 au-

2293 2813 2418 2853 rora
2439 2806 2542 2863 est,
2558 2799 2651 2853 sed
2675 2798 2727 2851 in
2755 2811 2924 2867 regno
2945 2798 3093 2867 dies;
3120 2799 3248 2869 quia
3270 2802 3371 2856 etsi
3394 2801 3508 2871 jam
3535 2818 3658 2858 cum
3683 2814 3890 2861 restau-

2293 2890 2508 2945 ratione
2554 2906 2841 2961 corporum
2871 2890 3057 2947 videre
3104 2891 3286 2949 lumen
3330 2894 3383 2950 in
3410 2895 3614 2967 judicio
3645 2898 3886 2964 inchoat,

2294 2981 2410 3051 ejus
2440 2990 2619 3037 tamen
2646 2984 2821 3038 visum
2868 2982 3077 3054 plenius
3115 2985 3170 3040 in
3200 3000 3368 3056 regno
3399 2998 3755 3046 consummat.
3787 2991 3890 3045 Or-

2295 3084 2380 3131 tus
2409 3076 2589 3147 itaque
2611 3091 2819 3131 aurorze
2839 3084 2921 3131 est
2941 3076 3222 3132 exordium
3242 3078 3588 3138 clarescentis
3611 3081 3884 3151 Ecclesiae,

2294 3181 2456 3237 quem
2494 3167 2678 3223 videre
2721 3167 2941 3238 reprobi
2989 3179 3300 3241 nequeunt,
3337 3172 3465 3243 quia
3511 3189 3543 3229 a
3590 3184 3890 3247 conspectu

592 3273 845 3328 monibus
873 3272 1197 3327 ostendunt?
1246 3270 1322 3324 De
1348 3270 1542 3339 quibus
1570 3283 1666 3339 per
1696 3268 1919 3323 Paulum
1950 3269 2146 3324 dicitur
2172 3286 2186 3324 :
2218 3276 2263 3337 ο
2293 3261 2519 3317 districti
2562 3260 2756 3330 judicis
2788 3262 3059 3335 malorum,
3090 3278 3313 3320 suorum
3341 3266 3590 3337 pondere
3637 3269 3707 3325 ad
3738 3278 3889 3326 tene-

595 3364 701 3429 Qui
740 3365 1051 3434 conﬁtentur
1082 3380 1135 3417 se
1178 3380 1329 3417 nosse
1370 3362 1561 3428 Deum,
1595 3362 1746 3432 factis
1793 3370 1963 3415 autem
2002 3371 2193 3433 negant

595 3455 725 3526 (Tit.
758 3472 797 3524 ι,
830 3455 942 3525 16).
971 3454 1037 3509 lli
1066 3455 1316 3508 nimirum
1346 3462 1439 3507 aut
1465 3469 1629 3523 prava
1660 3460 1784 3507 sunt
1819 3468 1938 3523 qua:
1968 3452 2193 3523 faciunt,

594 3555 686 3602 aut
717 3554 863 3601 recta
890 3561 1056 3616 opera
1081 3561 1191 3600 non
1221 3556 1371 3600 recto
1392 3544 1558 3600 corde
1579 3552 1875 3600 sectantur.
1909 3543 2026 3599 Non
2050 3545 2194 3600 enim

592 3640 661 3697 de
684 3640 794 3696 suis
820 3640 1075 3711 operibus
1115 3631 1500 3694 retributiones
1538 3646 1843 3709 perpetuas,
1873 3638 1968 3693 sed
1997 3639 2193 3694 transi-

593 3732 763 3788 torios
787 3731 999 3787 favores
1026 3737 1311 3801 quaerunt;
1342 3738 1396 3784 et
1427 3738 1604 3784 tamen
1644 3731 1770 3799 quia
1797 3730 1950 3801 quasi
1980 3738 2195 3786 sanctos

592 3822 801 3879 laudari
844 3839 904 3880 se
946 3823 1200 3889 audiunt,
1229 3837 1349 3879 esse
1393 3837 1453 3877 se
1493 3822 1764 3878 veraciter
1792 3831 2006 3878 sanctos
2052 3822 2197 3878 arbi-

596 3924 838 3984 trantur;
862 3924 919 3971 et
945 3923 1147 3986 quanto
1178 3930 1238 3972 se
1266 3930 1330 3971 ex
1362 3915 1652 3971 multorum
1674 3915 2032 3970 aestimatione
2062 3914 2195 3969 irre-

592 4007 984 4080 prehensibiles
1038 4014 1267 4079 putant,
1321 4012 1472 4060 tanto
1532 4006 1675 4060 dicm
1730 4005 1957 4061 districti
2009 4005 2196 4074 judicii

595 4099 841 4156 securius
869 4106 1208 4168 exspectant.
1241 4096 1318 4152 De
1336 4098 1544 4167 quibus
1582 4097 1721 4151 bene
1749 4112 1847 4167 per
1874 4097 2196 4167 prophetam

593 4195 790 4251 dicitur
813 4212 826 4247 :
863 4193 950 4247 νω
973 4192 1386 4247 desiderantibus
1408 4192 1546 4245 diem
1566 4190 1780 4246 Domini
1803 4192 1981 4262 (Amos
1999 4207 2050 4257 v,
2078 4190 2192 4262 18).

596 4284 803 4353 Quibus
828 4284 1020 4341 beatus
1047 4283 1149 4341 Job
1175 4284 1411 4339 debitam
1443 4285 1767 4339 sententiam
1796 4282 2021 4355 profert,
2054 4302 2195 4356 pra:-

594 4380 827 4438 dicentis
862 4378 1061 4446 studio;
1093 4392 1201 4433 non
1232 4376 1469 4447 optantis
1492 4385 1621 4432 voto
1668 4376 1850 4433 dicens
1876 4396 1888 4431 :
1918 4377 2198 4450 Exspectat

594 4474 780 4541 lucem,
805 4481 854 4529 et
881 4489 985 4528 non
1006 4471 1197 4526 videat.
1229 4467 1346 4523 Nox
1386 4468 1587 4539 quippe
1616 4467 1725 4534 illa,
1755 4468 2006 4525 videlicet
2040 4479 2197 4526 tene-

593 4568 790 4627 brosus
819 4566 1011 4629 hostis,
1046 4565 1100 4619 in
1145 4561 1403 4619 membris
1445 4561 1557 4616 suis
1595 4560 1770 4617 lucem
1808 4571 2109 4633 exspectat,
2142 4571 2199 4619 et

2298 3354 2422 3410 bras
2440 3356 2612 3426 pressi
2639 3354 3041 3426 pertrahuntur.
3077 3352 3229 3413 Unde
3266 3368 3416 3415 recte
3444 3375 3541 3432 per
3567 3363 3893 3433 prophetam

2296 3448 2529 3503 dicitur:
2568 3448 2802 3503 Tollatur
2828 3450 3014 3520 impius
3040 3467 3102 3504 ne
3128 3451 3297 3505 uideat
3317 3454 3537 3523 gloriam
3576 3453 3678 3509 Dei
3720 3455 3890 3529 (lsai.

2298 3554 2442 3603 xxvi,
2480 3537 2577 3601 l0,
2605 3554 2708 3592 sec.
2737 3537 2935 3609 LXX).
2987 3538 3125 3596 llinc
3152 3552 3233 3597 est
3260 3542 3401 3611 quod
3444 3543 3513 3598 dc
3555 3545 3659 3601 hac
3690 3562 3896 3605 aurora

2296 3647 2395 3703 per
2446 3629 2783 3687 Psalmistam
2826 3631 3022 3687 dicitur
3058 3650 3069 3686 :
3110 3633 3401 3689 Abscondes
3448 3652 3531 3692 eos
3566 3635 3666 3692 fin
3707 3639 3897 3697 abdito

2296 3725 2463 3779 vultus
2494 3723 2585 3789 tui,
2610 3740 2643 3777 a
2673 3723 3065 3779 conturbatione
3094 3726 3356 3780 hominum
3388 3724 3575 3797 (Psal.
3596 3745 3733 3797 xxx,
3762 3728 3824 3783 2i
3844 3731 3888 3802 ).

2297 3814 2511 3871 Electus
2540 3816 2684 3870 enim
2713 3816 2941 3886 quisque
2972 3816 3024 3870 in
3048 3816 3256 3887 judicio
3286 3833 3384 3889 per
3414 3820 3687 3878 internum
3716 3824 3892 3883 visum

2300 3910 2352 3963 in
2392 3908 2542 3963 vultu
2583 3908 2888 3964 Divinitatis
2936 3909 3315 3975 absconditur,
3364 3911 3491 3968 dum
3535 3915 3891 3986 reproborum

2297 4002 2429 4059 foris
2470 4003 2685 4058 accitas
2726 4001 2969 4058 districta
3014 4004 3486 4063 animadversione
3530 4006 3753 4079 justitite
3800 4026 3888 4068 re-

2299 4095 2453 4167 pulsa
2498 4098 2762 4150 turbatur.

2370 4189 2459 4244 20.
2502 4187 2805 4261 Hypocritae
2861 4190 3126 4260 justorum
3179 4207 3339 4262 opera
3400 4208 3505 4248 non
3555 4193 3895 4249 intentionem

2299 4295 2588 4354 cernentes,
2616 4285 2781 4340 lucem
2808 4301 2987 4340 eorum
3010 4302 3114 4341 non
3141 4287 3331 4342 vident.
3355 4317 3429 4329 -——
3453 4287 3607 4354 Quod
3637 4289 3797 4343 etiam
3826 4287 3895 4343 ad

2300 4366 2537 4452 praesens
2566 4393 2673 4433 nou
2719 4379 3161 4435 inconvenieuter
3188 4382 3503 4452 accipimus,
3534 4381 3580 4436 si
3608 4381 3898 4437 simulato-

2300 4490 2419 4531 rum
2450 4473 2616 4529 corda
2643 4472 2889 4529 subtilius
2927 4474 3264 4544 indagamus.
3304 4476 3633 4547 Arrogantes
3662 4492 3896 4547 namque

2301 4575 2356 4623 et
2377 4565 2673 4638 hypocritae
2700 4566 2965 4621 bonorum
3010 4567 3153 4623 facta
3183 4571 3423 4624 exterius
3452 4570 3739 4640 aspiciunt,
3770 4584 3895 4626 eos-

594 4680 707 4719 non
729 4662 897 4729 videt,
920 4660 1048 4731 quia
1076 4658 1163 4714 vel
1216 4657 1270 4711 hi
1306 4656 1397 4726 qui
1429 4655 1592 4711 fidem
1622 4657 1740 4712 sine
1768 4658 2023 4729 operibus
2061 4658 2193 4713 reti-
2222 4669 2274 4730 D
2297 4674 2402 4729 que
2450 4658 2503 4712 iu
2533 4658 2689 4713 factis
2729 4658 2841 4712 suis
2871 4657 3077 4713 laudari
3108 4660 3176 4715 ab
3217 4660 3528 4717 hominibus
3570 4671 3892 4731 agnoscunt,

596 4761 748 4820 nent,
780 4769 903 4809 cum
924 4763 1025 4823 pro
1054 4750 1245 4807 eadem
1275 4748 1378 4803 fide
1406 4748 1460 4803 in
1490 4758 1735 4803 extremo
1756 4748 1959 4817 judicio
1998 4748 2194 4803 salvari

597 4860 660 4903 se
696 4859 856 4916 posse
885 4844 1189 4907 confidunt,
1236 4857 1361 4912 spes
1398 4856 1588 4897 eorum
1628 4840 1987 4906 frustrabitur,
2020 4852 2040 4879 ο
2067 4841 2193 4910 quia

598 4938 742 4996 hanc
766 4938 995 4994 vivendo
1028 4937 1269 4993 demoliti
1299 4944 1445 5002 sunt,
1474 4950 1635 5006 quam
1658 4934 1963 4991 confitendo
1994 4943 2191 4992 tenue-

598 5038 750 5097 runt,
780 5030 866 5085 vel
890 5030 946 5083 hi
966 5029 1057 5099 qui
1082 5044 1180 5099 pro
1201 5028 1435 5083 humana
1462 5027 1621 5083 laude
1646 5028 1699 5081 in
1731 5027 1872 5083 bona
1898 5026 2113 5083 actione
2132 5042 2193 5083 se

598 5123 875 5187 exhibent,
900 5121 1171 5175 incassum
1190 5117 1217 5155 ἀ
1241 5134 1271 5173 a
1292 5120 1544 5174 veniente
1568 5119 1753 5189 judice
1776 5118 2191 5174 retributionem

598 5218 863 5275 bonorum
894 5226 1121 5284 operum
1148 5222 1400 5284 sperant;
1428 5216 1555 5286 quia
1583 5218 1710 5272 dum
1740 5217 1855 5273 haec
1884 5216 1937 5270 in
1957 5224 2196 5271 ostenta-

597 5445 619 5501 Ι
674 5382 700 5412 ι
740 5371 889 5499 linus
940 5366 1151 5438 Remig.
1207 5376 1262 5423 et
1313 5368 1431 5425 Val.
1473 5370 1588 5441 CL,
1641 5371 2033 5428 obtenebrentur
2082 5374 2199 5428 stel-

619 5462 695 5501 ω.
728 5459 759 5501 e
786 5459 836 5500 c.

619 5462 665 5502 ω
680 5486 695 5502 .
728 5452 836 5501 etc.

674 5486 699 5555 ί
865 5512 1063 5581 Corb.,
1093 5512 1306 5580 Germ.,
1352 5512 1609 5570 Norman.
1657 5529 1883 5585 omnes,
1934 5516 2189 5582 Vindoc.,

598 5588 721 5645 Val.
753 5588 836 5643 Cl.
871 5593 938 5641 At
963 5585 1092 5642 Coc.
1123 5594 1178 5641 et
1204 5585 1292 5641 alii
1322 5586 1677 5653 recentiores,
1706 5602 1737 5641 a
1768 5588 1893 5643 Mss.
1924 5589 2186 5643 receden-

600 5669 679 5715 tes
713 5678 726 5713 :
754 5659 912 5729 idiest
938 5674 1023 5729 eos
1069 5658 1269 5727 qui.....
1300 5657 1578 5712 obscurare
1606 5658 1900 5729 prwvaleat.

678 5741 699 5768 ε
730 5728 1034 5801 ln_Excusis
1054 5729 1343 5798 prmflgitur
1361 5745 1475 5801 vox_
1491 5729 1644 5801 male.
1676 5745 1796 5799 qua:
1818 5732 1871 5784 iu
1895 5730 2019 5786 Mss.
2045 5732 2191 5801 igno-

600 5807 768 5855 ratur.
798 5799 967 5855 Porro
994 5809 1181 5871 contra
1206 5816 1300 5871 eos
1329 5801 1420 5870 qui
1447 5798 1607 5871 fidem
1636 5798 1754 5856 sine
1775 5803 2027 5871 operibus
2055 5798 2191 5857 reti-

602 5878 792 5924 nentes
814 5871 865 5924 in
882 5877 1126 5940 extremo
1141 5869 1341 5937 judicio
1357 5869 1426 5926 se
1441 5870 1732 5940 salvandos
1749 5869 1867 5926 esse
1887 5873 2191 5940 confidunt,

603 5940 849 6008 specialis
888 5946 971 5994 est
1002 5938 1277 6007 Augustini
1316 5948 1577 5997 tractatus
1605 5939 1673 5997 de
1702 5940 1829 5996 Fide
1858 5950 1912 5997 et
1938 5938 2193 6013 operibus

2298 4763 2596 4819 eorumque
2617 4748 2832 4804 celebre
2854 4764 3052 4805 nomen
3074 4751 3359 4816 mirantur,
3383 4759 3439 4807 et
3458 4752 3602 4821 quod
3633 4768 3733 4823 pro
3754 4753 3896 4810 bene

2297 4841 2692 4912 gestisjlaudes
2738 4842 3035 4912 suscipiant
3062 4842 3276 4910 vident;
3332 4843 3427 4899 sed
3469 4852 3675 4912 quanto
3715 4844 3895 4933 studio

2298 4933 2515 4988 easdem
2546 4930 2734 4987 laudes
2764 4931 3011 5003 fugiant,
3053 4949 3163 4989 non
3210 4934 3415 4988 vident.
3460 4934 3660 5005 Aperta
3703 4930 3895 4992 eorum

2297 5038 2463 5093 opera
2509 5020 2887 5090 considerant;
2936 5022 3032 5078 sed
3077 5023 3219 5095 quod
3270 5025 3385 5080 sola
3423 5040 3521 5096 spe
3561 5025 3749 5080 intima
3778 5028 3898 5085 lucc

2298 5129 2612 5192 Operentur,
2636 5120 2907 5189 ignorant.
2932 5120 3034 5188 Qui
3057 5122 3198 5177 enim
3222 5136 3348 5177 vera
3372 5121 3495 5178 luce
3516 5121 3740 5192 justitia:
3761 5123 3896 5180 clari

2298 5222 2443 5279 sunt,
2473 5214 2623 5285 prius
2653 5228 2684 5269 a
2716 5214 2956 5271 tenebris
2984 5214 3211 5272 interna:
3239 5212 3559 5271 intentionis
3601 5216 3896 5271 immutan-

2299 5370 3048 5457 tom,\llll,p..l65.(P-atrol.
3067 5382 3191 5457 tam.
3220 5370 3339 5457 XL,
3358 5372 3456 5457 cal.
3485 5372 3895 5457 197.).Eosdem

2301 5444 2503 5499 refutat
2529 5444 2620 5498 lib.
2647 5444 2715 5499 de
2738 5454 2864 5500 octo
2888 5445 3103 5500 Dulcilii
3128 5444 3362 5512 Quaest.,
3390 5444 3415 5497 1
3441 5486 3458 5511 ,
3487 5453 3543 5499 et
3584 5446 3730 5501 alibi.

2371 5512 2397 5552 ἀ
2429 5516 2484 5570 In
2534 5515 2694 5570 Corb.
2745 5516 2968 5573 Germ..
3035 5515 3259 5572 Vindoc.
3300 5516 3504 5571 omnib.
3554 5524 3611 5571 et
3658 5515 3811 5573 Remi

2371 5530 2397 5552 α
2430 5530 2484 5570 In
2534 5530 2694 5570 uort).
2745 5530 2968 5582 uerm.,
3042 5530 3259 5572 Vinaoc.
3300 5530 3504 5571 omnm.
3554 5530 3611 5571 et
3658 5530 3889 5588 ﬂemtg.,

2297 5587 2519 5669 legitur,
2532 5588 2841 5669 adveniente
2869 5589 3063 5659 judice.

2374 5669 2396 5697 ο
2430 5657 2565 5713 Editi
2584 5698 2599 5724 ,
2618 5728 2623 5729 ί
2644 5659 2793 5729 plene
2824 5657 3033 5713 aurora.

2374 5729 2391 5767 τ
2429 5730 2542 5815 Duo
2612 5728 2843 5815 lthem.,
2898 5730 3312 5815 (lora-"Germ.
3361 5738 3621 5815 etunus'
3655 5728 3895 5815 Remigf,

2300 5800 2577 5857 abscondes
2622 5818 2707 5855 eos
2759 5804 2815 5857 in
2867 5800 3188 5859 abscondito.
3243 5804 3317 5858 Ita
3360 5802 3528 5860 etiam
3577 5802 3699 5860 νει.

2301 5871 2471 5929 Paris.
2497 5881 2552 5929 ct
2590 5871 2753 5929 Basil.
