4180 6518
321 355 428 414 649

1222 335 1583 398 MORALIUM
1619 335 1752 394 LIB.
1792 333 1882 391 IV.
1924 360 1992 373 --
2033 332 2099 389 IN
2138 331 2290 390 CAP.
2331 331 2398 390 III
2436 333 2498 393 Β.
2539 333 2678 390 JOB.

3517 332 3629 392 650

320 481 430 532 tur,
471 468 533 520 ut
551 455 944 518 obscuritatem
965 451 1111 508 intus
1134 454 1367 508 terrenae
1395 447 1743 522 appetitionis
1769 445 1929 516 plene
1960 450 2009 508 Α
2034 444 2247 515 spiritui
2290 445 2441 514 quasi
2489 446 2638 501 lucra
2680 444 2835 501 nobis
2873 443 3082 501 dedisse
3125 444 3321 514 fuerat,
3350 444 3395 502 si
3424 444 3630 504 damna

328 561 612 621 deserant,
644 557 704 608 et
740 546 906 605 corda
946 558 1045 601 sua
1087 542 1156 597 ad
1202 556 1451 614 superna:
1491 540 1626 595 lucis
1666 535 1937 594 desideria

330 646 582 722 perfecte
631 645 974 703 convertant,
1006 649 1077 691 ne
1114 649 1239 690 cum
1284 633 1407 689 aliis
1443 639 1711 704 apparent
1751 630 1932 695 lucidi,

332 736 685 809 sibimetipsis
710 734 821 791 sint
840 730 1079 788 obscuri.
1102 727 1438 799 Arrogantes
1460 740 1590 796 ergo
1616 724 1744 795 quia
1764 724 1938 779 bono-

325 833 620 895 rumlacta
648 826 1029 888 considerant,
1088 831 1145 879 et
1190 822 1354 879 corda
1392 835 1504 877 non
1529 825 1778 891 pensant,
1812 817 1937 872 imi-

333 934 525 986 tantur
543 923 692 980 unde
719 919 932 976 laudari
959 917 1092 973 foris
1116 916 1358 984 valeant,
1382 929 1491 969 non
1521 911 1669 967 unde
1696 912 1840 966 intus
1869 908 1939 964 ad

330 1019 557 1092 justitire
604 1016 793 1072 lumen
836 1017 1101 1081 surgant:
1134 1018 1193 1066 et
1227 1008 1383 1079 quasi
1443 1014 1623 1065 ortum
1667 1004 1936 1075 surgentis

335 1126 550 1168 aurora:
577 1107 765 1165 videre
791 1104 1074 1169 nesciunt,
1124 1101 1251 1171 quia
1274 1098 1637 1156 intentionem
1673 1095 1937 1166 religiosas

336 1201 536 1261 mentis
566 1198 917 1257 considerare
956 1201 1334 1251 contemnunt.

408 1294 556 1370 [Vet.
587 1290 780 1363 XVI.]
817 1290 909 1344 21.
950 1289 1139 1343 Judwa
1166 1285 1360 1342 Christi
1389 1284 1639 1340 venientis
1666 1291 1715 1338 et
1754 1281 1939 1337 Eccle-

336 1388 433 1445 sia:
452 1388 711 1442 nascentis
734 1386 899 1439 lucem
921 1399 1026 1439 non
1049 1382 1196 1437 vidit.
1232 1408 1302 1420 —
1325 1377 1511 1435 Potest
1530 1378 1694 1433 etiam
1718 1384 1938 1432 sanctus

337 1480 444 1547 vir,
484 1479 657 1549 gratia
702 1474 1004 1547 prophetici
1050 1472 1270 1544 spiritus
1306 1471 1521 1541 plenus,
1551 1468 1747 1523 ludas:
1770 1464 1937 1538 perﬁ-

339 1570 490 1626 diam
527 1568 892 1638 Redemptore
928 1565 1182 1621 veniente
1210 1562 1545 1633 conspicere,
1574 1560 1803 1630 ejusque
1828 1574 1937 1615 cae-

338 1662 520 1719 citatis
547 1660 742 1716 damna
770 1673 867 1729 per
893 1656 1059 1713 verba
1088 1656 1203 1710 haec
1227 1653 1385 1724 quasi
1412 1668 1480 1707 ex
1504 1651 1742 1723 optantis
1764 1649 1940 1738 quali-

340 1762 456 1811 tate
482 1753 831 1825 prophetare,
857 1757 921 1805 ut
959 1750 1139 1805 dicat:
1165 1746 1444 1818 Exspectet
1500 1745 1697 1809 lucem,
1744 1752 1794 1797 et
1833 1759 1939 1796 non

2042 551 2151 591 non
2178 536 2466 592 intulisset.
2492 537 2580 593 Sic
2604 554 2704 593 nos
2722 538 2790 593 de
2816 538 3110 594 latronibus
3130 538 3423 607 loquimur,
3446 538 3474 577 δ
3499 539 3631 609 quia

2042 628 2270 700 captivis
2291 629 2403 683 suis
2429 629 2633 684 donant
2659 630 2846 695 vitam,
2878 630 2922 685 si
2953 646 3061 686 non
3090 631 3429 686 abstulerint.

2112 719 2200 775 25.
2241 719 2442 776 Sensus
2471 737 2714 776 MORALIS.
2745 753 2818 764 ——
2848 721 3002 777 Libet
3047 723 3161 777 haec
3192 723 3259 777 ab
3286 724 3636 780 inchoatione

2039 823 2320 886 npetere,
2366 821 2529 883 atque
2575 828 2642 868 ex
2673 829 2739 868 eo
2768 814 2913 883 quod
2959 814 3012 869 in
3054 830 3154 869 usu
3186 816 3463 885 praesentis
3508 815 3635 870 vitae

2039 906 2501 976 recognoscimus,
2530 906 2809 961 moraliter
2852 914 3171 962 retractare.
3217 908 3234 978 [
3263 907 3370 961 Vet.
3395 907 3446 961 Χ
3460 906 3537 961 VI
3543 907 3572 961 Ι
3580 906 3637 978 .]

2039 1000 2243 1057 Beatus
2279 999 2382 1056 Job
2435 999 2811 1065 considerans,
2861 1009 3150 1069 postquam
3187 1015 3217 1054 a
3248 1001 3444 1055 mentis
3492 1009 3639 1056 statu

2038 1092 2327 1149 succubuit
2346 1104 2514 1160 genus
2533 1090 2849 1153 humanum,
2873 1098 3075 1160 quanta
3103 1092 3157 1145 in
3177 1092 3349 1161 rebus
3365 1092 3642 1164 prosperis

2040 1182 2237 1240 ﬁducia
2263 1184 2593 1247 sublevetur,
2625 1183 2713 1238 vel
2742 1182 2961 1252 quanta
2984 1199 3051 1238 ex
3079 1183 3320 1239 adversis
3350 1185 3641 1254 perturba-

2039 1276 2188 1333 tione
2213 1276 2512 1346 frangatur,
2538 1275 2606 1331 ad
2634 1275 2805 1341 illum,
2836 1290 3001 1345 quem
3046 1275 3247 1330 habere
3300 1276 3354 1329 in
3385 1276 3639 1346 paradiso

2038 1369 2246 1440 potuit,
2279 1367 2838 1424 incommutabilitatis
2866 1375 3065 1421 statum
3089 1374 3270 1420 mente
3297 1367 3548 1432 recurrit,
3581 1372 3641 1421 et

2043 1459 2387 1515 mortalitatis
2401 1459 2610 1529 lapsum
2625 1473 2724 1528 per
2736 1472 2993 1528 prospera
3009 1465 3065 1513 et
3081 1458 3304 1513 adversa
3319 1457 3611 1510 variantem
3624 1497 3641 1522 ,

2041 1564 2207 1621 quam
2234 1550 2618 1621 despicabilem
2640 1558 2907 1617 cerneret,
2941 1548 3315 1606 maledicendo
3345 1548 3637 1604 declaravit

2040 1640 2225 1699 dicens
2250 1659 2265 1697 :

2459 1731 2690 1788 CAPUT
2729 1732 2845 1787 xm
2887 1734 3035 1807 [Rea
3068 1730 3221 1803 XV].

341 1823 546 1916 videat,
579 1823 672 1901 nec
718 1853 889 1900 ortum
943 1842 1202 1914 surgentis
1251 1854 1478 1894 aurorae.
1527 1836 1715 1892 Judaea
1742 1836 1945 1906 quippe
1970 1828 2022 1888 B
2120 1826 2283 1882 Vsus.
2324 1826 2378 1881 ’5.
2419 1823 2608 1878 Pereat
2632 1826 2742 1880 dies
2776 1827 2832 1879 in
2882 1843 2983 1897 qua
3028 1834 3181 1878 natus
3209 1840 3351 1889 sum,
3383 1832 3433 1878 et
3462 1840 3567 1879 non:
3593 1824 3651 1879 in

342 1938 523 1995 lucem
550 1936 909 2008 exspectavit,
941 1943 997 1991 et
1023 1948 1133 1989 non
1161 1932 1327 1997 vidit;
1375 1933 1502 2000 quia
1531 1927 1751 1984 humani
1777 1942 1943 1997 gene-

343 2029 421 2086 ris
474 2029 899 2098 Redemptorem
942 2033 1235 2081 venturum
1297 2021 1518 2092 quidem
1569 2018 1947 2090 prophetando

344 2119 624 2185 sustinuit,
657 2117 752 2174 sed
785 2116 1095 2173 venientem
1140 2114 1360 2169 minime
1398 2111 1682 2182 cognovit;
1728 2117 1783 2165 et
1810 2122 1950 2179 quos

347 2212 419 2268 ad
447 2226 599 2282 spem
623 2210 835 2282 aperuit
870 2208 1028 2281 ιιά.
1053 2207 1251 2263 mentis
1276 2204 1487 2273 oculos,
1512 2203 1580 2259 ad
1604 2201 1950 2273 praesentiam

348 2304 488 2362 lucis
515 2302 728 2360 clausit.
758 2302 889 2369 Quae
916 2308 972 2357 et
993 2298 1261 2369 surgentis
1289 2311 1499 2353 aurorae
1528 2303 1709 2351 ortum
1732 2309 1843 2349 non
1864 2292 1949 2347 vi-

352 2396 466 2456 dit:
495 2396 626 2466 quia
666 2394 879 2450 inﬁrma
907 2394 998 2449 illa
1021 2400 1223 2449 saneta:
1246 2390 1503 2447 Ecclesiae
1542 2387 1836 2459 primordia
1859 2401 1954 2441 ve-

352 2488 533 2545 nerari
558 2487 913 2557 contempsit;
946 2485 1186 2555 dumque
1206 2484 1348 2538 hanc
1377 2479 1695 2536 labefactari
1727 2491 1953 2534 suorum

359 2581 628 2639 mortibus
648 2579 903 2647 credidit,
928 2579 997 2635 ad
1038 2593 1161 2648 qua:
1190 2575 1351 2633 fortia
1378 2574 1706 2646 perveniret,
1739 2572 1956 2642 ignora-

355 2671 453 2729 vit.
513 2670 620 2726 Sed
643 2671 772 2741 quia
808 2669 878 2725 de
922 2668 1229 2724 inﬁdelibus
1265 2668 1529 2736 loquens,
1559 2664 1730 2733 iniqui
1765 2663 1956 2733 capitis

358 2761 601 2819 membra
622 2759 876 2827 innotuit,
908 2758 976 2813 ad
1006 2758 1184 2828 ipsum
1212 2772 1431 2812 rursum
1459 2755 1766 2824 iniquorum
1797 2759 1958 2823 caput

358 2852 525 2909 verba
549 2850 842 2917 convertit,
875 2849 1063 2905 dicens
1090 2866 1105 2903 :

969 2961 1198 3019 CAPUT
1238 2962 1351 3017 ΧΠ.

437 3082 602 3138 Vnus.
630 3079 717 3135 10.
750 3108 820 3120 —
845 3076 982 3143 Quia
1008 3094 1113 3132 non
1142 3076 1393 3131 conclusit
1438 3076 1573 3130 ostia
1600 3076 1790 3130 ventris
1814 3112 1830 3142 ,
1876 3074 1962 3143 qui

368 3174 593 3247 portavit
621 3188 719 3238 me,
751 3186 842 3225 nec
874 3168 1085 3223 abstulit
1114 3168 1254 3223 mala
1278 3165 1340 3220 ab
1367 3167 1529 3221 oculis
1560 3166 1703 3221 meis.

440 3285 527 3339 22.
570 3282 865 3337 Paradisus
914 3279 1129 3334 humani
1165 3279 1364 3351 generis
1410 3286 1604 3341 uterus,
1653 3275 1799 3345 cujus
1828 3274 1962 3329 ostia

372 3393 580 3449 serpens
610 3375 830 3446 aperuit.
855 3402 924 3414 --
945 3371 1103 3439 Quod
1131 3372 1424 3440 unicuique
1464 3369 1746 3425 hominum
1774 3377 1965 3423 venter

370 3478 457 3527 est
485 3469 694 3533 matris,
719 3468 825 3523 hoc
851 3466 1106 3521 universo
1132 3465 1370 3519 humano
1415 3462 1600 3532 generi
1628 3462 1835 3518 exstitit
1864 3462 1963 3515 ha-

372 3562 564 3618 bitatio
586 3558 676 3615 illa
702 3574 910 3614 summa
936 3556 1190 3629 paradisi.
1218 3554 1295 3610 Ex
1327 3556 1442 3625 ipsa
1473 3570 1708 3624 namque
1732 3564 1755 3591 δ
1784 3554 1965 3624 proles

373 3654 600 3709 humani
625 3652 837 3721 generis
862 3650 1013 3707 velut
1054 3664 1123 3705 ex
1149 3656 1337 3703 ventre
1374 3647 1588 3717 prodiit,
1616 3654 1671 3701 et
1698 3645 1854 3714 quasi
1898 3644 1967 3698 ad

376 3744 710 3817 incrementa
742 3741 1007 3811 corporis,
1038 3740 1116 3795 sic
1144 3739 1212 3793 ad
1240 3746 1527 3806 augmenta
1557 3736 1864 3807 propaginis
1886 3734 1970 3789 fo-

374 3850 466 3892 ras
495 3833 787 3889 emanavit.
810 3832 887 3886 lbi
915 3829 1202 3897 conceptio
1226 3837 1413 3882 nostra
1445 3827 1667 3889 coaluit,
1694 3825 1787 3879 ubi
1814 3824 1967 3891 origo

375 3923 660 3980 hominum
689 3922 853 3977 homo
884 3919 1090 3989 primus
1120 3917 1404 3971 habitavit.
1444 3916 1551 3969 Sed
1577 3914 1737 3983 hujus
1765 3913 1970 3968 ventris

376 4016 519 4074 ostia
562 4026 787 4084 serpens
830 4011 1060 4082 aperuit,
1095 4010 1219 4080 quia
1268 4007 1624 4077 persuasione
1677 4005 1869 4060 callida
1915 4005 1970 4059 in

378 4104 548 4166 corde
576 4105 810 4160 hominis
854 4102 1171 4158 mandatum
1216 4098 1441 4156 cccleste
1493 4096 1752 4153 dissolvit.
1799 4095 1972 4164 Hujus

380 4200 585 4257 ventris
623 4198 762 4255 ostia
790 4212 1013 4268 serpens
1053 4194 1285 4266 aperuit,
1318 4192 1442 4263 quia
1492 4191 1700 4246 munita
1723 4189 1972 4260 supernis

381 4290 603 4346 monitis
631 4290 868 4345 claustra
894 4288 1087 4344 tuentis
1118 4286 1331 4357 irrupit.
1366 4285 1596 4341 Sanctus
1624 4285 1787 4354 igitur
1813 4284 1894 4338 vir
1916 4284 1973 4338 in

382 4399 545 4457 praua
575 4398 737 4453 quam
776 4382 994 4448 tolerat,
1026 4380 1094 4436 ad
1134 4380 1349 4451 culpam
1378 4378 1573 4433 mentis
1599 4377 1785 4433 oculos
1814 4376 1976 4432 redu-

386 4482 496 4531 cat.
527 4474 718 4531 Doleat
746 4475 871 4541 hoc,
902 4472 1047 4544 quod
1079 4472 1363 4529 tenebrosa
1396 4487 1525 4536 uox,
1556 4469 1609 4525 id
1637 4477 1740 4534 est,
1766 4466 1974 4537 antiqui

385 4567 561 4622 hostis
589 4567 819 4621 obscura
862 4564 1136 4635 suggestio
1167 4562 1415 4617 humanis
1442 4560 1714 4616 mentibus
1759 4558 1972 4625 intulit;

388 4656 572 4712 doleat
598 4658 732 4721 hoc,
760 4657 907 4725 quod
947 4655 1281 4726 suggestioni
1324 4654 1528 4710 callidae
1558 4654 1794 4707 humana
1828 4666 1980 4708 mens

391 4748 448 4803 in
476 4762 574 4802 sua
604 4748 927 4817 deceptione
951 4748 1245 4812 consensit,
1276 4755 1332 4801 et
1356 4746 1501 4801 dicat
1525 4763 1538 4799 :
1572 4744 1707 4810 Quia
1728 4762 1832 4799 non
1858 4762 1982 4800 con-

392 4841 547 4895 clusit
574 4840 709 4894 ostia
730 4840 943 4905 ventris,
975 4839 1061 4910 qui
1106 4840 1327 4910 portavit
1356 4855 1456 4904 me,
1488 4853 1579 4891 nec
1608 4836 1819 4892 abstulit
1847 4837 1987 4890 mala

395 4934 464 4991 ab
485 4933 649 4990 oculis
672 4934 819 4987 meis.
842 4931 954 4986 Nec
978 4939 1192 4985 moveat
1218 4930 1363 5000 quod
1385 4945 1492 4986 non
1515 4930 1842 4986 conclusisse
1865 4943 1993 4999 que-

395 5028 567 5093 ritur,
609 5040 772 5095 quem
811 5024 1085 5095 aperuisse
1130 5022 1363 5093 paradisi
1407 5022 1628 5091 januam
1666 5022 1986 5077 detestatur.

399 5117 526 5176 Non
558 5118 805 5175 conclusit
828 5118 970 5173 enim
998 5116 1147 5184 dicit,
1172 5117 1414 5186 aperuit;
1443 5124 1499 5170 et
1520 5116 1659 5169 mala
1688 5132 1790 5169 non
1820 5118 1990 5169 abstu-

400 5215 483 5280 lit,
512 5211 791 5284 irrogavit.
824 5210 988 5278 Quasi
1018 5211 1161 5265 enim
1193 5208 1447 5275 auferret,
1478 5211 1524 5273 si
1553 5210 1890 5277 quiesceret;
1936 5216 1992 5263 et

402 5308 556 5378 quasi
606 5306 919 5374 clauderet,
968 5306 1013 5362 si
1051 5306 1117 5361 ab
1157 5305 1457 5374 irruptione
1485 5311 1741 5360 cessaret.
1798 5302 1993 5358 Pensat

403 5414 635 5471 namque
680 5399 752 5455 da
787 5413 898 5470 quo
945 5398 1202 5470 loquitur,
1236 5406 1292 5454 et
1330 5397 1617 5469 perpendit
1645 5396 1789 5468 quod
1827 5410 1993 5468 pravo

478 5588 506 5616 ἰ
532 5576 818 5634 Vindoein.
847 5584 905 5632 et
930 5593 1068 5634 unus
1098 5577 1306 5646 Remig.
1341 5594 1354 5630 :
1384 5574 1611 5647 Exiripsa
1640 5591 1855 5646 namque
1895 5572 1994 5626 hu-

406 5666 619 5706 manum
648 5664 811 5720 genus
830 5648 991 5720 velut,
1023 5659 1124 5704 etc.
1143 5719 1148 5720 γ
1168 5647 1245 5703 lta
1267 5648 1427 5703 etiam
1458 5646 1673 5720 Ebroic.

480 5721 508 5760 δ
541 5718 760 5790 ΡΙυὲἱωί
804 5718 1034 5790 habent,
1064 5719 1184 5789 quia
1217 5720 1378 5790 captis
1406 5718 1531 5790 suis.
1620 5786 1647 5790 _
1889 5740 1895 5745 -

486 5802 510 5832 ο
540 5791 655 5845 Duo
684 5787 910 5853 Ehem,
960 5786 1086 5842 duo'
1107 5786 1311 5858 Remig.
1343 5832 1357 5856 ,
1409 5789 1571 5843 Corb.
1609 5786 1792 5843 Germ.
1814 5827 1830 5853 ,
1860 5803 1999 5844 unus

411 5860 666 5928 Vindoc.,
711 5860 861 5914 homo
901 5859 1085 5929 quippe
1108 5859 1165 5912 in
1189 5876 1251 5912 ea
1301 5859 1377 5931 (id
1401 5869 1485 5916 est
1512 5861 1565 5916 in
1594 5875 1745 5916 sacra
1773 5859 1997 5931 Script.)

820 5955 1091 6015 PATROL.
1126 5953 1386 6015 LXXV.

2052 1934 2153 1989 qua
2172 1918 2368 1972 dictum
2396 1926 2491 1984 est,
2517 1916 2807 1988 Conceptus
2830 1927 2906 1972 est
2929 1918 3099 1971 homo.

2122 2012 2210 2064 24.
2253 2010 2379 2065 Dies
2399 2021 2474 2065 est
2494 2012 2831 2081 prosperitas,
2856 2027 2963 2066 nos:
2985 2010 3274 2064 tribulatio.
3305 2009 3430 2064 Dies
3453 2009 3654 2079 peccati

2053 2103 2348 2169 delectatio,
2372 2118 2478 2156 nos:
2499 2103 2706 2157 caecitas
2738 2102 2942 2154 mentis.
2968 2132 3039 2144 —-
3067 2101 3232 2166 Quasi
3260 2100 3374 2155 dies
3402 2101 3652 2169 quaedam

2058 2202 2159 2258 est,
2193 2208 2317 2249 cum
2345 2192 2531 2246 mundi
2562 2190 2721 2260 hujus
2750 2191 3082 2262 prosperitas
3128 2190 3348 2246 arridet.
3392 2190 3499 2245 Sed
3537 2190 3655 2246 dies

2056 2284 2158 2340 iste
2185 2283 2239 2338 in
2261 2292 2476 2339 noctem
2502 2282 2717 2347 desinit,
2749 2282 2873 2351 quia
2903 2297 3046 2352 saepe
3076 2282 3391 2352 temporalis
3428 2297 3656 2353 prospe-

2055 2376 2187 2431 ritas
2212 2376 2281 2430 ad
2305 2375 2669 2430 tribulationis
2693 2373 2940 2429 tenebras
2961 2372 3227 2445 perducit.
3256 2372 3410 2429 Hunc
3430 2388 3659 2445 prospe-

2056 2468 2233 2523 ritatis
2255 2467 2399 2522 diem
2422 2466 2687 2537 propheta
2712 2466 3055 2537 despexerat,
3079 2480 3203 2520 cum
3224 2466 3439 2522 dicebat
3463 2484 3476 2519 :
3503 2465 3659 2521 Diem

2060 2559 2285 2614 hominis
2313 2575 2417 2613 non
2442 2558 2730 2629 concupiui,
2757 2567 2809 2611 tu
2838 2559 2940 2613 scis
2964 2556 3191 2629 (Jerem.
3212 2573 3341 2623 xvu,
3370 2556 3477 2628 16).
3506 2556 3660 2615 Hanc

2059 2649 2425 2705 tribulationis
2445 2656 2661 2704 noctem
2680 2657 2955 2718 postremo
2979 2649 3365 2705 incarnationis
3385 2664 3496 2704 suae
3517 2657 3657 2705 tem-

2059 2755 2194 2811 pore
2223 2755 2509 2810 passurum
2538 2755 2598 2796 se
2618 2740 2880 2795 Dominus
2899 2741 3205 2807 nuntiabat,
3238 2756 3363 2796 cum
3390 2755 3489 2810 per
3511 2739 3663 2796 Psal-

2062 2834 2277 2889 mistam
2304 2832 2459 2902 quasi
2489 2848 2556 2888 ex
2576 2835 2854 2903 praeterito
2880 2833 3085 2889 diceret
3110 2852 3125 2887 :
3156 2833 3326 2904 Usque
3354 2833 3424 2886 ad
3453 2842 3659 2889 noctem

1958 2982 1972 2989 _
2061 2925 2428 2996 increpuerunt
2453 2941 2536 2978 me
2564 2940 2713 2978 renes
2738 2926 2839 2978 mei
2885 2923 3075 2993 (Psal.
3107 2940 3197 2991 xv,
3238 2924 3314 2994 '7).
3344 2921 3530 2979 Potest
3558 2939 3661 2979 au—

2066 3024 2176 3071 tem
2208 3030 2306 3085 per
2334 3015 2476 3070 diem
2496 3055 2511 3080 ,
2563 3014 2775 3084 peccati
2804 3013 3090 3069 delectatio
3112 3052 3128 3079 ,
3160 3028 3258 3083 per
3287 3021 3501 3067 noctem
3527 3028 3661 3068 vero

2069 3107 2285 3162 caecitas
2312 3106 2509 3161 mentis
2534 3105 2781 3174 intelligi.
2800 3120 2897 3175 per
2926 3119 3087 3175 quam
3112 3119 3171 3160 se
3198 3105 3361 3159 homo
3385 3103 3588 3173 patitur
3608 3103 3669 3160 in

1989 3205 2038 3268 C
2070 3201 2242 3270 culpa:
2283 3198 2687 3271 pcrpetratione
2731 3197 3024 3267 prosterni.
3075 3195 3236 3266 Optat
3282 3195 3445 3263 igitur
3485 3194 3667 3264 perire

2073 3293 2235 3358 diem,
2260 3299 2320 3345 ut
2346 3305 2507 3345 omne
2536 3288 2683 3360 quod
2714 3288 2946 3343 blandiri
2978 3286 3140 3357 culpa
3190 3287 3447 3353 cernitur,
3481 3285 3670 3353 vigore

2069 3381 2292 3451 justitia:
2325 3380 2717 3434 interveniente
2746 3379 3075 3434 destruatur.
3106 3376 3267 3447 Optat
3295 3378 3457 3431 etiam
3487 3376 3669 3447 perire

2073 3480 2309 3538 noctem,
2342 3479 2401 3525 ut
2428 3470 2573 3540 quod
2603 3479 2802 3526 caecata
2835 3485 2988 3524 mens
3015 3470 3178 3523 etiam
3219 3483 3316 3539 per
3342 3483 3670 3525 consensum

2073 3571 2371 3635 perpetrat,
2400 3563 2867 3618 animadversione
2906 3562 3238 3632 paenitentiae
3267 3562 3594 3631 exstinguat.

2151 3656 2307 3725 115
2334 3652 2420 3706 25.
2465 3652 2740 3723 Scriptura
2766 3652 2929 3706 tribus
2950 3652 3115 3706 modis
3138 3654 3396 3707 hominem
3418 3654 3669 3723 appellat.

2074 3744 2247 3798 Homo
2296 3760 2388 3810 per
2428 3744 2748 3797 voluntarias
2778 3745 2966 3795 mentis
3006 3744 3240 3797 tenebras
3269 3760 3301 3795 a
3331 3744 3672 3798 delectatione

2076 3836 2271 3905 peccati
2311 3835 2533 3903 rapitur.
2576 3864 2647 3873 —-
2686 3831 2793 3887 Sed
2820 3834 3170 3902 quaerendum
3199 3835 3354 3888 nobis
3379 3845 3461 3889 est
3489 3852 3587 3890 cur
3615 3836 3673 3892 in

2077 3924 2163 3979 die
2192 3924 2354 3977 homo
2392 3932 2550 3978 natus
2588 3923 2802 3999 dicitur,
2834 3924 2887 3977 in
2936 3932 3094 3979 nocte
3147 3928 3473 3995 conceptus?
3519 3927 3673 3981 Scri-

2075 4024 2235 4088 ptura
2264 4031 2417 4071 sacra
2446 4015 2617 4070 tribus
2647 4014 2822 4071 modis
2851 4016 3125 4072 hominem
3164 4018 3435 4088 appellat,
3468 4019 3674 4076 scilicet

2078 4108 2367 4178 aliquando
2396 4123 2494 4178 per
2533 4115 2805 4177 naturam,
2833 4108 3123 4177 aliquando
3174 4126 3270 4181 per
3306 4112 3541 4184 culpam,
3573 4113 3675 4170 ali-

2078 4203 2295 4272 quando
2325 4216 2421 4272 per
2448 4199 2833 4257 inﬁrmitatem.
2872 4212 2894 4241 ο
2917 4201 3092 4257 Homo
3144 4205 3345 4274 quippe
3392 4221 3487 4275 per
3516 4214 3675 4261 natu-

2078 4308 2194 4347 ram
2225 4292 2446 4359 dicitur,
2493 4286 2633 4348 sicut
2661 4294 2921 4363 scriptum
2947 4302 3030 4349 est
3055 4313 3065 4347 :
3098 4294 3385 4352 Faciamus
3416 4300 3682 4353 hominem

2079 4386 2149 4441 ad
2177 4385 2455 4457 imaginem
2482 4396 2530 4440 et
2556 4386 2948 4441 similitudinem
2989 4396 3223 4444 nostram
3261 4389 3468 4459 (Cenes.
3498 4407 3537 4458 1,
3560 4391 3677 4462 26).

2080 4478 2254 4534 Homo
2283 4493 2381 4548 per
2408 4478 2641 4548 culpam,
2670 4478 2811 4533 sicut
2831 4479 3090 4548 scriptum
3120 4489 3203 4535 est
3230 4498 3241 4531 :
3278 4479 3389 4550 Ego
3419 4481 3549 4544 dixi,
3583 4480 3678 4534 Dii

2083 4571 2226 4636 estis,
2257 4579 2307 4623 et
2328 4570 2426 4641 ﬁlii
2452 4568 2664 4624 Excelsi
2693 4586 2910 4636 omnes;
2963 4588 3047 4625 vos
3078 4577 3246 4624 autent
3287 4570 3418 4622 sicut
3445 4571 3678 4625 homines

2084 4664 2375 4718 moriemini
2397 4662 2569 4732 (Psal.
2600 4678 2784 4726 LXXXI,
2809 4661 2883 4732 6).
2917 4663 2995 4717 Ac
3016 4664 3060 4717 si
3089 4670 3275 4733 aperte
3311 4662 3494 4718 dicat:
3528 4664 3681 4721 Sicut

2086 4754 2459 4825 delinquentes
2515 4754 2753 4810 obibitis.
2791 4751 2943 4807 Unde
2973 4764 3027 4808 et
3073 4753 3269 4806 Paulus
3291 4753 3366 4806 ait
3399 4773 3409 4806 ε
3443 4754 3568 4808 Cum
3615 4757 3684 4810 sit

2088 4846 2222 4900 inter
2244 4863 2329 4900 vos
2352 4844 2487 4899 zelus
2517 4853 2565 4897 et
2594 4843 2874 4909 contentio,
2906 4860 3077 4897 nonne
3100 4844 3334 4897 carnales
3356 4845 3500 4911 estis,
3532 4853 3580 4898 et
3601 4862 3682 4900 se-

2094 4938 2318 4991 cundum
2343 4936 2601 4990 hominem
2630 4934 2903 4987 ambulatis
2935 4933 2988 5007 (Ι
3021 4933 3138 4989 Cor.
3172 4952 3248 5002 ιιι,
3275 4936 3369 5007 5)?
3417 4937 3495 4993 Ac
3521 4940 3565 4994 si
3596 4938 3682 4995 di-

2097 5038 2186 5082 cat
2214 5045 2226 5079 :
2258 5026 2359 5092 Qui
2397 5024 2669 5079 discordes
2706 5032 2913 5078 mentes
2951 5026 3163 5093 ducitis,
3199 5044 3379 5085 nonne
3409 5029 3585 5086 adhuc
3611 5046 3681 5087 ex

2100 5116 2507 5189 reprehensibili
2538 5116 2870 5170 humanitate
2899 5118 3173 5186 peccatis?
3200 5119 3376 5175 llomo
3405 5136 3502 5191 per
3530 5121 3682 5176 infir-

2098 5210 2342 5264 mitatem
2368 5207 2578 5272 dicitur,
2603 5206 2742 5261 sicut
2770 5207 3025 5277 scriptum
3049 5217 3131 5264 est
3156 5228 3167 5262 :
3203 5208 3229 5247 ά
3258 5210 3566 5266 Malediclus
3591 5213 3685 5266 ho-

2100 5318 2201 5367 mo,
2235 5301 2320 5370 qui
2359 5314 2501 5369 spem
2530 5314 2677 5351 suam
2706 5299 2851 5368 ponit
2879 5299 2931 5352 in
2960 5299 3163 5354 homine
3196 5300 3406 5373 (Jerem.
3444 5318 3571 5369 xv",
3602 5302 3682 5372 5).

2102 5395 2180 5453 Ac
2200 5395 2246 5450 si
2265 5401 2451 5466 aperte
2477 5392 2700 5459 diceret,
2731 5392 2785 5448 in
2813 5391 3140 5451 inﬁrmitate.
3173 5394 3346 5451 Homo
3376 5406 3502 5465 ergo
3525 5395 3580 5449 in
3601 5394 3689 5451 die

2103 5592 2195 5648 per
2214 5564 2473 5631 naturam.
2503 5574 2714 5630 Primus
2735 5572 2990 5645 Vindoc.,
3018 5575 3166 5629 homo
3187 5574 3371 5644 quippe
3388 5574 3441 5628 in
3464 5588 3525 5627 ea
3541 5580 3690 5644 parte

2102 5664 2197 5718 per
2220 5656 2483 5704 naturam.

2176 5716 2203 5755 ά
2239 5718 2395 5773 Deest
2439 5720 2588 5775 homo
2637 5718 2693 5774 in
2734 5719 2897 5777 duoh.
2955 5717 3183 5783 Rhem.,
3234 5715 3479 5786 Remig.,
3523 5714 3686 5773 Corb.

2108 5788 2290 5845 Germ.
2310 5828 2323 5855 ,
2357 5788 2485 5860 Reg.

3178 5952 3251 6013 21
