4180 6470
532 304 635 367 651

1744 292 1986 348 SANCTI
2024 288 2352 348 GREGORH
2395 288 2606 346 MAGNI

3701 275 3811 340 ϐω

535 425 799 494 mum,
851 422 945 479 sed
970 422 1026 476 in
1052 425 1215 475 nocte
1242 415 1565 486 concipitur,
1611 411 1738 483 quia
1764 423 2106 480 nequaquam
2136 409 2189 469 Α
2212 421 2310 478 per
2338 403 2666 476 Ρτοριιθωω
2692 400 2887 458 dicitur
2929 416 2940 453 ε
2987 398 3135 455 BM“
3166 412 3387 471 4rme
3413 396 3648 494 ’ἔξω
3687 404 3810 454 ’κη’

538 529 615 577 ιιι
635 516 990 579 delectatione
1017 512 1224 583 peccati
1244 510 1473 580 rapitur,
1502 508 1603 563 nisi
1625 507 1770 577 prius
1799 520 1896 576 per
1924 505 2118 561 volun-

536 613 704 668 tarias
733 607 924 663 mentis
950 605 1199 661 tenebras
1229 601 1544 657 inﬁrmetur.
1587 598 1725 654 Ante
1768 598 1910 653 enim
1940 610 2117 651 caecus

534 701 593 758 in
623 707 800 754 mente
827 694 904 760 ﬁt,
936 702 991 750 et
1015 694 1358 766 postmodum
1403 707 1462 746 se
1490 690 1733 762 reprobac
1771 686 2117 743 delectationi

534 791 846 853 substernit.
895 789 1112 843 Dicatur
1153 799 1281 854 ergo
1315 803 1327 838 :
1360 783 1549 845 Pereat
1586 785 1693 843 dies
1732 783 1787 836 in
1835 798 1935 852 qua
1963 788 2118 839 natus

534 902 669 952 sum,
698 890 746 938 et
768 897 873 937 nox
910 881 965 935 in
998 894 1098 952 qua
1127 877 1321 931 dictum
1360 885 1454 941 est,
1500 874 1784 944 Conceptus
1812 881 1889 926 est
1917 874 2068 927 homo
2099 886 2117 925 :

536 978 589 1033 id
621 984 723 1041 est,
754 979 941 1044 pereat
982 968 1288 1032 delectatio,
1340 982 1458 1036 quae
1502 967 1557 1021 in
1602 965 1811 1035 culpam
1844 962 2120 1017 hominem

535 1065 735 1136 rapuit.
768 1068 955 1133 pereat
996 1060 1208 1113 incauta
1240 1056 1432 1111 mentis
1468 1054 1768 1117 inﬁrmitas,
1802 1067 1920 1121 quae
1952 1065 2121 1119 usque

536 1157 605 1214 ad
636 1155 885 1209 tenebras
913 1151 1064 1221 pravi
1096 1164 1392 1205 consensus
1424 1146 1735 1201 excaecavit.
1770 1142 1945 1198 Homo
1975 1142 2121 1197 enim

537 1249 666 1306 dum
708 1244 1073 1302 blandimenta
1103 1240 1479 1298 delectationis
1505 1248 1660 1293 caute
1705 1253 1812 1293 non
1844 1236 2120 1308 perspicit,

537 1340 703 1397 etiam
729 1338 781 1393 in
811 1344 1026 1391 noctem
1053 1333 1390 1403 nequissimae
1419 1329 1832 1402 perpetrationis
1863 1328 1986 1384 ruit.
2018 1327 2120 1383 So-

452 1446 459 1451 '
535 1430 704 1488 lerter
728 1444 856 1499 ergo
884 1426 1209 1496 vigilandum
1235 1434 1336 1493 est,
1360 1432 1420 1480 ut
1443 1441 1565 1481 cum
1595 1423 1825 1479 blandiri
1856 1422 2011 1492 culpa
2038 1422 2121 1476 in-

537 1524 721 1593 choat,
764 1522 833 1577 ad
878 1529 1136 1593 quantum
1183 1519 1457 1575 interitum
1483 1533 1635 1575 mens
1664 1517 1925 1584 trahatur,
1954 1528 2123 1585 agno.-

537 1624 672 1675 scat.
699 1615 853 1699 Unde
879 1621 935 1671 et
963 1621 1088 1686 apte
1116 1611 1359 1668 subditur
1385 1628 1399 1663 :

1129 1722 1359 1779 CAPUT
1394 1720 1537 1777 XIV.

608 1843 774 1898 Vens.
802 1841 857 1895 4.
881 1867 952 1880 --
974 1838 1098 1892 Dies
1122 1838 1217 1892 illa
1244 1842 1471 1890 vertatur
1498 1836 1553 1887 in
1579 1830 1836 1887 tenebras.

609 1932 698 1987 26.
732 1930 1101 1985 Delectationis
1124 1928 1331 1981 initium
1360 1926 1675 1996 paenitentiae
1706 1922 1946 1975 lamentis
1975 1923 2135 1974 casti-

538 2025 785 2098 gandum.
824 2050 888 2062 -—-
915 2020 1039 2074 Dies
1088 2019 1285 2089 quippe
1327 2018 1381 2071 in
1427 2017 1678 2071 tenebras
1724 2014 1969 2080 vertitur,
2011 2028 2131 2067 cum

540 2118 698 2184 culpa
727 2115 779 2168 in
810 2113 924 2183 ipso
955 2110 1327 2165 delectationis
1381 2108 1625 2175 exordio,
1665 2106 1732 2160 ad
1761 2121 1921 2174 quem
1950 2104 2131 2175 perdi-

538 2207 701 2262 tionis
727 2204 884 2258 tinem
915 2204 1112 2271 rapiat,
1157 2200 1391 2254 videtur.
1424 2197 1482 2252 ln
1509 2199 1757 2252 tenebras
1798 2197 1940 2251 diem
1970 2197 2131 2250 verti-

540 2313 682 2361 mus,
713 2310 833 2349 cum
886 2294 1245 2359 nosmetipsos
1274 2291 1514 2344 districte
1558 2290 1863 2359 punientes,
1897 2288 2012 2356 ipsa
2038 2286 2133 2341 de-

542 2386 847 2443 lectationis
882 2398 1061 2453 pravae
1100 2382 1460 2436 blandimenta
1481 2396 1578 2449 per
1601 2380 1843 2434 districta
1870 2380 2135 2448 poeniten-

542 2479 631 2533 tiae
660 2478 894 2532 lamenta
924 2476 1246 2539 cruciamus,
1271 2489 1393 2528 cum
1416 2472 1590 2526 ﬂendo
1613 2473 1945 2540 insequimur
1973 2471 2131 2539 quid-

542 2570 670 2641 quid
699 2570 752 2623 in
774 2568 933 2623 corde
962 2567 1105 2621 taciti
1136 2582 1201 2619 ex
1231 2566 1591 2619 delectatione
1636 2578 1945 2632 peccamus.
1997 2562 2131 2629 Quia

542 2665 686 2718 enim
728 2660 906 2727 ,ﬁdelis
935 2662 1161 2730 quisque
1199 2654 1554 2729 cogitationes
1598 2659 1652 2711 in
1691 2657 1894 2725 judicio
1924 2658 2134 2728 exquiri

541 2756 808 2811 subtiliter
827 2770 934 2807 non
966 2754 1198 2821 ignorat,
1233 2750 1399 2805 Paulo
1431 2759 1744 2816 atlestante,
1776 2750 1868 2819 qui
1892 2751 1969 2804 ait
2001 2768 2013 2803 :
2046 2749 2134 2804 In-

544 2857 619 2902 ter
647 2865 700 2901 se
719 2848 933 2901 invicem
961 2846 1329 2914 cogitationum
1355 2845 1728 2907 accusantium,
1753 2853 1840 2895 aut
1865 2845 2019 2896 etiam
2044 2846 2133 2895 de-

543 2940 860 3013 fendentium
892 2937 1080 3007 (Rom.
1107 2952 1168 3004 ιι,
1202 2936 1290 3005 15)
1316 2953 1330 3003 ;
1359 2936 1711 3005 semetipsum
1734 2936 1998 2990 introrsus
2026 2936 2136 2990 dis-

541 3034 772 3099 cutiens,
804 3039 929 3084 ante
951 3030 1210 3098 judicium
1239 3029 1589 3083 vehementer
1628 3029 1923 3094 examinat,
1958 3036 2018 3081 ut
2052 3028 2135 3083 di-

542 3128 760 3183 strictus
782 3124 949 3194 judex
986 3139 1051 3177 eo
1077 3123 1188 3191 jam
1221 3122 1555 3191 tranquillius
1600 3122 1801 3187 veniat,
1834 3120 1980 3190 quoh
2009 3136 2134 3175 rea-

542 3226 658 3273 tum
705 3235 887 3283 suum,
942 3232 1100 3285 quem
1145 3217 1412 3270 discutere
1441 3216 1667 3284 appetit,
1695 3215 1807 3283 jam
1852 3231 1948 3285 pro
1974 3214 2131 3284 culpa

544 3309 788 3378 punitum
820 3308 1011 3361 cernit.
1042 3306 1193 3360 Unde
1222 3315 1276 3360 et
1304 3315 1455 3360 recte
1484 3306 1824 3375 subjungitur
1849 3323 1862 3358 :

760 3418 986 3474 CAPUT
1013 3418 1107 3471 XV
1139 3417 1283 3491 [Vet.
1316 3417 1543 3483 XVIII,
1577 3416 1701 3471 Rec.
1735 3414 1919 3487 XVI].

617 3533 743 3587 lnm.
764 3561 832 3570 —
862 3528 985 3585 Non
1012 3530 1237 3602 requirat
1259 3546 1374 3583 eum
1404 3527 1546 3583 Deus
1568 3528 1806 3599 desuper.

617 3624 705 3677 27.
754 3622 821 3677 Ut
847 3639 879 3677 a
913 3620 1020 3675 Deo
1048 3621 1102 3674 in
1124 3620 1325 3692 judicio
1357 3637 1460 3675 non
1491 3620 1756 3691 puniatur.
1793 3648 1865 3660 -
1892 3615 2139 3686 Requirit

548 3714 687 3768 Deus
716 3728 832 3783 quae
857 3711 1151 3781 judicando
1178 3710 1424 3777 discutit;
1456 3726 1565 3765 non
1593 3708 1820 3781 requirit
1842 3722 1961 3777 quae
1985 3709 2140 3778 igno-

547 3805 748 3859 scendo
792 3805 842 3858 in
890 3820 988 3860 suo
1011 3803 1121 3872 jam
1144 3803 1344 3872 judicio
1374 3803 1637 3874 impunita
1666 3800 2008 3869 derelinquit.
2040 3800 2139 3854 llic

550 3897 727 3964 itaque
756 3895 888 3958 dies,
923 3894 978 3947 id
1006 3901 1106 3956 est,
1137 3895 1250 3948 haec
1271 3893 1480 3963 peccati
1505 3891 1877 3956 delectatio,'a
1912 3890 2140 3947 Domino

546 4005 656 4039 non
675 3986 998 4055 requiretur,
1022 3986 1065 4038 si
1094 3983 1556 4039 animadversione
1577 3992 1871 4053 spontanea
1895 3982 2135 4052 punitur,

550 4077 715 4130 l’nulu
743 4084 1053 4141 attestante,
1084 4075 1176 4144 qui
1206 4076 1280 4129 ait
1307 4092 1319 4127 :
1350 4074 1413 4129 Si
1451 4074 1789 4142 nosmetipsos
1820 4072 2139 4143 dijudicare-

548 4184 678 4230 mus,
710 4183 811 4219 non
833 4167 1004 4236 utique
1027 4182 1058 4216 a
1078 4164 1301 4218 Domino
1318 4164 1676 4233 judicaremur
1705 4161 1756 4235 (I
1774 4162 1898 4217 Car.
1922 4180 1997 4225 x1,
2022 4164 2134 4233 '51).

553 4260 660 4310 Deo
689 4271 818 4324 ergo
848 4255 989 4308 diem
1014 4264 1257 4307 nostrum
1303 4253 1598 4322 requirere,
1645 4261 1728 4309 est
1756 4260 1942 4307 contra
1987 4267 2138 4307 men-

549 4358 659 4403 tem
707 4355 944 4402 nostram
982 4346 1248 4400 subtiliter
1290 4345 1342 4397 in
1388 4343 1587 4419 judicio
1620 4354 1639 4379 ο
1674 4359 1834 4397 omne
1880 4343 2023 4413 quod
2070 4342 2139 4407 de

547 4442 705 4511 culpa
734 4439 1036 4509 gratulatur
1056 4437 1339 4505 indagare;
1365 4436 1417 4488 in
1438 4450 1543 4505 qua
1565 4434 1774 4490 scilicet
1791 4435 2138 4503 requisitions

547 4533 695 4588 illum
725 4543 850 4587 tunc
878 4530 1118 4585 severius
1146 4528 1399 4599 percutit,
1431 4542 1592 4601 quem
1621 4527 1721 4581 sibi
1753 4543 1894 4583 nunc
1923 4527 2135 4584 mollius

545 4625 853 4695 pepercisse
883 4620 1255 4691 deprehendit.
1298 4619 1441 4675 Bene
1497 4627 1677 4674 autem
1720 4619 1964 4688 sequitur
2007 4637 2018 4672 :
2066 4618 2136 4677 Et

546 4732 651 4768 non
676 4715 897 4768 illustret
937 4713 1150 4767 lumine.
1179 4709 1235 4764 In
1261 4709 1464 4780 judicio
1495 4724 1726 4780 namque
1759 4708 2013 4766 Dominus
2040 4727 2139 4781 ap.

548 4820 763 4871 parcns,
801 4805 957 4876 116
978 4819 1136 4858 omne
1158 4801 1302 4874 quod
1331 4810 1459 4857 tunc
1480 4801 1785 4869 redarguit,
1832 4802 2029 4857 lumine
2073 4803 2138 4858 il-

545 4895 760 4947 lustrat.
791 4895 953 4959 Quasi
982 4897 1125 4949 enim
1174 4894 1273 4949 sub
1301 4892 1531 4961 quadam
1562 4892 1887 4948 obscuritate
1916 4894 2133 4962 tegitur,

546 4986 807 5055 quidquid
834 4993 962 5038 tunc
1006 4987 1059 5040 in
1110 4986 1428 5041 memoriam
1460 4986 1655 5055 judicis
1691 5001 1798 5041 non
1830 4994 2133 5045 revocatur.

548 5077 817 5147 Scriptum
844 5076 1042 5146 quippe
1061 5085 1145 5132 est
1169 5095 1181 5130 :
1216 5074 1409 5132 Omnia
1435 5087 1606 5131 autem
1635 5093 1749 5147 qua:
1773 5086 2082 5149 arguuntur,
2107 5095 2139 5133 a

547 5167 741 5221 lumine
768 5165 1171 5234 manifestantur
1200 5164 1418 5237 (Ep/tes.
1454 5183 1507 5232 ν,
1557 5166 1668 5237 15).
1702 5168 1865 5233 Quasi
1895 5169 2139 5238 quaedam

545 5258 782 5313 tenebras
811 5262 1033 5326 peccata
1058 5255 1433 5326 paenitendum
1464 5257 1823 5331 abscondunt,
1851 5259 1918 5313 de
1945 5260 2138 5329 quibus

618 5402 644 5433 ι
672 5391 751 5447 Ita
791 5391 956 5456 Mss.,
1008 5390 1106 5445 nisi
1135 5389 1279 5458 quod
1309 5390 1538 5444 Floniac.
1576 5389 1742 5443 habet
1783 5408 1815 5443 a
1864 5392 2139 5450 dilectione

546 5466 759 5536 peccati.
789 5463 846 5518 In
872 5460 1096 5518 Excusis
1118 5461 1329 5536 Legitur,
1359 5460 1425 5536 ad
1447 5460 1851 5536 delectationem.

617 5535 642 5572 ιι
678 5535 1008 5589 Rhmnenses
1038 5542 1093 5587 et
1123 5532 1421 5597 Rc'tliiginni
1451 5545 1658 5595 omnes,
1690 5532 1883 5600 quibus
1909 5550 2137 5592 consen-

547 5604 922 5678 tiuntiNormq
953 5624 1052 5678 quo
1081 5621 1222 5678 reum
1246 5619 1428 5678 suum.

622 5689 641 5715 ο
690 5671 1152 5748 Repraesentamus
1204 5676 1290 5730 hic
1329 5671 1720 5748 Manusvriptos
1744 5715 1756 5739 ,
1789 5690 1895 5748 non
1923 5685 2136 5733 veteres

549 5756 639 5800 aut
663 5744 990 5802 recentiores
1020 5748 1295 5802 Ειιίιίτεηοε
1333 5744 1781 5811 εθτγυριὶςείωειε.
1810 5746 1937 5801 Coc.
1966 5757 2021 5803 et
2044 5750 2136 5805 alii

550 5818 822 5887 deinceps,
846 5820 1168 5889 gratulamur
1203 5819 1506 5872 admissum.
1558 5813 1635 5867 Ita
1679 5814 1837 5868 etiam
1860 5816 2000 5873 Edit.
2033 5819 2132 5872 Pa-

2215 499 2531 569 iniquitates,
2562 506 2611 550 et
2649 509 2867 566 quorum
2894 501 3026 548 tecta
3056 498 3176 547 sunt
3198 498 3411 561 peccata
3440 488 3613 561 (Psat.
3657 505 3809 566 un,

2220 588 2297 659 i).
2327 588 2459 657 Quia
2481 602 2611 657 ergo
2636 600 2796 645 omne
2822 583 2968 654 quod
3005 583 3222 651 tegitur,
3274 581 3421 639 velut
3465 579 3518 635 in
3570 583 3810 641 tenebris

2222 680 2548 747 occultatur;
2583 680 2636 737 in
2677 678 2764 737 die
2801 674 3030 734 extremi
3054 672 3239 746 judicii
3270 689 3379 729 non
3410 673 3706 733 illustratur
3733 674 3815 731 ιυ-

2222 773 2388 837 mine,
2419 770 2564 842 quod
2614 786 2723 833 non
2761 767 3047 825 discutitur
3087 765 3314 821 ultione.
3366 764 3535 823 Actus
3583 779 3816 834 namque

2224 875 2459 931 nostros,
2492 879 2626 934 quos
2654 872 2780 918 tunc
2817 861 2961 931 juste
3013 858 3205 932 punire
3260 857 3517 922 noluerit,
3569 857 3686 928 ipsa
3715 855 3818 914 sibi

2224 958 2405 1029 aliquo
2433 956 2594 1013 modo
2618 955 2794 1010 sciens
2822 952 3003 1008 divina
3033 948 3403 1005 misericordia
3433 947 3733 1004 abscondit.
3760 947 3817 1002 lu

2224 1049 2424 1109 lumine
2454 1063 2582 1104 vero
2608 1045 2927 1109 ostenditur,
2954 1041 3219 1115 quidquid
3248 1049 3376 1099 tunc
3421 1040 3474 1095 in
3523 1045 3819 1109 conspectu

2226 1144 2464 1199 omnium
2495 1141 2912 1196 demonstratur.
2944 1135 3042 1191 llic
3084 1148 3212 1203 ergo
3242 1135 3358 1188 dies
3388 1138 3633 1191 vertatur
3661 1131 3715 1186 in
3738 1139 3817 1189 te-

2226 1240 2439 1307 nebras,
2465 1245 2524 1293 ut
2548 1236 2799 1293 videlicet
2826 1246 2987 1288 omne
3013 1229 3158 1300 quod
3183 1228 3568 1299 delinquimus,
3602 1241 3702 1281 nos
3726 1240 3821 1296 per

2226 1332 2595 1406 paenitentiam
2622 1329 2896 1384 feriamus.
2939 1324 3093 1379 Hunc
3123 1322 3265 1379 diem
3296 1321 3557 1379 Dominus
3602 1335 3708 1379 non
3738 1334 3824 1372 re-

2228 1428 2423 1497 quirat,
2455 1434 2511 1481 et
2536 1424 2737 1483 lumine
2778 1438 2883 1476 non
2916 1421 3179 1485 illustret;
3204 1427 3261 1473 ut
3290 1417 3499 1472 scilicet
3526 1413 3687 1471 nobis
3711 1415 3823 1469 cul-

2228 1531 2352 1587 pam
2379 1523 2620 1571 nostram
2663 1511 2995 1575 ferientibus,
3048 1510 3161 1580 ipse
3204 1508 3344 1562 hanc
3386 1505 3616 1563 extremi
3639 1502 3826 1576 judicii

2230 1606 2696 1665 animadversione
2718 1620 2826 1661 non
2858 1604 3117 1672 increpet.

2302 1697 2390 1753 Q8.
2423 1698 2687 1753 Pcenitens
2718 1695 2856 1750 solus
2883 1694 3051 1749 locum
3076 1691 3287 1755 invenit,
3310 1707 3409 1762 quo
3442 1706 3495 1744 se
3523 1688 3633 1745 Deo
3656 1687 3825 1759 judici

2156 1785 2780 1867 'abscondat.—lpse
2834 1791 3013 1837 autem
3058 1780 3221 1851 judex
3270 1788 3530 1833 venturus
3584 1786 3689 1841 est,
3732 1778 3827 1845 qui

2236 1888 2426 1935 cuncta
2457 1883 2725 1947 penetret,
2756 1881 2947 1928 cuncta
2980 1872 3325 1943 perstringat.
3347 1868 3449 1936 Qui
3471 1870 3598 1937 quia
3630 1868 3828 1937 ubique

2236 1980 2340 2039 est,
2366 1972 2515 2027 locus
2537 1984 2644 2041 quo
2673 1966 2924 2036 fugiatur,
2946 1981 3052 2019 non
3081 1972 3183 2019 est.
3202 1962 3346 2037 [Vet.
3370 1959 3558 2030 XIX]
3574 1960 3679 2015 Sed
3702 1961 3828 2029 quia

2238 2067 2592 2125 correctionis
2610 2074 2805 2121 nostrae
2836 2063 3048 2118 ﬂetibus
3070 2062 3336 2133 placatur,
3364 2060 3514 2116 solus
3540 2059 3720 2119 abillo
3749 2058 3831 2115 lo-

2236 2177 2356 2218 cum
2382 2160 2517 2229 fugac
2545 2160 2769 2225 invenit,
2792 2158 2884 2228 qui
2911 2164 3035 2229 post
3058 2164 3422 2229 perpetratam
3443 2156 3655 2227 culpam
3688 2171 3829 2211 nunc

2238 2270 2298 2310 sc
2319 2252 2345 2291 ά
2370 2255 2419 2310 ei
2442 2255 2494 2309 in
2517 2252 2832 2324 paenitentia
2851 2252 3152 2309 abscondit.
3174 2250 3328 2311 Unde
3347 2262 3404 2313 et
3422 2261 3548 2323 apte
3569 2252 3741 2309 adhuc
3762 2252 3830 2310 de

2236 2348 2342 2405 hoc
2364 2346 2738 2404 delectationis
2766 2345 2853 2405 die
2881 2344 3257 2415 subjungitur:

2623 2479 2853 2535 CAPUT
2892 2478 3007 2534 XVI
3048 2480 3206 2553 [Rea
3239 2480 3456 2553 XVII].

2309 2615 2470 2672 Vnus.
2506 2611 2557 2671 5.
2582 2645 2652 2655 —
2670 2612 2959 2669 Obscurent
2979 2630 3093 2668 eum
3116 2616 3338 2669 tenebrat
3358 2622 3405 2669 et
3420 2613 3603 2670 umbra
3628 2618 3830 2675 mortis.

2307 2709 2395 2763 20.
2442 2708 2659 2763 Occulta
2694 2707 2788 2761 Dei
2810 2708 3042 2779 judicia,
3082 2709 3318 2779 quazdam
3358 2707 3580 2763 tenebrat
3603 2718 3739 2763 sunt.
3762 2738 3833 2753 —-

2237 2801 2389 2857 Diem
2421 2800 2663 2870 profecto
2708 2800 2943 2853 tenebrm
2979 2800 3293 2864 obscurant,
3329 2800 3548 2869 quando
3592 2801 3831 2856 delecta-

2238 2894 2441 2947 tionem
2470 2892 2663 2946 mentis
2692 2889 2892 2947 inﬂicta
2916 2892 3244 2962 paenitentia:
3276 2893 3511 2948 lamenta
3560 2900 3833 2949 transver-

2238 2984 2448 3039 berant.
2487 2982 2718 3038 Possunt
2748 2984 2911 3037 etiam
2960 2998 3059 3053 per
3114 2985 3366 3040 tenebras
3395 2987 3606 3041 occulta
3633 2987 3831 3054 judicia

2240 3074 2523 3142 designari.
2548 3073 2604 3127 In
2628 3074 2747 3128 luce
2776 3088 3008 3142 namque
3030 3074 3175 3142 quod
3206 3075 3450 3131 videmus
3474 3079 3829 3146 agnoscimus;

2160 3181 2207 3247 ρ
2243 3167 2297 3220 in
2330 3164 2563 3218 tenebris
2592 3178 2723 3217 vero
2752 3171 2844 3217 aut
2870 3164 3092 3217 omnino
3125 3164 3255 3218 nihil
3285 3167 3577 3232 cernimus,
3623 3177 3713 3223 aut
3754 3170 3832 3222 in-

2242 3264 2393 3311 csrto
2417 3256 2534 3310 visu
2554 3254 2865 3321 caligamus.
2890 3253 3113 3309 Occulta
3136 3267 3267 3323 ergo
3288 3257 3486 3325 judicia
3511 3260 3661 3327 quasi
3692 3273 3833 3327 qutu-

2242 3347 2366 3403 dam
2395 3357 2519 3401 ante
2539 3346 2729 3401 oculos
2750 3354 2965 3402 nostros
2995 3348 3230 3403 tenebrae
3255 3359 3399 3415 sunt,
3431 3351 3556 3418 quia
3589 3367 3834 3421 perscru-

2241 3439 2343 3493 tari
2374 3453 2711 3508 nequaquam
2739 3448 2984 3509 possunt.
3026 3439 3181 3496 Unde
3208 3451 3263 3496 et
3310 3442 3380 3497 de
3430 3444 3541 3499 Deo
3572 3446 3828 3515 scriptum

2243 3537 2327 3584 est
2356 3546 2368 3581 :
2398 3527 2584 3583 Posuit
2612 3528 2849 3585 tenebras
2889 3530 3160 3586 latibulum
3190 3550 3335 3587 suum
3357 3533 3530 3603 (Psal.
3556 3551 3685 3600 xm,
3719 3535 3829 3605 12).

2242 3615 2313 3670 Ει
2332 3617 2457 3685 quia
2478 3616 2682 3673 absolvi
2710 3634 2817 3672 non
2839 3634 3128 3685 meremur,
3154 3623 3487 3690 agnoscimus
3517 3640 3531 3676 :
3563 3624 3663 3679 sed
3692 3641 3831 3695 prae-

2243 3710 2494 3764 veniente
2522 3726 2621 3765 nos
2662 3711 2841 3766 divina
2887 3714 3079 3782 gratia,
3112 3730 3209 3784 per
3232 3713 3343 3783 ejus
3368 3715 3571 3784 judicia
3616 3718 3831 3773 occulta

2243 3801 2553 3856 liberamur.
2586 3802 2733 3856 Diem
2766 3804 2928 3871 igitur
2956 3807 3198 3861 tenebrae
3219 3807 3534 3877 obscurant,
3563 3824 3684 3864 eum
3711 3808 3836 3864 ﬁen-

2244 3890 2370 3946 dum
2394 3900 2591 3947 nostrtr
2619 3893 2994 3951 delectationis
3025 3898 3299 3966 gaudium,
3328 3901 3394 3954 ab
3424 3900 3690 3968 illojustte
3716 3902 3832 3956 ani-

2244 3982 2633 4040 madversionis
2661 3984 2809 4039 radio
2836 3987 3204 4043 inscrutabilia
3238 3990 3355 4059 ejus
3380 3992 3578 4059 judicia
3623 3994 3832 4049 miseri-

2246 4074 2482 4131 corditer
2503 4078 2795 4132 occultant.
2834 4077 2930 4134 Ubi
2957 4090 3012 4135 et
3042 4090 3165 4151 apte
3196 4084 3539 4153 subjungitur
3570 4104 3583 4139 :
3612 4084 3681 4139 Et
3724 4105 3834 4141 um-

2245 4166 2336 4222 bra
2367 4171 2566 4229 mortis.

2317 4260 2459 4333 [Vet.
2492 4260 2645 4333 XX.]
2668 4262 2755 4319 50.
2793 4263 2989 4319 Umbra
3015 4269 3194 4321 mortis
3217 4268 3488 4337 triplicitcr
3514 4271 3569 4324 in
3601 4269 3836 4339 Scriptu-

2241 4353 2316 4407 ris
2345 4353 2692 4422 accipitur.—
2723 4354 2778 4408 ln
2809 4354 3087 4424 Scriptura
3117 4358 3259 4412 enim
3292 4374 3447 4413 sacra
3482 4360 3667 4413 umbra
3692 4376 3834 4415 mor-

2242 4440 2310 4501 tis
2340 4442 2627 4511 aliquando
2656 4445 2856 4500 ohlivio
2885 4448 3082 4501 mentis
3101 4449 3383 4518 accipitur,
3409 4450 3697 4518 aliquando
3720 4452 3833 4505 inii-

2240 4532 2374 4593 tatio
2427 4532 2662 4601 diaboli,
2718 4535 3008 4604 aliquando
3038 4554 3186 4593 mors
3232 4541 3431 4594 carnis.
3466 4539 3661 4595 Umbra
3692 4543 3831 4595 enim

2248 4623 2460 4691 mortis,
2504 4624 2706 4681 oblivio
2752 4628 2950 4683 mentis
2996 4629 3286 4699 accipitur;
3331 4632 3474 4699 quia,
3508 4641 3564 4686 ut
3593 4633 3837 4702 superius

2248 4713 2499 4781 diximus,
2534 4717 2672 4771 sicut
2717 4733 2862 4772 mors
2892 4719 2996 4773 hoc
3023 4720 3167 4787 quod
3196 4721 3472 4787 interﬁcit,
3507 4723 3618 4788 agit
3646 4732 3705 4776 ut
3731 4739 3836 4776 non

2246 4804 2315 4863 sit
2345 4806 2397 4861 in
2424 4807 2566 4873 vita;
2598 4808 2672 4862 ita
2703 4817 2759 4864 et
2786 4809 2985 4864 oblivio
3021 4811 3124 4865 hoc
3150 4812 3294 4879 quod
3325 4813 3617 4882 intercipit,
3648 4815 3759 4881 agit
3783 4824 3841 4869 ut

2246 4912 2356 4953 non
2398 4896 2466 4950 sit
2514 4898 2568 4955 in
2615 4901 2895 4955 memoria.
2951 4899 3100 4956 Unde
3150 4910 3208 4957 et
3252 4912 3421 4967 recte,
3451 4905 3574 4971 quia
3601 4903 3841 4960 Joannes

2246 4985 2594 5043 Hebrmorum
2623 4991 2822 5059 populo
2853 5007 2997 5056 eum,
3027 4992 3181 5063 cujus
3209 4994 3364 5049 obliti
3403 4995 3633 5061 fuerant,
3668 4997 3841 5053 Deum

2243 5078 2537 5149 praedicare
2564 5083 2838 5151 veniebat,
2885 5099 2982 5153 per
3003 5084 3319 5141 Zachariam
3350 5086 3545 5141 dicitur
3578 5104 3591 5141 :
3625 5087 3839 5143 Illumi-

2242 5184 2369 5225 nare
2388 5171 2468 5225 Itis
2496 5174 2581 5244 qui
2605 5174 2659 5228 in
2684 5174 2905 5231 tenebris
2925 5178 3046 5235 etin
3066 5176 3250 5231 umbra
3279 5182 3460 5234 ntortis
3483 5180 3661 5234 sedent
3683 5180 3832 5252 (Luc.

2238 5276 2281 5329 ι,
2316 5261 2425 5333 79).
2479 5263 2534 5319 ln
2566 5267 2756 5322 umbra
2799 5269 2944 5325 enim
2972 5272 3165 5329 mortis
3220 5274 3431 5337 sedere,
3470 5282 3553 5328 est
3596 5290 3627 5328 a
3672 5274 3838 5335 divini

2243 5402 2336 5456 ris.
2368 5402 2525 5458 “95.
2572 5403 2711 5460 Edit.
2744 5406 2903 5462 Basil.
2955 5406 3091 5460 15M
3146 5416 3201 5461 et
3252 5409 3422 5463 Paris.
3480 5406 3648 5474 1518,
3689 5425 3840 5463 omne

2246 5474 2382 5595 glad
2425 5479 2489 5528 de
2518 5476 2669 5543 culpa
2718 5479 2985 5547 gratulare
3013 5481 3312 5533 admissum.
3369 5481 3732 5533 Fmendantur
3772 5495 3837 5533 ex

2301 5560 2372 5595 Ss.
2419 5560 2609 5595 malum
2638 5564 2921 5595 consensu-
2960 5550 3123 5595 Pmrn
3164 5551 3247 5595 hin
3277 5551 3412 5595 nuad
3445 5552 3509 5595 de
3541 5552 3693 5595 (ulna
3722 5567 3837 5595 nm-

2301 5560 2372 5621 ss.
2419 5560 2609 5621 magno
2638 5564 2921 5605 consensu.
2956 5550 3123 5604 Porro
3163 5551 3247 5603 hic
3277 5551 3412 5620 quod
3445 5552 3509 5602 de
3541 5552 3693 5619 culpa
3720 5567 3842 5621 gra-

2250 5614 2440 5691 tulatur
2462 5617 2645 5691 ,_ide:n
2670 5628 2750 5673 est
2778 5636 2841 5673 ac
2873 5623 3018 5689 quod
3049 5622 3112 5674 de
3143 5614 3299 5691 culpa
3329 5630 3536 5688 grnle
3559 5614 3660 5675 e.~t.

2319 5686 2679 5756 “iNeglectaln
2712 5691 2766 5743 in
2796 5686 2912 5747 aliis
2950 5691 3044 5745 Ed.
3093 5686 3347 5746 vocnlani
3380 5693 3426 5744 ei
3470 5693 3838 5747 remeavimus
3908 5710 3918 5756 ί

2248 5768 2313 5811 ex
2344 5755 2470 5813 Mss.
2518 5756 2677 5815 Co‘rb.
2711 5761 2914 5829 Germ,
2949 5762 3138 5833 Camp.
3160 5804 3173 5827 ,
3209 5763 3422 5827 Rhem,
3453 5762 3662 5831 Remis.
3683 5804 3697 5829 ,
3729 5773 3839 5829 eice
3902 5762 3921 5811 ἒ
