4180 6460
351 311 456 367 655

1279 314 1638 373 MORALIUM
1680 315 1807 373 LIB.
1850 318 1937 375 IV.
1971 349 2040 362 --
2076 321 2140 376 IN
2180 321 2332 380 CAP.
2370 326 2438 382 III
2481 328 2540 384 Β.
2583 328 2718 384 .IOB.

3515 328 3626 393 6ὅό

348 423 550 480 amoris
574 423 769 480 notitia
790 424 846 480 in
860 423 1134 482 oblivione
1153 427 1502 483 'lassescere.
1526 428 1722 485 Umbra
1752 430 1940 486 mortis
1971 438 2015 496 Α
2047 434 2241 486 mentis
2267 444 2463 490 nostra!
2489 437 2757 500 confusio,
2789 437 2960 506 caligo
2978 437 3304 494 nominatur.
3327 437 3460 498 Nam
3482 438 3635 502 sicut

345 516 577 570 imitatio
604 515 811 585 antiqui
840 518 1010 572 hostis
1030 518 1310 588 accipitur.
1333 519 1450 588 Ipse
1480 525 1620 576 enim
1641 527 1764 590 quia
1791 538 1934 576 mor—

338 614 356 660 i'
401 625 452 663 m
478 609 672 676 intulit,
698 625 846 664 mors
870 619 1114 679 vocatur,
1135 609 1340 666 Joanne
1368 621 1680 681 attestante,
1703 616 1792 684 qui
1815 617 1885 670 ait
1913 634 1926 670 :

333 711 348 750 .’
377 701 416 752 .'t
443 716 628 754 stamen
655 700 734 753 illi
759 716 897 753 mors
938 702 1120 771 (Apoc.
1154 719 1225 765 vr,
1257 701 1332 772 8).
1368 703 1469 758 Per
1495 707 1740 760 umbram
1773 706 1931 774 igitur

267 851 273 858 ,
361 792 531 844 nortis
577 789 693 859 ejus
741 791 966 848 imitatio
1005 793 1348 861 designatur;
1405 797 1532 864 quia
1563 798 1705 854 sicut
1733 799 1926 854 umbra

349 883 822 952 mxiaqnalitatem
861 886 1104 954 corporis
1131 885 1374 954 ducitur,
1420 889 1493 942 ita
1539 890 1783 948 actiones
1825 893 1924 946 ini-

341 985 566 1039 quorum
598 973 666 1027 de
703 975 884 1043 specie
934 975 1246 1031 imitationis
1278 980 1428 1049 117
1465 979 1581 1047 ejus
1610 983 1924 1050 exprimun-

340 1074 444 1118 tur.
483 1065 632 1121 Unde
663 1074 815 1121 recte
841 1065 1006 1122 Isaias
1025 1083 1146 1123 cum
1172 1070 1400 1136 gentiles
1423 1073 1650 1140 populos
1668 1074 1690 1110 ι’
1710 1075 1762 1129 in
1785 1077 1923 1129 anti—

334 1156 427 1223 qui
456 1156 624 1209 hostis
654 1166 901 1212 cerneret
944 1157 1244 1214 imitatione
1279 1161 1561 1228 defecisse,
1603 1180 1806 1234 eosque
1851 1169 1920 1222 ad

333 1249 446 1301 veri
475 1249 603 1302 solis
631 1257 807 1303 ortum
836 1265 1116 1316 resurgere
1136 1294 1150 1318 ,
1189 1267 1306 1321 quae
1345 1263 1496 1309 certo
1526 1255 1702 1312 futura
1733 1262 1916 1316 consi-

327 1339 502 1407 derat,
530 1343 681 1409 quasi
709 1357 776 1397 ex
797 1344 1080 1412 praeteritis
1116 1355 1315 1410 narrat,
1346 1346 1529 1402 dicens
1559 1367 1572 1402 :
1607 1349 1917 1408 Sedentibus

326 1432 378 1484 in
404 1433 624 1486 tenebris
651 1442 699 1488 et
727 1434 906 1488 umbra
932 1437 1130 1503 mortis,
1160 1437 1251 1491 tua:
1291 1447 1407 1492 orta
1431 1448 1507 1493 est
1533 1442 1606 1494 eis
1639 1441 1796 1511 (Isai.
1835 1461 1912 1513 is,

325 1520 412 1589 2).
447 1520 644 1578 Umbra
671 1525 836 1580 etiam
863 1527 1055 1581 mortis
1077 1542 1225 1582 mors
1249 1530 1428 1583 carnis
1456 1532 1752 1602 accipitur;
1784 1537 1910 1605 quia

320 1614 461 1667 sicut
488 1629 616 1670 vera
642 1631 785 1670 mors
814 1627 919 1686 est,
951 1634 1054 1688 qua
1085 1621 1260 1674 anima
1289 1632 1572 1691 separatur
1600 1640 1630 1678 a
1662 1626 1791 1690 Deo,
1835 1627 1909 1683 ita

322 1703 509 1757 umbra
537 1705 724 1759 mortis
751 1714 850 1772 est,
879 1723 983 1777 qua
1015 1725 1142 1763 caro
1164 1721 1442 1779 separatur
1473 1714 1540 1768 ab
1569 1715 1768 1771 anima.
1799 1716 1909 1771 Un-

318 1791 384 1842 de
415 1801 561 1846 recte
586 1809 717 1848 voce
739 1805 1033 1867 martyrum
1064 1815 1160 1868 per
1179 1798 1502 1869 Prophetam
1527 1804 1720 1859 dicitur
1746 1826 1757 1858 :
1789 1808 1904 1860 Hu-
1935 1833 1984 1892 Β
2011 1816 2138 1875 apte
2162 1811 2506 1880 subjungitur
2533 1831 2544 1865 :

319 1883 526 1936 mil-iusti
556 1901 649 1938 nos
677 1887 730 1938 in
758 1887 868 1940 loco
893 1889 1210 1958 aﬁlictionis,
1247 1903 1296 1946 et
1325 1897 1588 1962 cooperuit
1609 1913 1702 1950 nos
1723 1899 1905 1954 umbra

313 1973 492 2024 mortis
519 1973 688 2042 (Psal.
722 1990 871 2040 xuii,
901 1976 1015 2044 ‘20).
1042 1977 1188 2042 Quos
1217 1982 1359 2033 enim
1414 1994 1622 2037 constat
1654 2003 1760 2041 non
1790 1991 1900 2057 spi-

310 2062 437 2128 ritu,
462 2065 554 2117 sed
577 2065 692 2118 sola
717 2082 880 2121 carne
908 2070 1075 2134 mori,
1100 2085 1440 2142 nequaquam
1468 2089 1528 2128 se
1554 2091 1681 2131 vera
1705 2089 1897 2147 morte,

309 2156 403 2208 sed
432 2157 616 2210 umbra
639 2158 820 2213 dicunt
849 2163 1035 2216 mortis
1064 2165 1285 2232 operiri.

378 2247 468 2300 5t.
497 2248 727 2305 Christus
754 2254 906 2306 unica
933 2265 1096 2310 morte
1121 2257 1375 2326 duplicem
1399 2261 1659 2317 hominum
1687 2278 1898 2321 mortem

307 2339 592 2394 delevit.-—-
613 2342 750 2408 Quid
777 2352 860 2398 est
886 2360 1034 2415 ergo,
1065 2349 1207 2416 quod
1247 2349 1433 2404 beatus
1459 2351 1580 2417 Job,
1610 2355 1677 2409 ad
1701 2358 1900 2413 obscu-

305 2431 530 2486 randum
551 2433 690 2487 diem
713 2450 893 2503 pravae
921 2448 942 2476 ο
971 2439 1349 2498 delect-:tionis
1379 2448 1617 2512 postulat
1653 2452 1895 2508 umbram

303 2527 520 2591 mortis;
553 2528 653 2581 nisi
672 2529 817 2598 quod
841 2531 906 2584 ad
929 2531 1154 2587 delenda
1180 2546 1401 2603 peccata
1419 2548 1543 2594 ante
1575 2542 1667 2596 Dei
1685 2547 1894 2613 oculos,

301 2615 396 2669 Dei
424 2627 478 2670 et
506 2617 780 2673 hominum
812 2623 1166 2678 mediator-em
1197 2630 1438 2696 requirit,
1472 2634 1562 2700 qui
1594 2635 1764 2690 solam
1797 2654 1894 2707 pro

299 2708 455 2763 nobis
476 2719 704 2764 mortem
725 2713 900 2766 carnis
921 2717 1239 2785 susciperet,
1262 2728 1316 2772 et
1346 2736 1525 2775 veram
1550 2735 1776 2781 mortem
1799 2730 1895 2784 de-

300 2794 654 2864 linquentium
695 2815 792 2868 per
813 2803 1054 2856 umbram
1077 2821 1186 2858 sum
1217 2811 1405 2863 mortis
1435 2793 1768 2874 deleret‘llAd
1793 2834 1893 2874 nos

300 2888 498 2957 quippe
526 2889 693 2954 venit,
717 2891 807 2960 qui
834 2892 887 2945 in
914 2903 1086 2948 morte
1112 2896 1334 2964 spiritus
1357 2902 1641 2971 carnisque
1671 2910 1892 2963 teneba-

296 2993 442 3042 mur;
489 2995 648 3035 unam
688 2982 756 3035 ad
802 2998 899 3038 nos
928 2999 1080 3039 suam
1123 2998 1355 3044 mortem
1395 2992 1606 3060 detulit,
1654 3007 1709 3052 et
1754 2989 1890 3059 duas

295 3077 530 3138 nostras,
560 3087 695 3142 quas
721 3077 942 3144 reperit,
990 3063 1252 3163 solvit/Si
1292 3085 1429 3139 enim
1461 3088 1575 3156 ipse
1606 3099 1889 3163 utramque

293 3161 608 3232 susciperet,
632 3179 732 3220 nos
749 3179 779 3218 a
800 3166 943 3220 nulla
967 3161 1240 3225 liberaret.
1261 3171 1366 3226 Sed
1390 3191 1550 3231 unam
1576 3161 1884 3238 misericor-

292 3252 430 3307 diter
457 3257 685 3326 accepit,
717 3266 772 3312 et
793 3258 938 3326 juste
983 3272 1264 3330 utramque
1290 3264 1581 3322 damnavit.
1623 3270 1880 3342 Simplam

289 3358 439 3398 suam
467 3345 639 3414 duplic
669 3356 868 3402 nostra:
895 3352 1142 3418 contulit,
1177 3361 1233 3408 et
1260 3354 1478 3424 duplam
1506 3370 1747 3417 nostram
1763 3382 1882 3420 nmo-

285 3437 432 3491 riens
464 3439 693 3509 subegit.
734 3438 882 3495 Unde
912 3451 966 3496 et
992 3460 1101 3498 non
1133 3446 1404 3503 immerito
1435 3466 1542 3505 uno
1573 3453 1660 3508 die
1689 3456 1745 3510 in
1785 3472 1876 3513 se-

288 3530 475 3598 pulcro
516 3539 572 3584 et
621 3531 826 3588 duabus
854 3536 1103 3591 noctibus
1129 3537 1314 3606 jacuit,
1357 3543 1481 3609 quia
1507 3544 1760 3602 videlicet
1784 3548 1879 3603 lu-

286 3637 402 3675 cem
434 3639 542 3678 sum
568 3625 772 3694 simplzn
801 3630 1011 3696 mortis,
1045 3633 1280 3688 tenebris
1307 3634 1481 3703 duplze
1504 3649 1701 3693 nostra:
1731 3656 1878 3696 mor-

286 3716 352 3770 tis
373 3717 635 3786 adjunxit.
661 3719 762 3785 Qui
785 3734 913 3787 ergo
935 3723 1104 3776 solam
1130 3740 1230 3792 pro
1259 3727 1412 3780 nobis
1441 3739 1671 3784 mortem
1701 3735 1878 3788 carnis

283 3809 512 3877 accepit,
545 3809 788 3863 umbram
819 3812 1006 3865 mortis
1035 3815 1274 3881 pertulit,
1311 3826 1363 3870 et
1391 3833 1422 3870 a
1447 3819 1538 3873 Dei
1569 3823 1740 3876 oculis
1761 3825 1876 3878 cul-

281 3913 406 3968 pam
436 3912 597 3967 quam
626 3898 856 3954 fecimus
884 3901 1187 3957 abscondit.
1223 3905 1440 3961 Dicatur
1482 3910 1642 3974 igitur
1683 3921 1870 3968 recte:

289 3989 574 4046 Obscurent
602 4009 718 4046 eum
749 3993 970 4048 tenebrat
995 4005 1047 4049 et
1073 3995 1255 4051 umbra
1279 4002 1472 4055 mortis.
1513 4001 1590 4057 Ac
1615 4004 1658 4058 si
1688 4015 1874 4074 aperte

281 4083 583 4139 diceretur:
608 4085 698 4140 ille
730 4085 943 4152 veniat,
972 4088 1061 4155 qui
1095 4097 1201 4142 uta
1233 4099 1407 4144 morte
1433 4093 1612 4148 carnis
1640 4105 1694 4148 et
1723 4097 1875 4166 spiri-

279 4181 364 4228 tus
377 4174 645 4232 debitores
656 4177 868 4246 eripiat,
883 4187 1111 4233 mortem
1135 4181 1312 4236 carnis
1329 4197 1436 4237 non
1451 4183 1656 4240 deberis
1675 4189 1868 4244 solvat.

279 4262 422 4334 [Ven
456 4264 506 4319 X
511 4265 560 4318 Χ
567 4265 642 4337 1.]
661 4268 766 4323 Sed
783 4270 907 4339 quia
932 4271 1133 4325 nullum
1157 4284 1435 4342 peccatum
1453 4275 1711 4335 Dominus
1733 4281 1872 4338 inul-

277 4362 388 4408 tum
417 4357 644 4426 relaxat,
677 4367 770 4414 aut
794 4361 935 4415 enim
965 4363 1182 4429 noshoc
1201 4363 1382 4420 ﬂendo
1401 4367 1754 4440 insequimur,
1779 4385 1872 4430 aut
1949 4435 1964 4455 ι

276 4446 750 4518 ipsedjudicando,
775 4462 940 4508 restat
960 4464 1017 4508 ut
1038 4456 1104 4509 ad
1126 4459 1559 4516 emendationem
1573 4478 1722 4518 suam
1737 4481 1872 4522 sem-

272 4551 371 4608 per
398 4555 548 4594 mens
589 4543 815 4597 solerter
836 4545 1092 4614 invigilet.
1137 4548 1193 4603 In
1220 4567 1329 4618 quo
1358 4567 1488 4620 ergo
1516 4555 1615 4608 sibi
1642 4557 1869 4627 quisque

276 4630 695 4685 misericorditer
749 4635 1070 4696 subvenirie
1099 4641 1436 4710 considerat,
1485 4644 1591 4699 hoc
1640 4663 1864 4705 necesse

272 4726 356 4770 Cri.
380 4725 439 4772 ut
457 4719 718 4774 contitens
741 4728 929 4791 terget.
964 4723 1112 4780 Unde
1137 4738 1191 4781 et
1218 4738 1345 4796 apte
1365 4733 1705 4802 subjungitur
1735 4756 1749 4792 :

860 4813 1086 4869 CAPUT
1126 4817 1286 4873 XVII.

341 4898 468 4952 Intn.
497 4930 567 4940 —
599 4899 824 4971 Occupet
845 4919 958 4957 eum
988 4906 1177 4975 caligo.

343 4991 426 5044 5‘2.
472 4991 527 5044 Μ
533 4994 661 5046 entis
690 4995 981 5063 paenitentis
1004 4997 1227 5052 salubris
1247 5002 1435 5072 caligo.
1455 5037 1526 5047 —
1545 5005 1679 5072 Quia
1710 5013 1853 5068 enim

270 5084 324 5138 in
355 5085 582 5154 caligine
610 5087 796 5141 oculus
820 5088 1186 5159 confunditur,
1215 5092 1328 5161 ipsa
1358 5110 1454 5163 per
1484 5103 1853 5167 pmnitentiam

343 5210 368 5236 *ι
403 5198 457 5253 In
488 5199 742 5274 Eil,_Co<:'.
773 5202 973 5274 ct_aliis
1001 5201 1255 5272 deinceps
1284 5205 1494 5274 legitur,
1528 5213 1580 5265 in
1607 5214 1859 5272 oblirione

268 5269 532 5349 lutescere.
562 5270 787 5349 _Veteres_
830 5269 1224 5349 Editiones_uti
1266 5269 1454 5333 omnes
1484 5269 1630 5349 pene
1674 5269 1858 5341 Manu;

267 5340 450 5408 scripti
488 5342 720 5406 habent,
767 5342 1066 5396 lassescere.
1109 5343 1323 5400 Belvac.
1383 5340 1545 5405 habet
1594 5354 1854 5425 languere.

267 5477 284 5479 η
342 5409 380 5479 δη
399 5407 474 5462 Ita
501 5411 662 5463 etiam
684 5428 870 5465 omnes
899 5413 1048 5478 Mss,
1080 5412 1243 5468 Corb.
1273 5415 1454 5472 Germ.
1491 5432 1542 5475 et
1573 5435 1680 5479 Vrt.
1713 5426 1854 5479 Eztit.

447 5426 474 5462 a
501 5424 662 5484 etiam
684 5428 870 5484 omnes
899 5424 1048 5478 Mss,
1080 5424 1243 5484 Corb.
1273 5424 1454 5472 Germ.
1491 5432 1542 5475 et
1573 5424 1692 5479 vet.
1713 5426 1855 5484 Edit.

343 5435 366 5447 υ
399 5435 474 5462 Ita
501 5435 662 5463 cuum
684 5435 870 5465 omnes
899 5435 1048 5478 mss.,
1080 5435 1243 5468 born.
1273 5435 1454 5472 uerm.
1491 5435 1542 5475 et
1573 5435 1680 5479 Vt‘i.
1713 5435 1852 5484 Etlll}.

263 5477 324 5562 In
352 5478 809 5563 Cilot.,_l{omana
829 5483 966 5538 Sixti
999 5485 1038 5539 V
1065 5493 1119 5540 et
1145 5482 1436 5558 Gussanv.,
1467 5491 1586 5563 lego
1613 5514 1626 5549 :
1659 5497 1723 5549 ab
1752 5514 1852 5552 an-

266 5550 602 5620 tiqui/tostis,
635 5559 740 5606 etc.

340 5631 361 5657 ε
393 5619 684 5705 Ilii-omnes
738 5621 954 5705 Ithem.,
989 5624 1220 5693 Remig.,
1265 5627 1425 5705 Corb.
1473 5633 1676 5705 Germ.,
1729 5638 1853 5693 Bel—

263 5705 406 5756 vac.,
443 5691 681 5776 Eliroic.,
709 5702 839 5773 etc.,
870 5712 969 5749 nec
999 5711 1104 5750 non
1142 5691 1251 5752 vet.
1280 5697 1418 5759 Edit.
1451 5691 1517 5764 At
1547 5691 1682 5776 aliis,
1717 5691 1852 5763 (liein

261 5777 436 5830 prava:
467 5762 774 5818 dilectionis.

337 5828 360 5866 ἀ
393 5830 551 5896 Editi,
586 5834 628 5886 si
656 5835 974 5891 vetustiores
995 5837 1249 5907 excipias,
1276 5842 1566 5915 judirando
1591 5862 1850 5917 reservat;

1896 4596 1950 4658 D

2035 526 2208 593 caligo
2237 527 2496 584 nebulosa
2525 531 2778 599 congerie
2809 530 3061 588 obscurat
3082 531 3224 586 diem
3242 573 3258 599 ,
3285 532 3360 590 ita
3375 534 3631 594 confusio-

2031 617 2358 686 perturbatis
2377 620 2788 687 cogitationibus
2816 623 3096 678 obnubilat
3119 633 3379 682 mentem.
3407 625 3486 682 De
3509 641 3619 696 qua

2035 707 2054 746 τ
2090 724 2186 777 per
2207 712 2491 779 quemdam
2543 712 2777 768 dicitur:
2808 712 2904 768 Est
2950 717 3188 785 confusio
3213 715 3620 788 adducens-glow

2029 803 2161 854 riam
2184 799 2372 870 (Eccli.
2400 817 2470 867 iv,
2495 800 2609 871 25).
2635 802 2768 857 Cum
2791 805 2936 858 enim
2957 805 3026 860 ad
3048 813 3283 862 mentem
3301 807 3445 870 male
3465 818 3617 877 gesta

2029 890 2339 958 pernitendo
2367 893 2693 957 reducimus,
2725 895 2873 961 gravi
2905 911 3032 950 mox
3057 912 3290 958 maerore
3331 899 3632 958 confundi-.

2025 997 2169 1052 mur,
2197 985 2486 1053 perstrepit
2512 985 2564 1040 in
2582 988 2764 1042 animo
2785 987 2941 1041 turba
2968 989 3380 1058 cogitationum,
3410 1007 3614 1050 maeror

2025 1074 2277 1142 conterit,
2307 1076 2550 1137 anxietas
2573 1075 2840 1140 devastat,
2863 1077 2916 1131 in
2942 1093 3233 1138 (erumnam
3263 1097 3416 1138 mens
3444 1084 3626 1150 ’κτενί-ι

2025 1174 2133 1233 tur,
2181 1177 2233 1221 et
2271 1169 2424 1236 quasi
2469 1169 2704 1237 quodam
2754 1171 2937 1226 nubilo
2981 1172 3219 1240 caliginis
3265 1175 3625 1234 obscuratur.~

2021 1255 2149 1312 Haec
2176 1274 2408 1328 namque
2435 1261 2610 1329 caligo
2638 1261 2968 1321 confusionis
2988 1278 3175 1318 eorum
3204 1275 3437 1322 mentem
3462 1268 3608 1324 salu-

2019 1345 2190 1404 briter
2243 1361 2614 1418 oppresserat;
2657 1353 2851 1422 quibus
2900 1352 3099 1410 Paulus
3148 1355 3401 1412 dicebat:
3445 1357 3608 1423 Quem

2019 1438 2155 1491 enim
2195 1441 2419 1509 fructum
2465 1441 2714 1498 habuistis
2754 1452 2874 1499 tunc
2901 1445 2957 1500 in
2999 1445 3128 1510 illis,
3174 1447 3230 1500 in
3256 1445 3440 1511 quibus
3471 1466 3608 1504 nunc

2017 1527 2310 1584 erubescitis
2346 1532 2522 1603 (Rom.
2569 1550 2643 1599 vr,
2686 1534 2812 1605 2t)?
2858 1535 3012 1590 llunc
3058 1551 3188 1606 ergo
3227 1541 3432 1607 peccati
3461 1540 3605 1596 diem

2017 1624 2187 1692 caligo
2217 1637 2466 1695 occupet,
2497 1629 2551 1684 id
2575 1637 2676 1693 est,
2723 1629 3146 1686 blandimentum
3186 1633 3442 1701 nequitiae
3469 1632 3610 1690 aflli—
3663 1710 3674 1720 O

2014 1716 2123 1770 ctio
2154 1720 2478 1785 poenitentia:
2507 1722 2668 1790 digno
2705 1738 2938 1780 maerore
2992 1724 3289 1792 perturbet.
3353 1724 3506 1783 Unde
3549 1734 3609 1783 et

2584 1881 2814 1940 CAPUT
2853 1884 3038 1941 XVIII.

2081 1970 2208 2026 Iern.
2236 2005 2306 2014 —-
2335 1972 2634 2031 Involvatur
2660 1980 3029 2034 amaritudine.

2081 2063 2170 2118 55.
2216 2065 2455 2120 Salubris
2494 2069 2768 2122 mazrorde
2796 2087 2956 2140 prava
2996 2071 3353 2129 delectatione.
3383 2106 3456 2119 —-
3476 2074 3614 2134 Dies.

2009 2157 2152 2210 enim
2200 2159 2558 2214 amaritudine
2606 2163 2918 2229 involvitur,
2968 2183 3090 2220 cum
3118 2169 3184 2222 ad
3235 2169 3600 2238 cognitionem

2007 2257 2187 2302 mente
2215 2253 2494 2318 redeunte,
2517 2256 2723 2322 peccati
2751 2256 3113 2314 blandimenta
3149 2264 3304 2332 118
3323 2264 3596 2321 cruciatus

2005 2342 2335 2409 paenitentia:
2353 2353 2671 2414 sequuntur.
2695 2346 2844 2402 Diem
2870 2351 3226 2407 amaritudine
3243 2354 3589 2421 involvimus,

2004 2448 2126 2486 cum
2155 2448 2330 2501 pravae
2364 2435 2738 2492 delectationis
2765 2440 3037 2508 gaudium,
3068 2457 3188 2511 quas
3213 2444 3476 2514 supplicia
3503 2461 3596 2502 se-

2003 2532 2236 2590 quantur
2265 2527 2578 2595 aspicimus,
2608 2537 2661 2582 et
2689 2531 2894 2598 asperis
2921 2531 3024 2586 hoc
3047 2531 3259 2588 ﬂetibus
3291 2535 3593 2590 circumda-

2001 2631 2141 2673 mus.
2173 2616 2307 2682 Quia
2337 2619 2476 2674 enim
2505 2620 2609 2675 hoc
2638 2621 2781 2691 quod
2823 2623 3133 2692 involvitur,
3179 2641 3246 2680 ex
3272 2626 3442 2683 latere
3468 2643 3590 2684 om-

2001 2707 2083 2760 nis
2113 2709 2278 2776 partis
2299 2710 2562 2778 operitur,
2595 2711 2794 2766 involvi
2822 2713 2934 2767 dies
2963 2715 3322 2772 amaritudine
3347 2724 3589 2788 optatur,

1997 2805 2266 2864 quatenus
2291 2814 2410 2867 quae
2452 2801 2589 2854 mala
2631 2802 2944 2859 incorrectis
2992 2805 3298 2872 imminent,
3350 2823 3418 2864 ex
3461 2823 3582 2864 om-

1997 2888 2052 2939 ni
2083 2897 2232 2957 parte
2272 2889 2497 2959 quisque
2530 2893 2865 2962 conspiciat,
2888 2903 2942 2948 et
2974 2895 3260 2966 voluptatis
3290 2911 3401 2954 sua
3425 2897 3587 2954 lasci-

1996 2980 2138 3033 viam
2169 2982 2395 3037 tristitiae
2420 2983 2671 3041 lamentis
2698 2995 2889 3054 tergat.
3177 3049 3180 3051 Α

2068 3071 2157 3126 54.
2199 3071 2402 3135 Quanto
2455 3076 2624 3146 major
2663 3092 2773 3130 esse
2802 3076 2984 3130 debeat
3013 3079 3077 3133 de
3099 3095 3352 3135 consensu
3381 3081 3450 3134 ad
3476 3081 3588 3135 cul-

1991 3186 2134 3239 pam.
2169 3202 2240 3212 —
2270 3168 2377 3226 Sed
2423 3171 2467 3224 si
2507 3171 2677 3238 diem,
2722 3185 2882 3240 quam
2925 3175 3132 3242 peccati
3169 3173 3586 3231 delectationem

1992 3261 2246 3326 diximus,
2283 3270 2362 3314 tot
2390 3261 2574 3330 impeti
2615 3263 2864 3347 precibus
2893 3264 3214 3332 audivimus,
3243 3274 3299 3320 ut
3336 3265 3588 3323 videlicet

1989 3353 2390 3408 circumdantes
2418 3351 2576 3410 ﬂetus
2605 3355 2828 3424 expient
2863 3357 3124 3427 quidquid
3157 3358 3457 3420 delectatus
3485 3376 3584 3432 per

1987 3445 2372 3512 negligentiam
2419 3446 2630 3504 animus
2675 3448 2968 3518 delinquit,
3020 3461 3219 3521 quanta
3249 3453 3586 3510 animadver-

1985 3535 2142 3590 sione
2171 3537 2503 3605 poenitentize
2528 3537 2684 3612 hujus
2711 3539 2818 3594 diei
2847 3556 2956 3595 nox
2983 3541 3224 3598 ferienda
3251 3551 3358 3610 est,
3385 3543 3581 3601 videli-

1985 3637 2074 3682 cet
2102 3631 2215 3699 ipse
2232 3629 2344 3698 jam
2371 3645 2666 3686 consensus
2697 3631 2764 3686 ad
2786 3632 3032 3702 culpam?
3062 3632 3215 3690 Sicut
3239 3635 3383 3690 enim
3405 3636 3583 3692 mino-

1982 3721 2060 3773 ris
2089 3720 2259 3788 culpa:
2288 3729 2393 3788 est,
2423 3736 2545 3776 cum
2575 3723 2866 3779 carnaliter
2911 3740 3064 3782 mens
3119 3727 3171 3780 in
3219 3726 3582 3786 delectatione

1979 3811 2218 3878 rapitur,
2279 3812 2371 3865 sed
2442 3820 2621 3867 tamen
2693 3814 3037 3871 delectationi
3106 3832 3218 3873 sum
3270 3833 3369 3888 per
3421 3819 3580 3889 spiri-

1980 3905 2096 3953 tum
2125 3898 2450 3965 reluctatur;
2483 3900 2555 3955 ita
2585 3902 2849 3970 gravioris
2877 3913 2932 3960 et
2960 3906 3132 3976 plenis
3181 3915 3265 3963 est
3302 3909 3576 3978 nequitiae,

1980 3987 2050 4041 ad
2075 3990 2276 4056 peccati
2295 3989 2602 4045 illecebram
2627 4008 2734 4048 non
2751 3995 2923 4050 solum
2941 3996 3299 4054 delectatione
3314 4001 3572 4070 pertrahi,

1980 4080 2074 4133 sed
2102 4081 2264 4134 etiam
2293 4097 2559 4138 consensu
2606 4083 2873 4142 famulari.
2900 4087 3073 4144 Tanto
3113 4089 3273 4159 igitur
3297 4101 3323 4139 κ
3353 4092 3572 4148 arctiori
3661 4141 3663 4143 .

1977 4184 2139 4224 manu
2171 4173 2518 4240 poenitentiae,
2567 4190 2719 4232 mens
2764 4192 2796 4233 a
2825 4179 3126 4248 pollutione
3174 4182 3433 4252 tergenda
3463 4193 3567 4248 est,

1976 4270 2181 4328 quanto
2208 4278 2265 4318 se
2292 4279 2388 4336 per
2416 4281 2738 4323 consensum
2776 4271 3041 4340 conspicit
3082 4273 3353 4334 sordidius
3387 4274 3569 4344 inqui-

1977 4362 2178 4412 natam.
2207 4354 2361 4412 Unde
2388 4365 2444 4413 et
2469 4369 2592 4428 apte
2617 4362 2957 4430 subjungitur
2982 4383 2994 4418 :

2571 4471 2799 4529 CAPUT
2839 4474 2972 4534 XIX.

2048 4561 2210 4616 Vens.
2236 4561 2366 4616 6.—
2384 4562 2605 4619 Noctem
2625 4567 2772 4621 illam
2799 4571 3096 4626 tenebrosus
3119 4569 3267 4625 turbo
3277 4571 3561 4639 possideat.

2050 4652 2142 4707 35.
2184 4653 2273 4708 Vis
2295 4657 2723 4726 comp’unetionis.
2753 4691 2826 4702 —-
2849 4660 3010 4726 Quasi
3037 4661 3179 4715 enim
3199 4661 3415 4729 quidam
3445 4671 3562 4716 tur-

1971 4748 2047 4802 bo‘
2075 4747 2408 4815 tempestatis
2442 4757 2525 4803 est
2549 4750 2850 4803 concitatus
2883 4750 3100 4818 spiritus
3127 4752 3395 4807 mmroris.
3426 4753 3560 4808 Nam

1970 4842 2096 4895 dum
2126 4852 2406 4912 peccatum
2452 4844 2681 4912 quisque
2723 4843 2866 4910 quod
2918 4844 3064 4912 fecit,
3119 4844 3393 4915 intelligit;
3430 4847 3559 4902 dum

1967 4934 2250 5000 pravitatis
2277 4947 2384 4985 suae
2416 4935 2706 5001 nequitiam
2754 4934 3023 4990 subtiliter
3063 4944 3275 5007 pensat,
3323 4954 3558 4996 mmrore

1967 5030 2203 5075 mentem
2235 5022 2512 5075 obnubilat
2556 5030 2611 5075 et
2648 5024 2797 5091 quasi
2837 5040 3102 5082 concusso
3126 5041 3331 5084 serena:
3362 5029 3556 5085 laetitiis

1961 5121 2108 5175 aere,
2142 5123 2356 5162 omnem
2389 5109 2442 5161 in
2483 5123 2540 5162 se
2579 5113 3018 5180 tranquillitatem
3045 5117 3226 5173 cordis
3279 5120 3550 5189 pceniten-

1962 5230 2151 5298 restat.
2182 5222 2384 5278 Vocem
2414 5236 2654 5293 reservat,
2698 5243 2816 5298 qum
2846 5231 3108 5289 redundat
3137 5244 3191 5291 et
3230 5237 3285 5290 in
3331 5239 3535 5294 omnib.

1961 5291 2088 5346 Mss.
2123 5293 2292 5354 deest,
2327 5291 2702 5361 exiiunximus.

2039 5373 2062 5401 ο
2090 5361 2376 5446 ExnCorb.
2410 5363 2620 5446 Cerm.,_
2642 5368 2897 5446 Vind_oc.,
2925 5373 3040 5430 ναι.
3072 5375 3178 5444 CL,
3203 5377 3420 5446 Rbem.,
3445 5379 3549 5435 Re-

1965 5432 2118 5508 in_ig._,
2169 5433 2488 5508 Compend.,
2545 5432 2710 5504 trima
2760 5432 3013 5502 Editione
3051 5432 3211 5504 Rom.
3257 5432 3545 5508 Parisiensi

1965 5473 2035 5486 ..ι-
2079 5473 2118 5498 ι,
2171 5473 2488 5503 μυιιιμιιιιυο,
2545 5473 2710 5504 ειιιιια
2760 5473 3013 5502 ωυιι-ιυηΰ
3051 5473 3211 5504 ιιυιιι.
3257 5473 3544 5508 rartsieunl

1965 5473 2135 5578 illis,
2160 5512 2232 5578 et
2280 5506 2396 5578 aliis
2437 5508 2856 5578 antiquioribus,
2889 5518 3290 5573 emendavimus
3321 5527 3544 5576 cmleras

1961 5572 2432 5653 Edit:,_iii_quibus
2451 5593 2550 5653 pro
2567 5572 2881 5653 considerat,
2915 5587 3122 5653 legitur,
3155 5572 3434 5643 desiderat.

2038 5643 2073 5726 τ’
2090 5645 2339 5731 Plerique
2364 5664 2430 5702 ex
2454 5643 2686 5708 laudatis
2725 5653 2846 5709 Mss.
2871 5643 3121 5724 'liabent,’
3147 5675 3239 5727 per
3265 5660 3540 5731 quemdam

1962 5716 2262 5782 sapientem.

2034 5795 2056 5831 ε
2089 5785 2367 5853 Nonnulli,
2398 5789 2586 5844 acriori
2617 5809 2791 5846 ntanu.
