4180 6460
585 338 695 402 655

1787 337 2029 399 SANCTI
2067 338 2392 399 GREGORII
2431 339 2644 398 MAGNI

3742 338 3846 397 656

579 459 669 515 tiae
695 454 911 514 turbine
937 453 1200 512 devastat.
1235 453 1347 512 Nisi
1397 453 1542 511 enim
1583 460 2062 523 recognoscentem
2102 468 2161 509 se
2191 456 2242 516 Α
2266 451 2347 506 nit
2370 458 2431 505 ut
2459 451 2683 506 virtutes
2709 454 3038 517 remuneret,
3068 451 3230 506 etiam
3260 463 3325 506 ea
3352 448 3672 521 quaeillicite
3700 418 3857 519 gesta-

580 553 818 608 animum
846 549 949 605 iste
972 549 1129 603 turbo
1156 554 1491 615 contereret,
1523 561 1860 617 nequaquam
1888 545 2161 617 Propheta

578 642 803 697 dixisset
832 658 845 693 :
877 638 945 693 In
974 638 1159 710 spiritu
1186 639 1463 693 vehementi
1492 648 1725 693 conteres
1759 654 1915 691 naves
1949 636 2163 691 Tltarsis

577 730 752 803 (Psal.
785 746 950 796 nvn,
983 728 1059 802 8).
1087 728 1303 785 That-sis
1330 729 1529 799 quippe
1558 729 1859 799 exploratio
1879 729 2054 797 gaudii
2075 728 2161 783 di-

576 823 736 880 citur.
771 820 913 894 [Vet.
964 818 1183 891 XXII.J
1215 819 1323 875 Sed
1368 834 1490 875 cum
1515 821 1805 876 vehemens
1833 819 2160 891 pmnitentite

579 918 808 991 spiritus
828 923 1071 973 mentem
1100 922 1352 985 occupat,
1378 928 1593 970 omnem
1642 915 1695 968 in
1734 928 1799 968 ea
1837 912 2163 982 exploratio-

578 1022 705 1063 nem
732 1003 1170 1077 reprehensibilis
1195 1004 1374 1074 gaudii
1402 1003 1703 1074 perturbat,
1733 1008 1793 1057 ut
1820 1001 1955 1056 nihil
1983 1000 2033 1055 ei
2050 1000 2161 1069 jam

578 1097 685 1155 nisi
710 1097 842 1153 ﬂere
862 1096 1048 1163 libeat,
1078 1096 1211 1151 nihil
1258 1095 1358 1150 nisi
1398 1095 1541 1165 quod
1565 1110 1623 1150 se
1652 1103 1859 1149 terrere
1886 1093 2057 1163 possit
2079 1098 2164 1146 at-

577 1189 783 1248 tendat.
809 1187 971 1244 Ponit
992 1203 1223 1258 namque
1247 1196 1373 1244 ante
1395 1187 1578 1244 oculos
1607 1186 1753 1242 illinc
1773 1187 2161 1243 districtionem

578 1279 819 1350 iustitiae,
851 1279 977 1336 hinc
1017 1278 1267 1335 meritum
1295 1278 1465 1348 culpae
1493 1296 1506 1331 :
1536 1278 1798 1347 conspicit
1824 1292 1931 1346 quo
1961 1276 2163 1348 suppli-

580 1370 667 1425 cio
696 1370 852 1438 digna
872 1371 964 1438 sit,
990 1369 1035 1423 si
1055 1368 1322 1439 parcentis
1335 1368 1505 1439 pietas
1522 1368 1676 1433 desit,
1699 1382 1817 1437 qua:
1837 1382 1933 1436 per
1959 1367 2163 1422 lamen-

583 1465 638 1513 ta
669 1457 949 1529 praesentia
976 1458 1044 1512 ab
1067 1465 1268 1513 aeterna
1296 1472 1486 1513 eruere
1521 1474 1679 1528 poena
1710 1459 2009 1514 consuevit.
2042 1456 2164 1527 Spi-

582 1550 721 1607 ritus
742 1564 871 1620 ergo
898 1550 1185 1605 vehemens
1214 1547 1431 1605 Tharsis
1461 1565 1625 1605 naves
1655 1551 1906 1615 conterit,
1930 1565 2051 1605 cum
2081 1551 2163 1605 vis

583 1642 1010 1711 compunctionis
1060 1640 1236 1695 valida
1279 1649 1486 1696 mentes
1535 1651 1748 1696 nostras
1792 1643 1915 1696 huic
1941 1640 2164 1707 mundo,

538 1748 541 1749 '
583 1732 736 1803 quasi
762 1732 898 1787 mari
940 1732 1162 1797 deditas,
1193 1732 1391 1786 salubri
1427 1740 1635 1795 terrore
1679 1732 1971 1786 confundit.
2012 1732 2165 1785 Dicat

2266 552 2392 600 sunt
2419 543 2751 611 examinans,
2796 542 3063 597 subtiliter
3116 551 3335 612 penset;
3384 558 3450 596 ne
3497 552 3618 597 cum
3649 558 3849 596 annum

2263 636 2519 706 complet,
2550 634 2712 689 etiam
2742 642 2957 689 noctem
2980 643 3247 689 numeret.
3273 633 3425 688 Dicat
3452 633 3634 701 itaque
3664 634 3733 687 de
3754 633 3853 689 hac

2265 736 2424 783 nocte
2450 745 2462 780 :
2500 724 2621 781 Non
2651 735 2966 795 computetur
2993 727 3047 779 in
3070 724 3247 779 diebus
3270 725 3420 792 anni,
3442 741 3535 777 nec
3557 732 3854 778 numeretur

2262 820 2318 873 in
2345 820 2624 873 mensibus.
2651 817 2729 873 Ac
2748 818 2793 872 si
2813 816 3367 885 districtum‘judicem
3393 823 3604 882 exoret,
3628 815 3845 870 dicens:

2262 908 2397 965 Cum
2428 910 2701 980 completo
2731 916 2930 964 sanctae
2956 906 3212 963 Ecclesiae
3238 916 3503 978 tempore,
3534 914 3776 961 extremo
3800 913 3853 961 te

2263 999 2497 1056 examini
2526 998 2854 1065 manifestas,
2888 998 2965 1052 sic
2991 996 3133 1052 dona
3156 1012 3274 1067 qua:
3297 997 3571 1054 contulisti
3602 1011 3852 1051 remune-

2262 1104 2343 1156 ra,
2368 1097 2428 1143 ut
2456 1088 2595 1143 mala
2624 1103 2741 1157 quae
2771 1088 3137 1143 commisimus
3162 1103 3274 1143 non
3330 1089 3596 1158 requiras.
3626 1087 3685 1143 Si
3711 1088 3857 1143 enim

2262 1195 2371 1235 nox
2400 1179 2490 1233 illa
2519 1179 2573 1232 in
2602 1178 2790 1233 diebus
2828 1177 2953 1231 anni
2986 1186 3348 1248 computatur,
3381 1193 3545 1232 omne
3572 1176 3714 1245 quod
3744 1177 3852 1245 egi-

2263 1284 2403 1334 mus,
2430 1282 2499 1323 ex
2518 1267 2797 1337 pravitatis
2814 1272 3011 1320 nostra:
3026 1266 3382 1322 aestimatione
3402 1266 3761 1321 confunditur.
3791 1264 3855 1317 Et

2264 1359 2379 1415 dies
2406 1360 2663 1413 virtutum
2680 1357 2791 1427 jam
2822 1372 2929 1411 non
2952 1358 3153 1422 lucent,
3172 1358 3217 1412 si
3246 1358 3348 1413 hos
3374 1358 3429 1412 in
3451 1367 3743 1428 conspectu
3764 1367 3853 1411 tuo

2265 1466 2463 1507 annum
2487 1458 2834 1507 eratanostrte
2846 1450 3017 1505 noctis
3031 1450 3312 1505 tenebrosa
3324 1451 3568 1505 confusio
3582 1450 3851 1505 obscuret.

2338 1543 2482 1617 [Vet.
2505 1539 2861 1610 ΧΧ111.]58.
2886 1539 3012 1594 Ideo
3036 1540 3180 1594 nulla
3202 1543 3454 1611 impunita
3474 1542 3845 1610 relinquamus.

2266 1665 2337 1677 —
2365 1634 2472 1689 Sed
2499 1634 2545 1688 si
2583 1632 2650 1687 de
2677 1640 2835 1686 nocte
2873 1640 3059 1686 nostra
3102 1632 3310 1687 moveri
3331 1642 3357 1669 ι
3382 1640 3509 1687 tunc
3550 1630 3853 1701 inquisitio-

2272 1742 2395 1781 nem
2423 1726 2690 1789 nolumus,
2722 1737 3049 1793 magnopere
3072 1740 3212 1779 nunc
3228 1724 3523 1779 curandum
3545 1730 3651 1789 est,
3680 1730 3738 1776 ut
3760 1738 3857 1776 nos

582 1821 744 1892 igitur
774 1839 789 1875 :
821 1820 1041 1877 Noctem
1084 1822 1231 1876 illam
1271 1821 1563 1876 tenebrosus
1605 1822 1752 1877 turbo
1795 1822 2086 1891 possideat;
2112 1822 2165 1876 id
2196 1843 2245 1903 Β
2273 1820 2328 1875 in
2355 1819 2470 1889 ejus
2500 1820 2833 1873 discussione
2855 1818 3165 1888 vigilemus;
3199 1833 3268 1873 ne
3296 1818 3546 1888 qumlibet
3571 1815 3726 1870 nobis
3742 1815 3855 1869 cul-

584 1921 690 1983 est,
723 1914 1177 1984 perpetrationem
1203 1914 1390 1984 culpae,
1422 1930 1528 1969 non
1573 1914 1939 1969 blandimenta
1964 1929 2167 1969 securae

584 2004 782 2073 quietis
808 2002 1055 2070 foveant,
1083 2004 1180 2059 sed
1208 2003 1296 2074 pie
1324 2002 1620 2060 desaeviens
1648 2003 1951 2059 amaritudo
1993 2004 2171 2074 paeni-

586 2098 768 2151 tentia:
796 2096 1075 2167 irrumpat.

594 2206 603 2213 ’
655 2186 747 2243 36.
786 2186 926 2253 Quid
948 2191 1014 2243 sit
1036 2189 1300 2259 possidere
1324 2198 1548 2256 noctem,
1578 2197 1628 2243 et
1650 2206 1682 2243 a
1706 2197 1854 2243 nocte
1888 2188 2163 2261 possideri.

585 2308 656 2322 —
682 2276 969 2332 Sciendum
1015 2292 1144 2331 vero
1181 2285 1282 2342 est,
1327 2278 1449 2346 quia
1488 2294 1610 2332 cum
1657 2286 1878 2347 peccata
1908 2278 2171 2347 impunita

583 2369 954 2439 relinquimus,
980 2383 1012 2424 a
1032 2376 1192 2424 nocte
1216 2368 1581 2439 possidemur;
1614 2385 1735 2425 cum
1757 2385 1886 2426 vero
1916 2370 2029 2425 haec
2050 2370 2168 2423 ani-

584 2458 959 2513 madversione
1014 2459 1344 2529 paenitentiae
1403 2460 1715 2529 plectimus,
1764 2460 2015 2515 nimirum
2071 2474 2171 2515 nos

585 2558 821 2617 noctem,
844 2566 1004 2620 quam
1034 2549 1275 2618 fecimus,
1304 2552 1661 2621 possidemus.
1690 2551 1795 2607 Sed
1818 2560 1946 2607 tunc
1970 2566 2167 2623 pecca-

583 2652 701 2698 tum
728 2643 907 2698 cordis
929 2644 1028 2698 sub
1063 2641 1198 2712 juris
1243 2645 1411 2699 nostri
1433 2645 1830 2713 possessionem
1872 2644 2165 2711 reducitur,

585 2736 632 2793 si
656 2750 778 2790 cum
801 2735 1007 2805 incipit,
1034 2736 1376 2806 reprimatur.
1405 2736 1553 2792 Unde
1580 2746 1635 2793 et
1662 2737 1841 2793 divina
1870 2752 2006 2793 voce
2035 2736 2169 2791 Cain

584 2844 751 2901 prava
793 2829 1051 2898 cogitanti
1107 2828 1336 2884 dicitur:
1370 2828 1436 2883 In
1480 2829 1675 2901 foribus
1713 2836 1977 2899 peccatum
2028 2839 2171 2882 tuum

586 2919 774 2985 aderit,
806 2918 895 2972 sed
917 2917 1008 2972 sub
1037 2926 1086 2971 te
1111 2920 1208 2972 erit
1230 2920 1483 2991 appetitus
1504 2920 1634 2990 ejus,
1669 2929 1718 2973 et
1743 2930 1795 2973 tu
1816 2919 2168 2974 dominaberis

581 3013 723 3067 illius
747 3010 955 3083 (Cenes.
984 3028 1058 3080 1v,
1079 3012 1158 3082 7).
1181 3010 1237 3065 In
1259 3012 1460 3067 foribus
1480 3014 1677 3082 quippe
1696 3021 1971 3082 peceatum
1994 3012 2167 3079 adest,

582 3120 705 3160 cum
736 3104 789 3158 in
812 3104 1226 3173 cogitationibus
1251 3104 1446 3174 pulsat.
1490 3102 1657 3173 Cujus
1686 3103 1956 3172 appetitus
1984 3102 2170 3157 subter

2272 1928 2340 1985 pa
2370 1911 2633 1981 impunita
2661 1917 2956 1975 remaneat,
2991 1925 3058 1964 ne
3079 1924 3231 1963 mens
3264 1922 3519 1978 perversa
3542 1906 3688 1976 quod
3710 1904 3852 1972 fecit,

2271 2004 2557 2059 defendere
2581 2004 2797 2067 audeat,
2827 2010 2883 2057 et
2907 2001 3262 2067 defendendo,
3289 2000 3537 2071 nequitia:
3567 1998 3854 2069 nequitiam

2273 2096 2545 2166 adjungat.
2584 2094 2732 2149 Unde
2773 2102 2828 2147 et
2868 2094 3007 2148 bene
3035 2093 3278 2148 subditur
3311 2112 3323 2146 :

2680 2183 2908 2239 CAPUT
2948 2183 3069 2238 XXI
3099 2183 3248 2256 [Rea
3282 2182 3468 2254 XIX].

2343 2281 2509 2336 Vsus.
2538 2280 2590 2334 7.
2621 2310 2691 2321 —
2721 2276 2805 2331 Sit
2834 2293 2938 2330 nos:
2965 2276 3056 2329 illa
3085 2276 3342 2343 solitaria,
3373 2292 3465 2329 nec
3494 2276 3647 2329 laude
3675 2275 3855 2345 digna.

2343 2376 2432 2429 59.
2478 2369 2642 2427 Nulla
2686 2370 2980 2425 excusando
3018 2386 3405 2440 exaggeremus.
3443 2402 3514 2411 —
3558 2368 3695 2424 Sunt
3721 2386 3859 2425 non-

2274 2470 2425 2533 nulli,
2448 2468 2539 2539 qui
2561 2482 2669 2522 non
2691 2466 2867 2520 solum
2889 2479 3229 2533 nequaquam
3251 2461 3453 2517 deflent
3470 2462 3616 2530 quod
3634 2462 3855 2531 faciunt,

2274 2561 2367 2617 sed
2390 2560 2551 2614 etiam
2594 2557 2812 2611 laudare
2840 2564 2895 2610 et
2920 2554 3209 2610 defendere
3238 2570 3344 2609 non
3374 2555 3657 2609 desistunt.
3687 2556 3750 2611 Et
3779 2559 3860 2612 ni-

2274 2651 2469 2705 mirum
2519 2649 2649 2703 dum
2696 2646 3002 2701 defenditur
3050 2646 3227 2715 culpa,
3284 2645 3608 2714 geminatur.
3658 2644 3859 2703 Contra

2275 2741 2418 2811 quod
2448 2748 2595 2795 recte
2624 2754 2719 2808 per
2744 2737 3031 2806 quemdam
3058 2737 3253 2791 dicitur
3287 2755 3297 2788 :
3333 2735 3591 2802 Peccasti,
3635 2755 3696 2791 ne
3724 2740 3859 2813 adji-

2275 2837 2383 2889 cias
2407 2836 2591 2887 iterum
2618 2832 2805 2904 (Ereti.
2840 2846 2949 2895 xxi,
2994 2830 3070 2901 l).
3101 2829 3383 2885 Peccatum
3412 2831 3610 2901 quippe
3638 2842 3860 2901 peccato

2282 2925 2483 2995 adjicit,
2515 2924 2606 2993 qui
2637 2922 2773 2976 male
2794 2929 2941 2991 gesta
2969 2921 3130 2975 etiam
3168 2919 3437 2986 defendit;
3466 2930 3519 2975 et
3543 2931 3747 2977 noctem
3774 2940 3859 2979 so-

2277 3016 2509 3071 litariam
2538 3030 2645 3069 non
2669 3014 2939 3082 relinquit,
2964 3013 3055 3081 qui
3085 3012 3253 3080 culpa:
3287 3028 3396 3066 sua:
3429 3013 3666 3068 tenebris
3696 3015 3856 3069 etiam

2275 3108 2575 3178 patrocinia
2603 3106 2929 3161 defensionis
2966 3105 3230 3173 adjungit.
3263 3104 3401 3159 Hinc
3438 3115 3537 3171 est,
3569 3110 3712 3176 quod
3749 3109 3856 3177 pri-

584 3205 683 3263 est,
703 3197 1040 3267 eiquehomo
1055 3197 1376 3262 dominatur,
1394 3196 1439 3252 si
1454 3197 1631 3253 cordis
1650 3197 1885 3267 nequitia
1903 3197 2163 3267 inspecta,
2199 3238 2245 3301 Ο
2284 3214 2403 3254 mus
2428 3199 2588 3252 homo
2618 3197 2683 3249 de
2722 3196 2919 3249 erroris
2963 3195 3043 3249 sui
3074 3202 3232 3249 nocte
3281 3196 3592 3265 requisitas,
3618 3198 3857 3252 eamdem

581 3288 741 3343 citius
765 3294 1057 3355 prematur,
1102 3296 1157 3341 et
1184 3289 1493 3358 priusquam
1532 3289 1600 3343 ad
1638 3288 1887 3343 duritiam
1932 3298 2165 3357 crescat,

582 3380 870 3434 reluctanti
959 3385 1139 3433 mente
1204 3380 1498 3449 subigatur.
1576 3380 1645 3434 Ut
1720 3394 1848 3448 ergo
1915 3381 2167 3436 delictum

583 3484 742 3524 suum
778 3468 935 3525 citius
963 3470 1169 3524 animus
1196 3472 1418 3534 sentiat,
1446 3473 1604 3540 119
1628 3478 1685 3524 et
1709 3471 1877 3541 culpa:
1922 3473 2166 3543 tyranni-

582 3558 705 3615 dem
727 3559 825 3614 sub
840 3559 961 3628 jure
979 3576 1077 3616 suo
1099 3560 1408 3630 paenitendo
1428 3562 1735 3630 restringat,
1758 3562 1966 3617 dicatur
1988 3571 2161 3619 recte:

586 3649 807 3705 Noctem
825 3652 972 3706 illam
1004 3652 1296 3707 tenebrosus
1328 3652 1471 3707 turbo
1499 3654 1777 3723 possideat.
1804 3655 1880 3710 Ac
1904 3656 1949 3710 si
1980 3666 2168 3725 aperte

582 3743 893 3800 diceretur:
925 3744 1003 3801 Ne
1028 3745 1240 3816 captiva
1269 3760 1421 3801 mens
1472 3746 1641 3817 culpa:
1692 3748 1910 3815 serviat,
1954 3748 2165 3817 culpam

580 3849 614 3889 a
667 3836 981 3905 paenitentia
1032 3837 1253 3892 liberam
1303 3852 1412 3893 non
1442 3838 1729 3907 relinquat.
1774 3837 1837 3893 Et
1866 3840 1991 3909 quia
2020 3839 2166 3909 quod

583 3928 761 3984 ﬂendo
784 3930 1135 4001 insequimur,
1177 3945 1512 4002 nequaquam
1543 3932 1696 3986 nobis
1720 3947 1751 3985 a
1780 3940 2006 3987 venturo
2027 3930 2169 4001 judi-

583 4032 648 4075 ce
675 4019 779 4076 hoc
808 4020 969 4090 objici
990 4029 1137 4076 certe
1163 4036 1463 4089 speramus,
1486 4021 1623 4075 bene
1651 4021 1932 4076 subditur:

960 4110 1187 4165 CAPUT
1225 4111 1321 4165 XX
1350 4111 1497 4183 [Rea
1531 4111 1786 4182 XVIII].

654 4196 782 4255 Isin.
803 4229 876 4242 —-
898 4197 1022 4254 Non
1050 4211 1368 4270 computetur
1396 4202 1451 4254 in
1479 4202 1656 4256 diebus
1686 4204 1833 4272 anni,
1864 4220 1956 4258 nec
1988 4221 2167 4259 nume-

585 4297 727 4343 retur
754 4290 809 4343 in
829 4289 1107 4344 mensibus.

654 4382 741 4435 57.
770 4381 1053 4454 Rogandus
1074 4381 1215 4435 Deus
1237 4400 1301 4437 ne
1322 4383 1461 4436 mala
1481 4399 1593 4453 qua:
1612 4384 1879 4454 gessimus,
1903 4386 1953 4438 in
1968 4386 2166 4455 judicio

584 4472 732 4531 nobis
787 4473 1119 4545 objiciuntur.
1167 4504 1239 4515 —
1286 4474 1697 4530 llluminationis
1736 4484 1931 4531 nostra:
1995 4494 2168 4532 annus

584 4576 716 4624 tunc
741 4566 1035 4638 perlicitur,
1068 4568 1285 4636 quando
1305 4576 1599 4638 apparente
1617 4576 1821 4624 :eterno
1837 4571 2018 4638 judice
2038 4587 2165 4625 san-

2276 3297 2490 3344 noctem
2521 3302 2639 3341 esse
2668 3286 2958 3340 solitariam
2991 3288 3189 3352 noluit;
3215 3288 3337 3357 quia
3362 3287 3485 3341 dum
3516 3289 3859 3357 requisitions

2276 3380 2341 3433 ad
2367 3379 2733 3449 pmnitentiam
2762 3386 3063 3443 vocaretur,
3097 3377 3145 3430 ei
3187 3377 3509 3433 adminicula
3569 3382 3860 3436 excusatio-

2276 3471 2360 3525 nis
2389 3470 2650 3538 adjunxit,
2674 3470 2857 3524 dicens
2890 3488 2901 3521 :
2933 3468 3145 3536 Mulier,
3176 3487 3325 3540 quant
3357 3472 3545 3525 dedisti
3578 3470 3604 3511 δ
3635 3474 3761 3527 mihi
3787 3491 3862 3528 so-

2277 3562 2431 3629 ciant,
2464 3562 2603 3614 dedit
2634 3561 2758 3613 mihi
2790 3560 2852 3613 de
2884 3561 3045 3629 ligno,
3073 3568 3121 3613 et
3150 3561 3344 3613 comedi
3377 3559 3585 3625 (Genes.
3620 3577 3697 3627 nt,
3736 3562 3857 3633 12);

2274 3652 2481 3709 scilicet
2509 3667 2758 3706 excessus
2786 3653 2867 3705 sui
2895 3652 3078 3705 vitium
3107 3652 3159 3706 in
3193 3660 3460 3705 auctorem
3508 3653 3740 3707 latenter
3772 3655 3860 3709 in-

2277 3754 2533 3814 torquens
2552 3788 2565 3807 ,
2599 3760 2661 3799 ac
2693 3744 2736 3798 si
2766 3744 2968 3798 diceret
2994 3762 3005 3795 :
3040 3743 3119 3797 Tu
3148 3744 3482 3799 occasionem
3510 3744 3859 3814 delinquendi

2274 3836 2570 3907 prtebuisti,
2595 3836 2689 3904 qui
2718 3835 3002 3889 mulierem
3031 3835 3244 3890 dedisti.
3284 3835 3417 3891 Hinc
3448 3845 3552 3904 est,
3583 3839 3730 3907 quod
3760 3841 3858 3893 hu-

2268 3929 2358 3999 jus
2389 3930 2588 3985 erroris
2614 3945 2795 3983 ramus
2823 3928 2875 3982 in
2898 3928 3131 3983 humano
3160 3943 3357 3996 genere
3384 3946 3450 3983 ex
3480 3931 3569 3985 illa
3606 3947 3747 3988 nunc
3767 3949 3857 3988 us-

2274 4036 2379 4091 que
2424 4022 2605 4075 radice
2665 4021 2821 4089 320
2850 4022 3203 4089 protrahitur,
3236 4030 3294 4075 ut
3322 4023 3465 4091 quod
3497 4025 3636 4079 male
3664 4026 3852 4093 agitur,

2274 4113 2447 4167 adhuc
2477 4113 2638 4167 etiam
2670 4112 3005 4167 defendatur.
3033 4114 3181 4168 Dicat
3208 4129 3334 4182 ergo
3360 4134 3372 4167 :
3408 4115 3489 4169 Sit
3516 4135 3619 4171 no.1:
3647 4119 3737 4170 illa
3768 4136 3854 4173 so-

2274 4207 2475 4271 litaria,
2508 4222 2599 4258 nec
2624 4206 2776 4259 laude
2806 4207 2983 4277 digna.
3018 4207 3093 4261 Ac
3121 4208 3164 4261 si
3193 4217 3375 4276 aperte
3399 4221 3602 4274 exoret,
3634 4212 3812 4267 dicens
3838 4233 3851 4267 :

2274 4296 2460 4368 Culpa,
2495 4314 2653 4370 quam
2684 4298 2927 4363 fecimus,
2958 4300 3074 4354 sola
3104 4311 3402 4367 remaneat,
3435 4318 3501 4356 ne
3524 4304 3647 4358 dum
3678 4305 3853 4357 lauda-

2224 4462 2229 4465 μ
2275 4396 2365 4443 tur
2395 4398 2448 4443 et
2489 4388 2814 4456 defenditur,
2864 4392 2917 4443 in
2966 4400 3258 4461 conspectu
3309 4408 3406 4448 nos
3465 4396 3631 4449 nostri
3665 4396 3855 4463 judicis

2271 4478 2617 4547 multiplicius
2637 4480 2916 4547 astringat.
2935 4480 3164 4536 Peccare
3186 4482 3398 4552 quidem
3422 4499 3526 4538 non
3544 4484 3851 4552 debuimus;

2272 4568 2367 4622 sed
2391 4568 2597 4621 utinam
2620 4569 2725 4623 alia
2756 4586 2862 4624 non
2893 4569 3198 4639 jungentes,
3245 4574 3331 4627 vel
3370 4589 3432 4628 ea
3472 4589 3591 4643 qua:
3619 4575 3841 4633 fecimus

581 4667 685 4713 ctae
737 4657 1006 4725 Ecclesiae,
1052 4658 1501 4729 peregrinationis
1543 4676 1652 4715 sua:
1699 4662 1807 4716 vita
1845 4663 2161 4733 completur.
2196 4632 2245 4692 ί)
2272 4658 2387 4713 sola
2417 4658 2747 4715 deseramus.

584 4750 737 4805 Tunc
757 4750 955 4806 laboris
984 4749 1067 4805 sui
1090 4751 1580 4807 remunerationem
1607 4753 1815 4823 recipit,
1840 4769 1959 4808 cum
1986 4754 2171 4823 exple-

585 4848 645 4894 to
669 4839 925 4895 hoc'belli
971 4849 1231 4911 tempore,
1282 4841 1349 4897 ad
1395 4843 1619 4911 patriam
1663 4844 1820 4898 redit.
1854 4842 2006 4899 Unde
2032 4846 2171 4900 bene

584 4943 684 4999 per
714 4928 1035 4999 PrOphetam
1063 4931 1257 4985 dicitur
1289 4949 1301 4985 :
1335 4930 1611 4987 Benedices
1641 4949 1846 4989 curante
1875 4936 1997 4988 anni
2028 4934 2170 4989 beni-

587 5022 803 5093 gnitatis
838 5031 937 5077 tua:
967 5022 1138 5093 (Prol.
1171 5040 1312 5091 Lxrv,
1342 5024 1451 5097 η).
1482 5026 1644 5093 Quasi
1673 5026 1814 5080 enim
1845 5041 2044 5081 corona
2074 5042 2171 5081 an-

587 5109 1020 5177 nibenedieitur,
1050 5128 1171 5167 cum
1194 5112 1341 5168 linito
1380 5114 1579 5169 laboris
1613 5125 1874 5182 tempore,
1908 5115 2167 5169 virtutum

587 5201 952 5257 remuneratio
999 5202 1291 5259 confertur.
1336 5204 1463 5259 Dies
1498 5219 1630 5259 vero
1673 5204 1830 5274 hujus
1873 5206 2001 5259 anni
2042 5215 2168 5261 sunt

582 5294 806 5364 singula:
834 5310 1059 5366 quaeque
1083 5295 1338 5362 virtutes;
1385 5312 1597 5352 menses
1638 5306 1817 5353 autem
1855 5300 2170 5370 multiplicia

581 5383 724 5441 facta
751 5384 1029 5442 virtutum.
1060 5385 1166 5442 Sed
1194 5402 1321 5443 ecce
1344 5403 1465 5443 cum
1488 5402 1585 5457 per
1610 5386 1854 5443 fiduciam
1880 5405 2031 5445 mens
2058 5391 2167 5445 eri-

583 5474 754 5544 gitur,
788 5482 849 5531 ut
892 5485 1072 5546 speret
1114 5478 1258 5546 quod
1297 5478 1549 5533 veniente
1573 5478 1755 5547 judice
1783 5480 1849 5535 de
1876 5480 2164 5537 virtutibus

582 5576 979 5645 remuneretur,
995 5579 1283 5628 occurrunt
1294 5571 1409 5640 ejus
1425 5574 1697 5628 memoria:
1714 5574 1874 5629 etiam
1892 5576 2028 5631 mala
2042 5592 2161 5647 qua:

581 5658 777 5726 gessit;
808 5666 864 5714 et
884 5660 1038 5715 valde
1064 5660 1335 5729 formidat,
1364 5678 1433 5719 ne
1454 5664 1728 5721 districtus
1762 5667 1930 5736 judex
1950 5669 2041 5739 qui
2068 5685 2162 5725 ve-

657 5778 683 5806 ⁸
742 5768 882 5828 Utic.
962 5780 1019 5828 et
1071 5772 1163 5829 alii
1233 5776 1453 5849 Norm.,
1524 5788 1641 5835 tunc
1717 5783 1949 5854 inquisiti
2012 5788 2160 5843 nolu-

2347 4748 2435 4803 40.
2480 4749 2695 4821 Culpam
2738 4770 2886 4807 suam
2927 4757 3171 4809 veraciter
3197 4757 3500 4829 insequitur,
3529 4762 3615 4832 qui
3642 4780 3857 4833 prospe—

2273 4842 2477 4896 rilatem
2506 4846 2681 4898 διεθηιὶ
2704 4848 2890 4899 calcat.
2923 4878 2991 4888 —
3010 4848 3113 4903 Sed
3142 4850 3283 4904 inter
3310 4852 3422 4906 haec
3449 4853 3721 4908 sciendum
3752 4866 3855 4925 est,

2276 4932 2400 5000 quia
2416 4934 2503 4988 ille
2516 4936 2730 5006 culpam
2754 4954 2905 4992 suam
2926 4943 3193 4997 veraciter
3214 4943 3530 5013 insequitur,
3558 4948 3645 5014 qui
3661 4947 3771 5015 jam
3789 4951 3857 5003 ad

2275 5038 2512 5079 amorem
2541 5030 2817 5094 prtesentis
2838 5032 3015 5085 smculi
3036 5034 3182 5087 nullo
3206 5035 3449 5103 appetitu
3479 5038 3856 5105 prosperitatis

2274 5112 2586 5184 instigatur;
2622 5120 2710 5186 qui
2744 5120 2901 5189 hujus
2942 5124 3123 5176 mundi
3154 5124 3514 5179 blandimenta
3557 5142 3718 5195 quam
3749 5131 3860 5185 sint

2272 5203 2609 5260 fraudulenta
2658 5211 2979 5277 considerat,
3024 5212 3337 5283 favoresque
3363 5214 3478 5283 ejus
3506 5219 3656 5284 quasi
3687 5234 3851 5286 quas-

2272 5292 2393 5348 dam
2424 5299 2824 5365 persecutiones
2863 5310 3070 5371 pensat.
3109 5302 3260 5358 Unde
3290 5312 3345 5359 et
3390 5305 3529 5359 bene
3557 5307 3806 5363 subditur
3837 5329 3851 5363 :

2667 5409 2897 5467 CAPUT
2936 5412 3077 5468 XXII
3108 5415 3256 5487 [Rec.
3288 5416 3437 5487 XX].

2340 5500 2502 5556 Vsus.
2549 5502 2602 5556 8.
2632 5534 2703 5545 —
2729 5506 3044 5562 Maledieant
3064 5512 3130 5574 ei,
3170 5513 3256 5579 qui
3284 5513 3597 5567 maledicunt
3622 5516 3744 5571 diei.

2338 5588 2425 5642 41.
2463 5590 2773 5650 Transactas
2802 5599 2979 5669 culpas
3009 5603 3153 5670 punit
3192 5604 3277 5672 qui
3314 5606 3596 5659 seductoris
3634 5608 3853 5665 insidias

2267 5681 2319 5735 in
2352 5681 2464 5749 ipsa
2487 5690 2811 5755 suggestione
2825 5690 3174 5758 deprehendit.
3193 5727 3263 5737 —
3283 5694 3361 5750 Ac
3388 5696 3431 5750 si
3459 5706 3645 5765 aperte
3665 5697 3808 5753 dicat
3831 5716 3845 5751 :

2339 5813 2512 5903 ILIXOD
2540 5819 2751 5903 legitur,
2781 5825 2907 5878 nti/ti
2926 5829 3138 5896 sociant,
3170 5831 3222 5887 in
3244 5832 3403 5889 Corb.
3455 5834 3660 5903 Germ.,
3686 5834 3847 5894 Vind.

2268 5894 2322 5939 et
2346 5888 2511 5955 antiq.
2547 5888 2734 5944 Rheni.
