4180 6450
355 448 459 509 657

1286 441 1639 503 MORALIUM
1680 444 1805 501 LIB.
1850 440 1936 497 IV.
1962 441 2126 500 -ΙΝ
2164 442 2316 500 CAP.
2354 445 2417 502 Ill
2460 446 2518 502 Β.
2559 445 2700 505 .IOB.

3501 442 3607 511 658

348 560 430 616 illi
460 558 617 628 hujus
645 556 819 612 noctis
846 555 1094 612 tenebras
1114 569 1239 612 vere
1262 556 1572 627 paenitendo
1600 556 1816 625 feriant,
1837 553 1929 625 qui
1952 558 2009 617 Α
2033 555 2179 624 quod
2201 556 2305 611 alia
2333 558 2460 613 vitia
2488 560 2705 631 subigit,
2736 560 2855 618 aliis
2882 560 3199 632 reluctatur,
3228 554 3516 634 aliquando
3542 563 3615 621 de

342 653 457 723 jam
488 651 663 706 lucem
691 650 1061 720 prosperitatis
1108 650 1286 705 saeculi
1312 650 1669 719 dcspicientes
1696 650 1921 705 calcant.

346 744 404 801 Si
426 744 568 799 enim
598 743 740 798 diem
767 742 1005 797 laetitiam
1028 742 1397 800 delectationis
1428 743 1740 813 accipimus,
1781 751 1929 799 recte

346 836 415 892 de
453 836 557 890 hac
600 842 760 889 nocte
805 833 998 890 dicitur
1031 850 1043 889 :
1082 834 1404 888 Maledicant
1430 838 1476 888 ei
1504 835 1589 905 qui
1617 832 1928 887 maledicunt

347 927 481 991 diei;
504 924 631 996 quia
667 924 919 979 nimirum
948 925 1025 979 illi
1062 926 1328 980 veraciter
1371 924 1511 979 mala
1543 932 1811 979 transacta
1832 938 1930 994 per

346 1017 865 1074 animadversionem
901 1017 1230 1087 poenitentia:
1268 1017 1565 1084 corrigunt,
1594 1016 1684 1086 qui
1708 1013 1927 1085 jam‘ad

345 1111 486 1166 bona
515 1109 753 1163 fallentia
775 1110 918 1163 nulla
939 1109 1296 1165 delectatione
1316 1108 1615 1177 rapiuntur.
1641 1106 1772 1160 Nam
1793 1120 1929 1175 quos

347 1202 521 1257 adhuc
540 1201 703 1255 noxia
724 1201 828 1255 alia
858 1200 1147 1265 delectant,
1171 1200 1364 1254 falsum
1390 1208 1474 1253 est
1501 1197 1645 1267 quod
1665 1198 1925 1265 cernitur,

345 1294 470 1364 quia
500 1300 808 1363 perpetrata
835 1293 939 1347 alia
966 1291 1266 1362 deplorant.
1299 1291 1356 1347 Si
1386 1299 1564 1347 autem
1585 1332 1599 1358 ,
1630 1300 1657 1328 ι
1681 1298 1741 1344 ut
1767 1304 1927 1360 supra

345 1382 544 1439 dictum
561 1391 662 1449 est,
686 1383 1079 1452 suggestionem
1102 1382 1348 1436 callidam
1372 1382 1576 1450 antiqui
1596 1380 1766 1435 hostis
1787 1379 1927 1434 acci-

344 1477 540 1547 pimus,
586 1478 662 1532 illi
690 1477 1012 1533 maledicere
1040 1486 1256 1533 noctem
1286 1475 1616 1544 intelligendi
1661 1482 1805 1540 sunt,
1836 1474 1928 1544 qui

344 1567 450 1622 diei
481 1568 829 1635 maledicunt;
884 1568 1007 1637 quia
1048 1567 1255 1623 scilicet
1305 1566 1381 1620 illi
1410 1574 1710 1621 transactas
1738 1563 1925 1633 culpas

345 1674 476 1715 vere
505 1659 750 1728 puniunt,
772 1659 864 1728 qui
892 1658 1111 1726 maligni
1135 1657 1435 1711 seductoris
1474 1656 1693 1710 insidias
1732 1655 1788 1708 in
1813 1654 1927 1723 ipsa

344 1748 539 1804 blanda
565 1749 905 1818 suggestione
923 1748 1351 1819 deprehendunt.
1374 1746 1519 1803 Bene
1537 1756 1717 1802 autem
1746 1745 1929 1802 subdi-

344 1846 431 1895 tur
459 1858 473 1896 ζ

518 1933 746 1989 CAPUT
785 1932 950 1987 XXIII
982 1931 1125 2004 [γει.
1156 1929 1374 1996 XXIV,
1408 1929 1532 1984 Rec.
1562 1928 1747 2001 XXI].

412 2023 537 2078 inm.
564 2056 638 2066 —
666 2021 764 2087 Qui
793 2024 963 2091 parati
991 2030 1109 2076 sunt
1136 2022 1383 2075 suscitare
1407 2020 1708 2075 Leviathan.

411 2112 501 2169 42.
536 2112 812 2167 Diabolum
834 2123 1013 2167 contra
1051 2130 1106 2167 se
1134 2114 1405 2177 suscitant,
1435 2113 1522 2183 qui
1550 2112 1659 2182 ejus
1687 2112 1927 2182 tyranni—

341 2203 457 2257 dem
486 2204 790 2275 despiciunt.
823 2236 894 2245 —
917 2203 1115 2259 Omnes
1138 2204 1311 2269 enim,
1340 2204 1432 2272 qui
1468 2219 1532 2258 ea
1579 2219 1698 2272 qua:
1743 2202 1927 2257 mundi

341 2303 468 2350 sunt
523 2304 704 2350 mente
750 2295 993 2361 calcant,
1050 2302 1106 2349 et
1157 2310 1221 2349 ea
1270 2309 1389 2363 quae
1451 2294 1546 2349 Dei
1591 2303 1716 2349 sunt
1769 2294 1928 2364 plena

342 2384 640 2441 intentione
703 2385 1043 2450 desiderant,
1111 2384 1408 2439 Leviathan
1455 2392 1641 2439 contra
1697 2398 1755 2437 se
1812 2398 1929 2438 sus-

344 2476 533 2541 citant,
568 2478 693 2547 quia
719 2476 835 2547 ejus
862 2476 1118 2531 malitiam
1141 2476 1488 2545 instigatione
1508 2491 1617 2531 sum
1639 2490 1930 2532 conversa-

342 2570 507 2626 tionis
552 2568 906 2625 inllammant.
960 2569 1095 2624 Nam
1133 2570 1224 2639 qui
1266 2569 1383 2639 ejus
1410 2569 1673 2625 voluntati
1702 2567 1929 2638 subjecti

342 2671 487 2728 sunt,
518 2663 671 2732 quasi
700 2664 885 2732 quieto
914 2663 981 2717 ab
1004 2662 1095 2717 illo
1111 2663 1233 2732 jure
1260 2662 1622 2731 possidentur,
1653 2670 1709 2716 et
1736 2676 1927 2732 super-

341 2755 443 2812 bus
468 2771 655 2811 eorum
683 2769 779 2810 rex
807 2755 959 2825 quasi
1005 2753 1235 2823 quadam
1280 2754 1571 2809 securitate
1616 2751 1926 2823 perfruitur,

343 2848 468 2903 dum
493 2862 679 2903 eorum
702 2847 953 2902 cordibus
974 2846 1289 2902 inconcussa
1316 2853 1585 2916 potestate
1605 2846 1927 2900 dominatur.

343 2939 448 2996 Sed
475 2956 598 2996 cum
626 2938 1042 3009 uniuscujusque
1070 2939 1288 3010 spiritus
1308 2938 1376 2992 ad
1399 2936 1696 2993 conditoris
1723 2936 1806 2991 sui
1831 2935 1930 2991 de-

344 3030 603 3086 siderium
630 3030 937 3099 recalescit,
967 3046 1090 3085 cum
1111 3038 1387 3100 torporem
1410 3027 1745 3098 negligentia:
1775 3026 1932 3082 dese-

344 3124 431 3189 rit,
458 3132 511 3178 et
539 3123 702 3193 frigus
728 3123 1150 3179 insensibilitatis
1172 3122 1409 3192 pristinae
1435 3123 1558 3193 igne
1579 3122 1751 3178 sancti
1777 3135 1931 3176 amo-

344 3215 417 3270 ris
448 3215 717 3279 accendit;
749 3230 869 3269 cum
903 3214 1163 3268 libertatis
1192 3214 1441 3283 ingenita:
1469 3212 1733 3278 meminit,
1767 3219 1822 3266 et
1849 3218 1932 3266 te-

345 3306 458 3359 neri
483 3305 549 3359 ab
580 3305 735 3359 hoste
756 3320 940 3360 servus
967 3305 1254 3373 erubescit,
1303 3304 1428 3374 quia
1477 3304 1648 3358 isdem
1674 3302 1843 3358 hostis
1871 3317 1932 3359 se

347 3395 655 3451 considerat
682 3395 916 3465 despici,
963 3397 1089 3465 quia
1138 3396 1252 3451 vias
1281 3396 1377 3451 Dei
1406 3396 1552 3450 videt
1581 3394 1928 3466 apprehendi,

344 3485 489 3541 dolet
525 3495 712 3541 contra
736 3500 795 3540 se
832 3495 1044 3556 captum
1071 3486 1252 3553 reniti,
1282 3494 1336 3541 et
1363 3501 1491 3542 mox
1518 3486 1637 3542 zelo
1663 3486 1918 3542 accendi-

345 3585 451 3642 tur,
480 3594 603 3632 mox
628 3578 694 3632 ad
719 3589 990 3634 certamen
1020 3587 1287 3642 movetur,
1328 3594 1454 3634 mox
1496 3579 1564 3633 ad
1607 3578 1934 3633 tentationes

345 3667 649 3725 innumeras
696 3679 883 3725 contra
928 3671 1279 3725 rebellantem
1322 3678 1557 3725 mentem
1608 3686 1668 3726 se
1710 3669 1932 3735 excitat,

346 3768 509 3829 atque
534 3762 588 3814 in
619 3762 765 3816 omni
793 3769 909 3815 arte
946 3761 1287 3816 lacerationis
1316 3762 1552 3830 instigat,
1587 3770 1646 3816 ut
1674 3761 1936 3817 tentatio-

350 3866 478 3904 num
500 3850 679 3919 jacula
716 3850 1073 3919 intorquendo
1111 3850 1385 3905 confodiat
1413 3867 1531 3916 cor,
1556 3849 1703 3921 quod
1734 3852 1935 3908 dudum

348 3943 532 4013 quieto
554 3942 670 4012 jure
692 3942 1024 4013 possidebat.
1053 3942 1217 4009 Quasi
1238 3942 1541 3999 dormiebat
1562 3943 1777 4014 quippe,
1810 3944 1937 3999 dum

348 4033 558 4102 sopitus
587 4034 642 4088 in
670 4048 837 4105 pravo
882 4032 1045 4088 corde
1087 4033 1391 4103 quiesceret
1424 4051 1437 4087 :
1469 4034 1564 4089 sed
1592 4034 1856 4089 excitatur
1881 4035 1937 4090 in

349 4126 735 4196 provocatione
766 4126 1094 4193 certaminis,
1129 4141 1250 4181 cum
1276 4126 1364 4196 jus
1393 4126 1630 4182 amiserit
1672 4140 1938 4196 perversae

350 4220 752 4276 dominationis.
779 4218 914 4275 Huic
945 4234 1073 4289 ergo
1102 4221 1249 4275 nocti
1278 4219 1623 4288 maledicant,
1648 4219 1739 4290 qui
1764 4219 1937 4290 parati

351 4322 474 4369 sunt
520 4315 778 4369 suscitare
827 4312 1120 4368 Leviathan
1153 4332 1166 4366 :
1200 4313 1253 4368 id
1283 4322 1387 4379 est,
1420 4313 1475 4367 hi
1506 4328 1565 4369 se
1594 4321 1779 4368 contra
1808 4327 1937 4383 pec-

354 4416 528 4461 catum
570 4406 784 4461 fortiter
806 4406 830 4444 δ
860 4406 1059 4476 judicio
1090 4407 1445 4463 districtionis
1474 4406 1706 4476 erigant,
1755 4406 1844 4476 qui
1885 4406 1938 4460 in

354 4500 463 4553 suis
514 4500 902 4555 tentationibus
950 4501 1187 4555 excitare
1245 4500 1524 4568 antiquunm
1578 4497 1940 4553 adversarium

358 4607 464 4645 non
494 4592 799 4646 formidant.
830 4592 1098 4662 Scriptum
1122 4608 1354 4662 namque
1376 4601 1459 4646 est
1486 4609 1497 4643 :
1530 4590 1658 4658 Fili,
1695 4592 1941 4645 accedens

358 4681 427 4736 ad
457 4682 748 4734 servitutem
778 4681 893 4746 Dei,
947 4692 1029 4735 sta
1072 4684 1127 4735 in
1162 4683 1367 4752 justitia
1405 4684 1555 4751 121
1586 4690 1634 4735 et
1663 4684 1861 4746 timore,
1894 4691 1942 4735 et

2031 644 2186 715 culpa
2214 645 2434 715 aliquid,
2462 648 2605 717 quod
2646 658 2824 707 tamen
2850 667 2961 709 non
2988 652 3148 709 valde
3187 660 3401 722 noceat,
3428 656 3623 710 reme;

2029 752 2160 794 nere
2185 739 2532 809 permittitur.

2101 829 2188 884 45.
2231 830 2308 884 0b
2339 832 2679 886 humilitatem
2706 835 2844 889 Deus
2872 836 2993 891 sinit
3016 845 3073 892 ut
3097 839 3185 911 qui
3212 837 3378 894 multa
3404 847 3457 894 et
3481 855 3627 911 gra-

2028 921 2113 974 uia
2138 921 2263 974 vitia
2287 920 2503 992 subegit,
2527 938 2687 976 unum
2713 926 2980 980 minimum
3004 944 3112 984 non
3139 936 3415 1001 expugnet.
3439 956 3513 971 —
3537 926 3611 986 Et

2027 1028 2172 1084 saepe
2199 1029 2381 1081 mens,
2432 1030 2552 1085 quae
2600 1017 2823 1074 adversa
2851 1021 3017 1076 multa
3061 1030 3117 1078 et
3159 1022 3317 1078 fortia
3369 1028 3611 1096 superat,

2029 1121 2194 1160 unum
2215 1106 2270 1161 in
2298 1123 2377 1175 se,
2401 1116 2455 1163 et
2482 1108 2711 1166 fortasse
2730 1113 3029 1180 minimum,
3052 1116 3297 1184 quamvis
3315 1131 3509 1188 magna
3534 1117 3616 1173 in-

2030 1202 2268 1256 tentione
2298 1202 2557 1273 invigilet,
2586 1218 2692 1259 non
2722 1213 3014 1276 expugnat.
3044 1206 3201 1273 Quod
3234 1209 3414 1265 divina
3453 1209 3613 1265 nimi-

2028 1308 2146 1349 rum
2166 1294 2566 1363 dispensatione
2588 1296 2780 1366 agitur,
2804 1313 2874 1352 ne
2897 1312 2964 1353 ex
2984 1299 3129 1353 omni
3153 1308 3306 1368 parte
3329 1300 3617 1357 virtutibus

2027 1385 2335 1455 Splendens,
2367 1386 2422 1439 in
2451 1386 2686 1442 elatione
2728 1389 3069 1455 sublevetur;
3096 1397 3155 1443 ut
3176 1388 3302 1445 dum
3331 1391 3384 1445 in
3412 1406 3472 1446 se
3492 1406 3618 1461 par-

2028 1491 2155 1531 vum
2175 1476 2302 1546 quid
2321 1478 2740 1547 reprehensibile
2759 1480 2925 1547 videt,
2949 1489 3004 1536 et
3023 1488 3204 1536 tamen
3225 1482 3329 1537 hoc
3368 1482 3618 1551 subigere

2029 1580 2138 1620 non
2185 1566 2357 1633 valet,
2409 1582 2748 1639 nequaquam
2783 1569 2916 1635 sibi,
2945 1570 3039 1625 sed
3089 1571 3295 1626 auctori
3332 1570 3617 1627 victoriam

2029 1656 2230 1711 tribuat
2273 1657 2328 1711 in
2366 1658 2449 1714 bis
2478 1673 2597 1727 quae
2636 1660 2887 1731 subigere
2932 1661 3146 1718 fortiter
3168 1662 3332 1720 valet.
3367 1660 3519 1718 Unde
3563 1667 3622 1718 et

2026 1744 2167 1803 bene
2190 1746 2529 1817 subiungitur
2558 1766 2571 1801 :

2390 1839 2616 1896 CAPUT
2654 1840 2815 1897 XXIV
2855 1841 3006 1916 [Rec.
3047 1843 3268 1917 XXII].

1955 1967 2005 2028 Β
2102 1931 2267 1988 Vens.
2300 1933 2352 1986 9.
2375 1963 2449 1975 —--
2469 1932 2881 1988 Obtenebrentur
2908 1935 3074 1991 stellw
3094 1937 3318 2009 caligine
3341 1938 3475 2009 ejus.

2100 2021 2189 2074 44.
2234 2021 2324 2076 Sic
2353 2025 2439 2092 qui
2468 2024 2631 2077 steler
2667 2033 2808 2093 sunt,
2842 2027 3014 2097 aliqua
3062 2029 3283 2098 caligine
3330 2029 3619 2084 obscuran-

2031 2122 2133 2167 tur.
2161 2146 2233 2156 -—
2254 2112 2435 2168 Stellae
2464 2115 2662 2185 quippe
2688 2115 2843 2185 hujus
2870 2117 3046 2172 noctis
3070 2118 3300 2189 caligine
3327 2121 3621 2177 tenebran-

2030 2214 2137 2274 tur,
2163 2206 2377 2277 quando
2399 2216 2455 2263 et
2470 2208 2524 2261 hi
2544 2208 2634 2276 qui
2655 2209 2862 2278 magnis
2874 2209 2985 2278 jam
3004 2210 3290 2267 virtutibus
3310 2211 3617 2283 splendent,

2030 2296 2208 2352 adhuc
2235 2298 2304 2352 de
2331 2298 2664 2354 obscdritate
2706 2300 2876 2369 culpte
2903 2300 3107 2369 aliquid
3130 2303 3428 2359 renitentes
3453 2303 3618 2359 susti-

2029 2395 2179 2453 nent,
2213 2397 2271 2443 ut
2300 2389 2464 2444 etiam
2492 2403 2687 2458 magna
2727 2391 2852 2445 vitm
2898 2391 3145 2449 claritate
3182 2394 3420 2465 luceant,
3451 2403 3508 2451 et
3533 2402 3622 2450 ta-

2029 2495 2155 2535 men
2175 2481 2350 2536 adhuc
2370 2481 2545 2536 noctis
2572 2482 2826 2551 reliquias
2848 2484 3097 2541 nolentes
3117 2486 3351 2542 trahant.
3376 2486 3531 2554 Quod
3550 2485 3625 2543 ad

2029 2570 2152 2638 hoc,
2178 2571 2317 2626 sicut
2343 2570 2546 2627 dictum
2579 2580 2685 2641 est,
2725 2574 2920 2643 agitur,
2952 2583 3012 2629 ut
3038 2591 3190 2631 mens
3225 2576 3514 2647 proficiens
3549 2575 3624 2633 ad

2029 2664 2282 2719 virtutem
2303 2663 2522 2733 justitia:
2567 2680 2700 2734 sure,
2716 2667 2942 2723 'melius
2969 2668 3280 2725 infirmitate
3304 2670 3622 2737 roboretur;

2031 2765 2086 2811 et
2112 2756 2236 2812 inde
2264 2756 2444 2812 verius
2486 2758 2541 2813 in
2584 2758 2741 2813 bonis
2782 2759 2977 2828 luceat,
3012 2760 3155 2816 unde
3183 2776 3303 2817 eam
3330 2762 3493 2816 etiam
3520 2774 3626 2818 no-

2029 2852 2228 2908 lentem
2275 2867 2440 2923 parva
2486 2854 2926 2923 reprehensibilia
2972 2855 3247 2911 humiliter
3302 2855 3617 2912 obscurant.

2037 2944 2192 2999 Unde
2219 2952 2276 2999 et
2318 2944 2458 3000 bene
2486 2960 2609 3000 cum
2660 2945 2957 3003 lsraelitico
3001 2946 3220 3018 populo,
3252 2954 3511 3017 percepta
3535 2960 3629 3002 re-

2031 3034 2405 3106 promissionis
2449 3044 2623 3103 terra,
2669 3038 2981 3107 partiretur,
3015 3036 3269 3108 prraim
3298 3037 3459 3093 tribui
3478 3035 3628 3092 Cha-

2033 3141 2250 3181 nanzeus
2277 3126 2491 3196 gentilis
2519 3127 2752 3197 populus
2781 3144 2889 3184 non
2919 3128 3150 3197 occisus,
3179 3128 3275 3184 sed
3309 3127 3484 3183 factus
3527 3124 3628 3182 tri-

2032 3216 2277 3273 butarius
2302 3217 2515 3284 dicitur,
2563 3218 2704 3273 sicut
2751 3218 3011 3289 scriptum
3037 3228 3121 3275 est
3152 3238 3163 3271 :
3198 3218 3464 3273 Habitavit
3492 3216 3630 3272 Cha-

2035 3322 2248 3361 nanwus
2289 3306 2344 3359 in
2382 3307 2551 3362 medio
2572 3305 2827 3378 Ephraim
2869 3307 3171 3363 tributarius
3198 3308 3333 3380 (los.
3370 3322 3479 3374 xvr,
3508 3306 3627 3378 10).

2037 3397 2176 3464 Quid
2199 3397 2343 3452 enim
2365 3396 2724 3466 Chananaeus,
2747 3399 2966 3469 gentilis
2986 3399 3236 3455 videlicet
3249 3398 3499 3470 populus,
3522 3397 3630 3455 nisi

2036 3489 2226 3544 vitium
2256 3489 2556 3560 signiﬁcat?
2585 3490 2649 3545 Et
2687 3506 2829 3563 saepe
2871 3493 3081 3562 magnis
3114 3492 3400 3549 virtutibus
3427 3500 3632 3548 terram

2034 3585 2477 3655 repromissionis
2507 3586 2858 3656 ingredimur,
2884 3588 3011 3658 quia
3037 3602 3133 3658 spe
3152 3588 3339 3643 intima
3362 3587 3431 3643 de
3462 3594 3631 3642 teter-

2037 3678 2205 3733 nitate
2232 3679 2569 3734 roboramur.
2607 3679 2752 3751 [Ven
2775 3679 2880 3733 XX
2892 3679 2979 3751 V.]
3008 3679 3114 3736 Sed
3140 3680 3266 3735 dum
3288 3677 3316 3717 ά
3345 3679 3485 3736 inter
3504 3685 3628 3736 acta

2037 3767 2310 3834 sublimia,
2344 3768 2471 3822 vitia
2497 3768 2741 3838 quaedam
2768 3784 2936 3839 parva
2963 3770 3276 3835 retinemus,
3301 3770 3452 3838 quasi
3480 3767 3630 3825 Chao

2038 3874 2285 3914 nanazum
2314 3859 2497 3914 vivere
2543 3860 2597 3913 in
2625 3868 2771 3914 terra
2798 3870 2981 3916 nostra
3009 3860 3370 3917 concedimus.
3402 3858 3506 3926 Qui
3547 3866 3634 3915 ta-

2038 3965 2162 4005 men
2201 3960 2225 3987 °
2259 3949 2573 4004 tributarius
2620 3949 2871 4016 efﬁcitur,
2912 3952 3037 4022 quia
3075 3951 3181 4007 hoc
3218 3951 3393 4022 ipsum
3420 3949 3630 4018 vitium,

2039 4041 2181 4111 quod
2217 4040 2465 4110 subigere
2495 4057 2603 4098 non
2632 4057 2937 4113 possumus,
2979 4043 3047 4099 ad
3075 4058 3234 4100 usum
3259 4051 3459 4101 nostra:
3483 4041 3633 4099 utili-

2039 4133 2164 4187 tatis
2212 4132 2487 4188 humiliter
2511 4140 2916 4203 retorquemus;
2961 4143 3022 4191 ut
3048 4150 3116 4191 eo
3142 4135 3211 4192 de
3237 4149 3296 4192 se
3321 4149 3475 4191 mens
3497 4141 3554 4191 et
3571 4131 3631 4190 in

2039 4223 2264 4281 summis
2286 4223 2411 4278 vilia
2456 4225 2671 4291 sentiat,
2719 4240 2827 4295 quo
2872 4227 2983 4283 suis
3020 4226 3225 4284 viribus
3268 4226 3433 4283 etiam
3461 4238 3631 4297 parva

2040 4333 2157 4388 qua:
2181 4317 2402 4387 appetit,
2444 4333 2553 4373 non
2582 4326 2870 4387 expugnat.
2903 4316 3055 4375 Unde
3081 4320 3219 4376 bene
3244 4335 3458 4377 rursum
3485 4319 3629 4375 scri-

2040 4416 2192 4478 ptum
2218 4415 2301 4463 est
2326 4425 2338 4459 :
2365 4406 2466 4461 Ha:
2504 4417 2623 4461 sunt
2651 4418 2824 4478 gentes
2850 4426 2978 4482 quas
3026 4409 3282 4466 Dominus
3334 4409 3631 4478 dereliquit,

2040 4508 2097 4553 ut
2120 4501 2344 4553 erudiret
2366 4501 2420 4553 in
2449 4501 2522 4554 eis
2563 4498 2813 4555 Israelem
2839 4501 2983 4572 (Jud.
3015 4519 3093 4572 III,
3116 4503 3193 4573 1).
3227 4501 3309 4556 Ad
3336 4501 3443 4557 hoc
3469 4515 3627 4555 nam-

2040 4605 2146 4659 que
2175 4591 2420 4659 qutedam
2450 4591 2671 4645 minima
2699 4592 2830 4646 vitia
2860 4601 3041 4648 nostra
3078 4592 3398 4657 retinentur,
3422 4597 3482 4645 ut
3507 4602 3631 4646 sese

2046 4690 2232 4735 nostra
2262 4681 2488 4736 intentio
2515 4680 2800 4736 sollicitam
2831 4682 2883 4735 in
2914 4680 3210 4736 certamine
3239 4692 3453 4749 semper
3480 4692 3633 4734 exer-

360 4789 599 4844 prwpara
646 4774 875 4826 animum
922 4782 1062 4826 tuam
1094 4775 1159 4826 ad
1192 4775 1521 4827 tentationem
1555 4773 1740 4844 (Eccli.
1775 4792 1829 4841 II,
1863 4775 1937 4844 1).
1973 4744 2023 4804 D
2047 4782 2195 4840 ceat;
2224 4781 2281 4827 et
2318 4787 2385 4829 eo
2414 4773 2480 4828 de
2504 4773 2730 4828 victoria
2761 4788 2867 4826 non
2896 4772 3192 4841 superbiat,
3231 4786 3339 4841 quo
3365 4770 3548 4826 vivere
3574 4770 3632 4826 in

361 4864 611 4935 Quisquis
657 4866 798 4920 enim
850 4865 1054 4933 accingi
1098 4864 1152 4918 in
1193 4865 1374 4919 divino
1415 4865 1633 4919 servitio
1665 4876 1937 4936 properat,

361 4958 490 5026 quid
520 4956 685 5021 aliud,
717 4972 875 5026 quam
906 4972 964 5011 se
994 4963 1181 5011 contra
1208 4956 1412 5024 antiqui
1443 4955 1732 5011 adversarii
1764 4968 1940 5012 certa-

364 5066 486 5105 men
518 5058 695 5120 parat,
728 5058 788 5103 ut
816 5050 951 5103 liber
980 5048 1033 5103 in
1060 5049 1357 5102 certamine
1388 5047 1525 5100 ictus
1554 5047 1826 5116 suscipiat,
1853 5048 1943 5118 qui

364 5143 579 5211 quietus
611 5153 633 5181 ε
661 5141 760 5198 sub
790 5140 1075 5211 tyrannide
1095 5140 1146 5193 in
1175 5139 1484 5208 captivitate
1514 5138 1815 5193 serviebat?
1838 5138 1945 5194 Sed

307 5271 317 5277 -
365 5233 421 5289 in
448 5249 515 5290 eo
555 5234 693 5304 ipso,
745 5231 889 5304 quod
941 5246 1093 5287 mens
1136 5237 1325 5286 contra
1381 5230 1591 5285 hostem
1626 5231 1939 5300 accingitur,

440 5378 465 5406 α
495 5367 676 5434 Antiq.
702 5366 864 5421 Edim
902 5366 961 5423 Si
982 5375 1151 5421 autem
1166 5374 1213 5419 et
1234 5365 1584 5434 supradictam
1606 5364 1761 5422 diem.
1787 5363 1945 5433 Pejus

368 5439 509 5510 apud
539 5439 720 5510 Coccq
755 5438 949 5503 Vatia,
981 5438 1167 5510 Gilot.,
1192 5435 1371 5510 G_uss.,
1396 5436 1589 5503 legitur
1605 5445 1801 5510 noctem
1825 5454 1947 5507 sug-

403 5506 495 5564 est.
527 5508 735 5575 Quippe
777 5519 991 5564 sanctus
1030 5506 1345 5576 Gregorius,
1397 5513 1503 5559 tam
1543 5523 1688 5561 num.
1725 5507 1753 5559 7
1783 5506 1944 5575 quam

403 5528 495 5564 881.
527 5528 735 5575 umppe
777 5528 991 5564 SHIICIUS
1030 5528 1345 5576 uregorlus,
1398 5528 1503 5559 ιὶιιιι
1543 5528 1688 5561 1111111.
1733 5528 1749 5559 l
1783 5528 1940 5575 quam

368 5528 457 5642 ἕλε,
491 5588 546 5633 et
574 5578 717 5641 alibi,
751 5595 845 5647 per
875 5581 1014 5634 diem
1044 5577 1289 5646 intelligit
1316 5579 1710 5645 suggestionem
1740 5577 1940 5631 diaboli

370 5666 432 5706 ac
462 5650 668 5720 peccati
698 5648 1108 5703 delectationem
1147 5650 1212 5701 ab
1260 5651 1374 5720 ipso
1406 5648 1791 5720 ministratam;
1824 5664 1951 5702 nus-

2045 4878 2105 4919 se
2149 4863 2336 4918 hostes
2374 4863 2654 4933 conspicit,
2696 4878 2726 4915 a
2750 4863 2941 4929 quibus
2984 4860 3161 4915 adhuc
3184 4860 3327 4917 vinci
3353 4859 3629 4917 formidat.
3674 4858 3679 4863 ’

2046 4954 2209 5009 Israel
2250 4970 2380 5023 ergo
2421 4954 2708 5009 reservatis
2747 4952 2993 5023 gentibus
3020 4954 3294 5024 eruditur,
3333 4953 3547 5025 quando
3575 4953 3635 5009 in

2048 5050 2362 5118 quibusdam
2394 5051 2627 5104 minimis
2648 5050 2792 5106 vitiis
2824 5050 2992 5127 elatio
3013 5050 3223 5107 virtutis
3252 5061 3449 5109 nostra:
3476 5066 3631 5108 com-

2045 5141 2311 5212 primitur,
2336 5150 2391 5196 et
2417 5143 2470 5196 in
2499 5143 2677 5212 parvis
2703 5144 2802 5198 sibi
2824 5144 3198 5201 resistentibus
3218 5144 3397 5211 discit,
3429 5143 3448 5184 τ
3483 5142 3632 5215 quod

2048 5245 2117 5287 ex
2145 5246 2203 5286 se
2224 5232 2429 5302 majora
2458 5249 2565 5288 non
2593 5233 2809 5303 subigit.

2050 5381 2080 5420 a
2126 5381 2405 5421 consensu.
2466 5367 2730 5422 Caeterum
2778 5376 2959 5424 nostra
3002 5368 3127 5426 lect.
3172 5377 3254 5425 est
3292 5366 3417 5422 Mss.
3465 5364 3630 5420 Corb.

2051 5435 2256 5498 Germ.,
2290 5439 2457 5507 antiq.
2493 5438 2709 5504 Rhem,
2741 5439 2966 5495 duorum
2996 5439 3228 5507 Remig.,
3255 5436 3480 5501 Turon.,
3515 5434 3635 5490 Vin-

2050 5507 2213 5579 doc.,f
2232 5508 2438 5579 Norm._.
2470 5510 2533 5562 ad
2559 5524 2693 5579 quos
2721 5509 2981 5565 accedunt
3006 5507 3286 5579 Vct._Edit.

2124 5578 2149 5617 ιι
2179 5577 2365 5651 βὶιοιη
2391 5576 2591 5651 Velie,
2618 5579 2903 5645 Gussauv.,
2949 5590 3070 5651 post
3107 5577 3294 5643 Cocc.,
3318 5578 3383 5651 _in
3406 5576 3631 5647 judicio.

2130 5661 2150 5687 ε
2183 5648 2258 5703 ita
2280 5650 2439 5703 Corb.
2491 5650 2674 5706 Germ.
2708 5660 2762 5705 et
2789 5648 2975 5704 omnes
3006 5649 3130 5705 Mss.
3164 5648 3363 5715 nostri,
3388 5661 3525 5717 quos
3550 5662 3637 5703 sc-

369 5718 529 5790 qualn
552 5735 680 5773 vero
708 5735 803 5789 per
832 5730 1072 5785 noctem,
1124 5734 1226 5786 qua
1256 5718 1368 5791 vult
1412 5718 1696 5791 significari
1725 5734 1953 5791 consen-
2054 5730 2293 5791 quunlur
2324 5728 2429 5774 vet.
2465 5719 2604 5774 Edit.
2636 5722 2765 5775 Alia:
2787 5723 3004 5791 habent,
3033 5720 3124 5791 sub
3158 5728 3400 5789 tyranno.

370 5789 485 5846 sum
510 5792 573 5843 ad
604 5799 903 5859 peccatum,
934 5798 987 5843 et
1010 5791 1256 5843 tenebras
1280 5789 1400 5842 inde
1421 5799 1582 5845 ortas.
1611 5789 1728 5854 Quo
1751 5790 1946 5858 posito,

372 5872 761 5929 consequenter
784 5861 869 5914 hic
894 5860 1146 5930 loquitur,
1178 5875 1299 5913 cum
1322 5860 1395 5912 ait
1414 5876 1537 5914 eum
1560 5863 1648 5930 qui
1675 5860 1950 5914 maledicit

375 5932 501 5997 diei,
531 5932 850 5986 maledicere
880 5940 936 5984 et
957 5930 1129 5994 nocti;
1158 5930 1248 5996 qui
1270 5930 1409 5982 cnim
1433 5932 1685 5986 abhorret
1707 5947 1736 5984 a
1760 5943 1951 5998 sugge-

374 6002 552 6060 stione
578 6012 635 6061 et
657 6003 1013 6064 delectatione
1041 5998 1270 6074 peccati,
1305 6001 1473 6057 multo
1504 6002 1671 6073 magis
1696 6000 1950 6059 abhorret

2127 5789 2153 5828 ἀ
2191 5791 2335 5845 Unus
2366 5790 2597 5859 Remig.,
2624 5794 2758 5845 inter
2785 5790 2995 5845 subacta
3024 5789 3284 5844 sublimia.

2054 5872 2150 5987 ΜΘ
2203 5860 2547 5942 Przetuittitur
2598 5862 2745 5915 nobis
2797 5863 2852 5915 in
2894 5860 3019 5934 Ed.,
3060 5875 3167 5934 quo
3219 5866 3410 5920 carent
3449 5873 3642 5921 omnes

2108 5948 2179 5987 ss.
2208 5941 2396 5986 llOSll‘l.

2108 5948 2179 5988 ss.
2208 5941 2396 5986 nostri.

2131 6002 2149 6043 ί
2182 6004 2464 6069 Nonnulli,
2498 6002 2633 6075 quod
2660 6003 2713 6058 in
2740 6020 2816 6059 se.
