4180 6462
593 438 698 496 669

582 645 905 703 Dmsicut
934 655 1010 701 est
1037 646 1206 701 sidere
1230 648 1378 703 valet.
1408 680 1480 691 —
1510 650 1622 707 Hoc
1661 661 1839 709 tamen
1867 658 2009 725 quod
2030 657 2161 713 diei-

552 744 668 801 ,tur
692 732 1145 804 :.0btenebrentur
1186 738 1349 793 stella:
1384 741 1604 811 caligine
1650 743 1801 814 ejus;
1857 747 2077 816 intelligi
2107 756 2161 804 et

565 828 738 894 aliter
765 834 962 897 potest.
987 827 1103 885 Nox
1130 831 1329 899 quippe
1355 832 1467 898 illa,
1500 834 1744 889 videlicet
1774 853 2067 895 consensus
2093 840 2160 895 ad

576 918 811 989 culpam.
836 932 959 987 quae
985 916 1052 972 ad
1078 934 1177 973 nos
1206 920 1361 988 primi
1393 925 1632 990 parentis
1662 936 1742 981 est
1779 943 2005 983 excessu
2035 945 2159 997 pro-

553 998 788 1085 pagata,
830 1010 1027 1069 mentis
1051 1019 1249 1065 nostra:
1274 1014 1488 1068 oculqu
1514 1024 1664 1069 tanta
1687 1019 2012 1075 obscuritate
2035 1037 2159 1089 per-

558 1100 727 1167 culit,
758 1108 818 1154 ut
843 1108 867 1135 ιι
898 1100 954 1153 in
985 1100 1142 1168 hujus
1168 1104 1289 1157 vitae
1314 1106 1528 1169 exsilio,
1560 1109 1815 1163 eascitatis
1853 1127 1963 1165 sum
2002 1121 2154 1167 tene-

566 1192 683 1249 bris
711 1208 944 1263 pressus,
972 1197 1308 1263 quantalibet
1335 1199 1386 1252 vi
1415 1201 1735 1254 mteruitatis
1780 1202 1955 1255 lumen
1987 1204 2157 1257 inten-

567 1284 731 1352 derit,
762 1294 1049 1354 penetrare
1106 1306 1211 1343 non
1261 1291 1447 1358 possit.
1491 1290 1621 1347 Post
1664 1308 1875 1362 poenam
1926 1310 2155 1363 namque

566 1374 808 1431 damnati
836 1381 991 1450 123
1016 1389 1333 1449 peccatores
1377 1384 1669 1447 nascimur,
1714 1394 1879 1453 atque
1921 1387 1987 1439 ad
2018 1388 2153 1443 hanc

566 1468 733 1529 vitam
748 1484 872 1523 cum
898 1472 1090 1526 mortis
1114 1483 1312 1526 nostra:
1334 1476 1527 1529 merito
1551 1476 1827 1539 venimus;
1858 1486 2055 1531 etcum
2086 1478 2151 1531 ad

565 1573 811 1627 superna:
860 1560 993 1617 lucis
1034 1562 1243 1617 radium
1292 1566 1460 1619 aciem
1511 1568 1709 1621 mentis
1732 1568 2006 1637 erigimus,
2038 1571 2150 1637 ipsa

564 1652 889 1709 inﬁrmitatis
918 1664 1117 1710 nostra:
1144 1657 1474 1712 obscuritate
1501 1660 1814 1727 caligamus.
1845 1660 1908 1713 Et
1934 1662 2149 1729 quidem

564 1744 719 1798 multi
748 1746 802 1798 in
833 1746 933 1802 hac
960 1745 1269 1803 inﬁrmitate
1298 1750 1476 1804 carnis
1508 1760 1651 1804 tanta
1696 1753 1891 1807 virtute
1912 1756 2149 1810 roborati

562 1844 719 1909 sunt,
737 1846 796 1891 ut
829 1839 1173 1908 resplendere
1202 1840 1403 1897 mundo
1429 1845 1583 1911 quasi
1623 1845 1793 1899 stellae
1824 1846 2144 1914 potuissent.

562 1926 788 1987 Multiin
816 1931 1049 1986 tenebris
1076 1932 1200 1987 vitae
1230 1936 1524 2002 praesentis,
1548 1936 1673 1989 dum
1704 1938 1981 2005 superiora
2002 1938 2069 1993 de
2090 1955 2149 1994 se
2185 1963 2231 2023 Β

561 2018 811 2087 exempla
863 2021 1140 2089 exhibent,
1191 2030 1458 2079 astrorum
1504 2040 1657 2081 more
1710 2028 1891 2081 nobis
1919 2028 2152 2099 desuper

560 2109 772 2177 lucent;
822 2111 917 2166 sed
980 2113 1316 2183 quantalibet
1374 2117 1752 2172 cornscatione
1818 2120 1999 2187 operis
2051 2120 2153 2173 ful-

559 2209 760 2273 geant,
807 2203 1147 2271 quantolibet
1209 2220 1269 2259 se
1308 2206 1429 2272 igne
1472 2210 1907 2275 eompunctionis
1954 2224 2153 2265 accen-

559 2289 719 2355 dant;
744 2291 999 2346 nimirum
1025 2302 1238 2349 constat
1276 2296 1400 2363 quia
1446 2298 1572 2352 dum
1607 2300 1947 2368 corruptibili
1978 2301 2155 2359 adhuc

559 2396 723 2439 carne
749 2385 961 2451 gravati
990 2397 1130 2451 sunt,
1155 2396 1416 2442 aeternum
1444 2389 1644 2457 lumen,
1672 2392 1810 2446 sicut
1836 2402 1938 2457 est,
1968 2393 2153 2448 videre

560 2486 901 2543 nequaquam
923 2484 1168 2543 possunt.
1192 2475 1347 2531 Dicat
1368 2493 1495 2546 ergo
1522 2497 1537 2532 :
1564 2478 1970 2537 Obtenebrentur
1989 2485 2153 2540 stella

556 2564 777 2634 caligine
804 2566 952 2636 ejus;
980 2566 1032 2620 id
1054 2577 1154 2633 est,
1180 2569 1343 2625 etiam
1365 2570 1444 2623 illi
1472 2572 1525 2623 in
1548 2573 2006 2641 contemplatione
2026 2591 2145 2642 sua,

555 2655 792 2725 antiqua:
818 2658 993 2715 noctis
1019 2658 1195 2715 adhuc
1242 2662 1490 2717 tenebras
1539 2664 1796 2730 sentiant,
1846 2666 1914 2719 de
1954 2668 2149 2735 quibus

558 2748 810 2805 nimirum
839 2760 1051 2806 constat
1082 2752 1229 2822 quod
1269 2754 1506 2809 humano
1541 2757 1725 2824 generi
1757 2758 1808 2812 in
1841 2758 1999 2827 hujus
2026 2761 2151 2815 vitae

552 2840 780 2909 caligine
803 2843 1060 2898 virtutum
1088 2861 1304 2900 suarum
1321 2846 1430 2914 jam
1463 2848 1642 2903 radios
1670 2850 1995 2919 expandant,
2020 2852 2145 2922 quia

551 2935 654 2990 etsi
682 2944 863 2994 mente
886 2935 997 3005 jam
1054 2938 1122 2992 ad
1145 2954 1354 2993 summa
1399 2940 1683 3006 exsiliunt,
1735 2942 1910 2997 adhuc
1962 2954 2145 2999 tamen

551 3024 607 3078 in
635 3024 830 3081 inﬁmis
860 3026 1043 3095 primae
1072 3029 1243 3098 culpae
1272 3030 1509 3098 pondere
1546 3042 1854 3101 gravantur.
1906 3033 2057 3089 Unde
2087 3035 2145 3089 ﬁt

552 3125 613 3172 ut
641 3126 695 3175 et
722 3116 873 3173 foras
898 3121 1146 3190 exempla
1189 3121 1324 3177 lueis
1354 3124 1501 3178 velut
1528 3134 1671 3179 astra
1721 3127 2016 3195 prtebeant,
2047 3128 2144 3183 sed

555 3215 738 3264 tamen
762 3210 908 3266 intus
929 3226 1097 3279 usque
1118 3211 1185 3266 ad
1206 3212 1326 3267 ﬁxa:
1346 3214 1571 3270 visionis
1596 3217 1969 3272 certitminem
1999 3234 2149 3290 pres-

1482 488 1483 491 η
1793 448 2038 506 SANCTI
2078 448 2409 510 GREGORII
2446 452 2660 512 MAGNI

654 553 747 611 ut.
784 550 953 610 Nesis
978 554 1037 611 in
1054 553 1152 610 ttae
1172 555 1294 623 vite,
1316 557 1631 628 minutim
1651 560 1924 618 sanctitate
1944 565 2158 637 fulgeat,
2187 570 2239 629 Α

2624 587 2850 645 CAPUT
2878 586 3022 645 xxv
3053 588 3202 665 [Rec.
3234 588 3487 667 XXIII].

2332 699 2455 755 lem.
2488 735 2559 744 —
2584 700 2863 775 Exspectet
2890 704 3077 775 lucem,
3103 716 3151 762 et
3180 725 3285 764 non
3316 708 3506 777 videat,
3546 724 3642 765 nec
3679 721 3853 771 orm

2258 796 2516 864 surgentis
2554 811 2775 851 aurorae.

2331 904 2417 959 46.
2465 906 2623 962 Ortus
2650 924 2855 963 aurora:
2879 918 2957 965 est
2985 913 3207 967 interna:
3247 915 3475 968 veritatis
3519 916 3756 971 claritas.
3782 949 3853 962 --

2260 995 2601 1061 Quantalibet
2622 1015 2855 1070 namque
2877 1004 3177 1058 intentione
3199 1006 3373 1061 adhuc
3392 1008 3673 1077 peregrina
3698 1026 3851 1063 mens

2256 1100 2467 1159 satagat
2491 1092 2674 1146 videre
2704 1093 2873 1149 lucem
2903 1096 3041 1150 sicut
3068 1108 3167 1163 est,
3201 1116 3308 1153 non
3335 1101 3499 1165 valet,
3543 1102 3666 1170 quia
3714 1104 3853 1158 hanc

2258 1183 2304 1236 ei
2336 1183 2691 1238 damnationis
2720 1201 2830 1239 sua:
2859 1188 3072 1242 caecitas
3112 1190 3413 1245 abscondit.
3442 1192 3458 1257 (
3481 1203 3500 1228 ε
3533 1190 3697 1248 Ortus
3720 1211 3848 1249 vero

2258 1290 2464 1328 aurorae
2485 1285 2566 1329 est
2584 1277 2809 1332 interna:
2832 1281 3075 1334 veritatis
3101 1282 3339 1347 claritas,
3366 1299 3486 1351 qute
3516 1301 3732 1354 semper
3754 1304 3851 1340 no-

2257 1366 2338 1419 bis
2368 1367 2527 1420 debet
2556 1384 2676 1423 esse
2710 1385 2870 1425 nova.
2899 1371 3070 1436 Quam
3103 1390 3205 1427 nox
3234 1377 3419 1442 procul
3447 1376 3613 1429 dubio
3642 1394 3746 1431 no»
3772 1379 3851 1432 vi-

2257 1458 2364 1518 det,
2391 1460 2515 1527 quia
2546 1475 2640 1528 per
2667 1462 2879 1530 culpam
2919 1479 3056 1518 caeca
3088 1474 3272 1519 nostra
3303 1467 3587 1522 inﬁrmitas
3616 1469 3680 1523 ad
3714 1471 3845 1525 illud

2255 1547 2453 1614 lumen,
2485 1551 2631 1620 quod
2675 1570 2939 1622 supernos
2982 1556 3095 1623 jam
3137 1558 3281 1611 cives
3329 1559 3569 1625 irradiat,
3603 1561 3653 1614 in
3688 1578 3848 1617 carne

2255 1640 2433 1697 adhuc
2461 1644 2795 1713 corruptibili
2820 1648 2994 1716 posita
3028 1664 3133 1702 non
3162 1651 3422 1705 ascendit.
3449 1650 3596 1705 Intus
3618 1669 3849 1721 namque

2255 1732 2368 1789 haec
2396 1752 2591 1790 aurora
2622 1739 2812 1806 surgit,
2860 1740 2949 1793 ubi
2992 1741 3305 1808 angelorum
3349 1743 3628 1813 spiritibus
3659 1748 3847 1800 divini-

2256 1826 2378 1877 latis
2408 1826 2624 1882 claritas
2646 1843 2783 1883 nova
2811 1845 3027 1899 semper
3054 1833 3397 1899 ostenditur;
3429 1844 3483 1888 et
3524 1838 3677 1903 quasi
3707 1854 3848 1891 sem-

2255 1932 2353 1986 per
2393 1920 2642 1985 gaudium
2688 1920 2822 1975 lueis
2870 1923 3064 1990 oritur,
3104 1922 3248 1993 quod
3295 1941 3570 1995 nunquam
3619 1927 3844 2001 ﬁnitur.)

2258 2006 2419 2063 Ortus
2449 2024 2579 2064 vero
2608 2026 2819 2066 aurorae
2863 2022 2947 2067 est
2986 2014 3077 2068 illa
3121 2031 3257 2070 nova
3290 2018 3542 2074 nativitas
3573 2036 3847 2078 resurrec-

2261 2099 2446 2163 tionis,
2495 2116 2602 2169 qua
2659 2112 2845 2159 sancta
2902 2104 3141 2162 Ecclesia
3181 2109 3341 2163 etiam
3376 2125 3541 2167 carne
3590 2115 3843 2169 suscitata

2258 2190 2430 2244 oritur
2457 2190 2524 2244 ad
2544 2195 3017 2263 contemplandum
3047 2199 3225 2254 lumen
3254 2203 3589 2258 aeternitatis.
3617 2203 3672 2260 Si
3704 2208 3843 2262 enim

2258 2279 2372 2347 ipsa
2412 2281 2588 2335 carnis
2617 2292 2813 2338 nostrae
2842 2289 3169 2344 resurrectio
3198 2293 3352 2358 quasi
3379 2294 3624 2361 quaedam
3655 2297 3849 2351 nativi-

2258 2383 2337 2428 tas
2362 2390 2469 2429 non
2493 2384 2655 2441 esset,
2677 2377 2745 2431 de
2766 2394 2829 2432 ea
2867 2380 3078 2436 Veritas
3108 2398 3215 2436 non
3246 2383 3469 2438 dixisset
3497 2403 3510 2438 :
3546 2383 3610 2439 In
3635 2403 3851 2459 regene-

2255 2467 2474 2529 ratione,
2508 2483 2622 2521 cum
2647 2469 2836 2523 sederit
2874 2470 3048 2526 Filius
3076 2474 3299 2528 hominis
3328 2476 3381 2529 in
3413 2476 3532 2530 sede
3557 2480 3848 2549 majestatis

2255 2572 2361 2610 suis
2393 2557 2602 2625 (Matth.
2636 2576 2745 2626 xix,
2779 2560 2884 2626 28;
2911 2561 3034 2617 Luc.
3069 2581 3198 2632 xm,
3228 2564 3339 2634 69).
3372 2565 3505 2621 Esse
3533 2580 3661 2635 ergo
3708 2568 3846 2624 hanc

2254 2659 2431 2703 ortum
2475 2652 2630 2717 vidit,
2679 2668 2839 2721 quam
2890 2660 3355 2724 regenerationem
3415 2662 3570 2732 123
3611 2663 3841 2718 vocavit.

2254 2742 2359 2797 Sed
2388 2746 2722 2813 quantalibet
2749 2748 2946 2803 virtute
2991 2750 3148 2805 electi
3192 2768 3335 2807 nunc
3387 2754 3649 2823 fulgeant,
3678 2771 3846 2826 pene-

2254 2840 2399 2889 trare
2426 2846 2722 2904 nequeunt,
2754 2852 2874 2906 qum
2904 2841 3007 2893 erit
3032 2842 3119 2895 illa
3152 2859 3303 2897 novae
3333 2846 3623 2901 nativitatis
3649 2848 3839 2916 gloria,

2252 2940 2355 2994 qua
2390 2932 2517 2981 tunc
2552 2943 2676 2981 cum
2704 2944 2868 2984 carne
2906 2930 2973 2984 ad
3016 2936 3493 3006 contemplandum
3524 2942 3842 2996 mternitatis

2250 3015 2429 3093 lumen
2459 3019 2775 3074 ascendunt.
2827 3020 2975 3077 Unde
3021 3032 3076 3078 et
3118 3024 3317 3079 Paulus
3348 3028 3421 3081 ait
3449 3047 3460 3081 :
3489 3026 3637 3092 Quod
3666 3031 3844 3085 oculus

2250 3128 2351 3164 non
2368 3113 2512 3178 vidit,
2531 3130 2624 3167 nec
2646 3116 2787 3169 auris
2815 3116 3028 3178 audivit,
3046 3133 3136 3170 nec
3158 3120 3211 3171 in
3234 3136 3324 3172 cor
3344 3121 3566 3175 hominis
3588 3127 3834 3187 ascendit,

2247 3222 2359 3275 qua:
2401 3211 2717 3277 preparavit
2760 3209 2893 3264 Deus
2943 3211 3273 3283 diligentibus
3311 3232 3365 3268 se
3404 3215 3456 3273 (I
3510 3216 3630 3272 Cor.
3678 3234 3733 3281 It,
3763 3220 3835 3289 9).

549 3300 597 3355 si
645 3302 817 3357 noctis
868 3302 1098 3370 caligine
1126 3318 1236 3357 non
1277 3304 1588 3387 ascendant.
1642 3306 1795 3377 Stepe
1846 3319 2025 3363 autem
2070 3311 2143 3364 ita
2169 3347 2217 3411 ο
2250 3294 2403 3351 Dicat
2423 3316 2552 3370 ergo
2581 3320 2593 3353 :
2620 3301 2897 3373 Exspectet
2928 3306 3109 3367 lucem,
3143 3317 3315 3363 etnon
3339 3310 3527 3375 rideat,
3562 3327 3654 3364 nec
3676 3322 3840 3367 ortum

555 3404 708 3445 mens
737 3392 1073 3459 accenditur,
1102 3403 1164 3448 ut
1187 3398 1433 3465 quamvis
1474 3384 1529 3451 in
1558 3414 1724 3453 carne
1764 3399 1832 3453 sit
1862 3402 2055 3469 posita,
2088 3405 2144 3458 in

553 3484 725 3543 Deum
754 3494 933 3540 tamen
962 3488 1107 3541 omni
1135 3489 1419 3557 subiugata
1444 3492 1648 3546 carnali
1694 3494 2023 3562 cogitatione
2052 3513 2142 3550 ra-

552 3572 758 3643 piatur;
802 3580 903 3631 ‘nec
930 3584 1111 3632 tamen
1151 3579 1321 3635 Deum
1376 3581 1518 3636 sicut
1556 3591 1642 3638 est
1679 3586 1969 3654 conspicit,
2017 3588 2151 3656 quia

552 3662 695 3723 hanc
734 3664 1009 3731 nimirum,
1031 3668 1172 3725 sicut
1208 3670 1411 3726 dictum
1441 3679 1545 3737 est,
1573 3673 1631 3727 in
1664 3689 1828 3729 carne
1869 3679 2142 3747 corruptio

551 3753 648 3808 bili
674 3755 889 3825 pondus
914 3759 1101 3829 primm
1128 3760 1490 3818 damnationis
1532 3767 1746 3833 premit.
1795 3766 1952 3837 Saepe
1981 3770 2053 3823 ita
2085 3779 2145 3825 ut

551 3854 654 3926 eat,
688 3847 967 3903 absorberi
992 3848 1282 3919 desiderat,
1314 3862 1374 3907 ut
1398 3862 1654 3911 teternam
1677 3858 1864 3922 vitam,
1894 3860 1941 3913 si
1974 3861 2151 3928 possit

550 3935 691 4003 ﬁeri,
720 3939 837 3997 sine
860 3940 1170 3998 interventu
1192 3960 1473 4015 corporeae
1498 3950 1685 4003 mortis
1711 3951 1959 4019 attingat.
1986 3950 2147 4010 Unde

546 4025 766 4097 Paulus,
798 4047 925 4087 cum
944 4032 1197 4090 ardenter
1223 4036 1492 4092 internam
1521 4039 1696 4094 lucem
1723 4051 2010 4109 quaereret,
2044 4045 2140 4100 sed

548 4130 731 4187 tamen
754 4133 1029 4195 utcunque
1054 4129 1339 4187 exterioris
1369 4132 1557 4186 mortis
1581 4132 1775 4187 damna
1803 4134 2134 4201 formidaret,

545 4214 622 4273 ait
656 4232 669 4266 :
695 4214 990 4293 b‘Quandiu
1015 4235 1187 4272 sumus
1210 4222 1265 4273 in
1295 4220 1390 4274 hoc
1411 4222 1728 4289 habitacula,
1757 4227 2137 4293 ingemiscimus

544 4290 768 4374 gravati,
797 4323 856 4360 eo
878 4308 1014 4376 quod
1040 4309 1277 4364 uolumus
1297 4312 1600 4379 exspoliari,
1645 4315 1738 4368 sed
1783 4290 2134 4385 supervestiri,

542 4404 607 4457 ut
639 4395 974 4453 absorbeatur
1001 4400 1138 4468 quod
1170 4402 1387 4457 mortale
1409 4415 1482 4458 est
1525 4423 1556 4459 α
1583 4408 1687 4459 vita
1717 4406 1804 4476 (11
1835 4407 1953 4462 Cor.
1979 4428 2029 4473 v,
2054 4411 2131 4480 4).

543 4490 688 4564 [Vet.
721 4491 962 4565 Χχγω
987 4492 1169 4551 Sancti
1208 4495 1370 4562 igitur
1402 4498 1503 4551 viri
1545 4498 1726 4554 videre
1755 4517 1937 4556 verum
1979 4520 2136 4559 mane

541 4591 835 4653 appetunt,
855 4592 935 4649 et,
956 4585 1004 4640 si
1030 4586 1383 4653 concedatur,
1413 4590 1573 4643 etiam
1597 4606 1718 4645 eum
1748 4607 1974 4663 corpore
2004 4594 2133 4650 illud

542 4676 806 4745 attingere
833 4677 966 4733 lucis
986 4678 1190 4734 intima:
1230 4688 1496 4735 secretum
1529 4683 1735 4737 volunt.
1766 4683 1872 4739 Sed
1903 4695 2132 4753 quanto-

2250 3394 2502 3460 surgentis
2549 3411 2783 3461 aurora;
2843 3398 2963 3467 quia
3029 3409 3327 3469 spontaneo
3381 3404 3512 3458 vitio
3561 3406 3836 3461 tenebrata

2246 3489 2429 3535 nostra
2462 3483 2760 3551 inﬁrmitas,
2793 3489 2891 3543 nisi
2930 3491 3075 3558 prius
3123 3507 3220 3561 per
3260 3502 3487 3547 mortem
3522 3510 3700 3564 parum
3726 3513 3837 3554 suae

2246 3572 2481 3628 debitum
2520 3579 2706 3644 solvat,
2741 3580 3039 3637 claritatem
3081 3571 3215 3639 lueis
3250 3586 3472 3641 internae
3515 3602 3624 3642 non
3661 3605 3833 3658 pene-

2247 3672 2371 3718 trat.
2402 3666 2659 3737 Sequitur
2691 3689 2703 3723 :

2598 3800 2827 3857 CAPUT
2866 3802 3028 3858 XXVI
3058 3804 3206 3876 [Rea
3239 3805 3477 3878 XXIV].

2316 3911 2477 3968 Vens.
2513 3913 2601 3969 10.
2624 3947 2697 3957 -
2726 3913 2861 3980 Quia
2904 3934 3008 3973 non
3046 3920 3297 3974 conclusit
3345 3920 3484 3974 ostia
3529 3924 3721 3977 uentris
3746 3924 3833 3994 qui

2241 4006 2461 4073 portavit
2489 4024 2588 4075 me,
2617 4025 2708 4063 nec
2729 4010 2938 4064 abstulit
2967 4012 3108 4065 mala
3136 4010 3200 4065 ab
3221 4012 3382 4067 oculis
3402 4015 3550 4069 meis.

2311 4098 2399 4154 47.
2428 4100 2869 4173 Concupiscentite
2899 4108 3033 4161 ostia
3080 4123 3357 4163 consensus
3396 4118 3572 4166 noster
3611 4114 3827 4182 aperuit,

2240 4190 2375 4243 unde
2405 4192 2675 4249 innumera
2704 4197 2862 4251 mala.
2886 4232 2958 4242 ——
2978 4199 3129 4260 Sicut
3156 4211 3210 4257 et
3230 4205 3479 4274 superius
3504 4206 3705 4261 dictum
3728 4217 3830 4273 est,

2240 4298 2342 4334 non
2370 4285 2637 4350 conclusit,
2672 4286 2803 4343 dicit
2824 4293 3058 4360 aperuit;
3088 4302 3141 4348 et
3164 4310 3269 4349 non
3298 4293 3527 4360 abstulit,
3553 4296 3825 4365 irrogavit.

2238 4372 2364 4427 Haec
2391 4376 2572 4446 itaque
2594 4382 2986 4444 nox,videlicet
3010 4387 3188 4455 culpa,
3214 4388 3351 4442 ostia
3376 4389 3581 4444 ventris
3602 4392 3829 4459 aperuit,

2239 4466 2362 4533 qua
2394 4476 2659 4535 concepto
2686 4469 2750 4522 ad
2786 4482 3065 4540 peceatum
3098 4476 3301 4531 homini
3327 4478 3591 4533 desideria
3620 4497 3833 4535 concu-

2237 4555 2511 4624 piscentia:
2540 4562 2821 4617 rcseravit.
2840 4562 2985 4618 Ostia
3011 4567 3208 4637 quippe
3242 4569 3442 4622 ventris
3471 4580 3595 4623 sunt
3622 4569 3831 4625 deside-

2236 4649 2315 4700 ria
2334 4650 2797 4719 concupiscentim,
2820 4654 2842 4690 ἀ
2866 4655 2933 4710 de
2954 4659 3143 4727 quibus
3159 4675 3253 4727 per
3266 4662 3584 4730 prophetam
3600 4662 3795 4717 dicitur
3813 4683 3824 4716 :

540 4736 889 4824 lihet'ardore
915 4770 1230 4827 intentionis
1258 4773 1529 4842 exsiliant,
1560 4736 1735 4829 adhuc
1758 4736 2128 4846 antiqua—nox
2161 4736 2213 4794 Β
2239 4739 2388 4846 in?"
2413 4743 2462 4846 i',’
2487 4742 2719 4845 “(bifida
2753 4756 2859 4846 αφ’
2883 4748 3065 4846 “(itide
3088 4752 3222 4804 om“
3249 4760 3339 4805 ma
3362 4752 3515 4823 (“at
3541 4770 3688 4818 xxv"
3716 4754 3829 4825 eoi

540 4870 760 4928 gravat,
804 4869 861 4917 et
905 4864 1265 4935 corruptibilis
1312 4866 1469 4935 hujus
1510 4869 1685 4922 carnis
1730 4870 1944 4935 oculos,
1995 4886 2130 4938 quos

538 4940 713 5010 hostis
769 4956 992 5012 callidus
1031 4958 1101 5013 ad
1137 4960 1629 5028 concupiscentiam
1673 4964 1915 5030 aperuit,
1962 4962 2131 5031 judex

536 5045 715 5115 justus
740 5063 773 5102 a
791 5049 1039 5106 contuitu
1060 5050 1258 5107 interni
1285 5051 1369 5109 sui
1396 5051 1616 5124 fulgoris
1645 5054 1861 5123 premit.
1894 5053 2047 5111 Unde
2077 5066 2132 5111 et

540 5139 682 5196 bene
707 5141 994 5199 subditur:

610 5496 636 5526 α
663 5484 722 5541 In
751 5485 948 5552 Editis,
976 5494 1036 5559 ut
1060 5488 1228 5544 omnis
1269 5490 1419 5545 homo
1457 5492 1513 5544 in
1544 5490 1731 5559 hujus;
1762 5492 2128 5559 expunximus
2158 5506 2161 5507 '

536 5559 705 5615 omnis
734 5559 905 5622 homo,
937 5558 1002 5612 ad
1033 5559 1191 5615 ﬁdem
1221 5560 1459 5614 omnium
1500 5558 1651 5627 MssL,
1677 5558 1865 5629 hisque
1910 5562 2127 5629 rejectis

534 5630 748 5701 integre
799 5638 1109 5699 perseverat
1150 5646 1371 5698 sensus;
1430 5638 1485 5686 et
1533 5648 1739 5701 pressus
1792 5632 1859 5687 ad
1911 5634 2127 5688 oculum

536 5699 791 5755 refertur.

613 5770 639 5809 δ
667 5769 814 5825 Pene
847 5786 1034 5844 omnes
1060 5772 1212 5840 Mss.,
1238 5774 1325 5844 qui
1353 5790 1551 5829 sumus.
1601 5773 1762 5830 Corb.
1796 5772 1978 5829 Germ.
2034 5777 2128 5829 ha-

538 5844 652 5905 bet,
683 5842 912 5905 quandin
940 5858 1136 5896 sumus.

614 5920 636 5947 ο
669 5911 979 5984 Hmcvcrba
1003 5953 1015 5971 ,
1062 5922 1202 5984 ortus
1229 5930 1346 5969 vero
1367 5958 1381 5979 ,
1423 5924 1526 5970 etc.
1547 5958 1559 5980 ,
1597 5931 1791 5984 usque,
1826 5923 1961 5983 quod
1990 5933 2125 5968 nun-

539 5991 698 6053 quam
723 5979 925 6048 ﬁnitur,
956 5994 1072 6048 quae
1101 5981 1238 6037 intra
1268 5987 1631 6052 parenthesim
1663 5979 1996 6053 inclusimus,
2030 5987 2125 6041 dc-

2238 4831 2493 4886 Cubicula
2537 4836 2735 4905 quippe
2786 4838 3142 4906 ingredimur,
3192 4856 3313 4896 cum
3374 4854 3581 4899 secreta
3634 4854 3835 4899 nostra:

2237 4924 2430 4977 utentis
2460 4925 2741 4981 intramus.
2772 4926 2919 4983 Ostia
2962 4939 3141 4985 autem
3172 4932 3489 4995 claudimus,
3523 4949 3643 4988 cum
3686 4935 3836 4989 desi-

2235 5014 2382 5068 deria
2410 5016 2591 5072 illicita
2617 5033 2955 5076 coercemus.
2988 5021 3112 5078 Haec
3151 5024 3332 5092 itaque
3379 5027 3833 5095 concupiscentiae

2236 5108 2465 5163 carnalis
2486 5110 2645 5177 ostia,
2677 5111 2801 5166 dum
2828 5127 3123 5169 consensus
3155 5126 3337 5169 noster
3365 5117 3606 5185 aperuit,
3651 5117 3719 5171 ad
3750 5118 3833 5171 in-

2236 5214 2457 5255 numera
2482 5216 2581 5257 nos
2613 5203 2754 5257 mala
2782 5205 3144 5275 corruptionis
3172 5207 3454 5278 pertraxit.
3500 5206 3652 5263 Unde
3677 5218 3698 5244 ι’
3718 5208 3833 5277 jam

2235 5310 2376 5350 nunc
2402 5296 2501 5351 sub
2529 5297 2871 5353 mortalitatis
2903 5299 3141 5369 pondere
3170 5302 3454 5369 gemimus,
3490 5302 3734 5371 qmmvis
3762 5304 3827 5358 ad

2234 5495 2360 5542 sunt
2390 5487 2440 5539 in
2470 5486 2595 5542 Mss.
2622 5496 2677 5541 et
2708 5488 2761 5541 in
2791 5489 2996 5542 omnib.
3028 5487 3574 5559 Edit.,praeterquam
3608 5490 3663 5547 in
3691 5486 3829 5545 Gus-

2235 5574 2409 5619 sanv.,
2440 5559 2531 5625 qui
2555 5575 2661 5611 non
2692 5559 2889 5613 indicat
2918 5560 3004 5613 ubi
3036 5576 3095 5614 ea
3124 5561 3411 5615 invenerit.

2306 5631 2327 5666 ά
2362 5629 2501 5682 Editi
2528 5629 2729 5683 addunt
2757 5631 2985 5683 carnalis
3018 5647 3034 5683 :
3066 5631 3170 5686 hoc
3194 5632 3417 5685 verbum
3448 5631 3602 5686 abest
3633 5648 3661 5685 a
3696 5629 3820 5685 Mss.

2232 5700 2392 5754 Corb.
2448 5698 2631 5753 Germ.
2666 5709 2720 5754 et
2760 5700 2876 5752 aliis
2906 5716 3044 5767 quos
3084 5702 3473 5756 consuluimus.
3523 5701 3578 5755 In
3612 5701 3827 5772 Lyrano

2231 5787 2329 5837 pro
2352 5774 2594 5825 reserauit
2626 5771 2817 5837 legitur
2842 5775 3137 5826 reservavit.
3176 5774 3340 5840 Magis
3366 5774 3635 5841 discrepat
3662 5771 3692 5825 a
3725 5787 3827 5825 cte-

2232 5843 2361 5895 teris
2387 5841 2808 5923 unus-Vindoc,
2829 5841 2881 5922 iu
2911 5857 3018 5923 quo
3047 5843 3273 5896 habetur
3299 5862 3317 5923 ε⁵
3342 5845 3733 5923 quia_concepta
3758 5841 3825 5923 ad

2232 5922 2493 5983 peccatum
2526 5912 2746 5983 hominis
2773 5912 3033 5983 desideria
3054 5954 3068 5976 ,
3103 5912 3519 5979 concupiscentia
3557 5914 3823 5969 reserauit.

2308 5995 2329 6019 θ
2360 5982 2499 6036 Editi
2523 5983 2678 6036 etiam
2701 5981 2821 6038 loco
2835 5984 2969 6054 jam.
2996 5982 3064 6038 Et
3086 6000 3212 6040 mox
3233 5984 3303 6038 ad
3327 5985 3465 6039 hanc
3488 5999 3586 6057 pro
3613 5985 3683 6039 ad
3707 5984 3821 6039 hoc.
