4180 6450
336 459 434 517 661

1259 462 1618 525 MORALIUM
1657 464 1788 523 LIB.
1832 462 1921 523 IV.
1964 496 2036 511 -
2073 464 2139 522 lN
2179 466 2333 524 CAP.
2374 468 2438 525 lll
2482 471 2541 529 Β.
2578 472 2722 551 ..ΙΟΒ.

3511 477 3615 533 662

338 582 442 640 hoc
466 581 687 640 arbitrio
718 592 904 642 nostro
936 593 956 621 ⁸
987 586 1329 655 venerimus;
1358 588 1483 657 quia
1523 594 1578 643 et
1612 586 1798 658 judicii
1841 587 1923 643 sic
1947 594 2003 656 Α
2025 587 2186 643 etiam
2215 586 2497 644 delectatio
2545 592 2738 661 rapuit.
2792 589 2920 646 Post
2958 592 3321 663 egressionem
3359 609 3489 665 vero
3520 609 3616 649 ex-

331 674 541 746 justitia
571 677 757 747 exigit,
790 686 847 733 ut
874 678 1016 751 quod
1046 688 1237 751 sponte
1266 679 1511 753 fecimus,
1552 681 1704 738 inviti
1732 681 1926 738 tolere-

333 782 477 829 mus.
516 769 773 844 Sequitur
805 790 817 826 :

894 860 1123 921 CAPUT
1158 860 1370 921 XXVII.

406 955 573 1012 Vens.
606 956 693 1024 Η,
726 956 814 1011 12.
844 990 913 1001 -
943 955 1114 1023 Quare
1138 976 1239 1014 non
1270 960 1323 1013 in
1352 957 1498 1014 vulva
1526 966 1756 1014 mortuus
1778 974 1922 1025 sum;

337 1060 570 1118 egressus
605 1062 670 1101 ea:
695 1055 837 1101 utero
867 1064 969 1101 non
999 1050 1173 1101 statim
1193 1048 1358 1119 perii?
1389 1065 1480 1103 cur
1513 1056 1751 1117 exceptus
1781 1048 1925 1119 geni-

339 1138 467 1192 bus?
490 1154 581 1192 cur
609 1138 827 1193 Iactatus
849 1136 1128 1193 uberibus?

408 1228 496 1286 48.
540 1230 677 1295 Quid
716 1232 1108 1303 intelligmtdum
1136 1234 1191 1287 in
1222 1232 1383 1288 verbis
1407 1230 1505 1287 Job
1534 1249 1648 1287 cum
1687 1250 1743 1288 se
1780 1238 1926 1302 optat

340 1322 643 1377 abortivum.
672 1354 741 1365 —
768 1322 921 1379 Absit
968 1340 1066 1377 nos
1117 1324 1337 1381 credere
1382 1323 1523 1392 quod
1564 1324 1753 1378 beatus
1798 1318 1921 1390 Job,

342 1419 491 1467 tanta
520 1414 741 1483 spiritus
771 1414 992 1468 scientia
1020 1415 1292 1483 praeditus,
1320 1422 1465 1469 tanta
1499 1414 1692 1469 interni
1730 1413 1923 1483 iudicis

338 1506 678 1559 attestatione
714 1504 983 1572 laudatus,
1032 1505 1334 1559 abortivum
1359 1518 1417 1560 se
1446 1512 1595 1574 optet
1630 1502 1920 1558 interiisse.

336 1593 439 1648 Sed
468 1596 610 1665 quia,
636 1596 772 1651 sicut
802 1597 962 1651 etiam
1000 1610 1094 1666 per
1121 1596 1608 1651 remunerationem
1632 1595 1913 1664 cognosci-

341 1695 447 1748 tur,
494 1688 636 1743 intus
675 1688 835 1743 habet
863 1690 1053 1743 testem
1077 1704 1185 1744 suae
1227 1689 1575 1752 fortitudinis,
1617 1689 1758 1743 intus
1798 1703 1924 1758 pen-

336 1779 499 1833 sanda
529 1788 652 1833 sunt
680 1780 794 1845 eius
823 1778 1064 1850 pondera
1090 1779 1395 1835 locutionis.

407 1868 553 1943 (Yet.
584 1869 830 1925 XXVII.
859 1873 981 1926 Rec.
1017 1870 1224 1943 AXV.]
1264 1872 1353 1925 49.
1397 1870 1673 1924 Peccatum
1702 1879 1924 1941 quatuor

2030 687 2218 751 ceptus
2247 687 2327 734 est
2356 682 2609 749 genibus;
2653 683 2776 751 quia
2814 700 2933 739 cum
2965 682 3030 739 ad
3053 680 3468 741 delectationem
3498 701 3617 740 car-

2028 771 2109 826 nis
2138 770 2356 840 prodilt,
2388 772 2638 826 nimirum
2666 773 2876 844 culpam
2919 791 3015 845 per
3058 776 3466 831 consensionem
3498 778 3614 845 spi-

2024 862 2179 928 ritus,
2212 860 2467 931 subjectis
2504 864 2710 919 cunctis
2738 865 3000 930 sensibus,
3034 867 3186 935 quasi
3211 865 3501 938 suppositis
3526 880 3618 934 ge-

2026 954 2182 1009 nibus
2226 956 2637 1009 consummavit.
2684 952 2788 1009 Sed
2838 958 3061 1023 genibus
3102 968 3393 1029 exceptus,
3449 959 3615 1013 etiam

2026 1046 2281 1103 uberibus
2306 1056 2389 1105 est
2416 1049 2667 1104 iactatus.
2698 1047 2753 1102 ln
2783 1064 3050 1105 consensu
3081 1052 3220 1106 enim
3269 1053 3441 1123 culpa:
3469 1052 3622 1106 addi—

2025 1139 2125 1195 ctis
2153 1140 2370 1210 Spiritus
2397 1140 2843 1206 sensibus,multa
2869 1156 3033 1197 cassa:
3062 1141 3267 1198 ﬁducia:
3296 1152 3618 1213 argumenta

2022 1231 2307 1285 subsecuta
2327 1238 2469 1297 sunt,
2495 1246 2614 1302 quae
2640 1240 2818 1285 natam
2849 1232 2902 1284 in
2928 1240 3148 1300 peccato
3169 1218 3424 1299 animam,
3467 1233 3622 1287 viru-

2026 1320 2172 1375 lento
2204 1322 2341 1377 lacte
2374 1323 2693 1388 nutrierunt,
2727 1329 2781 1377 et
2810 1337 2878 1376 ne
2906 1337 3097 1389 aSpera
3128 1324 3319 1378 mortis
3358 1324 3619 1392 supplicia

2026 1421 2311 1477 metueret,
2326 1414 2464 1468 hanc
2476 1414 2685 1469 blandis
2707 1413 3142 1469 excusationibus
3170 1413 3435 1467 foverunt.
3466 1413 3618 1485 [νινε.

2027 1504 2128 1558 XX
2148 1503 2337 1576 VIII.]
2354 1502 2509 1560 Unde
2529 1511 2584 1559 et
2601 1507 2803 1574 primus
2814 1506 2976 1559 homo
3000 1513 3122 1575 post
3137 1505 3346 1573 culpam
3363 1504 3622 1558 audacior

2027 1598 2247 1663 exstitit,
2275 1598 2459 1652 dicens
2489 1616 2501 1651 :
2538 1598 2754 1663 Mulier,
2784 1616 2937 1671 quam
2968 1600 3157 1653 dedisti
3192 1599 3319 1652 mihi
3344 1597 3372 1636 ι)
3402 1600 3620 1666 sociam,

2025 1690 2140 1758 ipsa
2170 1690 2309 1743 dedit
2339 1692 2464 1744 mihi
2510 1692 2573 1745 de
2615 1692 2785 1763 ligno,
2814 1700 2861 1746 et
2891 1693 3088 1747 comedi
3140 1691 3358 1762 (Cenes.
3394 1709 3469 1758 tu,
3506 1692 3619 1759 12).

2027 1778 2127 1846 Qui
2178 1782 2387 1847 quidem
2434 1796 2530 1850 per
2573 1782 2820 1835 timorem
2868 1784 3214 1851 semetipsum
3265 1783 3624 1837 absconsurus

2027 1869 2266 1939 fugerat;
2321 1871 2415 1927 sed
2465 1881 2643 1927 tamen
2702 1874 2993 1941 requisitus
3060 1874 3293 1927 innotuit
3365 1882 3625 1941 quantum

335 1965 500 2018 modis
530 1981 616 2019 seu
644 1964 889 2035 gradibus
917 1966 968 2017 in
998 1964 1180 2031 corde,
1214 1980 1275 2016 ac
1310 1963 1522 2016 totidem
1549 1963 1601 2014 in
1630 1979 1782 2031 apere
1801 1979 1924 2033 per-
1954 1974 1999 2038 Β
2027 1961 2188 2014 etiam
2217 1961 2410 2015 timens
2432 1963 2691 2016 tumebat.
2716 1961 2850 2015 Cum
2875 1963 3015 2016 enim
3041 1979 3105 2017 ex
3135 1970 3362 2034 peccato
3386 1975 3623 2032 praesens

328 2054 525 2126 ﬁcitur.
558 2090 627 2099 —
656 2056 897 2121 Quatuor
924 2056 1120 2125 quippe
1176 2054 1350 2109 modis
1401 2061 1683 2123 peccatum
1732 2068 1925 2123 perpe-

337 2154 513 2201 tratur
542 2149 593 2201 in
626 2148 809 2210 corde,
840 2158 1070 2217 quatuor
1099 2156 1502 2202 consummatur
1553 2146 1605 2199 in
1655 2161 1840 2215 opere.
1866 2145 1925 2201 In

340 2236 502 2291 corde
523 2253 755 2307 namque
781 2238 1143 2308 suggestione,
1161 2238 1545 2305 delectatione,
1564 2252 1851 2298 consensu.
1870 2243 1926 2293 et

338 2324 661 2382 defensionis
688 2326 907 2383 audacia
939 2337 1300 2397 perpetratur.
1350 2326 1435 2382 Fit
1465 2328 1607 2383 enim
1652 2328 1924 2395 suggestio

336 2432 432 2487 per
458 2416 842 2481 adversarium,
871 2418 1156 2474 delectatio
1202 2434 1300 2488 per
1344 2434 1579 2483 carnem,
1630 2434 1924 2476 consensus

334 2523 432 2576 per
485 2508 761 2578 spiritum,
819 2507 1145 2565 defensionis
1197 2509 1418 2565 audacia
1469 2525 1565 2579 per
1610 2510 1920 2565 elationem.

328 2596 500 2667 Culpa
529 2600 696 2667 enim,
734 2614 854 2668 qua:
884 2605 1089 2654 terrere
1118 2607 1352 2654 mentem
1384 2600 1588 2665 debuit,
1611 2601 1838 2666 extollit,
1870 2606 1926 2656 et

334 2687 634 2757 dejiciendo
663 2690 860 2754 elevat,
890 2688 985 2744 sed
1030 2690 1247 2757 gravius
1292 2690 1551 2745 elevando
1598 2691 1921 2760 supplantat.

332 2776 489 2834 Unde
519 2789 573 2835 et
599 2780 744 2835 illam
776 2780 930 2849 primi
977 2781 1212 2838 hominis
1256 2780 1633 2837 rectitudinem
1674 2781 1925 2849 antiquus

272 2860 273 2865 “
332 2871 504 2925 hostis
534 2871 615 2925 his
636 2880 870 2940 quatuor
898 2871 1090 2927 ictibus
1118 2870 1294 2941 fregit.
1327 2869 1459 2925 Nam
1485 2885 1706 2939 serpens
1735 2870 1921 2935 suasit,

334 2960 441 3017 Eva
469 2961 735 3017 delectata
766 2971 867 3027 est,
902 2963 1070 3017 Adam
1100 2964 1405 3029 consensit;
1438 2963 1529 3031 qui
1556 2963 1716 3016 etiam
1746 2961 1925 3031 requi—

334 3054 489 3121 sitas,
512 3054 758 3110 conﬁteri
786 3056 998 3125 culpam
1026 3070 1126 3126 per
1146 3054 1426 3111 audaciam
1454 3054 1642 3109 noluit.
1660 3050 1777 3109 Hoc
1796 3069 1927 3109 vero

335 3145 388 3199 in
418 3145 654 3200 humano
700 3157 899 3213 genere
925 3145 1175 3215 quotidie
1231 3145 1425 3213 agitur,
1473 3144 1618 3214 quod
1659 3152 1840 3197 actum
1872 3144 1926 3199 in

333 3236 509 3306 primo
539 3245 760 3305 parente
787 3236 954 3290 nostri
983 3236 1195 3303 generis
1214 3251 1322 3291 non
1354 3235 1648 3303 ignoratur.
1691 3233 1925 3302 Serpens

333 3330 533 3395 suasit;
556 3331 682 3398 quia
716 3328 960 3384 occultus
990 3327 1163 3383 hostis
1192 3326 1333 3383 mala
1364 3327 1618 3384 cordibus
1645 3326 1925 3382 hominum

334 3419 569 3474 latenter
606 3418 863 3488 suggerit.
908 3416 1019 3474 Eva
1052 3418 1318 3475 delectata
1362 3428 1478 3486 est;
1521 3420 1646 3490 quia
1697 3419 1927 3475 carnalis

333 3525 543 3574 sensus,
573 3511 637 3565 ad
668 3510 831 3565 verba
860 3512 1127 3581 serpentis
1156 3526 1284 3567 mox
1323 3526 1383 3567 se
1421 3509 1769 3567 delectationi
1796 3512 1927 3568 sub-

332 3600 541 3656 sternit.
600 3602 892 3658 Assensum
944 3618 1072 3658 vero
1119 3601 1287 3659 Adam
1344 3603 1557 3660 mulieri
1612 3605 1930 3674 praepositus

334 3692 586 3762 praebuit;
639 3694 762 3763 quia
789 3693 915 3748 dum
971 3707 1099 3750 caro
1148 3694 1203 3748 in
1238 3694 1655 3750 delectationem
1700 3695 1929 3764 rapitur,

335 3786 495 3839 etiam
520 3801 550 3837 a
581 3800 677 3839 sua
708 3786 1027 3840 rectitudine
1054 3785 1272 3853 spiritus
1295 3786 1598 3840 inﬁrmatus
1618 3786 1924 3840 inclinatur.

334 3873 401 3928 Et
430 3876 720 3944 requisitus
748 3877 915 3930 Adam
946 3876 1189 3931 conﬁteri
1232 3876 1403 3931 noluit
1430 3876 1660 3946 culpam,
1688 3875 1812 3946 quia
1845 3874 1927 3929 vi-

322 3966 535 4023 delicet
555 3966 795 4035 spiritus,
818 3983 925 4037 quo
954 3966 1228 4036 peccando
1259 3981 1290 4021 a
1318 3967 1548 4021 veritate
1577 3964 1923 4036 disjungitur,

337 4073 402 4111 eo
450 4058 502 4112 in
534 4058 702 4112 ruinae
730 4072 839 4112 sua:
868 4056 1089 4113 audacia
1119 4057 1346 4126 nequius
1370 4056 1681 4111 obduratur.
1712 4054 1929 4110 Eisdem

336 4148 496 4201 etiam
510 4156 742 4218 quatuor
754 4146 928 4202 modis
944 4155 1223 4217 peccatum
1244 4154 1650 4201 consummatur
1665 4145 1718 4199 in
1740 4158 1924 4215 opere.

338 4236 490 4295 Prius
518 4254 748 4311 namque
777 4238 950 4296 latens
974 4240 1129 4310 culpa
1157 4239 1368 4309 agitur;
1412 4236 1757 4309 postmodum
1798 4252 1930 4293 vero

337 4332 497 4387 etiam
526 4340 652 4389 ante
702 4333 891 4389 oculos
939 4331 1216 4388 hominum
1263 4330 1380 4385 sine
1416 4325 1571 4400 12h.
1607 4325 1925 4383 confusione

336 4432 518 4479 reatus
547 4424 818 4494 aperitur;
844 4423 1039 4479 dehinc
1061 4431 1116 4478 et
1142 4424 1197 4477 in
1219 4419 1663 4478 consuetudinem
1685 4417 1927 4485 ducitur;

338 4515 402 4568 ad
449 4524 747 4571 extremum
793 4529 1009 4585 quoque
1053 4515 1137 4569 vel
1177 4512 1323 4568 falsa:
1352 4510 1467 4582 spei
1496 4508 1927 4576 seductionibus,

338 4607 421 4658 vel
447 4606 815 4661 obstinatione
844 4606 1052 4661 misera:
1081 4604 1476 4673 desperationis
1498 4602 1783 4658 enutritur.

410 4698 496 4753 50.
539 4700 637 4756 Job
667 4700 901 4770 deplorat
932 4702 1023 4755 hos
1046 4711 1265 4772 quatuor
1286 4702 1339 4753 in
1367 4697 1521 4753 corde
1543 4696 1793 4769 peccandi
1812 4715 1927 4753 mo-

340 4792 452 4846 dos.
484 4825 555 4834 —
584 4790 694 4847 Hos
740 4791 919 4860 itaque
961 4792 1168 4862 peccati
1196 4793 1405 4855 modos,
1435 4789 1526 4860 qui
1552 4787 1637 4843 vel
1676 4788 1728 4843 in
1768 4787 1935 4846 corde

338 4884 573 4940 latenter
609 4883 762 4948 fiunt,
792 4882 879 4937 vel
924 4890 1173 4953 patenter
1222 4882 1275 4935 in
1315 4895 1481 4952 opere
1532 4887 1932 4950 perpetrantur,

339 4976 533 5029 beatus
576 4970 676 5029 Job
706 4972 1039 5039 considerat,
1069 4979 1124 5025 et
1162 4972 1453 5025 humanum
1497 4984 1665 5038 genus
1710 4969 1763 5024 in
1802 4976 1937 5039 quot

341 5073 685 5135 peccatorum
732 5063 981 5133 gradibus
1021 5063 1089 5116 sit
1140 5062 1368 5132 lapsum,
1413 5060 1675 5128 deplorat,
1706 5060 1932 5115 dicens:

346 5158 517 5223 Quare
537 5159 716 5214 nonin
737 5157 883 5211 vulva
908 5163 1138 5210 mortuus
1162 5170 1300 5215 sum;
1326 5167 1557 5224 egressus
1580 5167 1643 5205 ea:
1666 5160 1810 5206 utero
1832 5168 1937 5205 non

345 5256 521 5307 statim
548 5251 714 5323 perii?
739 5267 829 5305 cur
848 5257 1089 5321 exceptus
1109 5245 1363 5319 genibus?
1391 5261 1481 5299 cur
1509 5245 1730 5297 Iactatus
1763 5242 1937 5298 uberi-

348 5345 477 5399 bus?
499 5344 675 5400 Prima
702 5344 843 5400 enim
874 5342 1033 5398 vulva
1063 5338 1455 5408 conceptionis,
1485 5337 1585 5390 fuit
1614 5336 1792 5404 lingua
1822 5350 1938 5389 ma-

347 5441 410 5495 lae
432 5440 809 5510 suggestionis.
837 5437 947 5494 Sed
975 5442 1229 5506 peccator
1256 5433 1313 5487 in
1356 5431 1515 5487 vulva
1540 5437 1859 5494 moreretur,
1891 5427 1939 5483 si

346 5532 667 5586 moriturum
696 5544 755 5583 se
785 5530 947 5583 homo
972 5528 1025 5582 in
1053 5527 1167 5596 ipsa
1191 5524 1533 5594 suggestione
1561 5525 1933 5590 cognosceret.

346 5622 450 5692 Qui
481 5630 657 5676 tamen
688 5635 757 5675 ex
787 5628 940 5675 utero
979 5632 1228 5689 egressus
1258 5624 1368 5682 est;
1403 5614 1525 5684 quia
1557 5620 1840 5686 postquam
1882 5611 1935 5667 in

349 5720 574 5785 peccato
603 5727 725 5766 eum
773 5726 1067 5780 suggerens
1113 5710 1293 5781 lingua
1335 5706 1607 5777 concepit,
1638 5703 1783 5761 foras
1809 5718 1939 5760 mox

424 5856 451 5886 ι
479 5845 538 5901 ln
565 5844 725 5900 Corb.
758 5841 967 5913 Germ.,
1015 5861 1117 5899 non
1144 5846 1457 5899 venerimus.
1490 5840 1711 5903 Minime
1741 5840 1940 5913 proba-

353 5928 469 5985 tur;
502 5916 735 5989 loquitur
762 5916 906 5969 enim
940 5912 1025 5971 hic
1049 5925 1267 5970 sanctus
1294 5916 1496 5972 Doctor
1520 5916 1591 5989 de
1618 5912 1938 5981 corruptelis

354 5989 422 6047 ad
441 5986 893 6059 quas‘consensus
920 5995 1103 6043 noster
1126 5989 1321 6042 ostium
1350 5986 1576 6058 aperuit.

2033 2067 2192 2124 paena
2222 2053 2499 2118 metuitur,
2531 2061 2584 2106 et
2613 2054 2808 2109 amissa
2838 2053 2931 2108 Dei
2956 2054 3117 2107 facies
3147 2070 3254 2107 non
3285 2061 3523 2116 amatur;
3555 2053 3622 2105 tio

2035 2158 2153 2198 mor
2172 2158 2239 2198 ex
2263 2151 2471 2197 tumore
2502 2152 2600 2208 cst,
2627 2160 2733 2197 non
2763 2159 2829 2198 ex
2847 2144 3168 2198 humilitate.
3194 2143 3447 2213 Superbit
3469 2142 3626 2212 quip-

2030 2248 2132 2303 pe,
2183 2234 2271 2303 qui
2295 2242 2600 2303 peccatum,
2645 2234 2864 2288 siliceat
2891 2249 2995 2287 non
3019 2234 3214 2302 puniri,
3267 2249 3372 2287 non
3404 2232 3621 2286 deserit.

2106 2319 2191 2375 5i.
2234 2322 2485 2393 Deplorat
2514 2339 2575 2375 ac
2622 2323 2929 2392 deprecatur
2954 2331 3175 2394 quatuor
3220 2323 3400 2376 modos
3444 2320 3624 2392 quibus

2032 2414 2263 2469 homines
2283 2424 2497 2484 peccant
2522 2416 2575 2469 in
2598 2432 2769 2485 Opere.
2794 2447 2863 2457 —
2884 2414 2988 2469 Sed
3012 2415 3112 2481 his,
3138 2415 3275 2471 sicut
3296 2415 3494 2469 dictum
3520 2420 3624 2481 est,

2030 2515 2265 2575 quatuor
2293 2508 2466 2561 modis
2495 2509 2677 2578 culpa,
2727 2508 2868 2562 utin
2916 2508 3079 2563 corde
3126 2508 3321 2576 agitur,
3362 2508 3524 2560 etiam
3573 2507 3627 2560 in

2030 2612 2197 2667 opere
2249 2607 2610 2667 perpetratur.
2644 2599 2734 2653 Ait
2772 2600 2915 2653 enim
2950 2617 2964 2652 :
2999 2597 3174 2662 Quare
3219 2614 3322 2651 non
3368 2599 3422 2650 in
3476 2597 3625 2649 t'ttll‘a

2032 2698 2263 2744 mortuus
2301 2691 2454 2743 sum?
2478 2690 2647 2744 Vulva
2675 2691 2873 2759 quippe
2918 2690 3212 2759 peccantis,
3259 2697 3342 2743 est
3392 2688 3627 2741 hominis

2031 2779 2187 2849 culpa
2238 2780 2430 2844 latens,
2460 2795 2579 2850 quae
2624 2780 2834 2834 occulte
2880 2787 3220 2848 peccatorem
3268 2778 3520 2845 concipit,
3572 2781 3628 2829 et

2033 2878 2239 2924 reatum
2286 2886 2441 2925 suum
2496 2870 2676 2925 adhuc
2720 2871 2774 2924 in
2816 2871 3055 2925 tenebris
3098 2868 3397 2925 abscondit.
3428 2865 3624 2937 Egres-

2029 2978 2118 3016 sus
2165 2978 2230 3015 ea:
2273 2970 2420 3016 utero
2464 2978 2568 3016 non
2620 2963 2794 3015 statim
2841 2962 3008 3029 perii?
3063 2960 3109 3013 A
3155 2959 3312 3013 vulva
3350 2957 3419 3011 de
3466 2965 3625 3010 utero

2032 3054 2228 3119 exitur,
2260 3068 2380 3108 cum
2403 3061 2658 3123 peccator
2678 3068 2798 3121 quae
2824 3053 2876 3106 in
2894 3053 3108 3108 occulto
3131 3050 3482 3107 commiserit.
3511 3048 3627 3103 haec

2031 3146 2193 3199 etiam
2248 3147 2300 3199 in
2356 3156 2545 3216 aperto
2579 3147 2920 3201 committere
2969 3162 3073 3200 non
3119 3144 3402 3198 erubescit.
3454 3142 3621 3207 Quasi

2032 3237 2177 3294 enim
2197 3238 2265 3296 ab
2288 3238 2663 3297 occultationis
2684 3254 2797 3297 sua:
2819 3239 2976 3297 vulva
3001 3244 3396 3311 processerant.
3421 3236 3486 3291 de
3508 3232 3628 3307 qui~

1952 3326 2132 3436 C.hus
2160 3329 2428 3400 Propheta
2458 3332 2709 3386 dicebat:
2742 3330 2813 3383 Et
2841 3340 3105 3401 peccatum
3137 3346 3285 3382 suum
3332 3330 3480 3399 quasi
3526 3327 3630 3381 So-

2030 3425 2184 3479 doma
2234 3426 2658 3495 praedicaverunt,
2686 3442 2778 3479 nec
2826 3425 3205 3479 absconderant
3240 3423 3395 3493 (Isai.
3442 3438 3517 3485 ιιι,
3546 3420 3623 3490 9).

2034 3513 2207 3577 Quare
2225 3522 2465 3583 exceptus
2487 3515 2738 3585 genibus?
2769 3514 2903 3581 Quia
2938 3514 3185 3568 nimirum
3211 3520 3484 3581 peccator,
3507 3527 3630 3565 cum

2026 3621 2138 3674 1am
2168 3606 2235 3660 de
2264 3606 2543 3675 iniquitate
2580 3622 2677 3661 sua
2720 3622 2826 3659 non
2857 3605 3225 3667 confunditur,
3261 3605 3314 3657 in
3344 3604 3631 3672 iniquitate

2032 3697 2221 3751 eadem
2247 3697 2410 3751 etiam
2457 3697 2796 3751 adminiculis
2828 3697 3075 3766 pessima:
3104 3695 3513 3748 consuetudinis
3538 3709 3630 3746 ro-

2033 3789 2274 3843 boratur.
2303 3788 2467 3854 Quasi
2496 3790 2724 3856 genibus
2752 3797 3010 3856 peccator
3036 3788 3250 3841 fovetur
3296 3794 3354 3838 ut
3399 3792 3629 3850 crescat,

2032 3877 2159 3932 dum
2186 3878 2343 3947 culpa
2373 3877 2852 3932 consuetudinibus
2898 3876 3143 3930 ﬁrmatur
3186 3884 3245 3928 ut
3285 3875 3482 3943 vigeat.
3518 3872 3628 3926 Cur

2034 3968 2259 4022 laetatus
2286 3966 2566 4021 uberibus?
2593 3966 2731 4033 Quia
2757 3967 2889 4021 dum
2927 3966 3144 4036 prodire
3169 3965 3327 4034 culpa
3378 3964 3432 4018 in
3474 3977 3631 4017 usum

2034 4058 2279 4128 cmperit,
2307 4058 2559 4115 nimirum
2588 4072 2649 4111 se
2675 4058 2757 4111 vel
2801 4056 2934 4111 falsa
2964 4070 3061 4125 spe
3101 4055 3295 4109 divina:
3320 4053 3631 4108 misericor-

2034 4145 2154 4213 diai,
2185 4146 2270 4201 vel
2316 4152 2503 4216 aperta
2545 4145 2760 4200 miseria
2792 4144 3187 4214 desperationis
3232 4143 3433 4214 pascit;
3461 4151 3521 4195 ut
3560 4154 3632 4197 es

2034 4250 2374 4305 nequaquam
2396 4235 2464 4289 ad
2484 4236 2881 4305 correptionem
2904 4236 3109 4300 redeat,
3134 4249 3243 4303 quo
3264 4232 3349 4287 vel
3367 4232 3633 4285 factorem

2034 4340 2191 4380 suum
2218 4325 2365 4395 pium
2393 4324 2495 4379 sibi
2522 4324 2826 4380 inordinate
2867 4322 3106 4390 simulat,
3135 4321 3223 4377 vel
3251 4323 3356 4377 hoc
3384 4320 3527 4389 quod
3550 4318 3633 4373 fe-

2035 4416 2131 4481 cit,
2162 4415 2465 4471 inordinate
2511 4415 2785 4473 formidat.
2835 4414 3033 4470 Beatus
3083 4413 3245 4482 igitur
3288 4412 3372 4467 vir
3411 4408 3634 4465 humani

2033 4507 2247 4575 generis
2270 4505 2450 4577 lapsus
2480 4507 2725 4576 aspiciat,
2749 4513 2804 4560 et
2824 4506 3020 4573 quibus
3050 4503 3363 4574 praecipitiis
3390 4514 3633 4554 mersum

2034 4596 2103 4652 sit
2145 4597 2197 4652 in
2221 4595 2429 4652 foveam
2460 4597 2759 4665 iniquitatis
2788 4594 3049 4659 intendat,
3076 4595 3299 4648 dicens:
3330 4589 3505 4653 Quare
3528 4604 3633 4643 nou

2033 4686 2091 4740 in
2119 4686 2264 4740 vulva
2294 4696 2523 4741 mortuus
2571 4686 2723 4740 sum?
2768 4685 2820 4739 id
2851 4691 2954 4749 est,
2983 4684 3038 4737 in
3066 4682 3181 4751 ipsa
3201 4678 3416 4736 occulta
3441 4691 3636 4748 perpo-

1962 4746 2015 4808 D
2041 4777 2274 4833 tratione
2330 4776 2561 4847 peccati,
2610 4792 2708 4832 cur
2747 4790 2779 4828 a
2822 4773 3002 4829 carnis
3043 4772 3153 4825 vita
3191 4769 3519 4826 mortiﬁcare
3547 4782 3636 4824 me

2039 4868 2220 4924 nolui?
2240 4865 2498 4940 Egressus
2521 4885 2585 4922 ea;
2604 4878 2749 4920 utero
2775 4882 2879 4918 non
2900 4864 3076 4917 statim
3094 4863 3261 4935 perii?
3281 4861 3336 4917 id
3353 4870 3463 4927 est,
3487 4867 3635 4932 post-

2039 4976 2201 5031 quam
2231 4959 2297 5013 ad
2340 4968 2583 5029 apertam
2636 4960 2792 5029 125
2843 4956 3182 5025 iniquitatem
3230 4955 3358 5021 exii,
3408 4971 3506 5010 cur
3546 4968 3645 5010 me

2041 5060 2170 5105 tunc
2197 5052 2386 5105 saltem
2430 5050 2699 5120 perditum
2731 5064 2839 5103 non
2873 5049 3143 5117 cognovi?
3170 5046 3409 5103 Perisset
3434 5049 3635 5116 quippe

2042 5144 2095 5197 in
2127 5157 2224 5197 suo
2252 5140 2469 5207 judicio,
2496 5134 2547 5195 si
2569 5155 2629 5195 se
2659 5140 2924 5210 perditum
2959 5140 3322 5210 cognovisset.
3351 5138 3523 5202 Quare
3541 5152 3636 5191 es-

2040 5244 2213 5305 ceptus
2243 5233 2492 5306 genibus?
2536 5233 2589 5288 id
2637 5240 2742 5299 est,
2774 5233 2935 5288 etiam
2982 5244 3107 5303 p0st
3130 5243 3373 5305 apertam
3398 5235 3631 5300 culpam,

2042 5342 2138 5381 cur
2176 5341 2262 5379 me
2308 5325 2484 5380 adhuc
2506 5325 2561 5379 in
2590 5325 2679 5380 illa
2710 5326 2875 5381 etiam
2926 5326 3263 5380 consuetudo
3289 5322 3541 5391 suscepit,
3576 5330 3636 5374 ut

2042 5419 2391 5473 valentiorem
2416 5419 2483 5473 ad
2497 5420 2764 5488 nequitias
2783 5419 3051 5484 redderet,
3076 5426 3132 5473 et
3154 5418 3332 5487 pravis
3352 5432 3437 5469 me
3453 5413 3636 5469 usibus

2042 5508 2309 5563 sustinens
2338 5507 2580 5564 foveret?
2608 5507 2713 5563 Cur
2732 5510 2953 5563 Iactatus
2973 5508 3248 5562 uberibus?
3275 5507 3325 5559 id
3352 5513 3454 5567 est.
3486 5511 3636 5573 p060-

2042 5615 2205 5670 quam
2235 5601 2288 5655 in
2317 5601 2487 5672 culpae
2509 5603 2954 5657 consuetudinem
2982 5601 3129 5667 veni,
3152 5615 3249 5653 cur
3276 5613 3362 5651 me
3389 5596 3457 5649 ad
3487 5605 3635 5650 atro-

2043 5691 2246 5748 ciorem
2270 5691 2568 5761 nequitiam
2590 5693 2673 5747 vel
2700 5693 2848 5747 falsae
2874 5692 2990 5760 spei
3013 5689 3227 5758 ﬁducia,
3250 5686 3337 5742 vel
3366 5686 3506 5741 lacte
3532 5686 3636 5740 mi—

2113 5836 2141 5875 ι’
2173 5835 2329 5892 Hunc
2376 5836 2554 5893 locum
2604 5836 2728 5891 Mss.
2765 5834 2982 5897 Rhem.,
3026 5827 3191 5884 Corb.
3241 5822 3638 5897 Germ.,_A\lit_t-

2041 5889 2192 5976 δορᾷ
2224 5889 2291 5963 ea
2307 5889 2942 5964 ratidtieﬁhic‘exhibent
2969 5889 3083 5970 'qua
3117 5900 3228 5970 jam
3258 5912 3407 5953 num.
3444 5892 3514 5977 ξε)
3547 5889 3641 5946 ob-

2042 5988 2334 6036 servatum.
