4180 6452
520 486 527 493 .
576 428 684 489 603

1804 409 2047 471 SANCTI
2087 402 2412 467 GREGORII
2450 398 2663 460 MAGNI

3752 406 3860 466 66‘

575 556 711 600 serae
728 534 1117 610 desperationis
1135 531 1404 589 enutrivi?
1424 531 1557 587 Cum
1581 531 1723 587 enim
1745 529 1901 600 culpa
1922 530 1977 583 in
2002 541 2157 584 usum
2185 530 2240 591 Α
2262 522 2506 580 sollicitae
2533 517 2889 610 cogitationes
2916 515 3121 573 vivunt.
3152 517 3456 589 Aliquando
3486 523 3688 589 autem,
3718 522 3861 581 sicut

575 631 805 697 venerit,
838 629 887 685 ei
910 629 1021 698 jam
1050 627 1260 682 animus
1287 626 1449 682 etiam
1475 628 1519 683 si
1546 637 1786 699 appetat,
1814 627 2045 683 debilius
2067 639 2157 680 re-

574 722 745 789 sistit;
771 720 895 791 quia
913 718 1260 790 quotjvicibus
1282 734 1460 788 prava:
1484 719 1929 791 frequentationis
1958 719 2159 774 astrin-

573 815 744 884 gitur,
784 795 936 883 quasi
982 819 1066 867 tot
1105 811 1329 867 vinculis
1371 812 1439 867 ad
1476 823 1712 869 mentem
1758 812 1970 881 ligatur.
2012 809 2158 884 [Vet.

572 905 622 960 X
630 904 767 958 XIX
775 903 812 976 .]
846 904 992 960 Unde
1047 906 1105 957 lit
1144 912 1205 958 ut
1245 906 1456 960 enervis
1484 907 1710 969 animus,
1736 922 1858 961 cum
1883 904 2019 959 solvi
2050 920 2159 960 non

574 1000 736 1064 valet,
768 998 834 1051 ad
876 998 1119 1068 quaedam
1164 1014 1223 1052 se
1260 1000 1452 1053 solatia
1490 999 1635 1054 falsae
1662 1000 2050 1055 consolationis
2078 1000 2159 1055 in-

573 1089 768 1154 clinet;
801 1097 1066 1158 quatenus
1093 1097 1377 1145 venturum
1412 1091 1646 1159 judicent
1678 1100 1839 1146 tantae
1868 1092 1969 1147 sibi
1996 1092 2158 1147 mise-

570 1180 820 1234 ricordia:
847 1180 1133 1249 spondeat,
1159 1189 1217 1234 ut
1264 1196 1358 1236 eos
1393 1182 1553 1236 etiam
1580 1198 1717 1252 quos
1744 1182 2049 1251 arguendos
2077 1183 2163 1238 in-

571 1273 783 1327 venerit
810 1272 1027 1342 penitus
1048 1289 1157 1327 non
1186 1273 1414 1328 occidat.
1441 1272 1540 1327 Cui
1571 1275 1649 1328 rei
1670 1275 1773 1330 hoc
1801 1274 2036 1329 deterius
2065 1290 2158 1329 ac-

572 1366 719 1432 cidit,
761 1366 904 1435 quod
931 1366 981 1419 ei
1028 1367 1318 1421 multorum
1360 1366 1612 1421 similium
1660 1367 1839 1436 lingua
1869 1367 2156 1435 consentit,

573 1474 696 1511 cum
736 1459 890 1512 multi
929 1458 1089 1512 etiam
1130 1459 1268 1513 male
1305 1467 1454 1527 gesta
1491 1459 1735 1514 laudibus
1782 1466 2111 1528 exaggerant
2143 1476 2155 1510 :

571 1551 713 1604 unde
744 1551 803 1604 tit
841 1560 899 1605 ut
929 1552 1259 1607 incessanter
1307 1561 1515 1607 crescat
1538 1552 1724 1622 culpa,
1766 1550 2035 1606 favoribus
2057 1566 2159 1605 nu-

577 1643 723 1695 trita.
754 1641 944 1697 Curari
974 1651 1155 1698 autem
1182 1644 1376 1698 vulnus
1402 1643 1723 1712 negligitur,
1767 1642 1910 1712 quod
1941 1642 2161 1711 dignum

570 1735 794 1804 praemio
833 1736 1004 1790 laudis
1039 1736 1268 1790 videtur.
1318 1734 1469 1789 Unde
1504 1736 1642 1790 bene
1680 1750 1777 1803 per
1815 1735 2159 1791 Salomonem

570 1826 799 1882 dicitur:
834 1828 945 1882 Fili
967 1831 1068 1897 mi,
1115 1830 1160 1882 si
1191 1837 1237 1882 te
1263 1829 1564 1883 lactaverint
1592 1837 1916 1899 peccatores,
1964 1847 2026 1884 ne
2068 1848 2154 1885 ac-

570 1924 802 1992 quiescas
825 1924 897 1976 eis
929 1922 1118 1993 (Prov.
1143 1940 1189 1991 1,
1222 1922 1333 1993 10).
1365 1921 1686 1978 Peccatores
1705 1925 1904 1978 etenim
1929 1924 2159 1994 lactant,

571 2029 694 2068 cum
722 2014 806 2068 vel
835 2015 1194 2085 perpetranda
1223 2014 1365 2069 mala
1386 2014 1771 2071 blandimentis
1788 2016 2042 2083 inferunt,
2072 2017 2160 2072 vel

564 2113 877 2175 perpetrata
907 2106 1179 2161 favoribus
1206 2106 1493 2161 extollunt.
1519 2106 1600 2159 An
1630 2123 1735 2163 non
1766 2109 2055 2175 laetantur,
2091 2108 2161 2165 de

568 2212 678 2266 quo
708 2213 806 2267 per
825 2197 1163 2257 Psalmistam
1193 2200 1390 2255 dicitur
1421 2220 1433 2254 :
1466 2200 1724 2264 Quoniam
1759 2202 2003 2255 laudatur
2043 2218 2160 2272 pec-

570 2297 715 2342 cator
737 2291 791 2342 in
813 2290 1082 2345 desideriis
1110 2293 1299 2347 anima:
1326 2310 1435 2348 sua:
1466 2310 1483 2347 :
1511 2304 1559 2347 et
1588 2294 1675 2364 qui
1702 2296 1880 2364 iniqua
1917 2297 2047 2365 gerit
2073 2295 2159 2351 be-

568 2380 829 2433 nedicitur
857 2390 883 2417 ιι
914 2380 1087 2451 (Psal.
1118 2399 1193 2452 ix,
1222 2383 1352 2455 L24)?

643 2471 731 2525 52.
774 2471 985 2526 Peccati
1023 2485 1234 2545 quartus
1282 2477 1475 2549 gradus
1503 2477 1762 2547 di/ﬁcilius
1791 2482 2162 2553 corrigitur.—

570 2564 860 2619 Sciendum
882 2581 1098 2636 quoque
1122 2578 1224 2636 est,
1251 2571 1396 2639 quod
1422 2579 1530 2627 tres
1556 2572 1633 2625 illi
1654 2573 1800 2629 modi
1821 2577 2161 2645 peccantium

570 2657 719 2726 juxta
766 2657 1057 2715 descensus
1101 2662 1183 2716 sui
1230 2662 1473 2717 ordinem
1521 2662 1726 2721 facilius
1775 2668 2117 2736 corriguntur
2144 2711 2160 2739 ,

570 2760 793 2820 quartus
822 2769 950 2809 vero
978 2756 1081 2810 iste
1109 2754 1377 2811 dillicilius
1407 2757 1740 2815 emendatur.
1787 2759 1937 2817 Unde
1966 2770 2021 2818 et
2050 2762 2159 2819 Re-

570 2842 820 2915 demptor
869 2856 1054 2904 noster
1083 2848 1318 2918 puellam
1366 2850 1420 2904 in
1464 2851 1663 2923 domo,
1710 2854 1965 2924 juvenem
2008 2865 2162 2913 extra

570 2944 800 3004 portam,
835 2938 889 2993 in
917 2940 1167 3010 sepulcro
1198 2949 1378 2997 autem
1409 2942 1669 3000 Lazarum
1700 2948 1943 3003 suscitat.
1976 2949 2161 3007 Adhuc

570 3029 769 3098 quippe
798 3030 853 3084 in
892 3030 1053 3087 domo
1082 3041 1325 3089 mortuus
1344 3034 1511 3104 jacet,
1554 3038 1646 3107 qui
1666 3038 1799 3095 latet
1826 3040 1880 3095 in
1911 3050 2158 3110 peccato.

570 3118 687 3175 lam
732 3125 886 3192 quasi
936 3135 1090 3181 extra
1131 3136 1343 3197 portam
1373 3129 1654 3197 educitur,
1704 3132 1856 3202 cujus
1904 3133 2161 3203 iniquitas

572 3230 741 3282 usque
772 3218 838 3271 ad
868 3220 1307 3278 inverecundiam
1335 3226 1564 3295 publicae
1591 3229 2011 3299 perpetrationis
2033 3244 2165 3300 ape-

744 3308 1055 3415 “SAepulturre
1084 3329 1214 3415 vero
1242 3331 1438 3387 aggere
1462 3321 1744 3389 premitur,
1776 3323 1951 3415 quiin
1980 3338 2165 3395 perpe-
2192 3331 2237 3395 C
2341 3358 2505 3415 vus.
2541 3358 2628 3413 13.

574 3394 809 3448 tratione
848 3400 1099 3467 nequitia:
1142 3404 1306 3459 etiam
1354 3423 1451 3463 usu
1501 3411 1907 3469 consuetudinis
1943 3394 2162 3486 pressus

573 3494 846 3579 gravatur.
878 3488 986 3544 Sed
1009 3491 1109 3547 hos
1138 3494 1205 3548 ad
1235 3497 1398 3552 vitam
1426 3500 1711 3559 miseratus
1741 3514 1990 3575 revocat,
2038 3510 2163 3579 quia

572 3576 894 3649 plerumque
922 3583 1102 3640 divina
1132 3589 1323 3656 gratia,
1356 3608 1463 3647 non
1493 3595 1668 3652 solum
1698 3599 1752 3653 in
1783 3576 2166 3669 occultis,—sed

575 3668 741 3723 etiam
761 3671 815 3725 in
838 3676 1039 3745 apertis
1059 3678 1431 3749 iniquitatibus
1454 3696 1716 3759 mortuos,
1742 3700 1797 3749 et
1818 3697 1961 3751 mole
1988 3711 2166 3767 prava:

576 3766 979 3825 consuetudinis
1007 3786 1242 3843 pressos,
1271 3789 1548 3850 respectus
1575 3785 1658 3839 sui
1686 3786 1888 3843 lumine
1910 3766 2164 3850 illustrat.

577 3855 838 3948 Quartum
866 3877 997 3920 vero
1023 3876 1296 3925 mortuum
1323 3872 1652 3948 Redemptor
1680 3890 1864 3939 noster
1884 3886 2167 3943 nuntiante

577 3945 840 4045 discipulo
890 3961 1148 4025 agnoscit,
1198 3978 1299 4019 nec
1332 3972 1510 4024 tamen
1529 3945 1799 4039 suscitat,
1849 3976 1974 4045 quia
2005 3978 2165 4035 valde

576 4039 795 4147 difﬁcile
841 4056 1006 4147 est-ut
1034 4051 1082 4121 is
1110 4069 1272 4123 quem
1302 4067 1426 4127 post
1454 4076 1607 4117 usum
1636 4066 1789 4120 mala:
1818 4039 2166 4127 consuetudi-

576 4326 807 4421 mortuos
849 4324 1060 4393 sepelire
1099 4342 1326 4387 mortuos
1359 4352 1481 4391 suos
1512 4338 1661 4411 (Luc.
1719 4360 1794 4412 1x,
1827 4343 1938 4417 60).
1969 4346 2165 4404 Mortui

577 4422 997 4507 enimgmortuos
1022 4423 1307 4492 sepeliunt,
1333 4442 1456 4483 cum
1482 4442 1797 4502 peccatores
1819 4449 2165 4507 peccatorem

574 4498 851 4562 favoribus
896 4522 1165 4604 premunt.
1211 4516 1349 4584 Quid
1396 4532 1418 4559 ο
1452 4498 1595 4580 enim
1625 4526 1767 4584 aliud
1798 4498 1878 4587 est
1906 4548 2160 4604 peccare,

575 4607 737 4688 quam
777 4603 1134 4674 occumbere;
1185 4616 1240 4663 et
1286 4614 1532 4685 sepelire,
1584 4633 1745 4688 quam
1791 4624 2161 4684 abscondere?

696 4690 1375 4786 quipeccantemlaudibus
1396 4682 1812 4781 prosequuntur,
1837 4682 2165 4775 exstinctum
2191 4726 2245 4786 ι)

574 4775 675 4829 sub
694 4780 979 4838 verborum
996 4800 1214 4844 suorum
1237 4808 1432 4863 aggere
1447 4775 1809 4860 abscondunt;
1830 4805 1961 4862 Erat
1981 4818 2163 4866 autem

574 4874 631 4922 et
652 4866 886 4975 Lazarus
912 4887 1175 4951 mortuus,
1208 4885 1303 4940 sed
1328 4897 1506 4946 tamen
1536 4910 1644 4950 non
1668 4913 1700 4951 a
1721 4901 1949 4957 mortuis
1979 4904 2161 4975 sepul-

574 4965 707 5067 tus:
730 4962 940 5023 Fideles
983 4974 1182 5067 quippe
1232 4981 1484 5041 mulieres
1519 4982 1666 5042 illum
1697 4990 2013 5064 obruerant,
2040 4962 2164 5067 quae

572 5058 630 5158 et
660 5058 777 5122 ejus
800 5067 1032 5158 mortem
1062 5066 1375 5127 viviﬁcatori
1406 5079 1743 5137 nuntiabant.
1776 5082 1933 5141 Unde
1958 5058 2011 5141 et
2038 5058 2164 5158 pro-

571 5141 731 5250 tinus
750 5148 816 5203 ad
846 5150 1020 5250 lucem
1049 5160 1243 5230 rediit,
1288 5168 1411 5234 quia
1452 5185 1573 5227 cum
1605 5174 1659 5227 in
1688 5185 1913 5243 peccato
1954 5141 2165 5239 animus

572 5246 805 5296 moritur
824 5284 839 5310 ,
893 5246 1047 5306 citius
1075 5253 1143 5307 ad
1170 5255 1336 5312 vitam
1365 5261 1638 5318 reducitur
1660 5305 1675 5330 ,
1724 5266 1771 5323 si
1819 5284 1982 5341 super
2018 5272 2165 5331 hunc

647 5375 881 5482 133-35";
904 5384 1269 5482 Είῖ¹ῘῖιεΡ⁰⁵⁸ν
1294 5395 1629 5482 θεζτῗέίίείίέλνν
1655 5404 1929 5473 sequium
1957 5411 2163 5482 άίΙΙῖσίιε

903 5450 1168 5542 peccatum
1185 5506 1200 5529 ,
1222 5450 1370 5542 quod
1394 5470 1582 5542 linguis
1610 5450 1887 5540 Mth

903 5514 913 5523 ,
1047 5532 1057 5541 0
1186 5514 1200 5529 ,
1235 5514 1365 5534 τη-..
1394 5514 1582 5542 ...Ἥκω
1610 5514 1887 5540 ,ην-υνιιιιη
1914 5514 2160 5541 ιιιιιιιιαῐο

573 5514 912 5610 ριξίξῇγρξςζιδ,
938 5529 1285 5610 addito_enim
1312 5537 1575 5610 Gussanv.
1604 5545 1658 5598 in
1688 5562 1839 5602 suam
1870 5551 2163 5610 editionem

871 5634 893 5689 ἶ
903 5603 1175 5689 ’Βρεμιξῇ
1187 5590 1465 5689 .orationis
1506 5590 2163 5689 seriéﬁ"s‘}$i}55i‘,"§i°£ii

574 5660 987 5759 gﬂﬁibqsnaliis
1013 5670 1254 5759 Codicib.
1289 5660 2169 5759 siié'ﬁﬁxiﬁ’éihrﬁiéTéh'é'e}:

572 5737 717 5784 cusis
740 5737 1005 5794 exsulent.
1090 5756 1099 5763 '

568 5861 623 5918 Μ
646 5796 757 5878 Nn
780 5805 914 5872 Pler-
939 5809 1087 5875 M58-.
1118 5817 1229 5869 sine
1250 5832 1477 5878 mortuos
1500 5830 1749 5896 sepeliant
1769 5844 1998 5892 mortuos
2022 5856 2159 5895 suos.

629 5866 767 5919 ellllS
806 5889 942 5919 unus:
977 5878 1249 5919 nnmnnnd
1306 5899 1357 5919 As
1388 5893 1483 5919 ιτηι
1541 5898 1597 5919 tu
1686 5903 1718 5919 ,-

629 5878 1359 5976 Eompe‘ndnet
1388 5893 1506 5976 Yal.
1530 5878 2165 5976 _él.,_.5..é3§.'5iii.2§j".ii

572 5940 830 6008 sepeliant
852 5957 1080 6008 mortuos
1104 5940 1241 6020 suos,
1272 5940 1358 6016 Ita

2161 6048 2219 6065 μ.

2265 622 2322 669 et
2348 613 2596 683 superius
2622 609 2781 683 126
2807 609 3007 666 dictum
3039 618 3141 677 est,
3171 610 3305 666 falsa
3334 626 3457 682 spes
3482 620 3720 669 mentem
3751 632 3862 673 non

2262 685 2575 777 intercipit,
2622 706 2718 761 sed
2765 706 2905 760 hanc
2952 704 3190 761 deterior
3236 706 3543 776 desperatio
3600 709 3844 778 conligit,

2263 816 2383 871 qure
2410 801 2536 855 dum
2563 813 2780 855 omnem
2808 812 2959 868 spem
2986 798 3156 853 venia:
3178 797 3419 854 funditus
3447 798 3746 868 interimit,
3774 817 3863 857 er-

2262 892 2403 947 roris
2430 892 2570 947 lacte
2599 892 2831 945 animam
2857 891 3074 945 uberius
3100 891 3286 948 nutrit.

2335 981 2479 1055 [Vet.
2507 980 2689 1049 XXX,
2722 981 2846 1035 Rec.
2879 979 3121 1052 XXVI].
3166 980 3252 1036 55.
3277 980 3377 1037 Job
3404 1000 3459 1038 se
3485 985 3539 1039 in
3569 986 3736 1056 primo
3770 988 3863 1042 ho-

2261 1076 2401 1129 mine
2426 1092 2698 1146 peccasse,
2741 1082 2791 1128 et
2839 1075 2990 1144 hujus
3038 1075 3239 1143 peccati
3287 1092 3547 1131 cerumnas
3596 1078 3863 1148 deﬂet.—

2265 1169 2582 1225 Consideret
2612 1171 2770 1239 igitur
2799 1178 3016 1224 sanctus
3055 1171 3137 1225 vir
3162 1213 3178 1239 ,
3227 1182 3351 1241 post
3389 1174 3616 1243 primam
3646 1175 3860 1245 culpant

2262 1271 2465 1330 quanta
2495 1262 2735 1316 deterius
2764 1260 2930 1317 homo
2956 1262 3097 1315 mala
3128 1263 3429 1329 commisit;
3459 1272 3743 1335 postquam
3774 1282 3861 1334 pa-

2263 1354 2499 1409 radisum
2529 1354 2784 1423 perdidit,
2814 1369 2985 1423 usque
3010 1354 3075 1407 ad
3106 1363 3304 1423 quanta
3336 1355 3497 1424 hujus
3523 1357 3697 1411 exsilii
3724 1373 3860 1426 prae-

2262 1454 2420 1514 rupta
2442 1445 2736 1512 descendit,
2761 1454 2816 1500 et
2837 1446 2982 1501 dicat
3006 1463 3019 1498 :
3047 1445 3221 1509 Quare
3250 1464 3353 1501 non
3374 1448 3429 1500 in
3454 1447 3600 1501 vulva
3629 1459 3858 1504 mortuus

2263 1538 2417 1591 sum?
2447 1538 2499 1592 id
2527 1546 2629 1605 est,
2660 1554 2782 1594 cum
2813 1538 3081 1608 serpentis
3106 1538 3378 1607 suggestio
3401 1549 3749 1608 peccatorem
3775 1556 3861 1595 me

2264 1630 2613 1699 conciperet,
2666 1638 2795 1686 tunc
2846 1630 3051 1684 utinam
3098 1646 3218 1701 quae
3248 1646 3335 1685 me
3366 1647 3513 1685 mors
3541 1640 3860 1700 sequeretur

2265 1722 2607 1793 agnovissent
2633 1760 2650 1788 ,
2704 1737 2771 1777 ne
2819 1738 2990 1793 usque
3036 1722 3102 1776 ad
3144 1721 3561 1778 delectationem
3590 1724 3861 1793 suggestio

2266 1823 2520 1884 raperet,
2573 1820 2629 1869 et
2671 1815 2832 1869 morti
2863 1814 3063 1869 arctius
3092 1814 3306 1883 ligaret.
3337 1813 3594 1885 Egressus
3622 1833 3690 1870 ea:
3718 1824 3860 1873 utero

2266 1924 2372 1961 non
2393 1908 2571 1961 statim
2600 1906 2767 1977 perii?
2797 1906 2874 1960 Ac
2900 1905 2945 1960 si
2974 1905 3118 1960 dicat
3145 1924 3156 1958 :
3187 1904 3404 1960 Utinam
3435 1906 3501 1961 ad
3532 1907 3860 1963 exteriorem

2268 1999 2688 2055 delectationem
2718 1998 2904 2054 exiens
2929 2040 2944 2067 ,
2986 1997 3131 2067 quod
3160 1998 3421 2054 interiore
3449 1999 3652 2055 lumine
3682 2000 3860 2070 priva-

2265 2089 2364 2144 bar
2410 2089 2784 2159 agnovissem;
2815 2097 2870 2144 et
2898 2088 3089 2144 saltem
3126 2089 3181 2143 in
3209 2089 3325 2159 ipsa
3369 2089 3730 2146 delectatione
3770 2106 3862 2148 oc-

2266 2184 2578 2240 cumberem
2601 2226 2616 2251 ,
2665 2198 2733 2237 ne
2762 2197 2861 2252 per
2885 2197 3207 2239 consensum
3236 2197 3387 2239 mors
3416 2182 3594 2238 acrius
3622 2182 3858 2253 puniret.

2267 2275 2369 2331 Cur
2403 2285 2646 2347 exceptus
2690 2274 2939 2347 genibus?
2976 2274 3054 2331 Ac
3098 2274 3142 2329 si
3182 2274 3366 2330 dicat:
3393 2271 3610 2329 Utinam
3636 2272 3863 2332 minime

2264 2384 2351 2425 me
2375 2384 2671 2425 consensus
2701 2366 2727 2405 ά
2758 2368 3014 2438 subjectis
3051 2368 3310 2439 pravitati
3338 2369 3585 2425 sensibus
3610 2368 3863 2439 excepis-

2265 2469 2368 2527 set,
2416 2474 2483 2515 ne
2512 2459 2626 2528 ipsa
2672 2473 2759 2513 me
2788 2458 3072 2514 consensio
3101 2457 3171 2512 ad
3202 2457 3487 2513 audaciam
3516 2457 3753 2513 deterius
3776 2471 3863 2513 ra-

2265 2560 2439 2625 peret.
2489 2550 2593 2621 Cur
2642 2551 2864 2605 Iactatus
2892 2550 3173 2605 uberibus?
3221 2549 3299 2607 Ac
3344 2551 3403 2612 si,
3440 2547 3863 2606 dicatzUtinam

2266 2645 2495 2703 blandiri
2525 2646 2655 2699 mihi
2681 2646 2871 2701 saltem
2894 2654 3019 2716 post
3040 2646 3183 2700 mala
3210 2653 3522 2717 perpetrata
3544 2644 3862 2714 noluissem,

2266 2753 2337 2794 ne
2365 2746 2517 2792 tanto
2550 2753 2638 2793 me
2665 2738 2837 2808 culpae
2866 2737 3095 2807 nequius
3122 2736 3477 2807 astringerem
3499 2777 3515 2804 ,
3545 2743 3751 2806 quanto
3778 2749 3866 2792 me

2266 2828 2323 2883 in
2367 2828 2458 2883 illa
2506 2829 2722 2884 mollius
2749 2829 3011 2885 foverem.
3045 2828 3141 2885 His
3170 2830 3354 2900 itaque
3381 2828 3865 2901 reprehensionum

2265 2934 2486 2975 suarum
2514 2920 2737 2976 vocibus
2766 2920 2819 2975 in
2853 2930 3078 2991 parente
3106 2921 3283 2992 primo
3310 2934 3371 2977 se
3395 2934 3648 2991 peccasse
3674 2918 3866 2975 redaro

2266 3013 2398 3082 guit.
2417 3012 2525 3068 Sed
2535 3012 2581 3070 si
2594 3012 2661 3067 ad
2672 3029 2969 3069 aerumnam
2980 3012 3142 3084 hujus
3153 3012 3330 3069 exsilii
3342 3028 3685 3084 nequaquam
3702 3012 3868 3069 homo

2266 3105 2546 3177 peccando
2575 3106 2962 3171 descenderet,
3012 3106 3155 3162 dicat
3182 3121 3287 3176 qua
3318 3103 3525 3178 perfrui
3555 3106 3740 3176 quiete
3765 3118 3863 3176 po-

2266 3195 2481 3253 tuisset.
2513 3194 2769 3266 Sequitur
2797 3214 2811 3250 :

2824 3265 3054 3322 CAPUT
3104 3266 3339 3323 XXVIII.

2635 3356 2865 3413 —Nunc
2893 3360 3033 3414 enim
3056 3360 3319 3416 dormiens
3346 3359 3571 3429 silerem,
3602 3367 3652 3414 et
3692 3374 3869 3417 somno

2266 3467 2379 3506 meo
2406 3451 2789 3521 requiescerent.

2343 3540 2429 3595 54.
2465 3542 2643 3596 Prima
2673 3542 2893 3597 hominis
2920 3544 3169 3611 conditio,
3201 3560 3233 3597 a
3257 3561 3356 3616 qua
3378 3545 3639 3616 peccando
3664 3546 3871 3601 cecidit.

2274 3628 2511 3695 Quietum
2554 3632 2815 3686 silentium
2867 3634 3092 3689 hominis
3146 3636 3610 3692 innocentis.—Ad
3665 3638 3771 3692 hoc
3816 3637 3877 3693 in

2270 3722 2521 3793 paradiso
2545 3722 2711 3779 homo
2740 3725 2947 3794 positus
2970 3725 3164 3793 fuerat,
3213 3734 3271 3781 ut
3298 3728 3342 3783 si
3371 3742 3431 3784 se
3461 3728 3530 3783 ad
3571 3728 3875 3784 conditoris

2270 3814 2355 3871 sui
2384 3814 2747 3870 obedientiam
2796 3817 3025 3874 vinculis
3071 3819 3351 3876 cbaritatis
3399 3821 3754 3891 astringeret,
3807 3818 3872 3875 ad

2270 3907 2543 3964 caelestem
2574 3909 2887 3978 angelorum
2916 3910 3148 3980 patriam
3179 3912 3506 3984 quandoque
3552 3914 3669 3970 sine
3698 3912 3872 3969 carnis

2268 4007 2445 4054 morte
2483 4000 2757 4055 transiret.
2810 4000 2899 4056 Sic
2946 4018 3180 4072 namque
3228 4005 3550 4061 immortalis
3578 4012 3662 4061 est
3690 4004 3875 4061 condi-

2268 4094 2373 4156 tus,
2407 4097 2466 4143 ut
2494 4098 2673 4145 tamen
2703 4091 2747 4145 si
2773 4102 3046 4161 peccaret,
3070 4100 3124 4149 et
3145 4094 3284 4150 mori
3313 4103 3528 4165 posset;
3550 4103 3608 4151 et
3628 4094 3707 4151 sic
3728 4110 3872 4151 mor-

2268 4180 2391 4235 talis
2421 4189 2503 4237 est
2531 4182 2797 4248 conditus,
2828 4192 2887 4238 ut
2912 4183 2956 4239 si
2980 4201 3087 4241 non
3110 4195 3381 4256 peccaret,
3407 4190 3572 4243 etiam
3600 4204 3709 4243 non
3733 4187 3868 4244 mori

2267 4278 2480 4341 posset;
2513 4281 2676 4342 atque
2704 4288 2773 4328 ex
2802 4276 2999 4331 merito
3039 4275 3193 4332 liberi
3220 4278 3431 4333 arbitrii
3478 4278 3868 4335 beatitudinem

2270 4365 2411 4422 illius
2441 4367 2678 4436 regionis
2729 4370 3060 4439 attingeret,
3119 4372 3175 4426 in
3224 4388 3331 4442 qua
3358 4372 3447 4429 vel
3476 4388 3742 4444 peccare,
3787 4373 3872 4444 vel

2268 4459 2408 4515 mori
2445 4476 2553 4515 non
2582 4470 2785 4530 posset.
2821 4461 2923 4518 Ubi
2970 4463 3133 4533 igitur
3161 4473 3287 4534 post
3324 4464 3711 4536 redemptionis
3739 4473 3873 4521 tem-

2266 4566 2388 4621 pus,
2420 4551 2597 4606 carnis
2622 4563 2797 4609 morte
2817 4553 3164 4625 interposita,
3198 4554 3357 4611 electi
3399 4563 3719 4625 transeunt,
3749 4555 3874 4612 illuc

2267 4645 2455 4715 procul
2483 4644 2647 4701 dubio
2675 4658 2929 4716 parentes
2953 4648 3133 4719 primi,
3180 4649 3226 4705 si
3276 4648 3332 4705 in
3388 4649 3716 4705 conditionis
3765 4662 3875 4703 sua:

2270 4743 2413 4790 statu
2438 4737 2820 4807 perstitissent,
2845 4736 3018 4793 etiam
3044 4740 3161 4796 sine
3183 4748 3363 4796 morte
3388 4755 3681 4811 corporum
3709 4748 3879 4796 trans-

2270 4826 2399 4883 ferri
2426 4829 2748 4898 potuissent.
2795 4830 3081 4887 Dormiens
3108 4832 3269 4901 igitur
3323 4833 3541 4899 sileret,
3585 4839 3641 4888 et
3680 4847 3877 4889 somno

2272 4934 2370 4975 suo
2399 4919 2565 4975 homo
2595 4922 2988 4991 requiesceret,
3039 4923 3164 4980 dum
3207 4924 3277 4981 ad
3318 4934 3533 4981 aeternae
3561 4926 3754 4996 patria:
3786 4940 3879 4982 re-

2273 5012 2454 5081 quiem
2476 5011 2687 5081 ductus,
2708 5016 2862 5083 quasi
2890 5025 2911 5052 θ
2943 5031 3216 5073 secessum
3246 5017 3533 5087 quemdam
3574 5032 3605 5072 a
3635 5016 3879 5074 clamore

2273 5102 2377 5158 hoc
2406 5105 2651 5160 humanae
2682 5106 3007 5163 inﬁrmitatis
3054 5108 3341 5164 inveniret.
3405 5108 3535 5165 Post
3586 5117 3876 5179 peccatum

2275 5210 2509 5265 namque
2535 5197 2688 5267 quasi
2714 5198 2954 5254 clamans
2976 5199 3176 5268 vigilat,
3200 5200 3293 5269 qui
3322 5200 3728 5256 contentionem
3752 5214 3878 5255 caro

2275 5284 2360 5341 nis
2388 5287 2623 5357 pr0priae
2659 5303 2964 5360 repugnans
2989 5299 3190 5361 portat.
3224 5290 3340 5348 Hoc
3371 5291 3568 5362 quietis
3596 5290 3875 5347 silentium

2353 5431 2374 5502 ξ
2410 5420 2672 5502 Βξξιοιῂοζά
2709 5424 2847 5502 Quid
2859 5499 2871 5502 _
2881 5431 3020 5502 enim
3057 5430 3318 5502 est_aliud
3352 5431 3572 5502 sepelire

2275 5491 2483 5567 calere?
2521 5495 2771 5567 Sedqui.
2809 5498 2940 5554 Alia:
2982 5509 3089 5554 vet.
3133 5500 3231 5556 Ed.
3270 5491 3547 5558 cum'Mss.

3704 5444 3875 5485 moc-

2275 5515 2482 5546 vuwre.’
2521 5515 2628 5549 aea
2664 5515 2771 5567 qut.
2809 5515 2940 5554 Alta}
2982 5515 3089 5554 vet.
3133 5515 3231 5556 nu.
3270 5518 3392 5557 cum
3420 5515 3547 5558 MSS.
3581 5515 3749 5584 Heg,
3772 5515 3874 5571 pro

2275 5563 2536 5647 occulere,
2570 5566 2797 5636 habent,
2829 5570 3147 5647 occumbere.
3188 5570 3245 5647 l_n
3277 5573 3395 5647 aliis
3422 5572 3547 5647 Mss.
3575 5580 3870 5647 omittitur,

2271 5641 2321 5715 ﬁt
2363 5637 2580 5715 sepelire
2618 5656 2773 5709 quam
2814 5642 3146 5697 abscondere.
3196 5642 3351 5710 Quod
3393 5643 3534 5715 typis
3573 5643 3701 5698 data
3737 5637 3866 5707 sint,

2270 5700 2469 5759 Coccio
2490 5700 2766 5765 debemus.

2341 5774 2367 5857 (ξ
2400 5775 2650 5857 Χὶηᾶορη
2683 5781 2923 5851 subjectis
2951 5786 3197 5855 pravitati
3225 5786 3440 5857 genibus
3468 5802 3649 5855 excep.

2268 5914 2280 5927 .
2327 5854 2363 5928 ξ
2397 5846 2545 5915 Mss.,
2576 5846 3094 5928 magnoconsensu2
3114 5846 3383 5928 secessum
3409 5846 3674 5928 quoddam
3700 5856 3789 5914 hic
3807 5860 3869 5912 et

2266 5914 2422 5987 infra,
2447 5934 2566 5989 cap.
2595 5914 2784 5991 01.98,
2818 5937 2960 5983 nunc
2989 5942 3037 5981 c.
3069 5925 3157 5997 29,
3188 5944 3242 5984 η.
3276 5927 3361 5982 58.
