4180 6456
324 438 430 498 665

1236 427 1589 489 MORALIUM
1629 427 1755 487 LIB.
1797 424 1888 483 IV.
1917 454 1970 467 —
2027 425 2094 482 IN
2133 423 2283 483 CAP.
2326 422 2393 481 lli
2431 426 2490 481 Β.
2532 426 2672 484 JOB.

3491 416 3595 476 666
3680 508 3681 511 η

322 555 488 609 homo
515 547 764 609 conditus
790 548 997 619 habuit,
1027 562 1150 603 cum
1172 530 1359 603 contra
1392 548 1606 603 hostem
1633 559 1788 601 suum
1832 542 1901 596 li-
1931 545 1976 602 A
2006 540 2071 596 lis
2099 540 2264 595 homo
2307 540 2638 609 quiesceret,
2696 540 2742 596 si
2780 537 3113 611 persuasoris
3165 535 3402 607 linguam
3441 536 3595 608 sequi

321 645 513 700 herum
552 644 843 699 voluntatis
888 640 1162 697 arbitrium
1209 641 1435 711 accepit.
1492 639 1592 694 Cui
1643 638 1769 710 quia
1811 652 1906 692 sua

323 744 517 808 sponte
544 736 858 803 succubuit,
886 750 1015 789 mox
1062 734 1129 789 de
1155 749 1214 789 se
1236 776 1250 803 ,
1303 732 1447 802 quod
1474 740 1663 786 contra
1697 744 1756 784 se
1784 744 1906 799 per-

322 837 619 901 streperet,
678 828 920 896 invenit,
962 842 1090 882 mox
1144 827 1201 881 in
1244 824 1538 880 certamine
1580 820 1905 877 inﬁrmitatis

278 912 281 915 ⁷
323 922 584 977 tumultus
636 920 873 991 reperit;
922 927 977 975 et
1023 918 1267 987 quamvis
1316 918 1371 971 in
1416 930 1552 987 pace
1591 913 1789 970 silentii
1837 911 1904 967 ab

322 1023 545 1069 auctore
567 1012 740 1067 fuerat
767 1010 1039 1075 conditus,
1069 1010 1212 1064 hosti
1246 1017 1423 1063 tamen
1452 1014 1643 1076 sponte
1663 1006 1903 1061 substra-

323 1112 436 1169 tus,
484 1104 751 1159 clamores
777 1102 844 1157 de
888 1116 1065 1172 pugna
1105 1100 1371 1156 toleravit.
1413 1099 1532 1169 Ipsa
1563 1099 1705 1153 enim
1728 1095 1904 1152 carnis

322 1198 613 1267 suggestio,
655 1196 806 1265 quasi
852 1195 1067 1264 quidam
1097 1194 1301 1249 clamor
1328 1201 1411 1247 est
1450 1200 1636 1246 contra
1665 1190 1902 1259 quietem

320 1292 533 1357 mentis,
584 1306 743 1362 quam
773 1297 898 1343 ante
937 1288 1411 1357 transgressionem
1439 1287 1602 1341 homo
1632 1300 1739 1339 non
1782 1299 1904 1338 sen-

319 1382 420 1449 sit;
466 1382 591 1452 quia
640 1383 889 1437 nimirum
918 1380 1061 1449 quod
1091 1379 1160 1434 de
1207 1378 1516 1433 inﬁrmitate
1544 1383 1728 1446 posset
1770 1375 1905 1429 tole-

318 1490 469 1543 rare,
512 1492 619 1531 non
650 1476 854 1530 habuit.
905 1475 1195 1544 Postquam
1223 1489 1354 1528 vero
1401 1488 1460 1527 se
1514 1478 1709 1541 sponte
1760 1468 1903 1524 hosti

316 1568 569 1633 subdidit,
595 1569 843 1623 astrictus
865 1569 1033 1637 culpae
1062 1582 1171 1621 suae
1197 1566 1441 1630 vinculis,
1491 1565 1545 1618 in
1584 1563 1900 1634 quibusdam

316 1660 367 1713 ei
407 1660 569 1714 etiam
599 1660 787 1715 nolens
814 1659 998 1725 servit,
1025 1668 1081 1714 et
1113 1659 1375 1713 clamores
1395 1657 1448 1711 in
1474 1663 1655 1710 mente
1679 1655 1898 1726 patitur,

315 1765 438 1805 cum
461 1767 585 1806 caro
611 1752 818 1822 spiritui
840 1752 1152 1807 reluctatur.
1185 1751 1265 1805 An
1295 1766 1401 1805 non
1437 1750 1701 1805 clamores
1746 1750 1899 1818 127

314 1840 632 1898 intrinsecus
657 1845 927 1910 audiebat,
959 1846 1047 1913 qui
1076 1859 1251 1913 prava:
1280 1851 1467 1897 contra
1491 1857 1550 1896 se
1578 1842 1708 1909 legis
1735 1841 1900 1893 verba

2010 634 2290 689 noluisset.
2342 632 2441 701 Qui
2465 635 2599 688 bene
2644 633 2804 689 etiam
2846 632 3092 688 consules
3122 638 3421 697 vocantur,
3471 630 3595 698 quia

2010 724 2234 795 spiritali
2270 723 2578 793 reipublicae
2606 724 2909 789 consulunt,
2942 724 3068 778 dum
3114 736 3215 777 nos
3243 719 3347 775 sibi
3395 718 3463 773 ad
3510 734 3597 775 re-

2009 834 2170 890 gnum
2199 820 2376 875 socios
2400 818 2647 887 jungunt.
2682 818 2827 874 Bene
2862 818 3112 873 consules
3140 820 3405 871 vocantur
3424 853 3438 879 ,
3471 816 3595 884 quia

2009 911 2134 967 dum
2163 911 2291 982 ipsis
2326 909 2692 965 nuntiantibus
2734 909 3065 964 voluntatem
3107 905 3405 962 conditoris
3427 917 3598 973 δεηθε-

2008 1003 2222 1069 scimus,
2275 1003 2327 1056 iu
2356 1003 2433 1059 eis
2462 1002 2651 1073 procul
2680 1001 2842 1056 dubio
2872 1001 3178 1057 consultum
3218 998 3285 1055 ab
3306 1000 3407 1055 hac
3431 1011 3598 1067 angu-

2007 1095 2109 1149 stia
2138 1102 2333 1149 nostra:
2364 1093 2716 1169 tribulationis
2745 1093 3063 1148 invenimus.

2080 1188 2226 1260 [Vet.
2252 1184 2531 1256 XXXII.)
2565 1184 2650 1241 56.
2693 1186 2875 1240 Sancti
2922 1196 3044 1238 ante
3091 1183 3351 1239 Christum
3392 1186 3597 1255 inferno

2007 1282 2393 1349 detinebantur,
2451 1299 2585 1335 nunc
2631 1282 2743 1336 sine
2782 1298 2929 1335 mora
2976 1279 3157 1333 caelum
3203 1289 3398 1349 petunt.
3434 1278 3596 1349 Reges

2006 1384 2055 1427 et
2081 1373 2313 1428 consules
2332 1384 2451 1428 sunt
2468 1374 2637 1427 sancti
2657 1370 3230 1444 praedicatorem—Sed
3258 1370 3383 1440 quia
3409 1370 3597 1423 beatus

2004 1465 2106 1522 Job
2155 1478 2341 1522 sancto
2387 1467 2703 1521 teternitatis
2740 1466 2933 1536 spiritu
2973 1463 3257 1534 impletur,
3313 1469 3367 1514 ct
3414 1459 3594 1525 fuisse,

2005 1560 2091 1614 vel
2117 1560 2350 1615 futurum
2379 1575 2497 1615 esse
2524 1560 2798 1615 mternitas
2828 1574 2935 1614 non
2974 1558 3154 1621 habet,
3210 1553 3295 1609 cui
3323 1552 3594 1617 nimirum,

2005 1668 2105 1709 nec
2134 1655 2407 1724 praeterita
2450 1662 2759 1721 transeunt,
2794 1668 2895 1707 nec
2922 1666 3039 1722 qua:
3080 1647 3256 1705 futura
3287 1655 3441 1713 sunt,
3502 1658 3597 1699 ve-

2005 1745 2178 1813 niunt,
2208 1746 2333 1814 quia
2361 1754 2550 1799 cuncta
2573 1760 2670 1815 per
2696 1758 2935 1814 praesens
2976 1741 3144 1805 videt,
3189 1746 3371 1809 potest
3392 1736 3602 1790 futuros

2003 1836 2380 1909 praedicatores
2400 1836 2653 1891 Ecclesia:
2705 1836 2757 1889 in
2796 1833 3081 1905 praesentia
3112 1831 3330 1901 spiritus
3359 1835 3602 1883 contem-

316 1936 599 2005 tolerabat,
629 1938 811 1993 dicens
838 1956 849 1990 :
890 1937 1048 1991 Video
1070 1938 1229 1990 aliam
1258 1937 1421 2005 legem
1438 1937 1492 1988 in
1516 1934 1753 1988 membris
1776 1933 1899 1987 meis
1932 1944 1978 2003 Β
2004 1929 2163 1998 plari,
2193 1931 2283 1998 qui
2317 1937 2604 1998 postquam
2635 1930 2702 1983 de
2724 1928 3041 1998 corporibus
3070 1932 3367 1990 transeunt,
3398 1935 3601 1991 nequa-

310 2040 680 2101 repugnantem
709 2033 808 2102 legi
836 2035 1019 2087 mentis
1048 2049 1192 2097 metu,
1223 2038 1271 2084 et
1301 2032 1554 2101 captivum
1600 2046 1680 2083 me
1705 2030 1899 2081 ducen-

312 2130 413 2173 tem
432 2123 485 2175 in
507 2126 615 2193 lege
637 2124 849 2193 peccati,
874 2141 987 2195 qua:
1013 2133 1086 2178 est
1114 2125 1169 2178 in
1195 2123 1432 2177 membris
1454 2123 1579 2175 meis
1603 2120 1780 2191 (Rom.
1804 2134 1895 2188 vn,

307 2214 437 2283 ‘23)?
465 2216 868 2289 Contempletur
894 2234 1024 2288 ergo
1053 2219 1136 2273 vir
1160 2225 1378 2273 sanctus
1407 2216 1460 2270 in
1494 2222 1694 2285 quanta
1723 2212 1900 2269 cordis

310 2322 445 2379 pace
472 2310 855 2380 requiesceret,
880 2312 923 2366 si
948 2311 1216 2382 serpentis
1243 2310 1408 2365 verba
1434 2308 1707 2378 suscipere
1736 2307 1898 2361 homo

310 2399 589 2470 noluisset,
624 2411 677 2457 et
705 2402 849 2457 dicat
882 2422 894 2456 :
940 2401 1094 2457 Nunc
1123 2404 1259 2457 enim
1288 2402 1546 2457 dormiens
1576 2401 1801 2467 silerem,
1851 2406 1900 2451 et

307 2503 489 2544 somno
546 2508 658 2546 meo
713 2492 1079 2564 requiescerem
1105 2532 1120 2558 ,
1177 2492 1230 2545 id
1285 2500 1386 2555 est,
1437 2492 1575 2545 intra
1629 2497 1898 2545 secretum

308 2581 505 2636 mentis
526 2591 552 2619 ει
584 2582 649 2635 ad
686 2582 979 2638 conditoris
1007 2582 1515 2653 contemplationem
1567 2579 1895 2645 secederem,

308 2673 410 2729 nisi
431 2689 515 2729 me
545 2683 696 2730 extra
721 2690 808 2730 me
836 2676 1190 2731 tentationum
1221 2675 1535 2731 tumultibus
1558 2674 1582 2712 ι’
1607 2688 1900 2729 consensus

307 2766 464 2836 primi
495 2768 651 2838 culpa
678 2768 1023 2839 prodidisset.
1057 2768 1228 2839 Hujus
1257 2779 1436 2825 autem
1460 2769 1655 2839 quietis
1692 2767 1899 2837 gaudiis

308 2872 428 2912 cum
484 2859 677 2928 quibus
732 2859 896 2915 etiam
947 2860 1110 2916 sociis
1168 2860 1562 2931 perfrueretur,
1612 2858 1896 2927 adjungat,

308 2950 488 3007 dicens
521 2970 534 3004 :

449 3043 675 3100 CAPUT
702 3043 873 3100 XXIX
895 3044 1043 3118 [Vet.
1074 3042 1289 3109 XXXI,
1322 3043 1447 3099 Rec.
1480 3040 1753 3112 XXVII].

381 3136 542 3194 Vnus.
576 3138 871 3194 l4.—Cum
892 3139 1097 3211 regibus
1141 3148 1191 3195 et
1220 3137 1515 3194 consulibus
1547 3147 1718 3191 terrte.

377 3226 466 3282 55.
518 3229 753 3301 Angelici
798 3230 976 3300 gaudii
1024 3231 1192 3285 socius
1242 3231 1442 3300 fuisset.
1476 3225 1576 3291 Qui
1601 3227 1773 3298 angeli
1796 3226 1901 3281 sint

305 3334 451 3390 reges
479 3329 527 3373 et
555 3319 965 3376 consules.—Ex
1002 3322 1165 3377 rebus
1204 3320 1601 3376 insensibilibus
1644 3319 1901 3375 discimus
1931 3349 1977 3412 Ο

305 3410 435 3479 quid
461 3411 529 3467 de
566 3413 905 3469 sensibilibus
945 3422 1108 3483 atque
1134 3412 1553 3482 intelligibilibus
1583 3411 1897 3467 sentiamus.

306 3496 473 3555 Terra
513 3517 744 3572 namque
784 3518 913 3559 aere
963 3502 1304 3572 fecundatur,
1349 3518 1443 3557 aer
1471 3509 1656 3557 autem
1685 3516 1752 3557 ex
1778 3500 1901 3556 coeli

304 3592 559 3662 qualitate
599 3584 925 3666 disponitur.
948 3596 1039 3652 Sic
1062 3595 1321 3666 jumentis
1350 3596 1618 3663 homines,
1668 3594 1901 3649 homini-

303 3686 404 3744 bus
451 3690 651 3760 angeli,
710 3692 1016 3761 archangeli
1058 3708 1188 3748 vero
1217 3691 1422 3761 angelis
1466 3698 1723 3761 praesunt.
1765 3690 1899 3745 Nam

303 3780 448 3849 quod
472 3780 731 3849 jnmentis
750 3782 999 3837 homines
1044 3783 1299 3851 praesint,
1353 3790 1409 3837 et
1452 3797 1554 3836 usu
1600 3781 1898 3847 cernimus,

304 3878 362 3926 et
387 3871 564 3926 verbis
596 3871 893 3926 Psalmistae
915 3872 1192 3938 docemur,
1224 3872 1317 3941 qui
1353 3871 1430 3925 ait
1462 3889 1475 3924 :
1509 3869 1700 3925 Omnia
1729 3870 1902 3941 subje-

305 3963 421 4016 cisti
448 3962 537 4016 sub
564 3962 775 4034 pedibus
804 3963 938 4035 ejus,
968 3980 1083 4018 oves
1112 3973 1161 4017 et
1185 3962 1334 4018 boves
1372 3964 1659 4028 universas,
1690 3964 1903 4033 insuper

305 4064 354 4109 et
382 4071 569 4125 pecora
596 4057 764 4126 campi
808 4055 979 4120 (Psal.
1006 4072 1117 4121 vnr,
1164 4055 1240 4125 8).
1275 4055 1568 4123 Quiagvero
1595 4054 1772 4123 angeli
1802 4054 1904 4109 ho-

305 4146 537 4203 minibus
579 4148 829 4218 praesint,
879 4162 976 4219 per
1017 4147 1333 4219 prophetam
1376 4153 1605 4202 testatur
1655 4146 1898 4217 angelus,

308 4237 529 4295 dicens:
559 4239 812 4311 Princeps
853 4242 999 4313 regni
1026 4239 1310 4296 Persarum
1357 4239 1547 4294 restitit
1575 4238 1699 4293 mihi
1731 4236 1897 4307 (Dan.

307 4344 363 4395 χ,
415 4330 525 4403 15).
583 4332 736 4399 Quod
762 4349 891 4389 vero
917 4334 1093 4403 angeli
1140 4349 1171 4388 a
1218 4332 1557 4403 superiorum
1586 4330 1903 4400 angelorum

309 4423 664 4492 potestatibus
690 4425 1101 4494 diSpensentur,
1146 4423 1432 4481 Zacharias
1480 4423 1731 4494 perhibet
1776 4437 1904 4493 pro-

308 4517 489 4587 pheta,
516 4518 607 4588 qui
636 4518 744 4573 ait:
774 4517 911 4573 Ecce
938 4520 1172 4591 angelus,
1221 4520 1307 4593 qui
1348 4518 1648 4590 loquebatur
1696 4516 1749 4569 in
1796 4532 1898 4579 me,

309 4608 698 4679 egrediebatur;
728 4618 777 4663 et
828 4611 1042 4682 angelus
1065 4614 1198 4665 alius
1244 4610 1600 4682 egrediebatur
1635 4610 1687 4664 in
1717 4626 1901 4664 occur-

310 4716 423 4753 sum
445 4700 579 4769 ejus,
631 4710 680 4753 et
708 4702 841 4755 dixit
869 4703 937 4755 ad
979 4719 1133 4757 eum:
1161 4703 1337 4769 Curre,
1370 4705 1575 4774 loquere
1598 4703 1666 4756 ad
1689 4720 1903 4774 puerum

310 4793 496 4857 istum,
545 4790 717 4845 dicens
752 4807 770 4844 :
814 4792 1016 4861 Absque
1060 4809 1204 4848 muro
1255 4793 1568 4847 habitabitur
1613 4794 1905 4849 Jerusalem

315 4881 498 4954 (Zach.
531 4898 596 4946 ιι,
651 4880 728 4953 3).
786 4880 845 4936 Si
897 4883 1039 4937 enim
1074 4883 1127 4937 in
1180 4884 1308 4952 ipsis
1356 4883 1545 4940 ofﬁciis
1594 4894 1905 4941 sanctorum

313 4977 595 5048 Spirituum
639 4990 980 5047 nequaquam
1026 4983 1325 5045 potestates
1381 4993 1601 5032 summze
1656 4978 1906 5031 minimas

312 5071 691 5141 disponerent,
725 5068 873 5124 nullo
899 5068 1059 5123 modo
1089 5067 1223 5133 hoc,
1273 5068 1419 5138 quod
1447 5068 1652 5123 homini
1677 5067 1903 5131 diceret,

315 5161 534 5231 angelus
559 5173 580 5200 ε
609 5161 676 5216 ab
705 5160 897 5229 angelo
926 5160 1284 5228 cognovisset.
1317 5158 1451 5225 Quia
1493 5159 1653 5227 igitur
1680 5167 1906 5214 cuncto-

313 5266 430 5307 rum
478 5252 725 5309 conditor
754 5252 934 5308 omnia
958 5266 1057 5322 per
1082 5252 1426 5321 semetipsum
1456 5258 1624 5316 tenet,
1653 5259 1707 5305 et
1728 5260 1908 5305 tamen

315 5343 383 5399 ad
405 5345 835 5415 distinguendum
865 5344 1103 5415 pulchrae
1126 5342 1486 5398 universitatis
1514 5341 1779 5409 ordinem,
1803 5340 1906 5395 alia

315 5437 434 5492 aliis
462 5438 893 5507 dispensantibus
918 5437 1074 5506 regit,
1108 5450 1216 5491 non
1238 5434 1507 5489 immerito
1537 5447 1711 5501 reges,
1740 5447 1906 5502 ange-

314 5532 489 5588 lorum
518 5532 734 5601 spiritus
773 5533 1095 5603 accipimus,
1152 5530 1243 5601 qui
1292 5544 1399 5599 quo
1429 5528 1638 5583 auctori
1665 5527 1903 5582 omnium

314 5624 626 5681 familiarius
652 5625 912 5690 serviunt,
958 5640 1023 5681 eo
1064 5622 1303 5693 subjecta
1330 5621 1505 5694 potius
1535 5630 1746 5690 regunt.
1771 5619 1904 5675 Cum

313 5718 531 5789 regibus
564 5732 693 5789 ergo
719 5718 998 5787 dormiret,
1023 5721 1149 5789 quia
1173 5719 1423 5773 nimirum
1450 5717 1561 5787 jam
1585 5731 1707 5771 cum
1737 5728 1904 5783 auge-

386 5867 412 5893 ει
447 5856 471 5908 1
501 5854 731 5923 Remig.,
758 5873 879 5912 cum
906 5872 1013 5913 uno
1042 5856 1197 5926 Reg.,
1227 5874 1257 5911 a
1284 5856 1565 5911 conditoris
1587 5854 1904 5925 contempla-

318 5927 455 5985 tione
481 5944 583 5983 non
614 5928 919 5983 secederem.

391 5996 418 6036 δ
444 5996 531 6055 Sic
562 5997 686 6055 Mss.
720 5998 859 6056 Editi
881 6014 1029 6067 vero,
1063 6014 1339 6061 consensus
1361 6001 1542 6072 prima:
1571 5999 1754 6070 σαίρω.

2005 2035 2165 2089 quam
2185 2035 2282 2089 per
2303 2035 2573 2074 morarum
2597 2020 2789 2088 spatia,
2819 2020 2957 2073 sicut
2973 2018 3178 2087 antiqui
3202 2016 3407 2080 Patres,
3434 2029 3463 2067 a
3493 2028 3602 2068 Cte-

2004 2111 2152 2165 lestis
2180 2111 2366 2180 patria:
2396 2111 2745 2181 perceptione
2783 2108 3119 2164 differuntur.
3153 2107 3277 2161 Mox
3307 2105 3506 2176 quippe
3543 2108 3601 2157 ut

2004 2219 2033 2257 a
2063 2204 2240 2259 carnis
2288 2203 2636 2272 colligatioue
2661 2214 2884 2270 exeunt,
2916 2202 2967 2255 in
2994 2200 3201 2255 caelesti
3230 2197 3359 2253 sede
3386 2195 3602 2264 requie-

2003 2305 2176 2359 scunt,
2212 2296 2380 2350 Paulo
2406 2303 2718 2360 attestante,
2760 2294 2853 2364 qui
2882 2294 2955 2347 ait
3000 2310 3011 2345 ε
3050 2292 3253 2347 Scimus
3286 2290 3529 2361 quoniam
3557 2286 3604 2339 si

2006 2391 2259 2444 terrestris
2290 2389 2468 2444 domus
2509 2397 2689 2442 nostra
2722 2388 2873 2458 hujus
2902 2385 3237 2439 habitationis
3266 2381 3600 2447 dissolvatur,

2003 2485 2138 2555 quod
2165 2485 2560 2554 aedificationem
2584 2499 2648 2537 ex
2678 2481 2789 2535 Deo
2820 2480 3063 2534 habemus
3112 2480 3319 2534 domum
3357 2492 3461 2531 non
3492 2491 3606 2529 ma-

2003 2578 2298 2647 nufactam,
2348 2584 2593 2629 teternam
2636 2577 2692 2628 in
2724 2574 2861 2627 cazlis
2893 2571 2981 2643 (ΙΙ
3034 2573 3153 2627 Cor.
3204 2588 3266 2637 ν,
3321 2570 3398 2641 1).
3450 2567 3605 2622 Prius

2004 2675 2182 2721 autem
2237 2683 2397 2736 quam
2450 2667 2782 2735 Redemptor
2813 2672 3003 2719 noster
3036 2646 3213 2717 morte
3258 2676 3354 2716 sua
3385 2657 3605 2713 humani

2004 2762 2218 2830 generis
2246 2776 2461 2831 paenam
2508 2760 2762 2825 solveret,
2807 2773 2903 2813 eos
2947 2757 3107 2811 etiam
3138 2755 3229 2824 qui
3255 2752 3490 2809 coelestis
3512 2766 3609 2820 pa-

2002 2853 2121 2906 tria:
2148 2853 2265 2907 vias
2293 2852 2484 2907 sectati
2532 2860 2677 2916 sunt,
2711 2858 2834 2920 post
2880 2862 3156 2919 egressum
3205 2844 3383 2901 carnis
3413 2842 3608 2897 inferni

2003 2946 2239 3001 claustra
2292 2953 2583 2999 tenuerunt
2615 2963 2627 2997 :
2664 2944 2820 3015 128
2858 2957 2964 2996 non
3014 2948 3073 2994 ut
3111 2952 3269 3009 paena
3300 2935 3451 3006 quasi
3481 2948 3609 3004 pec-

2004 3045 2217 3093 catores
2240 3037 2521 3106 plecteret,
2552 3035 2647 3091 sed
2689 3043 2746 3089 ut
2796 3048 2889 3088 eos
2932 3032 2987 3085 in
3041 3030 3175 3086 locis
3228 3024 3610 3083 remotioribus

2003 3129 2368 3200 quiescentes,
2399 3128 2524 3196 quia
2554 3126 2783 3181 necdum
2810 3122 3126 3179 intercessio
3168 3117 3479 3175 Mediatoris
3509 3113 3605 3167 ad-

2003 3230 2244 3285 venerat,
2282 3221 2349 3273 ab
2378 3220 2618 3288 ingressu
2649 3217 2799 3284 regni
2820 3225 3004 3269 reatus
3043 3210 3230 3282 primm
3271 3208 3440 3278 culpa:
3478 3219 3608 3276 pro-

2006 3312 2234 3367 hiberet.
2302 3310 2450 3365 Unde
2502 3310 2656 3379 juxta
2703 3307 2947 3377 ejusdem
2996 3299 3377 3371 Redemptoris
3435 3294 3610 3351 nostri

2007 3405 2409 3470 testimonium,
2441 3403 2590 3458 dives
2639 3402 2732 3471 qui
2772 3398 2914 3471 apud
2940 3395 3145 3451 inferos
3194 3399 3512 3462 torquetur,
3554 3387 3611 3442 in

2003 3498 2127 3553 sinu
2175 3495 2403 3551 Abralne
2476 3493 2819 3562 requiescere
2886 3487 3151 3542 Lazarum
3214 3479 3613 3551 contemplatur

2006 3589 2156 3662 (Luc.
2184 3603 2291 3654 xvt,
2326 3586 2437 3656 l9).
2469 3586 2572 3651 Qui
2602 3583 2848 3653 profecto
2873 3580 2916 3635 si
2956 3578 3133 3634 adhuc
3161 3576 3215 3630 in
3245 3574 3367 3628 imis
3389 3586 3497 3627 non
3527 3584 3614 3662 es-

2003 3660 2153 3749 Sent,
2196 3682 2295 3735 hos
2323 3680 2413 3733 ille
2443 3679 2496 3731 in
2528 3675 2811 3732 tormentis
2835 3674 3045 3744 positus
3073 3685 3180 3725 non
3203 3667 3429 3724 videret.
3456 3660 3611 3718 Unde

2005 3783 2060 3832 et
2088 3774 2255 3829 isdem
2295 3771 2630 3839 Redemptor
2657 3776 2842 3823 noster
2867 3780 2967 3835 pro
2997 3770 3197 3819 nostrae
3225 3759 3399 3828 culpze
3427 3754 3610 3808 debito

2005 3864 2354 3929 occumbens,
2380 3860 2589 3914 inferna
2612 3863 2892 3928 penetrat;
2922 3861 2985 3908 ut
3005 3865 3151 3917 suos,
3184 3847 3279 3917 qui
3311 3846 3362 3901 ei
3382 3842 3611 3898 inhmse-

2005 3964 2169 4022 rant,
2197 3954 2264 4009 ad
2290 3951 2531 4009 cmlestia
2557 3954 2799 4005 reducat.
2828 3945 2935 4001 Sed
2971 3958 3081 4013 quo
3126 3954 3273 3995 nunc
3306 3939 3471 3993 homo
3518 3948 3609 3990 re-

2004 4050 2262 4119 demptus
2289 4044 2551 4109 ascendit,
2582 4042 2711 4097 illuc
2732 4038 2977 4112 profecto
3001 4037 3047 4091 si
3072 4047 3301 4107 peccare
3326 4028 3608 4097 noluisset,

2007 4143 2171 4198 etiam
2195 4142 2310 4197 sine
2334 4136 2709 4208 redemptione
2745 4132 3091 4204 pertingeret.
3124 4124 3444 4184 Consideret
3480 4133 3611 4190 ergo

2005 4233 2090 4289 vir
2117 4245 2336 4288 sanetus
2364 4228 2491 4298 quia
2530 4226 2576 4284 si
2621 4240 2729 4281 non
2778 4228 3083 4295 peccasset,
3137 4218 3265 4273 illuc
3294 4214 3456 4272 etiam
3504 4225 3612 4267 non

2006 4327 2319 4395 redemptus
2343 4319 2684 4384 ascenderet,
2716 4316 2783 4372 ad
2809 4314 2954 4385 quod
2986 4312 3372 4384 prtedieatores
3394 4314 3613 4363 sanctos

2006 4428 2129 4492 post
2158 4416 2586 4487 redemptionem
2638 4425 2862 4468 necesse
2891 4416 2975 4465 est
3017 4422 3139 4464 cum
3184 4418 3379 4473 magno
3427 4401 3613 4455 labore

2006 4491 2313 4585 pervenire.
2345 4509 2409 4563 Et
2439 4524 2561 4565 cum
2586 4507 2780 4578 quibus
2805 4505 2918 4573 jam
2972 4516 3114 4557 nunc
3160 4498 3493 4567 quiesceret,
3527 4491 3612 4544 in-

2006 4584 2216 4668 sinuet,
2275 4600 2463 4656 dicens
2513 4617 2527 4653 :
2589 4597 2714 4652 Cum
2764 4594 2970 4666 regibus
3029 4600 3077 4645 et
3125 4584 3416 4642 consulibus
3459 4590 3612 4635 terra:

1930 4734 1986 4797 Β
2010 4680 2156 4771 [νει.
2186 4690 2490 4765 XXXIII].
2525 4690 2698 4759 Reges
2727 4688 2925 4787 quippe
2953 4679 3268 4797 suntsancti
3297 4675 3613 4797 praedicato-

2013 4769 2101 4846 res
2129 4786 2405 4853 Ecclesiae,
2428 4784 2521 4855 qui
2560 4791 2614 4838 ct
2643 4779 2961 4837 commissos
2995 4774 3094 4829 sibi
3125 4780 3276 4827 recte
3302 4769 3612 4839 disponere,

2015 4891 2072 4939 et
2099 4896 2195 4936 sua
2220 4881 2361 4935 bene
2384 4890 2575 4945 regere
2606 4885 2835 4941 corpora
2865 4867 3072 4931 sciunt;
3104 4863 3197 4934 qui
3250 4859 3377 4915 dum
3404 4859 3613 4914 deside-

2014 4974 2216 5027 riorum
2246 4970 2298 5022 in
2321 4984 2380 5023 se
2410 4972 2591 5019 motus
2623 4966 2940 5029 temperant,
2974 4969 3137 5026 super
3183 4950 3439 5021 subjectis
3461 4947 3614 5018 cogi-

2016 5062 2309 5118 tationibus
2336 5059 2455 5128 lege
2476 5054 2687 5110 virtutis
2708 5058 2952 5121 regnant.
2980 5048 3083 5115 Qui
3112 5047 3249 5101 bene
3273 5045 3436 5100 etiam
3456 5053 3613 5097 teme

2017 5154 2270 5210 consules
2290 5156 2571 5206 vocantur.
2598 5145 2770 5212 Reges
2791 5142 2931 5197 enim
2956 5148 3097 5206 sunt,
3122 5139 3247 5209 quia
3268 5135 3614 5204 sibimetipsrs

2018 5246 2343 5319 praesident;
2392 5250 2549 5297 terra:
2595 5246 2777 5293 autem
2826 5234 3107 5300 consules,
3162 5231 3287 5301 quia
3337 5224 3614 5283 exstinctis

2015 5336 2400 5409 peccatoribus
2429 5333 2553 5387 vitae
2597 5330 2903 5386 consultum
2950 5325 3207 5398 praebent.
3246 5322 3421 5389 Reges
3468 5322 3611 5409 sunt,

2016 5408 2145 5503 quia
2176 5428 2497 5498 semetipsos
2527 5439 2717 5495 regere
2745 5424 2955 5485 sciunt;
3000 5429 3158 5475 terrae
3184 5423 3311 5471 sunt
3338 5408 3610 5471 consules,

2017 5528 2145 5598 quia
2188 5535 2429 5582 terrenas
2471 5532 2682 5580 mentes
2710 5538 2805 5593 per
2852 5514 3245 5575 exhortationis
3292 5524 3404 5566 sua:
3434 5504 3614 5563 consi-

2015 5621 2148 5678 lium
2172 5621 2241 5677 ad
2270 5620 2510 5676 crelestia
2536 5617 2876 5688 pertrahunt.
2921 5614 3002 5666 An
3055 5616 3211 5663 terrae
3267 5600 3456 5659 consul
3508 5613 3615 5653 non

2017 5729 2167 5787 erat,
2231 5718 2324 5789 qui
2375 5715 2587 5771 dicebat
2620 5731 2632 5766 :
2668 5712 2746 5766 De
2776 5706 3060 5780 virginibus
3113 5713 3283 5757 autem
3305 5704 3616 5771 prmeeptum

2090 5868 2111 5896 ο
2142 5857 2205 5910 In
2238 5854 2365 5911 Mss.
2398 5854 2582 5911 Norm.
2615 5857 2669 5905 et
2698 5842 2995 5911 nonnullis,
3021 5840 3236 5914 angelus
3265 5836 3450 5908 angelo
3482 5848 3618 5887 nunc

2015 5930 2192 5986 liaret.

2240 6080 2337 6117 se»;
2372 6092 2391 6113 ς
