  <div class='ocr_page' id='page_1' title='image "/cluster/home/n/w/nwhite01/storage/ocr_20150623/75/hvd.32044015469380/339.png"; bbox 0 0 4180 6454; ppageno 0'>
   <div class='ocr_carea' id='block_1_1' title="bbox 629 433 732 493">
    <p class='ocr_par' dir='ltr' id='par_1_1' title="bbox 629 433 732 493">
     <span class='ocr_line' id='line_1_1' title="bbox 629 433 732 493; baseline 0.019 -1"><span class='ocrx_word' id='word_1_1' title='bbox 629 433 732 493; x_wconf 73' lang='grc'><strong>68⁸1</strong></span> 
     </span>
    </p>
   </div>
   <div class='ocr_carea' id='block_1_2' title="bbox 1834 449 2699 507">
    <p class='ocr_par' dir='ltr' id='par_1_2' title="bbox 1834 449 2699 507">
     <span class='ocr_line' id='line_1_2' title="bbox 1834 449 2699 507; baseline 0.001 -2"><span class='ocrx_word' id='word_1_2' title='bbox 1834 449 2073 506; x_wconf 76' lang='lat' dir='ltr'><strong>S.tNtZT|</strong></span> <span class='ocrx_word' id='word_1_3' title='bbox 2115 449 2441 506; x_wconf 77' lang='lat' dir='ltr'><strong>GREGURII</strong></span> <span class='ocrx_word' id='word_1_4' title='bbox 2482 449 2699 507; x_wconf 81' lang='lat' dir='ltr'><strong>MAGNI</strong></span> 
     </span>
    </p>
   </div>
   <div class='ocr_carea' id='block_1_3' title="bbox 3791 463 3899 520">
    <p class='ocr_par' dir='ltr' id='par_1_3' title="bbox 3791 463 3899 520">
     <span class='ocr_line' id='line_1_3' title="bbox 3791 463 3899 520; baseline 0.037 -3"><span class='ocrx_word' id='word_1_5' title='bbox 3791 463 3899 520; x_wconf 78' lang='lat'><strong><em>668</em></strong></span> 
     </span>
    </p>
   </div>
   <div class='ocr_carea' id='block_1_4' title="bbox 628 551 3903 644">
    <p class='ocr_par' dir='ltr' id='par_1_4' title="bbox 628 551 3903 644">
     <span class='ocr_line' id='line_1_4' title="bbox 628 551 3903 644; baseline 0.009 -39"><span class='ocrx_word' id='word_1_6' title='bbox 628 551 835 608; x_wconf 77' lang='lat' dir='ltr'><strong>Domini</strong></span> <span class='ocrx_word' id='word_1_7' title='bbox 871 570 973 609; x_wconf 89' lang='lat' dir='ltr'><strong>non</strong></span> <span class='ocrx_word' id='word_1_8' title='bbox 1002 553 1198 624; x_wconf 79' lang='lat' dir='ltr'><strong>habeo,</strong></span> <span class='ocrx_word' id='word_1_9' title='bbox 1242 559 1508 613; x_wconf 76' lang='lat' dir='ltr'><strong>consilium</strong></span> <span class='ocrx_word' id='word_1_10' title='bbox 1555 570 1723 615; x_wconf 82' lang='lat' dir='ltr'><strong>autem</strong></span> <span class='ocrx_word' id='word_1_11' title='bbox 1757 565 1821 618; x_wconf 89' lang='lat' dir='ltr'><strong>do</strong></span> <span class='ocrx_word' id='word_1_12' title='bbox 1864 564 1919 633; x_wconf 89' lang='lat' dir='ltr'><strong>(I</strong></span> <span class='ocrx_word' id='word_1_13' title='bbox 1949 565 2068 622; x_wconf 85' lang='lat' dir='ltr'><strong>Cor.</strong></span> <span class='ocrx_word' id='word_1_14' title='bbox 2115 584 2206 630; x_wconf 83' lang='lat' dir='ltr'><strong>vn,</strong></span> <span class='ocrx_word' id='word_1_15' title='bbox 2242 568 2282 626; x_wconf 81' lang='grc' dir='ltr'>Α</span> <span class='ocrx_word' id='word_1_16' title='bbox 2316 563 2589 620; x_wconf 85' lang='lat' dir='ltr'><strong>Honorum</strong></span> <span class='ocrx_word' id='word_1_17' title='bbox 2635 567 2940 624; x_wconf 83' lang='lat' dir='ltr'><strong>sublimium</strong></span> <span class='ocrx_word' id='word_1_18' title='bbox 2974 569 3166 628; x_wconf 79' lang='lat' dir='ltr'><strong>infulas</strong></span> <span class='ocrx_word' id='word_1_19' title='bbox 3208 571 3450 644; x_wconf 87' lang='lat' dir='ltr'><strong>appetit,</strong></span> <span class='ocrx_word' id='word_1_20' title='bbox 3500 573 3728 629; x_wconf 79' lang='lat' dir='ltr'><strong>exaltari</strong></span> <span class='ocrx_word' id='word_1_21' title='bbox 3776 594 3903 634; x_wconf 84' lang='lat' dir='ltr'><strong>suc-</strong></span> 
     </span>
    </p>
   </div>
   <div class='ocr_carea' id='block_1_5' title="bbox 621 643 2208 725">
    <p class='ocr_par' dir='ltr' id='par_1_5' title="bbox 621 643 2208 725">
     <span class='ocr_line' id='line_1_5' title="bbox 621 643 2208 725; baseline 0.011 -30"><span class='ocrx_word' id='word_1_22' title='bbox 621 643 751 711; x_wconf 79' lang='lat'><strong>25)?</strong></span> <span class='ocrx_word' id='word_1_23' title='bbox 778 643 842 698; x_wconf 88' lang='lat' dir='ltr'><strong>Et</strong></span> <span class='ocrx_word' id='word_1_24' title='bbox 867 646 1060 701; x_wconf 89' lang='lat' dir='ltr'><strong>iterum</strong></span> <span class='ocrx_word' id='word_1_25' title='bbox 1094 667 1104 701; x_wconf 88' lang='lat'><strong>:</strong></span> <span class='ocrx_word' id='word_1_26' title='bbox 1136 647 1345 703; x_wconf 84' lang='lat' dir='ltr'><strong>Beatior</strong></span> <span class='ocrx_word' id='word_1_27' title='bbox 1372 653 1486 716; x_wconf 85' lang='lat' dir='ltr'><strong>erit,</strong></span> <span class='ocrx_word' id='word_1_28' title='bbox 1519 654 1563 706; x_wconf 87' lang='lat' dir='ltr'><strong>si</strong></span> <span class='ocrx_word' id='word_1_29' title='bbox 1589 655 1662 706; x_wconf 80' lang='lat' dir='ltr'><strong>sic</strong></span> <span class='ocrx_word' id='word_1_30' title='bbox 1706 659 2077 725; x_wconf 82' lang='lat' dir='ltr'><strong>permanserit,</strong></span> <span class='ocrx_word' id='word_1_31' title='bbox 2127 676 2208 712; x_wconf 84' lang='lat' dir='ltr'><strong>se—</strong></span> 
     </span>
    </p>
   </div>
   <div class='ocr_carea' id='block_1_6' title="bbox 619 736 2211 814">
    <p class='ocr_par' dir='ltr' id='par_1_6' title="bbox 619 736 2211 814">
     <span class='ocr_line' id='line_1_6' title="bbox 619 736 2211 814; baseline 0.012 -27"><span class='ocrx_word' id='word_1_32' title='bbox 619 736 842 790; x_wconf 85' lang='lat' dir='ltr'><strong>cundum</strong></span> <span class='ocrx_word' id='word_1_33' title='bbox 873 755 1038 793; x_wconf 84' lang='lat' dir='ltr'><strong>meum</strong></span> <span class='ocrx_word' id='word_1_34' title='bbox 1060 742 1329 796; x_wconf 79' lang='lat' dir='ltr'><strong><em>consilium</em></strong></span> <span class='ocrx_word' id='word_1_35' title='bbox 1353 741 1537 814; x_wconf 86' lang='lat' dir='ltr'><strong>(Ibid.,</strong></span> <span class='ocrx_word' id='word_1_36' title='bbox 1570 744 1681 813; x_wconf 57' lang='lat'><strong>40).</strong></span> <span class='ocrx_word' id='word_1_37' title='bbox 1715 746 1858 802; x_wconf 87' lang='lat' dir='ltr'><strong>Bene</strong></span> <span class='ocrx_word' id='word_1_38' title='bbox 1884 757 2060 804; x_wconf 88' lang='lat' dir='ltr'><strong>autem</strong></span> <span class='ocrx_word' id='word_1_39' title='bbox 2084 751 2211 806; x_wconf 91' lang='lat' dir='ltr'><strong>sub-</strong></span> 
     </span>
    </p>
   </div>
   <div class='ocr_carea' id='block_1_7' title="bbox 619 826 802 885">
    <p class='ocr_par' dir='ltr' id='par_1_7' title="bbox 619 826 802 885">
     <span class='ocr_line' id='line_1_7' title="bbox 619 826 802 885; baseline 0.016 -3"><span class='ocrx_word' id='word_1_40' title='bbox 619 826 764 885; x_wconf 84' lang='lat' dir='ltr'><strong>ditur</strong></span> <span class='ocrx_word' id='word_1_41' title='bbox 789 849 802 884; x_wconf 90' lang='lat'><em>:</em></span> 
     </span>
    </p>
   </div>
   <div class='ocr_carea' id='block_1_8' title="bbox 933 949 1889 1030">
    <p class='ocr_par' dir='ltr' id='par_1_8' title="bbox 933 949 1889 1030">
     <span class='ocr_line' id='line_1_8' title="bbox 933 949 1889 1030; baseline 0.012 -26"><span class='ocrx_word' id='word_1_42' title='bbox 933 949 1164 1006; x_wconf 68' lang='lat' dir='ltr'>CAPUT</span> <span class='ocrx_word' id='word_1_43' title='bbox 1206 951 1344 1007; x_wconf 84' lang='lat' dir='ltr'><strong>xxx</strong></span> <span class='ocrx_word' id='word_1_44' title='bbox 1388 955 1536 1024; x_wconf 61' lang='lat' dir='ltr'><strong>[&#39;Rec.</strong></span> <span class='ocrx_word' id='word_1_45' title='bbox 1579 957 1889 1030; x_wconf 68' lang='lat' dir='ltr'><strong>xxvum</strong></span> 
     </span>
    </p>
   </div>
   <div class='ocr_carea' id='block_1_9' title="bbox 688 1059 1740 1160">
    <p class='ocr_par' dir='ltr' id='par_1_9' title="bbox 688 1059 1740 1160">
     <span class='ocr_line' id='line_1_9' title="bbox 688 1059 1740 1160; baseline 0.014 -47"><span class='ocrx_word' id='word_1_46' title='bbox 688 1059 994 1126; x_wconf 66' lang='lat' dir='ltr'><strong>Imm—Qui</strong></span> <span class='ocrx_word' id='word_1_47' title='bbox 1015 1065 1278 1135; x_wconf 71' lang='lat' dir='ltr'><strong>mdiﬁcant</strong></span> <span class='ocrx_word' id='word_1_48' title='bbox 1303 1068 1397 1122; x_wconf 75' lang='lat' dir='ltr'><strong>sibi</strong></span> <span class='ocrx_word' id='word_1_49' title='bbox 1419 1070 1740 1160; x_wconf 64' lang='lat' dir='ltr'><strong>solitudines.</strong></span> 
     </span>
    </p>
   </div>
   <div class='ocr_carea' id='block_1_10' title="bbox 684 1160 2206 1240">
    <p class='ocr_par' dir='ltr' id='par_1_10' title="bbox 684 1160 2206 1240">
     <span class='ocr_line' id='line_1_10' title="bbox 684 1160 2206 1240; baseline 0.011 -27"><span class='ocrx_word' id='word_1_50' title='bbox 684 1160 774 1214; x_wconf 81' lang='lat'><strong>57.</strong></span> <span class='ocrx_word' id='word_1_51' title='bbox 820 1161 1045 1218; x_wconf 77' lang='lat' dir='ltr'><strong><em>Turbam</em></strong></span> <span class='ocrx_word' id='word_1_52' title='bbox 1084 1167 1475 1222; x_wconf 70' lang='lat' dir='ltr'><strong>tumultuantem</strong></span> <span class='ocrx_word' id='word_1_53' title='bbox 1516 1173 1570 1224; x_wconf 86' lang='lat' dir='ltr'><strong>in</strong></span> <span class='ocrx_word' id='word_1_54' title='bbox 1611 1189 1666 1224; x_wconf 78' lang='lat' dir='ltr'><strong>se</strong></span> <span class='ocrx_word' id='word_1_55' title='bbox 1704 1181 1922 1240; x_wconf 76' lang='lat' dir='ltr'><strong>gestant.</strong></span> <span class='ocrx_word' id='word_1_56' title='bbox 1957 1172 2206 1229; x_wconf 58' lang='lat' dir='ltr'><strong>Luxuria:</strong></span> 
     </span>
    </p>
   </div>
   <div class='ocr_carea' id='block_1_11' title="bbox 614 1250 2203 1330">
    <p class='ocr_par' dir='ltr' id='par_1_11' title="bbox 614 1250 2203 1330">
     <span class='ocr_line' id='line_1_11' title="bbox 614 1250 2203 1330; baseline 0.011 -26"><span class='ocrx_word' id='word_1_57' title='bbox 614 1250 836 1318; x_wconf 75' lang='lat' dir='ltr'><strong>deditus,</strong></span> <span class='ocrx_word' id='word_1_58' title='bbox 869 1255 1182 1322; x_wconf 76' lang='lat' dir='ltr'><strong>iracundus,</strong></span> <span class='ocrx_word' id='word_1_59' title='bbox 1233 1275 1440 1328; x_wconf 76' lang='lat' dir='ltr'><strong>auarus,</strong></span> <span class='ocrx_word' id='word_1_60' title='bbox 1474 1262 1741 1330; x_wconf 74' lang='lat' dir='ltr'><strong>superbus,</strong></span> <span class='ocrx_word' id='word_1_61' title='bbox 1774 1266 1910 1317; x_wconf 74' lang='lat' dir='ltr'><strong>curis</strong></span> <span class='ocrx_word' id='word_1_62' title='bbox 1939 1269 2203 1320; x_wconf 58' lang='lat' dir='ltr'><strong>maculari-</strong></span> 
     </span>
    </p>
   </div>
   <div class='ocr_carea' id='block_1_12' title="bbox 612 1343 2203 1428">
    <p class='ocr_par' dir='ltr' id='par_1_12' title="bbox 612 1343 2203 1428">
     <span class='ocr_line' id='line_1_12' title="bbox 612 1343 2203 1428; baseline 0.009 -30"><span class='ocrx_word' id='word_1_63' title='bbox 612 1343 704 1400; x_wconf 77' lang='lat' dir='ltr'><strong>bus</strong></span> <span class='ocrx_word' id='word_1_64' title='bbox 734 1346 1044 1404; x_wconf 72' lang='lat' dir='ltr'><strong>deserviens.</strong></span> <span class='ocrx_word' id='word_1_65' title='bbox 1065 1348 1352 1406; x_wconf 88' lang='lat' dir='ltr'><strong>—0mnes</strong></span> <span class='ocrx_word' id='word_1_66' title='bbox 1381 1354 1547 1420; x_wconf 90' lang='lat' dir='ltr'><strong>enim,</strong></span> <span class='ocrx_word' id='word_1_67' title='bbox 1579 1357 1667 1423; x_wconf 87' lang='lat' dir='ltr'><strong>qui</strong></span> <span class='ocrx_word' id='word_1_68' title='bbox 1703 1357 1784 1410; x_wconf 85' lang='lat' dir='ltr'><strong>vel</strong></span> <span class='ocrx_word' id='word_1_69' title='bbox 1824 1357 2006 1411; x_wconf 87' lang='lat' dir='ltr'><strong>illicita</strong></span> <span class='ocrx_word' id='word_1_70' title='bbox 2036 1374 2203 1428; x_wconf 86' lang='lat' dir='ltr'><strong>appe-</strong></span> 
     </span>
    </p>
   </div>
   <div class='ocr_carea' id='block_1_13' title="bbox 612 1437 2200 1515">
    <p class='ocr_par' dir='ltr' id='par_1_13' title="bbox 612 1437 2200 1515">
     <span class='ocr_line' id='line_1_13' title="bbox 612 1437 2200 1515; baseline 0.012 -28"><span class='ocrx_word' id='word_1_71' title='bbox 612 1443 751 1501; x_wconf 91' lang='lat' dir='ltr'><strong>tunt,</strong></span> <span class='ocrx_word' id='word_1_72' title='bbox 776 1437 864 1492; x_wconf 87' lang='lat' dir='ltr'><strong>vel</strong></span> <span class='ocrx_word' id='word_1_73' title='bbox 892 1438 944 1492; x_wconf 94' lang='lat' dir='ltr'><strong>in</strong></span> <span class='ocrx_word' id='word_1_74' title='bbox 975 1440 1080 1496; x_wconf 86' lang='lat' dir='ltr'><strong>hoc</strong></span> <span class='ocrx_word' id='word_1_75' title='bbox 1107 1442 1308 1497; x_wconf 88' lang='lat' dir='ltr'><strong>mundo</strong></span> <span class='ocrx_word' id='word_1_76' title='bbox 1335 1444 1504 1500; x_wconf 89' lang='lat' dir='ltr'><strong>videri</strong></span> <span class='ocrx_word' id='word_1_77' title='bbox 1543 1446 1742 1515; x_wconf 89' lang='lat' dir='ltr'><strong>aliquid</strong></span> <span class='ocrx_word' id='word_1_78' title='bbox 1773 1449 1956 1502; x_wconf 90' lang='lat' dir='ltr'><strong>volunt</strong></span> <span class='ocrx_word' id='word_1_79' title='bbox 1980 1491 1993 1513; x_wconf 92' lang='lat'><strong>,</strong></span> <span class='ocrx_word' id='word_1_80' title='bbox 2021 1451 2200 1507; x_wconf 82' lang='lat' dir='ltr'><strong>densis</strong></span> 
     </span>
    </p>
   </div>
   <div class='ocr_carea' id='block_1_14' title="bbox 611 1528 2194 1613">
    <p class='ocr_par' dir='ltr' id='par_1_14' title="bbox 611 1528 2194 1613">
     <span class='ocr_line' id='line_1_14' title="bbox 611 1528 2194 1613; baseline 0.011 -31"><span class='ocrx_word' id='word_1_81' title='bbox 611 1528 1001 1595; x_wconf 74' lang='lat' dir='ltr'><strong>cogitationum</strong></span> <span class='ocrx_word' id='word_1_82' title='bbox 1056 1536 1372 1592; x_wconf 82' lang='lat' dir='ltr'><strong><em>tumultibus</em></strong></span> <span class='ocrx_word' id='word_1_83' title='bbox 1420 1539 1471 1592; x_wconf 93' lang='lat' dir='ltr'><strong>in</strong></span> <span class='ocrx_word' id='word_1_84' title='bbox 1519 1540 1684 1595; x_wconf 91' lang='lat' dir='ltr'><strong>corde</strong></span> <span class='ocrx_word' id='word_1_85' title='bbox 1731 1543 2194 1613; x_wconf 88' lang='lat' dir='ltr'><strong>comprimuntur;</strong></span> 
     </span>
    </p>
   </div>
   <div class='ocr_carea' id='block_1_15' title="bbox 610 1617 2197 1704">
    <p class='ocr_par' dir='ltr' id='par_1_15' title="bbox 610 1617 2197 1704">
     <span class='ocr_line' id='line_1_15' title="bbox 610 1617 2197 1704; baseline 0.011 -32"><span class='ocrx_word' id='word_1_86' title='bbox 610 1617 847 1690; x_wconf 87' lang='lat' dir='ltr'><strong>dumque</strong></span> <span class='ocrx_word' id='word_1_87' title='bbox 872 1623 1265 1680; x_wconf 84' lang='lat' dir='ltr'><strong>desideriorum</strong></span> <span class='ocrx_word' id='word_1_88' title='bbox 1305 1629 1493 1684; x_wconf 85' lang='lat' dir='ltr'><strong>turbas</strong></span> <span class='ocrx_word' id='word_1_89' title='bbox 1535 1631 1675 1685; x_wconf 90' lang='lat' dir='ltr'><strong>intra</strong></span> <span class='ocrx_word' id='word_1_90' title='bbox 1700 1647 1760 1688; x_wconf 89' lang='lat' dir='ltr'><strong>se</strong></span> <span class='ocrx_word' id='word_1_91' title='bbox 1786 1634 2042 1696; x_wconf 89' lang='lat' dir='ltr'><strong>excitant,</strong></span> <span class='ocrx_word' id='word_1_92' title='bbox 2074 1652 2197 1704; x_wconf 87' lang='lat' dir='ltr'><strong>pro-</strong></span> 
     </span>
    </p>
   </div>
   <div class='ocr_carea' id='block_1_16' title="bbox 607 1717 2190 1792">
    <p class='ocr_par' dir='ltr' id='par_1_16' title="bbox 607 1717 2190 1792">
     <span class='ocr_line' id='line_1_16' title="bbox 607 1717 2190 1792; baseline 0.012 -28"><span class='ocrx_word' id='word_1_93' title='bbox 607 1717 832 1767; x_wconf 83' lang='lat' dir='ltr'><strong>stratam</strong></span> <span class='ocrx_word' id='word_1_94' title='bbox 851 1724 1087 1780; x_wconf 77' lang='lat' dir='ltr'><strong>mentem</strong></span> <span class='ocrx_word' id='word_1_95' title='bbox 1105 1719 1242 1787; x_wconf 85' lang='lat' dir='ltr'><strong>pede</strong></span> <span class='ocrx_word' id='word_1_96' title='bbox 1263 1721 1472 1776; x_wconf 66' lang='lat' dir='ltr'><strong>miserae</strong></span> <span class='ocrx_word' id='word_1_97' title='bbox 1494 1722 1942 1792; x_wconf 77' lang='lat' dir='ltr'><strong>frequentationis</strong></span> <span class='ocrx_word' id='word_1_98' title='bbox 1961 1728 2190 1783; x_wconf 89' lang='lat' dir='ltr'><strong>calcant.</strong></span> 
     </span>
    </p>
   </div>
   <div class='ocr_carea' id='block_1_17' title="bbox 606 1801 2195 1888">
    <p class='ocr_par' dir='ltr' id='par_1_17' title="bbox 606 1801 2195 1888">
     <span class='ocr_line' id='line_1_17' title="bbox 606 1801 2195 1888; baseline 0.012 -31"><span class='ocrx_word' id='word_1_99' title='bbox 606 1801 760 1860; x_wconf 81' lang='lat' dir='ltr'><strong>Alius</strong></span> <span class='ocrx_word' id='word_1_100' title='bbox 804 1823 1034 1877; x_wconf 87' lang='lat' dir='ltr'><strong>namque</strong></span> <span class='ocrx_word' id='word_1_101' title='bbox 1060 1809 1169 1879; x_wconf 90' lang='lat' dir='ltr'><strong>juri</strong></span> <span class='ocrx_word' id='word_1_102' title='bbox 1210 1826 1270 1868; x_wconf 87' lang='lat' dir='ltr'><strong>se</strong></span> <span class='ocrx_word' id='word_1_103' title='bbox 1317 1814 1543 1870; x_wconf 79' lang='lat' dir='ltr'><strong>luxuriae</strong></span> <span class='ocrx_word' id='word_1_104' title='bbox 1587 1817 1844 1883; x_wconf 84' lang='lat' dir='ltr'><strong>subdidit,</strong></span> <span class='ocrx_word' id='word_1_105' title='bbox 1879 1827 2042 1888; x_wconf 87' lang='lat' dir='ltr'><strong>atque</strong></span> <span class='ocrx_word' id='word_1_106' title='bbox 2070 1828 2195 1876; x_wconf 83' lang='lat' dir='ltr'><strong>ante</strong></span> 
     </span>
    </p>
   </div>
   <div class='ocr_carea' id='block_1_18' title="bbox 606 1895 2194 1977">
    <p class='ocr_par' dir='ltr' id='par_1_18' title="bbox 606 1895 2194 1977">
     <span class='ocr_line' id='line_1_18' title="bbox 606 1895 2194 1977; baseline 0.013 -31"><span class='ocrx_word' id='word_1_107' title='bbox 606 1895 804 1950; x_wconf 89' lang='lat' dir='ltr'><strong>mentis</strong></span> <span class='ocrx_word' id='word_1_108' title='bbox 832 1897 1019 1952; x_wconf 88' lang='lat' dir='ltr'><strong>oculos</strong></span> <span class='ocrx_word' id='word_1_109' title='bbox 1047 1901 1318 1957; x_wconf 80' lang='lat' dir='ltr'><strong>schemata</strong></span> <span class='ocrx_word' id='word_1_110' title='bbox 1344 1906 1578 1974; x_wconf 88' lang='lat' dir='ltr'><strong>turpium</strong></span> <span class='ocrx_word' id='word_1_111' title='bbox 1603 1910 2062 1977; x_wconf 88' lang='lat' dir='ltr'><strong>perpetrationum</strong></span> <span class='ocrx_word' id='word_1_112' title='bbox 2094 1911 2194 1966; x_wconf 82' lang='lat' dir='ltr'><strong>tin-</strong></span> 
     </span>
    </p>
   </div>
   <div class='ocr_carea' id='block_1_19' title="bbox 604 1984 2194 2069">
    <p class='ocr_par' dir='ltr' id='par_1_19' title="bbox 604 1984 2194 2069">
     <span class='ocr_line' id='line_1_19' title="bbox 604 1984 2194 2069; baseline 0.013 -32"><span class='ocrx_word' id='word_1_113' title='bbox 604 1984 707 2052; x_wconf 86' lang='lat' dir='ltr'><strong>git:</strong></span> <span class='ocrx_word' id='word_1_114' title='bbox 758 1995 816 2041; x_wconf 89' lang='lat' dir='ltr'><strong>et</strong></span> <span class='ocrx_word' id='word_1_115' title='bbox 840 2003 963 2043; x_wconf 91' lang='lat' dir='ltr'><strong>cum</strong></span> <span class='ocrx_word' id='word_1_116' title='bbox 994 1990 1221 2048; x_wconf 77' lang='lat' dir='ltr'><strong>effectus</strong></span> <span class='ocrx_word' id='word_1_117' title='bbox 1249 2010 1355 2049; x_wconf 91' lang='lat' dir='ltr'><strong>non</strong></span> <span class='ocrx_word' id='word_1_118' title='bbox 1387 1997 1637 2052; x_wconf 86' lang='lat' dir='ltr'><strong>tribuitur</strong></span> <span class='ocrx_word' id='word_1_119' title='bbox 1677 2001 1876 2069; x_wconf 89' lang='lat' dir='ltr'><strong>operis,</strong></span> <span class='ocrx_word' id='word_1_120' title='bbox 1925 2002 2027 2056; x_wconf 92' lang='lat' dir='ltr'><strong>hoc</strong></span> <span class='ocrx_word' id='word_1_121' title='bbox 2074 2018 2194 2058; x_wconf 89' lang='lat' dir='ltr'><strong>cre-</strong></span> 
     </span>
    </p>
   </div>
   <div class='ocr_carea' id='block_1_20' title="bbox 601 2077 2192 2163">
    <p class='ocr_par' dir='ltr' id='par_1_20' title="bbox 601 2077 2192 2163">
     <span class='ocr_line' id='line_1_20' title="bbox 601 2077 2192 2163; baseline 0.011 -31"><span class='ocrx_word' id='word_1_122' title='bbox 601 2077 752 2134; x_wconf 83' lang='lat' dir='ltr'><strong>brius</strong></span> <span class='ocrx_word' id='word_1_123' title='bbox 780 2082 954 2148; x_wconf 89' lang='lat' dir='ltr'><strong>agitur</strong></span> <span class='ocrx_word' id='word_1_124' title='bbox 982 2084 1282 2142; x_wconf 88' lang='lat' dir='ltr'><strong>intentione</strong></span> <span class='ocrx_word' id='word_1_125' title='bbox 1323 2089 1685 2157; x_wconf 78' lang='lat' dir='ltr'><strong>cogitationis.</strong></span> <span class='ocrx_word' id='word_1_126' title='bbox 1732 2092 2037 2163; x_wconf 84' lang='lat' dir='ltr'><strong>Voluptatis</strong></span> <span class='ocrx_word' id='word_1_127' title='bbox 2065 2111 2192 2163; x_wconf 81' lang='lat' dir='ltr'><strong>per-</strong></span> 
     </span>
    </p>
   </div>
   <div class='ocr_carea' id='block_1_21' title="bbox 601 2169 2194 2251">
    <p class='ocr_par' dir='ltr' id='par_1_21' title="bbox 601 2169 2194 2251">
     <span class='ocr_line' id='line_1_21' title="bbox 601 2169 2194 2251; baseline 0.013 -29"><span class='ocrx_word' id='word_1_128' title='bbox 601 2169 766 2226; x_wconf 91' lang='lat' dir='ltr'><strong>fectio</strong></span> <span class='ocrx_word' id='word_1_129' title='bbox 792 2174 1072 2240; x_wconf 83' lang='lat' dir='ltr'><strong>quaeritur,</strong></span> <span class='ocrx_word' id='word_1_130' title='bbox 1101 2184 1161 2230; x_wconf 91' lang='lat' dir='ltr'><strong>et</strong></span> <span class='ocrx_word' id='word_1_131' title='bbox 1188 2194 1483 2235; x_wconf 90' lang='lat' dir='ltr'><strong>concussus</strong></span> <span class='ocrx_word' id='word_1_132' title='bbox 1507 2185 1778 2238; x_wconf 76' lang='lat' dir='ltr'><strong>enerviter</strong></span> <span class='ocrx_word' id='word_1_133' title='bbox 1804 2185 2034 2251; x_wconf 88' lang='lat' dir='ltr'><strong>animus,</strong></span> <span class='ocrx_word' id='word_1_134' title='bbox 2068 2187 2194 2244; x_wconf 91' lang='lat' dir='ltr'><strong>hinc</strong></span> 
     </span>
    </p>
   </div>
   <div class='ocr_carea' id='block_1_22' title="bbox 602 2258 2193 2345">
    <p class='ocr_par' dir='ltr' id='par_1_22' title="bbox 602 2258 2193 2345">
     <span class='ocr_line' id='line_1_22' title="bbox 602 2258 2193 2345; baseline 0.014 -35"><span class='ocrx_word' id='word_1_135' title='bbox 602 2258 726 2314; x_wconf 86' lang='lat' dir='ltr'><strong>inde</strong></span> <span class='ocrx_word' id='word_1_136' title='bbox 752 2268 808 2315; x_wconf 89' lang='lat' dir='ltr'><strong>et</strong></span> <span class='ocrx_word' id='word_1_137' title='bbox 827 2263 1092 2318; x_wconf 89' lang='lat' dir='ltr'><strong>sollicitus</strong></span> <span class='ocrx_word' id='word_1_138' title='bbox 1112 2277 1167 2320; x_wconf 92' lang='lat' dir='ltr'><strong>et</strong></span> <span class='ocrx_word' id='word_1_139' title='bbox 1193 2277 1440 2333; x_wconf 75' lang='lat' dir='ltr'><strong>emeatus,</strong></span> <span class='ocrx_word' id='word_1_140' title='bbox 1487 2273 1827 2327; x_wconf 87' lang='lat' dir='ltr'><strong>occasionem</strong></span> <span class='ocrx_word' id='word_1_141' title='bbox 1849 2276 2193 2345; x_wconf 66' lang='lat' dir='ltr'><strong>nequissimae</strong></span> 
     </span>
    </p>
   </div>
   <div class='ocr_carea' id='block_1_23' title="bbox 595 2345 2192 2434">
    <p class='ocr_par' dir='ltr' id='par_1_23' title="bbox 595 2345 2192 2434">
     <span class='ocr_line' id='line_1_23' title="bbox 595 2345 2192 2434; baseline 0.014 -34"><span class='ocrx_word' id='word_1_142' title='bbox 595 2348 928 2416; x_wconf 40' lang='lat' dir='ltr'><strong>,explctionis</strong></span> <span class='ocrx_word' id='word_1_143' title='bbox 950 2353 1196 2409; x_wconf 88' lang='lat' dir='ltr'><strong>rimatur.</strong></span> <span class='ocrx_word' id='word_1_144' title='bbox 1222 2356 1372 2413; x_wconf 81' lang='lat' dir='ltr'><strong>Mens</strong></span> <span class='ocrx_word' id='word_1_145' title='bbox 1394 2345 1574 2427; x_wconf 83' lang='lat' dir='ltr'><strong>itaque</strong></span> <span class='ocrx_word' id='word_1_146' title='bbox 1594 2363 1708 2416; x_wconf 66' lang='lat' dir='ltr'><strong>haec</strong></span> <span class='ocrx_word' id='word_1_147' title='bbox 1727 2367 1880 2432; x_wconf 90' lang='lat' dir='ltr'><strong>quasi</strong></span> <span class='ocrx_word' id='word_1_148' title='bbox 1905 2369 2192 2434; x_wconf 83' lang='lat' dir='ltr'><strong>quemdam</strong></span> 
     </span>
    </p>
   </div>
   <div class='ocr_carea' id='block_1_24' title="bbox 602 2440 2193 2522">
    <p class='ocr_par' dir='ltr' id='par_1_24' title="bbox 602 2440 2193 2522">
     <span class='ocr_line' id='line_1_24' title="bbox 602 2440 2193 2522; baseline 0.016 -30"><span class='ocrx_word' id='word_1_149' title='bbox 602 2440 860 2509; x_wconf 88' lang='lat' dir='ltr'><strong>populum</strong></span> <span class='ocrx_word' id='word_1_150' title='bbox 883 2444 1103 2512; x_wconf 91' lang='lat' dir='ltr'><strong>patitur,</strong></span> <span class='ocrx_word' id='word_1_151' title='bbox 1128 2462 1246 2516; x_wconf 68' lang='lat' dir='ltr'><strong>quae</strong></span> <span class='ocrx_word' id='word_1_152' title='bbox 1274 2449 1522 2506; x_wconf 89' lang='lat' dir='ltr'><strong>insolenti</strong></span> <span class='ocrx_word' id='word_1_153' title='bbox 1545 2455 1932 2522; x_wconf 82' lang='lat' dir='ltr'><strong>cogitationum</strong></span> <span class='ocrx_word' id='word_1_154' title='bbox 1965 2463 2193 2518; x_wconf 86' lang='lat' dir='ltr'><strong>tumultu</strong></span> 
     </span>
    </p>
   </div>
   <div class='ocr_carea' id='block_1_25' title="bbox 601 2529 2190 2620">
    <p class='ocr_par' dir='ltr' id='par_1_25' title="bbox 601 2529 2190 2620">
     <span class='ocr_line' id='line_1_25' title="bbox 601 2529 2190 2620; baseline 0.016 -38"><span class='ocrx_word' id='word_1_155' title='bbox 601 2537 862 2587; x_wconf 84' lang='lat' dir='ltr'><strong>vastatur.</strong></span> <span class='ocrx_word' id='word_1_156' title='bbox 916 2529 1070 2590; x_wconf 80' lang='lat' dir='ltr'><strong>Alius</strong></span> <span class='ocrx_word' id='word_1_157' title='bbox 1115 2539 1208 2593; x_wconf 62' lang='lat' dir='ltr'><strong>irae</strong></span> <span class='ocrx_word' id='word_1_158' title='bbox 1251 2555 1310 2595; x_wconf 86' lang='lat' dir='ltr'><strong>se</strong></span> <span class='ocrx_word' id='word_1_159' title='bbox 1356 2541 1595 2599; x_wconf 91' lang='lat' dir='ltr'><strong>dominio</strong></span> <span class='ocrx_word' id='word_1_160' title='bbox 1628 2549 1848 2614; x_wconf 86' lang='lat' dir='ltr'><strong>stravit;</strong></span> <span class='ocrx_word' id='word_1_161' title='bbox 1897 2560 1952 2605; x_wconf 90' lang='lat' dir='ltr'><strong>et</strong></span> <span class='ocrx_word' id='word_1_162' title='bbox 1979 2552 2107 2620; x_wconf 91' lang='lat' dir='ltr'><strong>quid</strong></span> <span class='ocrx_word' id='word_1_163' title='bbox 2137 2554 2190 2610; x_wconf 92' lang='lat' dir='ltr'><strong>in</strong></span> 
     </span>
    </p>
   </div>
   <div class='ocr_carea' id='block_1_26' title="bbox 600 2621 2192 2710">
    <p class='ocr_par' dir='ltr' id='par_1_26' title="bbox 600 2621 2192 2710">
     <span class='ocr_line' id='line_1_26' title="bbox 600 2621 2192 2710; baseline 0.017 -37"><span class='ocrx_word' id='word_1_164' title='bbox 600 2621 764 2677; x_wconf 87' lang='lat' dir='ltr'><strong>corde</strong></span> <span class='ocrx_word' id='word_1_165' title='bbox 787 2661 802 2688; x_wconf 92' lang='lat'><strong>,</strong></span> <span class='ocrx_word' id='word_1_166' title='bbox 849 2624 950 2680; x_wconf 89' lang='lat' dir='ltr'><strong>nisi</strong></span> <span class='ocrx_word' id='word_1_167' title='bbox 995 2625 1169 2696; x_wconf 90' lang='lat' dir='ltr'><strong>jurgia</strong></span> <span class='ocrx_word' id='word_1_168' title='bbox 1193 2671 1208 2697; x_wconf 88' lang='lat'><strong>,</strong></span> <span class='ocrx_word' id='word_1_169' title='bbox 1240 2632 1403 2686; x_wconf 89' lang='lat' dir='ltr'><strong>etiam</strong></span> <span class='ocrx_word' id='word_1_170' title='bbox 1433 2648 1555 2702; x_wconf 68' lang='lat' dir='ltr'><strong>quae</strong></span> <span class='ocrx_word' id='word_1_171' title='bbox 1582 2636 1776 2694; x_wconf 87' lang='lat' dir='ltr'><strong>desunt</strong></span> <span class='ocrx_word' id='word_1_172' title='bbox 1825 2644 2065 2710; x_wconf 81' lang='lat' dir='ltr'><strong>peragit?</strong></span> <span class='ocrx_word' id='word_1_173' title='bbox 2093 2643 2192 2702; x_wconf 88' lang='lat' dir='ltr'><strong>Hic</strong></span> 
     </span>
    </p>
   </div>
   <div class='ocr_carea' id='block_1_27' title="bbox 600 2721 2186 2798">
    <p class='ocr_par' dir='ltr' id='par_1_27' title="bbox 600 2721 2186 2798">
     <span class='ocr_line' id='line_1_27' title="bbox 600 2721 2186 2798; baseline 0.016 -34"><span class='ocrx_word' id='word_1_174' title='bbox 600 2726 741 2781; x_wconf 68' lang='lat' dir='ltr'><strong>smpe</strong></span> <span class='ocrx_word' id='word_1_175' title='bbox 781 2728 1073 2782; x_wconf 62' lang='lat' dir='ltr'><strong>praesentes</strong></span> <span class='ocrx_word' id='word_1_176' title='bbox 1119 2735 1223 2774; x_wconf 90' lang='lat' dir='ltr'><strong>non</strong></span> <span class='ocrx_word' id='word_1_177' title='bbox 1268 2721 1446 2788; x_wconf 85' lang='lat' dir='ltr'><strong>videt,</strong></span> <span class='ocrx_word' id='word_1_178' title='bbox 1496 2725 1808 2784; x_wconf 83' lang='lat' dir='ltr'><strong>absentibus</strong></span> <span class='ocrx_word' id='word_1_179' title='bbox 1835 2734 2186 2798; x_wconf 84' lang='lat' dir='ltr'><strong>contradicit,</strong></span> 
     </span>
    </p>
   </div>
   <div class='ocr_carea' id='block_1_28' title="bbox 597 2800 2191 2894">
    <p class='ocr_par' dir='ltr' id='par_1_28' title="bbox 597 2800 2191 2894">
     <span class='ocr_line' id='line_1_28' title="bbox 597 2800 2191 2894; baseline 0.018 -40"><span class='ocrx_word' id='word_1_180' title='bbox 597 2800 739 2857; x_wconf 91' lang='lat' dir='ltr'><strong>intra</strong></span> <span class='ocrx_word' id='word_1_181' title='bbox 769 2808 1118 2877; x_wconf 85' lang='lat' dir='ltr'><strong>semetipsum</strong></span> <span class='ocrx_word' id='word_1_182' title='bbox 1143 2817 1498 2870; x_wconf 90' lang='lat' dir='ltr'><strong>contumelias</strong></span> <span class='ocrx_word' id='word_1_183' title='bbox 1527 2819 1731 2887; x_wconf 80' lang='lat' dir='ltr'><strong>profert</strong></span> <span class='ocrx_word' id='word_1_184' title='bbox 1763 2832 1818 2876; x_wconf 91' lang='lat' dir='ltr'><strong>et</strong></span> <span class='ocrx_word' id='word_1_185' title='bbox 1846 2825 2070 2894; x_wconf 73' lang='lat' dir='ltr'><strong>recipit,</strong></span> <span class='ocrx_word' id='word_1_186' title='bbox 2103 2844 2191 2882; x_wconf 90' lang='lat' dir='ltr'><strong>re-</strong></span> 
     </span>
    </p>
   </div>
   <div class='ocr_carea' id='block_1_29' title="bbox 549 2893 2191 2984">
    <p class='ocr_par' dir='ltr' id='par_1_29' title="bbox 549 2893 2191 2984">
     <span class='ocr_line' id='line_1_29' title="bbox 549 2893 2191 2984; baseline 0.019 -40"><span class='ocrx_word' id='word_1_187' title='bbox 549 2959 555 2968; x_wconf 29' lang='lat'><strong><em>.</em></strong></span> <span class='ocrx_word' id='word_1_188' title='bbox 598 2893 770 2961; x_wconf 90' lang='lat' dir='ltr'><strong>ceptis</strong></span> <span class='ocrx_word' id='word_1_189' title='bbox 815 2905 996 2952; x_wconf 90' lang='lat' dir='ltr'><strong>autem</strong></span> <span class='ocrx_word' id='word_1_190' title='bbox 1042 2899 1231 2957; x_wconf 90' lang='lat' dir='ltr'><strong>durius</strong></span> <span class='ocrx_word' id='word_1_191' title='bbox 1275 2909 1594 2975; x_wconf 84' lang='lat' dir='ltr'><strong>respondet;</strong></span> <span class='ocrx_word' id='word_1_192' title='bbox 1626 2919 1830 2966; x_wconf 90' lang='lat' dir='ltr'><strong>etcum</strong></span> <span class='ocrx_word' id='word_1_193' title='bbox 1875 2893 1970 2984; x_wconf 87' lang='lat' dir='ltr'><strong><em>qui</em></strong></span> <span class='ocrx_word' id='word_1_194' title='bbox 2007 2917 2191 2976; x_wconf 82' lang='lat' dir='ltr'><strong>obviet</strong></span> 
     </span>
    </p>
   </div>
   <div class='ocr_carea' id='block_1_30' title="bbox 595 2983 2186 3066">
    <p class='ocr_par' dir='ltr' id='par_1_30' title="bbox 595 2983 2186 3066">
     <span class='ocr_line' id='line_1_30' title="bbox 595 2983 2186 3066; baseline 0.02 -30"><span class='ocrx_word' id='word_1_195' title='bbox 595 2983 777 3040; x_wconf 89' lang='lat' dir='ltr'><strong>nullus</strong></span> <span class='ocrx_word' id='word_1_196' title='bbox 804 2986 960 3055; x_wconf 86' lang='lat' dir='ltr'><strong>adsit,</strong></span> <span class='ocrx_word' id='word_1_197' title='bbox 992 2995 1199 3062; x_wconf 89' lang='lat' dir='ltr'><strong>magnis</strong></span> <span class='ocrx_word' id='word_1_198' title='bbox 1225 2997 1550 3056; x_wconf 89' lang='lat' dir='ltr'><strong>clamoribus</strong></span> <span class='ocrx_word' id='word_1_199' title='bbox 1590 3003 1736 3061; x_wconf 85' lang='lat' dir='ltr'><strong>rixas</strong></span> <span class='ocrx_word' id='word_1_200' title='bbox 1764 3006 1816 3061; x_wconf 91' lang='lat' dir='ltr'><strong>in</strong></span> <span class='ocrx_word' id='word_1_201' title='bbox 1847 3010 2010 3065; x_wconf 89' lang='lat' dir='ltr'><strong>corde</strong></span> <span class='ocrx_word' id='word_1_202' title='bbox 2035 3027 2186 3066; x_wconf 83' lang='lat' dir='ltr'><strong>com-</strong></span> 
     </span>
    </p>
   </div>
   <div class='ocr_carea' id='block_1_31' title="bbox 597 3079 2186 3172">
    <p class='ocr_par' dir='ltr' id='par_1_31' title="bbox 597 3079 2186 3172">
     <span class='ocr_line' id='line_1_31' title="bbox 597 3079 2186 3172; baseline 0.017 -39"><span class='ocrx_word' id='word_1_203' title='bbox 597 3080 768 3148; x_wconf 87' lang='lat' dir='ltr'><strong>ponit.</strong></span> <span class='ocrx_word' id='word_1_204' title='bbox 793 3079 1026 3139; x_wconf 86' lang='lat' dir='ltr'><strong>Turbam</strong></span> <span class='ocrx_word' id='word_1_205' title='bbox 1049 3085 1230 3158; x_wconf 90' lang='lat' dir='ltr'><strong>itaque</strong></span> <span class='ocrx_word' id='word_1_206' title='bbox 1249 3091 1336 3147; x_wconf 88' lang='lat' dir='ltr'><strong>hic</strong></span> <span class='ocrx_word' id='word_1_207' title='bbox 1359 3096 1501 3149; x_wconf 90' lang='lat' dir='ltr'><strong>intus</strong></span> <span class='ocrx_word' id='word_1_208' title='bbox 1525 3099 1771 3163; x_wconf 89' lang='lat' dir='ltr'><strong>sustinet,</strong></span> <span class='ocrx_word' id='word_1_209' title='bbox 1793 3116 1950 3170; x_wconf 91' lang='lat' dir='ltr'><strong>quem</strong></span> <span class='ocrx_word' id='word_1_210' title='bbox 1977 3105 2186 3172; x_wconf 82' lang='lat' dir='ltr'><strong>pondus</strong></span> 
     </span>
    </p>
   </div>
   <div class='ocr_carea' id='block_1_32' title="bbox 597 3172 2186 3264">
    <p class='ocr_par' dir='ltr' id='par_1_32' title="bbox 597 3172 2186 3264">
     <span class='ocr_line' id='line_1_32' title="bbox 597 3172 2186 3264; baseline 0.017 -39"><span class='ocrx_word' id='word_1_211' title='bbox 597 3172 888 3230; x_wconf 90' lang='lat' dir='ltr'><strong>vehemens</strong></span> <span class='ocrx_word' id='word_1_212' title='bbox 915 3175 1260 3236; x_wconf 61' lang='lat' dir='ltr'><strong>inﬂammatae</strong></span> <span class='ocrx_word' id='word_1_213' title='bbox 1285 3186 1628 3253; x_wconf 76' lang='lat' dir='ltr'><strong>cogitationis</strong></span> <span class='ocrx_word' id='word_1_214' title='bbox 1659 3192 1872 3258; x_wconf 90' lang='lat' dir='ltr'><strong>premit.</strong></span> <span class='ocrx_word' id='word_1_215' title='bbox 1906 3194 2054 3250; x_wconf 86' lang='lat' dir='ltr'><strong>Alius</strong></span> <span class='ocrx_word' id='word_1_216' title='bbox 2077 3196 2186 3264; x_wconf 87' lang='lat' dir='ltr'><strong>juri</strong></span> 
     </span>
    </p>
   </div>
   <div class='ocr_carea' id='block_1_33' title="bbox 597 3265 2188 3350">
    <p class='ocr_par' dir='ltr' id='par_1_33' title="bbox 597 3265 2188 3350">
     <span class='ocr_line' id='line_1_33' title="bbox 597 3265 2188 3350; baseline 0.018 -36"><span class='ocrx_word' id='word_1_217' title='bbox 597 3276 656 3315; x_wconf 90' lang='lat' dir='ltr'><strong>se</strong></span> <span class='ocrx_word' id='word_1_218' title='bbox 681 3265 915 3320; x_wconf 76' lang='lat' dir='ltr'><strong>avaritiae</strong></span> <span class='ocrx_word' id='word_1_219' title='bbox 945 3270 1188 3336; x_wconf 89' lang='lat' dir='ltr'><strong>tradidit,</strong></span> <span class='ocrx_word' id='word_1_220' title='bbox 1222 3281 1277 3326; x_wconf 89' lang='lat' dir='ltr'><strong>et</strong></span> <span class='ocrx_word' id='word_1_221' title='bbox 1299 3273 1578 3332; x_wconf 89' lang='lat' dir='ltr'><strong>fastidiens</strong></span> <span class='ocrx_word' id='word_1_222' title='bbox 1603 3284 1840 3350; x_wconf 88' lang='lat' dir='ltr'><strong>propria,</strong></span> <span class='ocrx_word' id='word_1_223' title='bbox 1863 3285 2034 3340; x_wconf 88' lang='lat' dir='ltr'><strong>aliena</strong></span> <span class='ocrx_word' id='word_1_224' title='bbox 2057 3303 2188 3342; x_wconf 87' lang='lat' dir='ltr'><strong>con-</strong></span> 
     </span>
    </p>
   </div>
   <div class='ocr_carea' id='block_1_34' title="bbox 598 3351 2263 3442">
    <p class='ocr_par' dir='ltr' id='par_1_34' title="bbox 598 3351 2263 3442">
     <span class='ocr_line' id='line_1_34' title="bbox 598 3351 2263 3442; baseline 0.016 -33"><span class='ocrx_word' id='word_1_225' title='bbox 598 3355 855 3425; x_wconf 81' lang='lat' dir='ltr'><strong>cupiscit.’</strong></span> <span class='ocrx_word' id='word_1_226' title='bbox 879 3356 977 3412; x_wconf 79' lang='lat' dir='ltr'><strong>ilic</strong></span> <span class='ocrx_word' id='word_1_227' title='bbox 1005 3360 1321 3433; x_wconf 90' lang='lat' dir='ltr'><strong>plerumque</strong></span> <span class='ocrx_word' id='word_1_228' title='bbox 1363 3371 1650 3436; x_wconf 87' lang='lat' dir='ltr'><strong>concupita</strong></span> <span class='ocrx_word' id='word_1_229' title='bbox 1691 3374 1912 3442; x_wconf 88' lang='lat' dir='ltr'><strong>adipisci</strong></span> <span class='ocrx_word' id='word_1_230' title='bbox 1945 3394 2051 3431; x_wconf 90' lang='lat' dir='ltr'><strong>non</strong></span> <span class='ocrx_word' id='word_1_231' title='bbox 2096 3395 2190 3434; x_wconf 89' lang='lat' dir='ltr'><strong>va-</strong></span> <span class='ocrx_word' id='word_1_232' title='bbox 2219 3351 2263 3412; x_wconf 78' lang='lat' dir='ltr'>C</span> 
     </span>
    </p>
   </div>
   <div class='ocr_carea' id='block_1_35' title="bbox 600 3448 2189 3537">
    <p class='ocr_par' dir='ltr' id='par_1_35' title="bbox 600 3448 2189 3537">
     <span class='ocr_line' id='line_1_35' title="bbox 600 3448 2189 3537; baseline 0.017 -36"><span class='ocrx_word' id='word_1_233' title='bbox 600 3448 735 3516; x_wconf 88' lang='lat' dir='ltr'><strong>lens,</strong></span> <span class='ocrx_word' id='word_1_234' title='bbox 761 3451 903 3508; x_wconf 88' lang='lat' dir='ltr'><strong>diem</strong></span> <span class='ocrx_word' id='word_1_235' title='bbox 933 3452 1153 3523; x_wconf 85' lang='lat' dir='ltr'><strong>quidem</strong></span> <span class='ocrx_word' id='word_1_236' title='bbox 1197 3455 1250 3514; x_wconf 89' lang='lat' dir='ltr'><strong>in</strong></span> <span class='ocrx_word' id='word_1_237' title='bbox 1279 3459 1470 3528; x_wconf 88' lang='lat' dir='ltr'><strong>otium,</strong></span> <span class='ocrx_word' id='word_1_238' title='bbox 1503 3471 1715 3518; x_wconf 89' lang='lat' dir='ltr'><strong>noctem</strong></span> <span class='ocrx_word' id='word_1_239' title='bbox 1746 3482 1874 3522; x_wconf 88' lang='lat' dir='ltr'><strong>vero</strong></span> <span class='ocrx_word' id='word_1_240' title='bbox 1903 3470 1954 3523; x_wconf 91' lang='lat' dir='ltr'><strong>in</strong></span> <span class='ocrx_word' id='word_1_241' title='bbox 1985 3472 2189 3537; x_wconf 83' lang='lat' dir='ltr'><strong>cogita-</strong></span> 
     </span>
    </p>
   </div>
   <div class='ocr_carea' id='block_1_36' title="bbox 599 3538 2188 3629">
    <p class='ocr_par' dir='ltr' id='par_1_36' title="bbox 599 3538 2188 3629">
     <span class='ocr_line' id='line_1_36' title="bbox 599 3538 2188 3629; baseline 0.021 -37"><span class='ocrx_word' id='word_1_242' title='bbox 599 3538 800 3596; x_wconf 90' lang='lat' dir='ltr'><strong>tionem</strong></span> <span class='ocrx_word' id='word_1_243' title='bbox 833 3555 1010 3600; x_wconf 86' lang='lat' dir='ltr'><strong>versat</strong></span> <span class='ocrx_word' id='word_1_244' title='bbox 1037 3566 1050 3600; x_wconf 92' lang='lat'><em>:</em></span> <span class='ocrx_word' id='word_1_245' title='bbox 1085 3557 1262 3622; x_wconf 90' lang='lat' dir='ltr'><strong>torpet</strong></span> <span class='ocrx_word' id='word_1_246' title='bbox 1286 3555 1354 3608; x_wconf 89' lang='lat' dir='ltr'><strong>ab</strong></span> <span class='ocrx_word' id='word_1_247' title='bbox 1383 3552 1499 3612; x_wconf 90' lang='lat' dir='ltr'><strong>utili</strong></span> <span class='ocrx_word' id='word_1_248' title='bbox 1529 3575 1714 3629; x_wconf 68' lang='lat' dir='ltr'><strong>opere,</strong></span> <span class='ocrx_word' id='word_1_249' title='bbox 1760 3559 1885 3628; x_wconf 91' lang='lat' dir='ltr'><strong>quia</strong></span> <span class='ocrx_word' id='word_1_250' title='bbox 1935 3560 2188 3624; x_wconf 60' lang='lat' dir='ltr'><strong>fatigatur</strong></span> 
     </span>
    </p>
   </div>
   <div class='ocr_carea' id='block_1_37' title="bbox 599 3628 2188 3724">
    <p class='ocr_par' dir='ltr' id='par_1_37' title="bbox 599 3628 2188 3724">
     <span class='ocr_line' id='line_1_37' title="bbox 599 3628 2188 3724; baseline 0.018 -42"><span class='ocrx_word' id='word_1_251' title='bbox 599 3628 785 3688; x_wconf 89' lang='lat' dir='ltr'><strong>illicita</strong></span> <span class='ocrx_word' id='word_1_252' title='bbox 814 3638 1174 3709; x_wconf 78' lang='lat' dir='ltr'><strong>cogitatione;</strong></span> <span class='ocrx_word' id='word_1_253' title='bbox 1225 3648 1451 3702; x_wconf 87' lang='lat' dir='ltr'><strong>consilia</strong></span> <span class='ocrx_word' id='word_1_254' title='bbox 1501 3653 1861 3724; x_wconf 86' lang='lat' dir='ltr'><strong>multiplicat,</strong></span> <span class='ocrx_word' id='word_1_255' title='bbox 1909 3665 1968 3713; x_wconf 80' lang='lat' dir='ltr'><strong>et</strong></span> <span class='ocrx_word' id='word_1_256' title='bbox 2013 3655 2188 3712; x_wconf 76' lang='lat' dir='ltr'><strong>sinum</strong></span> 
     </span>
    </p>
   </div>
   <div class='ocr_carea' id='block_1_38' title="bbox 597 3724 2184 3821">
    <p class='ocr_par' dir='ltr' id='par_1_38' title="bbox 597 3724 2184 3821">
     <span class='ocr_line' id='line_1_38' title="bbox 597 3724 2184 3821; baseline 0.022 -47"><span class='ocrx_word' id='word_1_257' title='bbox 597 3724 794 3780; x_wconf 80' lang='lat' dir='ltr'><strong>mentis</strong></span> <span class='ocrx_word' id='word_1_258' title='bbox 819 3729 1204 3796; x_wconf 78' lang='lat' dir='ltr'><strong>cogitationum</strong></span> <span class='ocrx_word' id='word_1_259' title='bbox 1235 3746 1257 3773; x_wconf 74' lang='grc' dir='ltr'><strong><em>η</em></strong></span> <span class='ocrx_word' id='word_1_260' title='bbox 1285 3738 1680 3800; x_wconf 87' lang='lat' dir='ltr'><strong>inventionibus</strong></span> <span class='ocrx_word' id='word_1_261' title='bbox 1711 3747 1870 3804; x_wconf 88' lang='lat' dir='ltr'><strong>latius</strong></span> <span class='ocrx_word' id='word_1_262' title='bbox 1901 3753 2184 3821; x_wconf 82' lang='lat' dir='ltr'><strong>expandit;</strong></span> 
     </span>
    </p>
   </div>
   <div class='ocr_carea' id='block_1_39' title="bbox 598 3818 2185 3908">
    <p class='ocr_par' dir='ltr' id='par_1_39' title="bbox 598 3818 2185 3908">
     <span class='ocr_line' id='line_1_39' title="bbox 598 3818 2185 3908; baseline 0.02 -40"><span class='ocrx_word' id='word_1_263' title='bbox 598 3818 880 3883; x_wconf 79' lang='lat' dir='ltr'><strong>pervenire</strong></span> <span class='ocrx_word' id='word_1_264' title='bbox 909 3820 980 3875; x_wconf 91' lang='lat' dir='ltr'><strong>ad</strong></span> <span class='ocrx_word' id='word_1_265' title='bbox 1009 3828 1294 3896; x_wconf 88' lang='lat' dir='ltr'><strong>concupita</strong></span> <span class='ocrx_word' id='word_1_266' title='bbox 1327 3834 1522 3900; x_wconf 84' lang='lat' dir='ltr'><strong>satagit</strong></span> <span class='ocrx_word' id='word_1_267' title='bbox 1546 3876 1560 3899; x_wconf 94' lang='lat'><strong>,</strong></span> <span class='ocrx_word' id='word_1_268' title='bbox 1606 3845 1768 3908; x_wconf 90' lang='lat' dir='ltr'><strong>atque</strong></span> <span class='ocrx_word' id='word_1_269' title='bbox 1797 3840 1862 3894; x_wconf 85' lang='lat' dir='ltr'><strong>ad</strong></span> <span class='ocrx_word' id='word_1_270' title='bbox 1891 3818 2185 3900; x_wconf 82' lang='lat' dir='ltr'><strong>obtinenda</strong></span> 
     </span>
    </p>
   </div>
   <div class='ocr_carea' id='block_1_40' title="bbox 599 3903 2184 4004">
    <p class='ocr_par' dir='ltr' id='par_1_40' title="bbox 599 3903 2184 4004">
     <span class='ocr_line' id='line_1_40' title="bbox 599 3903 2184 4004; baseline 0.021 -46"><span class='ocrx_word' id='word_1_271' title='bbox 599 3903 713 3963; x_wconf 67' lang='lat' dir='ltr'><strong>haec</strong></span> <span class='ocrx_word' id='word_1_272' title='bbox 741 3912 1000 3979; x_wconf 89' lang='lat' dir='ltr'><strong>quosdam</strong></span> <span class='ocrx_word' id='word_1_273' title='bbox 1028 3920 1418 3980; x_wconf 86' lang='lat' dir='ltr'><strong>secretissimos</strong></span> <span class='ocrx_word' id='word_1_274' title='bbox 1459 3942 1742 3984; x_wconf 88' lang='lat' dir='ltr'><strong>causarum</strong></span> <span class='ocrx_word' id='word_1_275' title='bbox 1787 3944 1995 3988; x_wconf 84' lang='lat' dir='ltr'><strong>meatus</strong></span> <span class='ocrx_word' id='word_1_276' title='bbox 2033 3951 2184 4004; x_wconf 66' lang='lat' dir='ltr'><strong>quae-</strong></span> 
     </span>
    </p>
   </div>
   <div class='ocr_carea' id='block_1_41' title="bbox 597 3997 2186 4088">
    <p class='ocr_par' dir='ltr' id='par_1_41' title="bbox 597 3997 2186 4088">
     <span class='ocr_line' id='line_1_41' title="bbox 597 3997 2186 4088; baseline 0.022 -38"><span class='ocrx_word' id='word_1_277' title='bbox 597 3997 685 4052; x_wconf 90' lang='lat' dir='ltr'><strong>rit.</strong></span> <span class='ocrx_word' id='word_1_278' title='bbox 720 3998 821 4067; x_wconf 85' lang='lat' dir='ltr'><strong>Qui</strong></span> <span class='ocrx_word' id='word_1_279' title='bbox 847 4020 973 4060; x_wconf 84' lang='lat' dir='ltr'><strong>mox</strong></span> <span class='ocrx_word' id='word_1_280' title='bbox 1004 4017 1062 4062; x_wconf 92' lang='lat' dir='ltr'><strong>ut</strong></span> <span class='ocrx_word' id='word_1_281' title='bbox 1090 4010 1140 4064; x_wconf 91' lang='lat' dir='ltr'><strong>in</strong></span> <span class='ocrx_word' id='word_1_282' title='bbox 1171 4027 1331 4068; x_wconf 87' lang='lat' dir='ltr'><strong>causa</strong></span> <span class='ocrx_word' id='word_1_283' title='bbox 1362 4017 1563 4088; x_wconf 90' lang='lat' dir='ltr'><strong>aliquid</strong></span> <span class='ocrx_word' id='word_1_284' title='bbox 1591 4023 1787 4078; x_wconf 88' lang='lat' dir='ltr'><strong>subtile</strong></span> <span class='ocrx_word' id='word_1_285' title='bbox 1816 4025 2085 4082; x_wconf 81' lang='lat' dir='ltr'><strong>invenisse</strong></span> <span class='ocrx_word' id='word_1_286' title='bbox 2125 4044 2186 4085; x_wconf 87' lang='lat' dir='ltr'><strong>se</strong></span> 
     </span>
    </p>
   </div>
   <div class='ocr_carea' id='block_1_42' title="bbox 597 4089 2186 4188">
    <p class='ocr_par' dir='ltr' id='par_1_42' title="bbox 597 4089 2186 4188">
     <span class='ocr_line' id='line_1_42' title="bbox 597 4089 2186 4188; baseline 0.023 -49"><span class='ocrx_word' id='word_1_287' title='bbox 597 4089 828 4145; x_wconf 81' lang='lat' dir='ltr'><strong>aestimat</strong></span> <span class='ocrx_word' id='word_1_288' title='bbox 845 4132 862 4160; x_wconf 93' lang='lat'><strong>,</strong></span> <span class='ocrx_word' id='word_1_289' title='bbox 887 4094 998 4163; x_wconf 88' lang='lat' dir='ltr'><strong>jam</strong></span> <span class='ocrx_word' id='word_1_290' title='bbox 1026 4114 1086 4154; x_wconf 88' lang='lat' dir='ltr'><strong>se</strong></span> <span class='ocrx_word' id='word_1_291' title='bbox 1111 4101 1406 4160; x_wconf 88' lang='lat' dir='ltr'><strong>obtinuisse</strong></span> <span class='ocrx_word' id='word_1_292' title='bbox 1433 4108 1576 4177; x_wconf 92' lang='lat' dir='ltr'><strong>quod</strong></span> <span class='ocrx_word' id='word_1_293' title='bbox 1603 4113 1988 4182; x_wconf 90' lang='lat' dir='ltr'><strong>concupierat,</strong></span> <span class='ocrx_word' id='word_1_294' title='bbox 2030 4120 2186 4188; x_wconf 73' lang='lat'><strong>129</strong></span> 
     </span>
    </p>
   </div>
   <div class='ocr_carea' id='block_1_43' title="bbox 597 4181 2186 4275">
    <p class='ocr_par' dir='ltr' id='par_1_43' title="bbox 597 4181 2186 4275">
     <span class='ocr_line' id='line_1_43' title="bbox 597 4181 2186 4275; baseline 0.023 -45"><span class='ocrx_word' id='word_1_295' title='bbox 597 4181 867 4236; x_wconf 82' lang='lat' dir='ltr'><strong>exsultat:</strong></span> <span class='ocrx_word' id='word_1_296' title='bbox 888 4184 997 4252; x_wconf 90' lang='lat' dir='ltr'><strong>jam</strong></span> <span class='ocrx_word' id='word_1_297' title='bbox 1028 4190 1155 4257; x_wconf 91' lang='lat' dir='ltr'><strong>quid</strong></span> <span class='ocrx_word' id='word_1_298' title='bbox 1182 4195 1346 4249; x_wconf 88' lang='lat' dir='ltr'><strong>etiam</strong></span> <span class='ocrx_word' id='word_1_299' title='bbox 1373 4198 1578 4268; x_wconf 77' lang='lat' dir='ltr'><strong>adeptm</strong></span> <span class='ocrx_word' id='word_1_300' title='bbox 1609 4203 1684 4255; x_wconf 90' lang='lat' dir='ltr'><strong>rei</strong></span> <span class='ocrx_word' id='word_1_301' title='bbox 1717 4181 1989 4275; x_wconf 84' lang='lat' dir='ltr'><strong>adjungat,</strong></span> <span class='ocrx_word' id='word_1_302' title='bbox 2022 4181 2186 4265; x_wconf 54' lang='lat' dir='ltr'><strong>3x3;</strong></span> 
     </span>
    </p>
   </div>
   <div class='ocr_carea' id='block_1_44' title="bbox 599 4268 2179 4367">
    <p class='ocr_par' dir='ltr' id='par_1_44' title="bbox 599 4268 2179 4367">
     <span class='ocr_line' id='line_1_44' title="bbox 599 4268 2179 4367; baseline 0.022 -47"><span class='ocrx_word' id='word_1_303' title='bbox 599 4268 752 4336; x_wconf 87' lang='lat' dir='ltr'><strong>gitat,</strong></span> <span class='ocrx_word' id='word_1_304' title='bbox 782 4281 943 4343; x_wconf 89' lang='lat' dir='ltr'><strong>atque</strong></span> <span class='ocrx_word' id='word_1_305' title='bbox 969 4287 1032 4332; x_wconf 93' lang='lat' dir='ltr'><strong>ut</strong></span> <span class='ocrx_word' id='word_1_306' title='bbox 1060 4281 1114 4336; x_wconf 92' lang='lat' dir='ltr'><strong>in</strong></span> <span class='ocrx_word' id='word_1_307' title='bbox 1144 4285 1354 4341; x_wconf 89' lang='lat' dir='ltr'><strong>meliori</strong></span> <span class='ocrx_word' id='word_1_308' title='bbox 1401 4297 1543 4344; x_wconf 89' lang='lat' dir='ltr'><strong>statu</strong></span> <span class='ocrx_word' id='word_1_309' title='bbox 1588 4268 1796 4347; x_wconf 67' lang='lat' dir='ltr'><strong>debeat</strong></span> <span class='ocrx_word' id='word_1_310' title='bbox 1825 4268 2015 4362; x_wconf 65' lang='lat' dir='ltr'><strong>excoli,</strong></span> <span class='ocrx_word' id='word_1_311' title='bbox 2061 4315 2179 4367; x_wconf 86' lang='lat' dir='ltr'><strong>per-</strong></span> 
     </span>
    </p>
   </div>
   <div class='ocr_carea' id='block_1_45' title="bbox 598 4363 2182 4455">
    <p class='ocr_par' dir='ltr' id='par_1_45' title="bbox 598 4363 2182 4455">
     <span class='ocr_line' id='line_1_45' title="bbox 598 4363 2182 4455; baseline 0.021 -44"><span class='ocrx_word' id='word_1_312' title='bbox 598 4366 814 4416; x_wconf 88' lang='lat' dir='ltr'><strong>tractat.</strong></span> <span class='ocrx_word' id='word_1_313' title='bbox 845 4363 1015 4431; x_wconf 84' lang='lat' dir='ltr'><strong>Quam</strong></span> <span class='ocrx_word' id='word_1_314' title='bbox 1046 4372 1170 4438; x_wconf 90' lang='lat' dir='ltr'><strong>quia</strong></span> <span class='ocrx_word' id='word_1_315' title='bbox 1193 4373 1302 4441; x_wconf 89' lang='lat' dir='ltr'><strong>jam</strong></span> <span class='ocrx_word' id='word_1_316' title='bbox 1332 4379 1484 4446; x_wconf 90' lang='lat' dir='ltr'><strong>quasi</strong></span> <span class='ocrx_word' id='word_1_317' title='bbox 1516 4382 1783 4451; x_wconf 88' lang='lat' dir='ltr'><strong>possidet,</strong></span> <span class='ocrx_word' id='word_1_318' title='bbox 1837 4394 1890 4439; x_wconf 91' lang='lat' dir='ltr'><strong>et</strong></span> <span class='ocrx_word' id='word_1_319' title='bbox 1935 4363 2087 4455; x_wconf 80' lang='lat' dir='ltr'><strong>quasi</strong></span> <span class='ocrx_word' id='word_1_320' title='bbox 2115 4391 2182 4444; x_wconf 86' lang='lat' dir='ltr'><strong>ad</strong></span> 
     </span>
    </p>
   </div>
   <div class='ocr_carea' id='block_1_46' title="bbox 601 4454 2181 4536">
    <p class='ocr_par' dir='ltr' id='par_1_46' title="bbox 601 4454 2181 4536">
     <span class='ocr_line' id='line_1_46' title="bbox 601 4454 2181 4536; baseline 0.02 -32"><span class='ocrx_word' id='word_1_321' title='bbox 601 4454 876 4512; x_wconf 89' lang='lat' dir='ltr'><strong>meliorem</strong></span> <span class='ocrx_word' id='word_1_322' title='bbox 904 4463 1137 4530; x_wconf 88' lang='lat' dir='ltr'><strong>speciem</strong></span> <span class='ocrx_word' id='word_1_323' title='bbox 1162 4466 1404 4533; x_wconf 87' lang='lat' dir='ltr'><strong>adducit,</strong></span> <span class='ocrx_word' id='word_1_324' title='bbox 1435 4487 1559 4526; x_wconf 85' lang='lat' dir='ltr'><strong>mox</strong></span> <span class='ocrx_word' id='word_1_325' title='bbox 1586 4473 1805 4530; x_wconf 89' lang='lat' dir='ltr'><strong>insidias</strong></span> <span class='ocrx_word' id='word_1_326' title='bbox 1831 4477 2181 4536; x_wconf 85' lang='lat' dir='ltr'><strong>invidentium</strong></span> 
     </span>
    </p>
   </div>
   <div class='ocr_carea' id='block_1_47' title="bbox 599 4547 2182 4640">
    <p class='ocr_par' dir='ltr' id='par_1_47' title="bbox 599 4547 2182 4640">
     <span class='ocr_line' id='line_1_47' title="bbox 599 4547 2182 4640; baseline 0.018 -42"><span class='ocrx_word' id='word_1_327' title='bbox 599 4547 925 4615; x_wconf 84' lang='lat' dir='ltr'><strong>considerat,</strong></span> <span class='ocrx_word' id='word_1_328' title='bbox 973 4561 1030 4608; x_wconf 88' lang='lat' dir='ltr'><strong>et</strong></span> <span class='ocrx_word' id='word_1_329' title='bbox 1073 4557 1197 4623; x_wconf 91' lang='lat' dir='ltr'><strong>quid</strong></span> <span class='ocrx_word' id='word_1_330' title='bbox 1227 4568 1414 4614; x_wconf 88' lang='lat' dir='ltr'><strong>contra</strong></span> <span class='ocrx_word' id='word_1_331' title='bbox 1443 4576 1503 4616; x_wconf 89' lang='lat' dir='ltr'><strong>se</strong></span> <span class='ocrx_word' id='word_1_332' title='bbox 1525 4562 1686 4632; x_wconf 76' lang='lat' dir='ltr'><strong>jurgii</strong></span> <span class='ocrx_word' id='word_1_333' title='bbox 1718 4577 2014 4634; x_wconf 80' lang='lat' dir='ltr'><strong>moveatur,</strong></span> <span class='ocrx_word' id='word_1_334' title='bbox 2049 4587 2182 4640; x_wconf 87' lang='lat' dir='ltr'><strong>pen-</strong></span> 
     </span>
    </p>
   </div>
   <div class='ocr_carea' id='block_1_48' title="bbox 596 4643 2179 4719">
    <p class='ocr_par' dir='ltr' id='par_1_48' title="bbox 596 4643 2179 4719">
     <span class='ocr_line' id='line_1_48' title="bbox 596 4643 2179 4719; baseline 0.018 -31"><span class='ocrx_word' id='word_1_335' title='bbox 596 4644 717 4690; x_wconf 86' lang='lat' dir='ltr'><strong>sat:</strong></span> <span class='ocrx_word' id='word_1_336' title='bbox 748 4643 981 4710; x_wconf 81' lang='lat' dir='ltr'><strong>exquirit</strong></span> <span class='ocrx_word' id='word_1_337' title='bbox 1008 4646 1132 4714; x_wconf 91' lang='lat' dir='ltr'><strong>quid</strong></span> <span class='ocrx_word' id='word_1_338' title='bbox 1163 4651 1525 4719; x_wconf 90' lang='lat' dir='ltr'><strong>respondeat,</strong></span> <span class='ocrx_word' id='word_1_339' title='bbox 1568 4662 1768 4710; x_wconf 90' lang='lat' dir='ltr'><strong>etcum</strong></span> <span class='ocrx_word' id='word_1_340' title='bbox 1816 4674 1928 4712; x_wconf 89' lang='lat' dir='ltr'><strong>rem</strong></span> <span class='ocrx_word' id='word_1_341' title='bbox 1977 4662 2179 4717; x_wconf 86' lang='lat' dir='ltr'><strong>nullam</strong></span> 
     </span>
    </p>
   </div>
   <div class='ocr_carea' id='block_1_49' title="bbox 599 4731 2263 4818">
    <p class='ocr_par' dir='ltr' id='par_1_49' title="bbox 599 4731 2263 4818">
     <span class='ocr_line' id='line_1_49' title="bbox 599 4731 2263 4818; baseline 0.018 -40"><span class='ocrx_word' id='word_1_342' title='bbox 599 4735 795 4796; x_wconf 88' lang='lat' dir='ltr'><strong>teneat,</strong></span> <span class='ocrx_word' id='word_1_343' title='bbox 822 4731 935 4802; x_wconf 90' lang='lat' dir='ltr'><strong>jam</strong></span> <span class='ocrx_word' id='word_1_344' title='bbox 978 4736 1033 4790; x_wconf 91' lang='lat' dir='ltr'><strong>in</strong></span> <span class='ocrx_word' id='word_1_345' title='bbox 1077 4737 1390 4797; x_wconf 89' lang='lat' dir='ltr'><strong>defensione</strong></span> <span class='ocrx_word' id='word_1_346' title='bbox 1418 4744 1493 4798; x_wconf 87' lang='lat' dir='ltr'><strong>rei</strong></span> <span class='ocrx_word' id='word_1_347' title='bbox 1525 4761 1684 4815; x_wconf 84' lang='lat' dir='ltr'><strong>quam</strong></span> <span class='ocrx_word' id='word_1_348' title='bbox 1715 4749 1939 4818; x_wconf 87' lang='lat' dir='ltr'><strong>appetit,</strong></span> <span class='ocrx_word' id='word_1_349' title='bbox 1980 4766 2180 4808; x_wconf 88' lang='lat' dir='ltr'><strong>vacuus</strong></span> <span class='ocrx_word' id='word_1_350' title='bbox 2212 4737 2263 4798; x_wconf 80' lang='grc' dir='ltr'><strong>Ι)</strong></span> 
     </span>
    </p>
   </div>
   <div class='ocr_carea' id='block_1_50' title="bbox 597 4816 2176 4911">
    <p class='ocr_par' dir='ltr' id='par_1_50' title="bbox 597 4816 2176 4911">
     <span class='ocr_line' id='line_1_50' title="bbox 597 4816 2176 4911; baseline 0.02 -43"><span class='ocrx_word' id='word_1_351' title='bbox 597 4816 834 4886; x_wconf 85' lang='lat' dir='ltr'><strong>litigator</strong></span> <span class='ocrx_word' id='word_1_352' title='bbox 861 4825 1124 4882; x_wconf 91' lang='lat' dir='ltr'><strong>elaborat.</strong></span> <span class='ocrx_word' id='word_1_353' title='bbox 1158 4829 1412 4898; x_wconf 83' lang='lat' dir='ltr'><strong>Quamvis</strong></span> <span class='ocrx_word' id='word_1_354' title='bbox 1440 4851 1566 4906; x_wconf 86' lang='lat' dir='ltr'><strong>ergo</strong></span> <span class='ocrx_word' id='word_1_355' title='bbox 1598 4838 1731 4892; x_wconf 87' lang='lat' dir='ltr'><strong>nihil</strong></span> <span class='ocrx_word' id='word_1_356' title='bbox 1754 4816 1842 4894; x_wconf 19' lang='lat' dir='ltr'><strong>Vde</strong></span> <span class='ocrx_word' id='word_1_357' title='bbox 1889 4845 2176 4911; x_wconf 88' lang='lat' dir='ltr'><strong>concupita</strong></span> 
     </span>
    </p>
   </div>
   <div class='ocr_carea' id='block_1_51' title="bbox 596 4913 2179 4998">
    <p class='ocr_par' dir='ltr' id='par_1_51' title="bbox 596 4913 2179 4998">
     <span class='ocr_line' id='line_1_51' title="bbox 596 4913 2179 4998; baseline 0.021 -40"><span class='ocrx_word' id='word_1_358' title='bbox 596 4921 656 4960; x_wconf 89' lang='lat' dir='ltr'><strong>re</strong></span> <span class='ocrx_word' id='word_1_359' title='bbox 691 4913 930 4979; x_wconf 88' lang='lat' dir='ltr'><strong>ceperit,</strong></span> <span class='ocrx_word' id='word_1_360' title='bbox 980 4917 1144 4974; x_wconf 88' lang='lat' dir='ltr'><strong>habet</strong></span> <span class='ocrx_word' id='word_1_361' title='bbox 1170 4929 1349 4978; x_wconf 89' lang='lat' dir='ltr'><strong>tamen</strong></span> <span class='ocrx_word' id='word_1_362' title='bbox 1378 4925 1430 4979; x_wconf 91' lang='lat' dir='ltr'><strong>in</strong></span> <span class='ocrx_word' id='word_1_363' title='bbox 1461 4929 1625 4983; x_wconf 88' lang='lat' dir='ltr'><strong>corde</strong></span> <span class='ocrx_word' id='word_1_364' title='bbox 1642 4929 1752 4998; x_wconf 85' lang='lat' dir='ltr'><strong>jam</strong></span> <span class='ocrx_word' id='word_1_365' title='bbox 1784 4929 2014 4987; x_wconf 83' lang='lat' dir='ltr'><strong>fructum</strong></span> <span class='ocrx_word' id='word_1_366' title='bbox 2045 4951 2179 4991; x_wconf 87' lang='lat' dir='ltr'><strong>con-</strong></span> 
     </span>
    </p>
   </div>
   <div class='ocr_carea' id='block_1_52' title="bbox 597 5000 2180 5095">
    <p class='ocr_par' dir='ltr' id='par_1_52' title="bbox 597 5000 2180 5095">
     <span class='ocr_line' id='line_1_52' title="bbox 597 5000 2180 5095; baseline 0.022 -45"><span class='ocrx_word' id='word_1_367' title='bbox 597 5000 980 5074; x_wconf 84' lang='lat' dir='ltr'><strong>cupiscentiae,</strong></span> <span class='ocrx_word' id='word_1_368' title='bbox 1036 5009 1275 5068; x_wconf 87' lang='lat' dir='ltr'><strong>laborem</strong></span> <span class='ocrx_word' id='word_1_369' title='bbox 1333 5017 1478 5072; x_wconf 67' lang='lat' dir='ltr'><strong>rixm.</strong></span> <span class='ocrx_word' id='word_1_370' title='bbox 1530 5018 1688 5083; x_wconf 84' lang='lat' dir='ltr'><strong>Gravi</strong></span> <span class='ocrx_word' id='word_1_371' title='bbox 1743 5024 1927 5092; x_wconf 89' lang='lat' dir='ltr'><strong>itaque</strong></span> <span class='ocrx_word' id='word_1_372' title='bbox 1979 5027 2180 5095; x_wconf 86' lang='lat' dir='ltr'><strong>populo</strong></span> 
     </span>
    </p>
   </div>
   <div class='ocr_carea' id='block_1_53' title="bbox 597 5090 2174 5169">
    <p class='ocr_par' dir='ltr' id='par_1_53' title="bbox 597 5090 2174 5169">
     <span class='ocr_line' id='line_1_53' title="bbox 597 5090 2174 5169; baseline 0.018 -29"><span class='ocrx_word' id='word_1_373' title='bbox 597 5090 894 5162; x_wconf 85' lang='lat' dir='ltr'><strong>premitur,</strong></span> <span class='ocrx_word' id='word_1_374' title='bbox 939 5097 1029 5164; x_wconf 90' lang='lat' dir='ltr'><strong>qui</strong></span> <span class='ocrx_word' id='word_1_375' title='bbox 1060 5099 1359 5169; x_wconf 85' lang='lat' dir='ltr'><strong>instigantis</strong></span> <span class='ocrx_word' id='word_1_376' title='bbox 1387 5108 1623 5162; x_wconf 68' lang='lat' dir='ltr'><strong>avaritim</strong></span> <span class='ocrx_word' id='word_1_377' title='bbox 1654 5090 1884 5165; x_wconf 77' lang='lat' dir='ltr'><strong>tumultu</strong></span> <span class='ocrx_word' id='word_1_378' title='bbox 1915 5090 2174 5169; x_wconf 57' lang='lat' dir='ltr'><strong>vastatur.</strong></span> 
     </span>
    </p>
   </div>
   <div class='ocr_carea' id='block_1_54' title="bbox 597 5177 2176 5266">
    <p class='ocr_par' dir='ltr' id='par_1_54' title="bbox 597 5177 2176 5266">
     <span class='ocr_line' id='line_1_54' title="bbox 597 5177 2176 5266; baseline 0.02 -35"><span class='ocrx_word' id='word_1_379' title='bbox 597 5177 748 5234; x_wconf 88' lang='lat' dir='ltr'><strong>Alius</strong></span> <span class='ocrx_word' id='word_1_380' title='bbox 775 5196 836 5236; x_wconf 91' lang='lat' dir='ltr'><strong>se</strong></span> <span class='ocrx_word' id='word_1_381' title='bbox 881 5190 1148 5256; x_wconf 82' lang='lat' dir='ltr'><strong>tyrannidi</strong></span> <span class='ocrx_word' id='word_1_382' title='bbox 1176 5197 1441 5264; x_wconf 64' lang='lat' dir='ltr'><strong>superbiae</strong></span> <span class='ocrx_word' id='word_1_383' title='bbox 1467 5199 1729 5266; x_wconf 80' lang='lat' dir='ltr'><strong>subjecit;</strong></span> <span class='ocrx_word' id='word_1_384' title='bbox 1780 5211 1835 5256; x_wconf 89' lang='lat' dir='ltr'><strong>et</strong></span> <span class='ocrx_word' id='word_1_385' title='bbox 1881 5220 1976 5259; x_wconf 91' lang='lat' dir='ltr'><strong>cor</strong></span> <span class='ocrx_word' id='word_1_386' title='bbox 2023 5208 2176 5262; x_wconf 79' lang='lat' dir='ltr'><strong>mise-</strong></span> 
     </span>
    </p>
   </div>
   <div class='ocr_carea' id='block_1_55' title="bbox 596 5274 2172 5359">
    <p class='ocr_par' dir='ltr' id='par_1_55' title="bbox 596 5274 2172 5359">
     <span class='ocr_line' id='line_1_55' title="bbox 596 5274 2172 5359; baseline 0.019 -36"><span class='ocrx_word' id='word_1_387' title='bbox 596 5287 745 5340; x_wconf 89' lang='lat' dir='ltr'><strong>rum,</strong></span> <span class='ocrx_word' id='word_1_388' title='bbox 794 5274 920 5332; x_wconf 91' lang='lat' dir='ltr'><strong>dum</strong></span> <span class='ocrx_word' id='word_1_389' title='bbox 950 5291 1138 5338; x_wconf 86' lang='lat' dir='ltr'><strong>contra</strong></span> <span class='ocrx_word' id='word_1_390' title='bbox 1182 5283 1428 5343; x_wconf 89' lang='lat' dir='ltr'><strong>homines</strong></span> <span class='ocrx_word' id='word_1_391' title='bbox 1465 5290 1650 5359; x_wconf 89' lang='lat' dir='ltr'><strong>erigit,</strong></span> <span class='ocrx_word' id='word_1_392' title='bbox 1699 5294 1829 5348; x_wconf 89' lang='lat' dir='ltr'><strong>vitio</strong></span> <span class='ocrx_word' id='word_1_393' title='bbox 1859 5297 2172 5355; x_wconf 88' lang='lat' dir='ltr'><strong>substernit.</strong></span> 
     </span>
    </p>
   </div>
   <div class='ocr_carea' id='block_1_56' title="bbox 669 5387 2178 5479">
    <p class='ocr_par' dir='ltr' id='par_1_56' title="bbox 669 5387 2178 5479">
     <span class='ocr_line' id='line_1_56' title="bbox 669 5387 2178 5479; baseline 0.019 -36"><span class='ocrx_word' id='word_1_394' title='bbox 669 5397 702 5479; x_wconf 61' lang='lat'>&quot;</span> <span class='ocrx_word' id='word_1_395' title='bbox 729 5387 931 5479; x_wconf 48' lang='lat' dir='ltr'><strong>Unus&#39;e</strong></span> <span class='ocrx_word' id='word_1_396' title='bbox 959 5394 1169 5479; x_wconf 86' lang='lat' dir='ltr'><strong>Remig.</strong></span> <span class='ocrx_word' id='word_1_397' title='bbox 1206 5403 1513 5479; x_wconf 34' lang='lat' dir='ltr'><strong>etﬂi‘iorm&quot;</strong></span> <span class='ocrx_word' id='word_1_398' title='bbox 1554 5421 1690 5474; x_wconf 91' lang='lat' dir='ltr'><strong>quos</strong></span> <span class='ocrx_word' id='word_1_399' title='bbox 1719 5422 2018 5479; x_wconf 86' lang='lat' dir='ltr'><strong>sequuntur</strong></span> <span class='ocrx_word' id='word_1_400' title='bbox 2048 5415 2178 5470; x_wconf 87' lang='lat' dir='ltr'><strong>Bar—</strong></span> 
     </span>
    </p>
   </div>
   <div class='ocr_carea' id='block_1_57' title="bbox 593 5458 1994 5543">
    <p class='ocr_par' dir='ltr' id='par_1_57' title="bbox 593 5458 1994 5543">
     <span class='ocr_line' id='line_1_57' title="bbox 593 5458 1994 5543; baseline 0.02 -32"><span class='ocrx_word' id='word_1_401' title='bbox 593 5458 810 5543; x_wconf 52' lang='lat' dir='ltr'><strong>thol.-et</strong></span> <span class='ocrx_word' id='word_1_402' title='bbox 839 5458 1176 5543; x_wconf 37' lang='lat' dir='ltr'><strong>alienatust.</strong></span> <span class='ocrx_word' id='word_1_403' title='bbox 1206 5458 1515 5543; x_wconf 69' lang='lat' dir='ltr'><strong>Editiones,</strong></span> <span class='ocrx_word' id='word_1_404' title='bbox 1544 5458 1994 5538; x_wconf 40' lang='lat' dir='ltr'><strong>subeundae;</strong></span> 
     </span>
    </p>
   </div>
   <div class='ocr_carea' id='block_1_58' title="bbox 663 5530 2179 5618">
    <p class='ocr_par' dir='ltr' id='par_1_58' title="bbox 663 5530 2179 5618">
     <span class='ocr_line' id='line_1_58' title="bbox 663 5530 2179 5618; baseline 0.016 -33"><span class='ocrx_word' id='word_1_405' title='bbox 663 5530 688 5618; x_wconf 69' lang='grc' dir='ltr'><strong><em>ξι</em></strong></span> <span class='ocrx_word' id='word_1_406' title='bbox 732 5531 809 5587; x_wconf 85' lang='lat' dir='ltr'><strong>Ita</strong></span> <span class='ocrx_word' id='word_1_407' title='bbox 847 5534 1008 5618; x_wconf 75' lang='lat' dir='ltr'><strong>Corb.</strong></span> <span class='ocrx_word' id='word_1_408' title='bbox 1066 5530 1532 5618; x_wconf 53' lang='lat' dir='ltr'><strong>Gertn,,_Rbem.&#39;,</strong></span> <span class='ocrx_word' id='word_1_409' title='bbox 1582 5530 2179 5618; x_wconf 21' lang='lat' dir='ltr'><strong>Remigiiilii&#39;habent</strong></span> 
     </span>
    </p>
   </div>
   <div class='ocr_carea' id='block_1_59' title="bbox 592 5601 2168 5692">
    <p class='ocr_par' dir='ltr' id='par_1_59' title="bbox 592 5601 2168 5692">
     <span class='ocr_line' id='line_1_59' title="bbox 592 5601 2168 5692; baseline 0.018 -39"><span class='ocrx_word' id='word_1_410' title='bbox 592 5601 734 5654; x_wconf 73' lang='lat' dir='ltr'><strong>solus</strong></span> <span class='ocrx_word' id='word_1_411' title='bbox 763 5610 980 5692; x_wconf 67' lang='lat' dir='ltr'><strong>repetit,</strong></span> <span class='ocrx_word' id='word_1_412' title='bbox 1024 5620 1116 5665; x_wconf 87' lang='lat' dir='ltr'><strong>aut</strong></span> <span class='ocrx_word' id='word_1_413' title='bbox 1143 5601 1340 5681; x_wconf 77' lang='lat' dir='ltr'><strong>recipit.</strong></span> <span class='ocrx_word' id='word_1_414' title='bbox 1391 5601 1990 5692; x_wconf 51' lang='lat' dir='ltr'><strong>Prmt&#39;ulimusupriorem</strong></span> <span class='ocrx_word' id='word_1_415' title='bbox 2018 5626 2168 5692; x_wconf 91' lang='lat' dir='ltr'><strong>lect.,</strong></span> 
     </span>
    </p>
   </div>
   <div class='ocr_carea' id='block_1_60' title="bbox 591 5678 2172 5753">
    <p class='ocr_par' dir='ltr' id='par_1_60' title="bbox 591 5678 2172 5753">
     <span class='ocr_line' id='line_1_60' title="bbox 591 5678 2172 5753; baseline 0.018 -29"><span class='ocrx_word' id='word_1_416' title='bbox 591 5684 710 5739; x_wconf 66' lang='lat' dir='ltr'><strong>quae</strong></span> <span class='ocrx_word' id='word_1_417' title='bbox 759 5678 1070 5734; x_wconf 87' lang='lat' dir='ltr'><strong>nobiliorem</strong></span> <span class='ocrx_word' id='word_1_418' title='bbox 1120 5678 1334 5738; x_wconf 83' lang='lat' dir='ltr'><strong>sensum</strong></span> <span class='ocrx_word' id='word_1_419' title='bbox 1384 5685 1622 5744; x_wconf 84' lang='lat' dir='ltr'><strong>exhibet.</strong></span> <span class='ocrx_word' id='word_1_420' title='bbox 1696 5678 1942 5749; x_wconf 73' lang='lat' dir='ltr'><strong>Secunda</strong></span> <span class='ocrx_word' id='word_1_421' title='bbox 1993 5678 2172 5753; x_wconf 76' lang='lat' dir='ltr'><strong>tamen</strong></span> 
     </span>
    </p>
   </div>
   <div class='ocr_carea' id='block_1_61' title="bbox 588 5754 1084 5804">
    <p class='ocr_par' dir='ltr' id='par_1_61' title="bbox 588 5754 1084 5804">
     <span class='ocr_line' id='line_1_61' title="bbox 588 5754 1084 5804; baseline 0.02 -10"><span class='ocrx_word' id='word_1_422' title='bbox 588 5754 749 5796; x_wconf 81' lang='lat' dir='ltr'><strong>sensu</strong></span> <span class='ocrx_word' id='word_1_423' title='bbox 783 5762 886 5799; x_wconf 91' lang='lat' dir='ltr'><strong>non</strong></span> <span class='ocrx_word' id='word_1_424' title='bbox 919 5760 1084 5804; x_wconf 82' lang='lat' dir='ltr'><strong>caret.</strong></span> 
     </span>
    </p>
   </div>
   <div class='ocr_carea' id='block_1_62' title="bbox 667 5813 1611 5894">
    <p class='ocr_par' dir='ltr' id='par_1_62' title="bbox 667 5813 1611 5894">
     <span class='ocr_line' id='line_1_62' title="bbox 667 5813 1611 5894; baseline 0.022 -33"><span class='ocrx_word' id='word_1_425' title='bbox 667 5824 688 5894; x_wconf 64' lang='grc' dir='ltr'><strong>ξ</strong></span> <span class='ocrx_word' id='word_1_426' title='bbox 718 5813 776 5894; x_wconf 50' lang='lat' dir='ltr'><strong>in</strong></span> <span class='ocrx_word' id='word_1_427' title='bbox 796 5819 1123 5894; x_wconf 64' lang='lat' dir='ltr'><strong>quibusdam</strong></span> <span class='ocrx_word' id='word_1_428' title='bbox 1151 5823 1300 5894; x_wconf 46' lang='lat' dir='ltr'><strong>Mss”</strong></span> <span class='ocrx_word' id='word_1_429' title='bbox 1331 5826 1611 5894; x_wconf 68' lang='lat' dir='ltr'><strong>eﬁ&#39;ectibus.</strong></span> 
     </span>
    </p>
   </div>
   <div class='ocr_carea' id='block_1_63' title="bbox 663 5879 2171 5976">
    <p class='ocr_par' dir='ltr' id='par_1_63' title="bbox 663 5879 2171 5976">
     <span class='ocr_line' id='line_1_63' title="bbox 663 5879 2171 5976; baseline 0.02 -42"><span class='ocrx_word' id='word_1_430' title='bbox 663 5879 1130 5976; x_wconf 36' lang='lat' dir='ltr'><strong>inisubjici&#39;untnhic</strong></span> <span class='ocrx_word' id='word_1_431' title='bbox 1159 5879 1503 5976; x_wconf 55' lang='lat' dir='ltr'><strong>Ed..&#39;omnib.</strong></span> <span class='ocrx_word' id='word_1_432' title='bbox 1532 5879 1664 5954; x_wconf 70' lang='lat' dir='ltr'><strong>dieb.</strong></span> <span class='ocrx_word' id='word_1_433' title='bbox 1695 5901 1812 5957; x_wconf 72' lang='lat' dir='ltr'><strong>vita:</strong></span> <span class='ocrx_word' id='word_1_434' title='bbox 1838 5919 1994 5970; x_wconf 69' lang='lat' dir='ltr'><strong>mete;</strong></span> <span class='ocrx_word' id='word_1_435' title='bbox 2026 5907 2171 5976; x_wconf 89' lang='lat' dir='ltr'><strong>quod</strong></span> 
     </span>
    </p>
   </div>
   <div class='ocr_carea' id='block_1_64' title="bbox 594 5948 1282 6016">
    <p class='ocr_par' dir='ltr' id='par_1_64' title="bbox 594 5948 1282 6016">
     <span class='ocr_line' id='line_1_64' title="bbox 594 5948 1282 6016; baseline 0.019 -15"><span class='ocrx_word' id='word_1_436' title='bbox 594 5948 743 6004; x_wconf 84' lang='lat' dir='ltr'><strong>abest</strong></span> <span class='ocrx_word' id='word_1_437' title='bbox 769 5967 800 6005; x_wconf 88' lang='lat' dir='ltr'><strong>a</strong></span> <span class='ocrx_word' id='word_1_438' title='bbox 824 5948 1132 6013; x_wconf 83' lang='lat' dir='ltr'><strong>melioribus</strong></span> <span class='ocrx_word' id='word_1_439' title='bbox 1159 5948 1282 6016; x_wconf 78' lang='lat' dir='ltr'><strong>Mss.</strong></span> 
     </span>
    </p>
   </div>
   <div class='ocr_carea' id='block_1_65' title="bbox 2315 657 3900 733">
    <p class='ocr_par' dir='ltr' id='par_1_65' title="bbox 2315 657 3900 733">
     <span class='ocr_line' id='line_1_65' title="bbox 2315 657 3900 733; baseline 0.008 -23"><span class='ocrx_word' id='word_1_440' title='bbox 2315 657 2553 711; x_wconf 88' lang='lat' dir='ltr'><strong>cessibus</strong></span> <span class='ocrx_word' id='word_1_441' title='bbox 2580 659 2829 727; x_wconf 85' lang='lat' dir='ltr'><strong>exquirit,</strong></span> <span class='ocrx_word' id='word_1_442' title='bbox 2865 669 3142 731; x_wconf 88' lang='lat' dir='ltr'><strong>totumque</strong></span> <span class='ocrx_word' id='word_1_443' title='bbox 3167 663 3309 732; x_wconf 92' lang='lat' dir='ltr'><strong>quod</strong></span> <span class='ocrx_word' id='word_1_444' title='bbox 3337 678 3455 718; x_wconf 80' lang='lat' dir='ltr'><strong>esse</strong></span> <span class='ocrx_word' id='word_1_445' title='bbox 3485 663 3772 733; x_wconf 87' lang='lat' dir='ltr'><strong>desiderat,</strong></span> <span class='ocrx_word' id='word_1_446' title='bbox 3799 669 3900 725; x_wconf 89' lang='lat' dir='ltr'><strong>sibi</strong></span> 
     </span>
    </p>
   </div>
   <div class='ocr_carea' id='block_1_66' title="bbox 2314 748 3897 829">
    <p class='ocr_par' dir='ltr' id='par_1_66' title="bbox 2314 748 3897 829">
     <span class='ocr_line' id='line_1_66' title="bbox 2314 748 3897 829; baseline 0.008 -27"><span class='ocrx_word' id='word_1_447' title='bbox 2314 748 2453 818; x_wconf 89' lang='lat' dir='ltr'><strong>apud</strong></span> <span class='ocrx_word' id='word_1_448' title='bbox 2510 753 2854 822; x_wconf 88' lang='lat' dir='ltr'><strong>semetipsum</strong></span> <span class='ocrx_word' id='word_1_449' title='bbox 2913 755 2964 808; x_wconf 92' lang='lat' dir='ltr'><strong>in</strong></span> <span class='ocrx_word' id='word_1_450' title='bbox 3025 756 3438 824; x_wconf 83' lang='lat' dir='ltr'><strong>cogitationibus</strong></span> <span class='ocrx_word' id='word_1_451' title='bbox 3485 756 3761 828; x_wconf 90' lang='lat' dir='ltr'><strong>depingit:</strong></span> <span class='ocrx_word' id='word_1_452' title='bbox 3787 761 3897 829; x_wconf 88' lang='lat' dir='ltr'><strong>jam</strong></span> 
     </span>
    </p>
   </div>
   <div class='ocr_carea' id='block_1_67' title="bbox 2313 839 3899 918">
    <p class='ocr_par' dir='ltr' id='par_1_67' title="bbox 2313 839 3899 918">
     <span class='ocr_line' id='line_1_67' title="bbox 2313 839 3899 918; baseline 0.009 -28"><span class='ocrx_word' id='word_1_453' title='bbox 2313 839 2462 908; x_wconf 87' lang='lat' dir='ltr'><strong>quasi</strong></span> <span class='ocrx_word' id='word_1_454' title='bbox 2495 840 2746 894; x_wconf 84' lang='lat' dir='ltr'><strong>tribunali</strong></span> <span class='ocrx_word' id='word_1_455' title='bbox 2778 844 3025 911; x_wconf 65' lang='lat' dir='ltr'><strong>prmsi&#39;det</strong></span> <span class='ocrx_word' id='word_1_456' title='bbox 3049 887 3064 911; x_wconf 96' lang='lat'><strong>,</strong></span> <span class='ocrx_word' id='word_1_457' title='bbox 3109 844 3220 914; x_wconf 91' lang='lat' dir='ltr'><strong>jam</strong></span> <span class='ocrx_word' id='word_1_458' title='bbox 3268 845 3366 900; x_wconf 88' lang='lat' dir='ltr'><strong>sibi</strong></span> <span class='ocrx_word' id='word_1_459' title='bbox 3419 863 3608 916; x_wconf 86' lang='lat' dir='ltr'><strong>parere</strong></span> <span class='ocrx_word' id='word_1_460' title='bbox 3639 849 3899 918; x_wconf 87' lang='lat' dir='ltr'><strong>obsequia</strong></span> 
     </span>
    </p>
   </div>
   <div class='ocr_carea' id='block_1_68' title="bbox 2311 929 3897 1009">
    <p class='ocr_par' dir='ltr' id='par_1_68' title="bbox 2311 929 3897 1009">
     <span class='ocr_line' id='line_1_68' title="bbox 2311 929 3897 1009; baseline 0.011 -29"><span class='ocrx_word' id='word_1_461' title='bbox 2311 929 2677 997; x_wconf 89' lang='lat' dir='ltr'><strong>subjectorum</strong></span> <span class='ocrx_word' id='word_1_462' title='bbox 2729 932 2888 1000; x_wconf 87' lang='lat' dir='ltr'><strong>videt,</strong></span> <span class='ocrx_word' id='word_1_463' title='bbox 2931 935 3041 1002; x_wconf 88' lang='lat' dir='ltr'><strong>jam</strong></span> <span class='ocrx_word' id='word_1_464' title='bbox 3091 937 3305 992; x_wconf 66' lang='lat' dir='ltr'><strong>caeteris</strong></span> <span class='ocrx_word' id='word_1_465' title='bbox 3346 937 3567 1002; x_wconf 89' lang='lat' dir='ltr'><strong>eminet,</strong></span> <span class='ocrx_word' id='word_1_466' title='bbox 3618 938 3731 1009; x_wconf 87' lang='lat' dir='ltr'><strong>jam</strong></span> <span class='ocrx_word' id='word_1_467' title='bbox 3781 943 3897 999; x_wconf 87' lang='lat' dir='ltr'><strong>aliis</strong></span> 
     </span>
    </p>
   </div>
   <div class='ocr_carea' id='block_1_69' title="bbox 2312 1021 3892 1103">
    <p class='ocr_par' dir='ltr' id='par_1_69' title="bbox 2312 1021 3892 1103">
     <span class='ocr_line' id='line_1_69' title="bbox 2312 1021 3892 1103; baseline 0.011 -30"><span class='ocrx_word' id='word_1_468' title='bbox 2312 1021 2450 1074; x_wconf 89' lang='lat' dir='ltr'><strong>mala</strong></span> <span class='ocrx_word' id='word_1_469' title='bbox 2497 1023 2718 1091; x_wconf 85' lang='lat' dir='ltr'><strong>irrogat,</strong></span> <span class='ocrx_word' id='word_1_470' title='bbox 2757 1025 2875 1080; x_wconf 89' lang='lat' dir='ltr'><strong>aliis</strong></span> <span class='ocrx_word' id='word_1_471' title='bbox 2920 1029 3045 1097; x_wconf 89' lang='lat' dir='ltr'><strong>quia</strong></span> <span class='ocrx_word' id='word_1_472' title='bbox 3098 1029 3452 1098; x_wconf 87' lang='lat' dir='ltr'><strong>irrogaverint</strong></span> <span class='ocrx_word' id='word_1_473' title='bbox 3495 1046 3892 1103; x_wconf 87' lang='lat' dir='ltr'><strong>recompensat.</strong></span> 
     </span>
    </p>
   </div>
   <div class='ocr_carea' id='block_1_70' title="bbox 2308 1109 3895 1194">
    <p class='ocr_par' dir='ltr' id='par_1_70' title="bbox 2308 1109 3895 1194">
     <span class='ocr_line' id='line_1_70' title="bbox 2308 1109 3895 1194; baseline 0.011 -29"><span class='ocrx_word' id='word_1_474' title='bbox 2308 1109 2425 1166; x_wconf 85' lang='lat' dir='ltr'><strong>Jam</strong></span> <span class='ocrx_word' id='word_1_475' title='bbox 2456 1113 2594 1183; x_wconf 91' lang='lat' dir='ltr'><strong>apud</strong></span> <span class='ocrx_word' id='word_1_476' title='bbox 2625 1118 2969 1186; x_wconf 88' lang='lat' dir='ltr'><strong>semetipsum</strong></span> <span class='ocrx_word' id='word_1_477' title='bbox 3004 1120 3231 1190; x_wconf 89' lang='lat' dir='ltr'><strong>stipatus</strong></span> <span class='ocrx_word' id='word_1_478' title='bbox 3279 1123 3464 1177; x_wconf 89' lang='lat' dir='ltr'><strong>cuneis</strong></span> <span class='ocrx_word' id='word_1_479' title='bbox 3509 1123 3574 1176; x_wconf 90' lang='lat' dir='ltr'><strong>ad</strong></span> <span class='ocrx_word' id='word_1_480' title='bbox 3623 1124 3895 1194; x_wconf 89' lang='lat' dir='ltr'><strong>publicum</strong></span> 
     </span>
    </p>
   </div>
   <div class='ocr_carea' id='block_1_71' title="bbox 2308 1204 3889 1287">
    <p class='ocr_par' dir='ltr' id='par_1_71' title="bbox 2308 1204 3889 1287">
     <span class='ocr_line' id='line_1_71' title="bbox 2308 1204 3889 1287; baseline 0.011 -32"><span class='ocrx_word' id='word_1_481' title='bbox 2308 1204 2580 1271; x_wconf 88' lang='lat' dir='ltr'><strong>procedit,</strong></span> <span class='ocrx_word' id='word_1_482' title='bbox 2627 1205 2743 1273; x_wconf 89' lang='lat' dir='ltr'><strong>jam</strong></span> <span class='ocrx_word' id='word_1_483' title='bbox 2783 1209 2975 1277; x_wconf 86' lang='lat' dir='ltr'><strong>quibus</strong></span> <span class='ocrx_word' id='word_1_484' title='bbox 3013 1210 3282 1279; x_wconf 87' lang='lat' dir='ltr'><strong>obsequiis</strong></span> <span class='ocrx_word' id='word_1_485' title='bbox 3314 1211 3564 1268; x_wconf 87' lang='lat' dir='ltr'><strong>fulciatur</strong></span> <span class='ocrx_word' id='word_1_486' title='bbox 3589 1218 3889 1287; x_wconf 88' lang='lat' dir='ltr'><strong>conspicit;</strong></span> 
     </span>
    </p>
   </div>
   <div class='ocr_carea' id='block_1_72' title="bbox 2305 1294 3891 1373">
    <p class='ocr_par' dir='ltr' id='par_1_72' title="bbox 2305 1294 3891 1373">
     <span class='ocr_line' id='line_1_72' title="bbox 2305 1294 3891 1373; baseline 0.011 -26"><span class='ocrx_word' id='word_1_487' title='bbox 2305 1294 2394 1364; x_wconf 86' lang='lat' dir='ltr'><strong>qui</strong></span> <span class='ocrx_word' id='word_1_488' title='bbox 2428 1304 2604 1350; x_wconf 90' lang='lat' dir='ltr'><strong>tamen</strong></span> <span class='ocrx_word' id='word_1_489' title='bbox 2637 1298 2748 1352; x_wconf 77' lang='lat' dir='ltr'><strong>hmc</strong></span> <span class='ocrx_word' id='word_1_490' title='bbox 2778 1301 3020 1366; x_wconf 85' lang='lat' dir='ltr'><strong>cogitans</strong></span> <span class='ocrx_word' id='word_1_491' title='bbox 3048 1299 3075 1340; x_wconf 71' lang='grc'><strong>1⁵</strong></span> <span class='ocrx_word' id='word_1_492' title='bbox 3113 1303 3257 1356; x_wconf 88' lang='lat' dir='ltr'><strong>solus</strong></span> <span class='ocrx_word' id='word_1_493' title='bbox 3288 1305 3458 1373; x_wconf 85' lang='lat' dir='ltr'><strong>repit;</strong></span> <span class='ocrx_word' id='word_1_494' title='bbox 3485 1305 3596 1373; x_wconf 88' lang='lat' dir='ltr'><strong>jam</strong></span> <span class='ocrx_word' id='word_1_495' title='bbox 3625 1309 3726 1361; x_wconf 90' lang='lat' dir='ltr'><strong>alia</strong></span> <span class='ocrx_word' id='word_1_496' title='bbox 3759 1324 3891 1365; x_wconf 87' lang='lat' dir='ltr'><strong>con-</strong></span> 
     </span>
    </p>
   </div>
   <div class='ocr_carea' id='block_1_73' title="bbox 2303 1386 3890 1462">
    <p class='ocr_par' dir='ltr' id='par_1_73' title="bbox 2303 1386 3890 1462">
     <span class='ocr_line' id='line_1_73' title="bbox 2303 1386 3890 1462; baseline 0.011 -21"><span class='ocrx_word' id='word_1_497' title='bbox 2303 1386 2501 1454; x_wconf 88' lang='lat' dir='ltr'><strong>culcat,</strong></span> <span class='ocrx_word' id='word_1_498' title='bbox 2549 1389 2650 1443; x_wconf 88' lang='lat' dir='ltr'><strong>alia</strong></span> <span class='ocrx_word' id='word_1_499' title='bbox 2690 1391 2961 1456; x_wconf 83' lang='lat' dir='ltr'><strong>sublevat;</strong></span> <span class='ocrx_word' id='word_1_500' title='bbox 3011 1395 3118 1462; x_wconf 89' lang='lat' dir='ltr'><strong>jam</strong></span> <span class='ocrx_word' id='word_1_501' title='bbox 3166 1395 3231 1450; x_wconf 90' lang='lat' dir='ltr'><strong>de</strong></span> <span class='ocrx_word' id='word_1_502' title='bbox 3271 1398 3602 1453; x_wconf 90' lang='lat' dir='ltr'><strong>conculcatis</strong></span> <span class='ocrx_word' id='word_1_503' title='bbox 3631 1400 3890 1458; x_wconf 72' lang='lat' dir='ltr'><strong>satist‘acit</strong></span> 
     </span>
    </p>
   </div>
   <div class='ocr_carea' id='block_1_74' title="bbox 2302 1477 3892 1562">
    <p class='ocr_par' dir='ltr' id='par_1_74' title="bbox 2302 1477 3892 1562">
     <span class='ocr_line' id='line_1_74' title="bbox 2302 1477 3892 1562; baseline 0.013 -33"><span class='ocrx_word' id='word_1_504' title='bbox 2302 1477 2438 1531; x_wconf 89' lang='lat' dir='ltr'><strong>odiis</strong></span> <span class='ocrx_word' id='word_1_505' title='bbox 2463 1521 2477 1545; x_wconf 92' lang='lat'><strong>,</strong></span> <span class='ocrx_word' id='word_1_506' title='bbox 2515 1478 2625 1547; x_wconf 87' lang='lat' dir='ltr'><strong>jam</strong></span> <span class='ocrx_word' id='word_1_507' title='bbox 2656 1481 2722 1535; x_wconf 88' lang='lat' dir='ltr'><strong>de</strong></span> <span class='ocrx_word' id='word_1_508' title='bbox 2751 1483 3048 1539; x_wconf 86' lang='lat' dir='ltr'><strong>sublevatis</strong></span> <span class='ocrx_word' id='word_1_509' title='bbox 3079 1487 3270 1556; x_wconf 87' lang='lat' dir='ltr'><strong>recipit</strong></span> <span class='ocrx_word' id='word_1_510' title='bbox 3315 1488 3544 1545; x_wconf 79' lang='lat' dir='ltr'><strong>favores.</strong></span> <span class='ocrx_word' id='word_1_511' title='bbox 3590 1491 3689 1558; x_wconf 80' lang='lat' dir='ltr'><strong>Qui</strong></span> <span class='ocrx_word' id='word_1_512' title='bbox 3732 1494 3892 1562; x_wconf 80' lang='lat' dir='ltr'><strong>igitur</strong></span> 
     </span>
    </p>
   </div>
   <div class='ocr_carea' id='block_1_75' title="bbox 2299 1569 3887 1654">
    <p class='ocr_par' dir='ltr' id='par_1_75' title="bbox 2299 1569 3887 1654">
     <span class='ocr_line' id='line_1_75' title="bbox 2299 1569 3887 1654; baseline 0.011 -34"><span class='ocrx_word' id='word_1_513' title='bbox 2299 1575 2381 1621; x_wconf 91' lang='lat' dir='ltr'><strong>tot</strong></span> <span class='ocrx_word' id='word_1_514' title='bbox 2403 1569 2775 1637; x_wconf 83' lang='lat' dir='ltr'><strong>phantasmata</strong></span> <span class='ocrx_word' id='word_1_515' title='bbox 2803 1575 2947 1628; x_wconf 89' lang='lat' dir='ltr'><strong>cordi</strong></span> <span class='ocrx_word' id='word_1_516' title='bbox 2976 1575 3252 1647; x_wconf 89' lang='lat' dir='ltr'><strong>imprimit,</strong></span> <span class='ocrx_word' id='word_1_517' title='bbox 3281 1579 3408 1648; x_wconf 90' lang='lat' dir='ltr'><strong>quid</strong></span> <span class='ocrx_word' id='word_1_518' title='bbox 3432 1580 3532 1635; x_wconf 74' lang='lat' dir='ltr'><strong>iste</strong></span> <span class='ocrx_word' id='word_1_519' title='bbox 3557 1581 3701 1636; x_wconf 86' lang='lat' dir='ltr'><strong>aliud</strong></span> <span class='ocrx_word' id='word_1_520' title='bbox 3725 1602 3887 1654; x_wconf 89' lang='lat' dir='ltr'><strong>quam</strong></span> 
     </span>
    </p>
   </div>
   <div class='ocr_carea' id='block_1_76' title="bbox 2298 1659 3889 1737">
    <p class='ocr_par' dir='ltr' id='par_1_76' title="bbox 2298 1659 3889 1737">
     <span class='ocr_line' id='line_1_76' title="bbox 2298 1659 3889 1737; baseline 0.014 -27"><span class='ocrx_word' id='word_1_521' title='bbox 2298 1659 2561 1712; x_wconf 90' lang='lat' dir='ltr'><strong>somnium</strong></span> <span class='ocrx_word' id='word_1_522' title='bbox 2593 1660 2818 1729; x_wconf 80' lang='lat' dir='ltr'><strong>vigilans</strong></span> <span class='ocrx_word' id='word_1_523' title='bbox 2844 1663 3024 1719; x_wconf 86' lang='lat' dir='ltr'><strong>videt?</strong></span> <span class='ocrx_word' id='word_1_524' title='bbox 3051 1667 3186 1734; x_wconf 77' lang='lat' dir='ltr'><strong>Quia</strong></span> <span class='ocrx_word' id='word_1_525' title='bbox 3218 1683 3346 1737; x_wconf 85' lang='lat' dir='ltr'><strong>ergo</strong></span> <span class='ocrx_word' id='word_1_526' title='bbox 3378 1677 3457 1724; x_wconf 93' lang='lat' dir='ltr'><strong>tot</strong></span> <span class='ocrx_word' id='word_1_527' title='bbox 3487 1687 3665 1725; x_wconf 89' lang='lat' dir='ltr'><strong>rerum</strong></span> <span class='ocrx_word' id='word_1_528' title='bbox 3697 1689 3889 1732; x_wconf 88' lang='lat' dir='ltr'><strong>causas</strong></span> 
     </span>
    </p>
   </div>
   <div class='ocr_carea' id='block_1_77' title="bbox 2296 1752 3889 1824">
    <p class='ocr_par' dir='ltr' id='par_1_77' title="bbox 2296 1752 3889 1824">
     <span class='ocr_line' id='line_1_77' title="bbox 2296 1752 3889 1824; baseline 0.015 -24"><span class='ocrx_word' id='word_1_529' title='bbox 2296 1763 2430 1816; x_wconf 87' lang='lat' dir='ltr'><strong>quas</strong></span> <span class='ocrx_word' id='word_1_530' title='bbox 2455 1752 2604 1819; x_wconf 86' lang='lat' dir='ltr'><strong>tingit</strong></span> <span class='ocrx_word' id='word_1_531' title='bbox 2633 1755 2848 1821; x_wconf 87' lang='lat' dir='ltr'><strong>tolerat,</strong></span> <span class='ocrx_word' id='word_1_532' title='bbox 2884 1758 3131 1812; x_wconf 91' lang='lat' dir='ltr'><strong>nimirum</strong></span> <span class='ocrx_word' id='word_1_533' title='bbox 3160 1761 3482 1818; x_wconf 90' lang='lat' dir='ltr'><strong>intrinsecus</strong></span> <span class='ocrx_word' id='word_1_534' title='bbox 3512 1775 3668 1820; x_wconf 86' lang='lat' dir='ltr'><strong>natas</strong></span> <span class='ocrx_word' id='word_1_535' title='bbox 3697 1783 3765 1821; x_wconf 86' lang='lat' dir='ltr'><strong>ex</strong></span> <span class='ocrx_word' id='word_1_536' title='bbox 3795 1768 3889 1824; x_wconf 80' lang='lat' dir='ltr'><strong>de-</strong></span> 
     </span>
    </p>
   </div>
   <div class='ocr_carea' id='block_1_78' title="bbox 2295 1839 3886 1926">
    <p class='ocr_par' dir='ltr' id='par_1_78' title="bbox 2295 1839 3886 1926">
     <span class='ocr_line' id='line_1_78' title="bbox 2295 1839 3886 1926; baseline 0.014 -33"><span class='ocrx_word' id='word_1_537' title='bbox 2295 1839 2513 1896; x_wconf 90' lang='lat' dir='ltr'><strong>sideriis</strong></span> <span class='ocrx_word' id='word_1_538' title='bbox 2551 1845 2735 1899; x_wconf 88' lang='lat' dir='ltr'><strong>turbas</strong></span> <span class='ocrx_word' id='word_1_539' title='bbox 2765 1855 2962 1916; x_wconf 89' lang='lat' dir='ltr'><strong>portat.</strong></span> <span class='ocrx_word' id='word_1_540' title='bbox 2997 1849 3145 1905; x_wconf 86' lang='lat' dir='ltr'><strong>Alius</strong></span> <span class='ocrx_word' id='word_1_541' title='bbox 3171 1851 3280 1919; x_wconf 88' lang='lat' dir='ltr'><strong>jam</strong></span> <span class='ocrx_word' id='word_1_542' title='bbox 3312 1853 3496 1908; x_wconf 87' lang='lat' dir='ltr'><strong>illicita</strong></span> <span class='ocrx_word' id='word_1_543' title='bbox 3527 1856 3760 1926; x_wconf 81' lang='lat' dir='ltr'><strong>refugit,</strong></span> <span class='ocrx_word' id='word_1_544' title='bbox 3792 1859 3886 1916; x_wconf 87' lang='lat' dir='ltr'><strong>sed</strong></span> 
     </span>
    </p>
   </div>
   <div class='ocr_carea' id='block_1_79' title="bbox 2224 1931 3882 2017">
    <p class='ocr_par' dir='ltr' id='par_1_79' title="bbox 2224 1931 3882 2017">
     <span class='ocr_line' id='line_1_79' title="bbox 2224 1931 3882 2017; baseline 0.016 -37"><span class='ocrx_word' id='word_1_545' title='bbox 2224 1958 2271 2017; x_wconf 74' lang='grc' dir='ltr'><strong>Β</strong></span> <span class='ocrx_word' id='word_1_546' title='bbox 2299 1936 2479 1984; x_wconf 90' lang='lat' dir='ltr'><strong>tamen</strong></span> <span class='ocrx_word' id='word_1_547' title='bbox 2528 1931 2682 1987; x_wconf 90' lang='lat' dir='ltr'><strong>bonis</strong></span> <span class='ocrx_word' id='word_1_548' title='bbox 2729 1938 2912 1990; x_wconf 90' lang='lat' dir='ltr'><strong>mundi</strong></span> <span class='ocrx_word' id='word_1_549' title='bbox 2966 1955 3153 1994; x_wconf 90' lang='lat' dir='ltr'><strong>carere</strong></span> <span class='ocrx_word' id='word_1_550' title='bbox 3198 1944 3578 2012; x_wconf 86' lang='lat' dir='ltr'><strong>pertimescit:</strong></span> <span class='ocrx_word' id='word_1_551' title='bbox 3623 1965 3882 2007; x_wconf 85' lang='lat' dir='ltr'><strong>concessa</strong></span> 
     </span>
    </p>
   </div>
   <div class='ocr_carea' id='block_1_80' title="bbox 2297 2027 3882 2110">
    <p class='ocr_par' dir='ltr' id='par_1_80' title="bbox 2297 2027 3882 2110">
     <span class='ocr_line' id='line_1_80' title="bbox 2297 2027 3882 2110; baseline 0.013 -35"><span class='ocrx_word' id='word_1_552' title='bbox 2297 2029 2483 2078; x_wconf 90' lang='lat' dir='ltr'><strong>tenere</strong></span> <span class='ocrx_word' id='word_1_553' title='bbox 2510 2027 2732 2095; x_wconf 88' lang='lat' dir='ltr'><strong>appetit,</strong></span> <span class='ocrx_word' id='word_1_554' title='bbox 2763 2028 2934 2084; x_wconf 88' lang='lat' dir='ltr'><strong>videri</strong></span> <span class='ocrx_word' id='word_1_555' title='bbox 2965 2031 3106 2086; x_wconf 89' lang='lat' dir='ltr'><strong>inter</strong></span> <span class='ocrx_word' id='word_1_556' title='bbox 3128 2033 3373 2091; x_wconf 88' lang='lat' dir='ltr'><strong>homines</strong></span> <span class='ocrx_word' id='word_1_557' title='bbox 3395 2038 3571 2092; x_wconf 91' lang='lat' dir='ltr'><strong>minor</strong></span> <span class='ocrx_word' id='word_1_558' title='bbox 3594 2041 3882 2110; x_wconf 87' lang='lat' dir='ltr'><strong>erubescit,</strong></span> 
     </span>
    </p>
   </div>
   <div class='ocr_carea' id='block_1_81' title="bbox 2295 2123 3884 2203">
    <p class='ocr_par' dir='ltr' id='par_1_81' title="bbox 2295 2123 3884 2203">
     <span class='ocr_line' id='line_1_81' title="bbox 2295 2123 3884 2203; baseline 0.012 -33"><span class='ocrx_word' id='word_1_559' title='bbox 2295 2123 2350 2170; x_wconf 90' lang='lat' dir='ltr'><strong>et</strong></span> <span class='ocrx_word' id='word_1_560' title='bbox 2377 2126 2534 2171; x_wconf 88' lang='lat' dir='ltr'><strong>curat</strong></span> <span class='ocrx_word' id='word_1_561' title='bbox 2563 2135 2905 2190; x_wconf 85' lang='lat' dir='ltr'><strong>summopere</strong></span> <span class='ocrx_word' id='word_1_562' title='bbox 2925 2139 2994 2178; x_wconf 88' lang='lat' dir='ltr'><strong>ne</strong></span> <span class='ocrx_word' id='word_1_563' title='bbox 3017 2125 3173 2194; x_wconf 88' lang='lat' dir='ltr'><strong>inops</strong></span> <span class='ocrx_word' id='word_1_564' title='bbox 3203 2127 3256 2179; x_wconf 91' lang='lat' dir='ltr'><strong>in</strong></span> <span class='ocrx_word' id='word_1_565' title='bbox 3285 2127 3451 2184; x_wconf 91' lang='lat' dir='ltr'><strong>domo</strong></span> <span class='ocrx_word' id='word_1_566' title='bbox 3474 2131 3562 2194; x_wconf 90' lang='lat' dir='ltr'><strong>sit,</strong></span> <span class='ocrx_word' id='word_1_567' title='bbox 3589 2146 3657 2185; x_wconf 86' lang='lat' dir='ltr'><strong>ne.</strong></span> <span class='ocrx_word' id='word_1_568' title='bbox 3691 2132 3884 2203; x_wconf 79' lang='lat' dir='ltr'><strong>despe-</strong></span> 
     </span>
    </p>
   </div>
   <div class='ocr_carea' id='block_1_82' title="bbox 2295 2209 3882 2295">
    <p class='ocr_par' dir='ltr' id='par_1_82' title="bbox 2295 2209 3882 2295">
     <span class='ocr_line' id='line_1_82' title="bbox 2295 2209 3882 2295; baseline 0.013 -35"><span class='ocrx_word' id='word_1_569' title='bbox 2295 2214 2414 2262; x_wconf 86' lang='lat' dir='ltr'><strong>ctus</strong></span> <span class='ocrx_word' id='word_1_570' title='bbox 2459 2209 2512 2262; x_wconf 93' lang='lat' dir='ltr'><strong>in</strong></span> <span class='ocrx_word' id='word_1_571' title='bbox 2561 2210 2800 2279; x_wconf 87' lang='lat' dir='ltr'><strong>publico.</strong></span> <span class='ocrx_word' id='word_1_572' title='bbox 2848 2212 3098 2284; x_wconf 87' lang='lat' dir='ltr'><strong>Exquirit</strong></span> <span class='ocrx_word' id='word_1_573' title='bbox 3125 2218 3254 2286; x_wconf 89' lang='lat' dir='ltr'><strong>quid</strong></span> <span class='ocrx_word' id='word_1_574' title='bbox 3291 2219 3394 2274; x_wconf 90' lang='lat' dir='ltr'><strong>sibi</strong></span> <span class='ocrx_word' id='word_1_575' title='bbox 3439 2219 3704 2290; x_wconf 81' lang='lat' dir='ltr'><strong>sufficiat,</strong></span> <span class='ocrx_word' id='word_1_576' title='bbox 3755 2227 3882 2295; x_wconf 87' lang='lat' dir='ltr'><strong>quid</strong></span> 
     </span>
    </p>
   </div>
   <div class='ocr_carea' id='block_1_83' title="bbox 2294 2302 3883 2380">
    <p class='ocr_par' dir='ltr' id='par_1_83' title="bbox 2294 2302 3883 2380">
     <span class='ocr_line' id='line_1_83' title="bbox 2294 2302 3883 2380; baseline 0.013 -28"><span class='ocrx_word' id='word_1_577' title='bbox 2294 2302 2588 2355; x_wconf 85' lang='lat' dir='ltr'><strong>necessitas</strong></span> <span class='ocrx_word' id='word_1_578' title='bbox 2617 2303 2983 2372; x_wconf 87' lang='lat' dir='ltr'><strong>subjectorum</strong></span> <span class='ocrx_word' id='word_1_579' title='bbox 3016 2317 3196 2378; x_wconf 88' lang='lat' dir='ltr'><strong>petat;</strong></span> <span class='ocrx_word' id='word_1_580' title='bbox 3247 2318 3410 2380; x_wconf 85' lang='lat' dir='ltr'><strong>atque</strong></span> <span class='ocrx_word' id='word_1_581' title='bbox 3459 2325 3517 2368; x_wconf 89' lang='lat' dir='ltr'><strong>ut</strong></span> <span class='ocrx_word' id='word_1_582' title='bbox 3553 2315 3883 2373; x_wconf 78' lang='lat' dir='ltr'><strong>sufficienter</strong></span> 
     </span>
    </p>
   </div>
   <div class='ocr_carea' id='block_1_84' title="bbox 2289 2388 3882 2481">
    <p class='ocr_par' dir='ltr' id='par_1_84' title="bbox 2289 2388 3882 2481">
     <span class='ocr_line' id='line_1_84' title="bbox 2289 2388 3882 2481; baseline 0.018 -40"><span class='ocrx_word' id='word_1_583' title='bbox 2289 2388 2408 2458; x_wconf 87' lang='lat' dir='ltr'><strong>jura</strong></span> <span class='ocrx_word' id='word_1_584' title='bbox 2455 2402 2773 2460; x_wconf 90' lang='lat' dir='ltr'><strong>patronatus</strong></span> <span class='ocrx_word' id='word_1_585' title='bbox 2829 2402 3055 2457; x_wconf 87' lang='lat' dir='ltr'><strong>subditis</strong></span> <span class='ocrx_word' id='word_1_586' title='bbox 3095 2405 3342 2474; x_wconf 89' lang='lat' dir='ltr'><strong>expleat,</strong></span> <span class='ocrx_word' id='word_1_587' title='bbox 3389 2415 3643 2477; x_wconf 87' lang='lat' dir='ltr'><strong>patronos</strong></span> <span class='ocrx_word' id='word_1_588' title='bbox 3688 2415 3882 2481; x_wconf 61' lang='lat' dir='ltr'><strong>quaerit</strong></span> 
     </span>
    </p>
   </div>
   <div class='ocr_carea' id='block_1_85' title="bbox 2293 2482 3881 2572">
    <p class='ocr_par' dir='ltr' id='par_1_85' title="bbox 2293 2482 3881 2572">
     <span class='ocr_line' id='line_1_85' title="bbox 2293 2482 3881 2572; baseline 0.017 -40"><span class='ocrx_word' id='word_1_589' title='bbox 2293 2482 2486 2548; x_wconf 86' lang='lat' dir='ltr'><strong>quibus</strong></span> <span class='ocrx_word' id='word_1_590' title='bbox 2515 2484 2629 2552; x_wconf 91' lang='lat' dir='ltr'><strong>ipse</strong></span> <span class='ocrx_word' id='word_1_591' title='bbox 2659 2487 2978 2558; x_wconf 88' lang='lat' dir='ltr'><strong>famuletur;</strong></span> <span class='ocrx_word' id='word_1_592' title='bbox 3019 2495 3113 2549; x_wconf 90' lang='lat' dir='ltr'><strong>sed</strong></span> <span class='ocrx_word' id='word_1_593' title='bbox 3139 2495 3220 2550; x_wconf 89' lang='lat' dir='ltr'><strong>his</strong></span> <span class='ocrx_word' id='word_1_594' title='bbox 3248 2497 3373 2551; x_wconf 92' lang='lat' dir='ltr'><strong>dum</strong></span> <span class='ocrx_word' id='word_1_595' title='bbox 3401 2498 3736 2557; x_wconf 86' lang='lat' dir='ltr'><strong>familiariter</strong></span> <span class='ocrx_word' id='word_1_596' title='bbox 3758 2504 3881 2572; x_wconf 87' lang='lat' dir='ltr'><strong>jun-</strong></span> 
     </span>
    </p>
   </div>
   <div class='ocr_carea' id='block_1_86' title="bbox 2293 2572 3879 2665">
    <p class='ocr_par' dir='ltr' id='par_1_86' title="bbox 2293 2572 3879 2665">
     <span class='ocr_line' id='line_1_86' title="bbox 2293 2572 3879 2665; baseline 0.018 -40"><span class='ocrx_word' id='word_1_597' title='bbox 2293 2572 2451 2640; x_wconf 86' lang='lat' dir='ltr'><strong>gitur,</strong></span> <span class='ocrx_word' id='word_1_598' title='bbox 2484 2591 2668 2632; x_wconf 89' lang='lat' dir='ltr'><strong>eorum</strong></span> <span class='ocrx_word' id='word_1_599' title='bbox 2701 2583 2884 2649; x_wconf 86' lang='lat' dir='ltr'><strong>procul</strong></span> <span class='ocrx_word' id='word_1_600' title='bbox 2915 2585 3078 2642; x_wconf 90' lang='lat' dir='ltr'><strong>dubio</strong></span> <span class='ocrx_word' id='word_1_601' title='bbox 3117 2581 3292 2644; x_wconf 85' lang='lat' dir='ltr'><strong>causis</strong></span> <span class='ocrx_word' id='word_1_602' title='bbox 3325 2590 3648 2662; x_wconf 86' lang='lat' dir='ltr'><strong>implicatur,</strong></span> <span class='ocrx_word' id='word_1_603' title='bbox 3687 2598 3879 2665; x_wconf 85' lang='lat' dir='ltr'><strong>quibus</strong></span> 
     </span>
    </p>
   </div>
   <div class='ocr_carea' id='block_1_87' title="bbox 2293 2671 3883 2757">
    <p class='ocr_par' dir='ltr' id='par_1_87' title="bbox 2293 2671 3883 2757">
     <span class='ocr_line' id='line_1_87' title="bbox 2293 2671 3883 2757; baseline 0.016 -40"><span class='ocrx_word' id='word_1_604' title='bbox 2293 2678 2436 2733; x_wconf 66' lang='lat' dir='ltr'><strong>saepe</strong></span> <span class='ocrx_word' id='word_1_605' title='bbox 2484 2671 2753 2724; x_wconf 87' lang='lat' dir='ltr'><strong>consentit</strong></span> <span class='ocrx_word' id='word_1_606' title='bbox 2780 2673 2834 2727; x_wconf 88' lang='lat' dir='ltr'><strong>in</strong></span> <span class='ocrx_word' id='word_1_607' title='bbox 2865 2675 3080 2744; x_wconf 85' lang='lat' dir='ltr'><strong>illicitis,</strong></span> <span class='ocrx_word' id='word_1_608' title='bbox 3114 2688 3168 2732; x_wconf 90' lang='lat' dir='ltr'><strong>et</strong></span> <span class='ocrx_word' id='word_1_609' title='bbox 3197 2680 3336 2734; x_wconf 88' lang='lat' dir='ltr'><strong>mala</strong></span> <span class='ocrx_word' id='word_1_610' title='bbox 3380 2696 3499 2751; x_wconf 68' lang='lat' dir='ltr'><strong>quae</strong></span> <span class='ocrx_word' id='word_1_611' title='bbox 3546 2696 3769 2757; x_wconf 88' lang='lat' dir='ltr'><strong>propter</strong></span> <span class='ocrx_word' id='word_1_612' title='bbox 3794 2703 3883 2743; x_wconf 84' lang='lat' dir='ltr'><strong>se-</strong></span> 
     </span>
    </p>
   </div>
   <div class='ocr_carea' id='block_1_88' title="bbox 2292 2756 3880 2848">
    <p class='ocr_par' dir='ltr' id='par_1_88' title="bbox 2292 2756 3880 2848">
     <span class='ocr_line' id='line_1_88' title="bbox 2292 2756 3880 2848; baseline 0.017 -42"><span class='ocrx_word' id='word_1_613' title='bbox 2292 2756 2576 2824; x_wconf 88' lang='lat' dir='ltr'><strong>metipsum</strong></span> <span class='ocrx_word' id='word_1_614' title='bbox 2625 2776 2731 2815; x_wconf 93' lang='lat' dir='ltr'><strong>non</strong></span> <span class='ocrx_word' id='word_1_615' title='bbox 2780 2768 3004 2834; x_wconf 88' lang='lat' dir='ltr'><strong>appetit,</strong></span> <span class='ocrx_word' id='word_1_616' title='bbox 3046 2771 3337 2824; x_wconf 88' lang='lat' dir='ltr'><strong>committit</strong></span> <span class='ocrx_word' id='word_1_617' title='bbox 3374 2779 3596 2848; x_wconf 53' lang='grc' dir='ltr'><strong>ιπηι-</strong></span> <span class='ocrx_word' id='word_1_618' title='bbox 3626 2756 3729 2830; x_wconf 82' lang='lat' dir='ltr'><strong>alia</strong></span> <span class='ocrx_word' id='word_1_619' title='bbox 3761 2793 3880 2848; x_wconf 65' lang='lat' dir='ltr'><strong>qua:</strong></span> 
     </span>
    </p>
   </div>
   <div class='ocr_carea' id='block_1_89' title="bbox 2293 2851 3878 2932">
    <p class='ocr_par' dir='ltr' id='par_1_89' title="bbox 2293 2851 3878 2932">
     <span class='ocr_line' id='line_1_89' title="bbox 2293 2851 3878 2932; baseline 0.015 -30"><span class='ocrx_word' id='word_1_620' title='bbox 2293 2865 2399 2904; x_wconf 89' lang='lat' dir='ltr'><strong>non</strong></span> <span class='ocrx_word' id='word_1_621' title='bbox 2429 2851 2773 2923; x_wconf 86' lang='lat' dir='ltr'><strong>derelinquit.</strong></span> <span class='ocrx_word' id='word_1_622' title='bbox 2817 2859 2948 2914; x_wconf 83' lang='lat' dir='ltr'><strong>Nam</strong></span> <span class='ocrx_word' id='word_1_623' title='bbox 2988 2877 3129 2932; x_wconf 68' lang='lat' dir='ltr'><strong>srepe</strong></span> <span class='ocrx_word' id='word_1_624' title='bbox 3166 2864 3293 2918; x_wconf 90' lang='lat' dir='ltr'><strong>dum</strong></span> <span class='ocrx_word' id='word_1_625' title='bbox 3335 2851 3595 2932; x_wconf 65' lang='lat' dir='ltr'><strong>hor&#39;n</strong></span> <span class='ocrx_word' id='word_1_626' title='bbox 3627 2886 3780 2923; x_wconf 89' lang='lat' dir='ltr'><strong>suum</strong></span> <span class='ocrx_word' id='word_1_627' title='bbox 3821 2873 3878 2926; x_wconf 90' lang='lat' dir='ltr'><strong>in</strong></span> 
     </span>
    </p>
   </div>
   <div class='ocr_carea' id='block_1_90' title="bbox 2292 2942 3879 3031">
    <p class='ocr_par' dir='ltr' id='par_1_90' title="bbox 2292 2942 3879 3031">
     <span class='ocr_line' id='line_1_90' title="bbox 2292 2942 3879 3031; baseline 0.014 -37"><span class='ocrx_word' id='word_1_628' title='bbox 2292 2942 2395 2997; x_wconf 91' lang='lat' dir='ltr'><strong>hoc</strong></span> <span class='ocrx_word' id='word_1_629' title='bbox 2417 2946 2614 3000; x_wconf 91' lang='lat' dir='ltr'><strong>mundo</strong></span> <span class='ocrx_word' id='word_1_630' title='bbox 2641 2948 2883 3004; x_wconf 87' lang='lat' dir='ltr'><strong>imminui</strong></span> <span class='ocrx_word' id='word_1_631' title='bbox 2914 2954 3169 3023; x_wconf 89' lang='lat' dir='ltr'><strong>trepidat,</strong></span> <span class='ocrx_word' id='word_1_632' title='bbox 3217 2971 3278 3010; x_wconf 90' lang='lat' dir='ltr'><strong>ea</strong></span> <span class='ocrx_word' id='word_1_633' title='bbox 3321 2957 3464 3026; x_wconf 90' lang='lat' dir='ltr'><strong>apud</strong></span> <span class='ocrx_word' id='word_1_634' title='bbox 3498 2960 3725 3027; x_wconf 77' lang='lat' dir='ltr'><strong>majores</strong></span> <span class='ocrx_word' id='word_1_635' title='bbox 3754 2977 3879 3031; x_wconf 82' lang='lat' dir='ltr'><strong>per—</strong></span> 
     </span>
    </p>
   </div>
   <div class='ocr_carea' id='block_1_91' title="bbox 2290 3037 3888 3121">
    <p class='ocr_par' dir='ltr' id='par_1_91' title="bbox 2290 3037 3888 3121">
     <span class='ocr_line' id='line_1_91' title="bbox 2290 3037 3888 3121; baseline 0.016 -36"><span class='ocrx_word' id='word_1_636' title='bbox 2290 3047 2452 3087; x_wconf 90' lang='lat' dir='ltr'><strong>sonas</strong></span> <span class='ocrx_word' id='word_1_637' title='bbox 2482 3037 2782 3105; x_wconf 87' lang='lat' dir='ltr'><strong>approbat,</strong></span> <span class='ocrx_word' id='word_1_638' title='bbox 2830 3055 2950 3110; x_wconf 80' lang='lat' dir='ltr'><strong>quae</strong></span> <span class='ocrx_word' id='word_1_639' title='bbox 2993 3044 3106 3113; x_wconf 88' lang='lat' dir='ltr'><strong>jam</strong></span> <span class='ocrx_word' id='word_1_640' title='bbox 3155 3063 3254 3116; x_wconf 91' lang='lat' dir='ltr'><strong>per</strong></span> <span class='ocrx_word' id='word_1_641' title='bbox 3299 3051 3574 3120; x_wconf 87' lang='lat' dir='ltr'><strong>proprium</strong></span> <span class='ocrx_word' id='word_1_642' title='bbox 3622 3053 3888 3121; x_wconf 82' lang='lat' dir='ltr'><strong>judicium‘</strong></span> 
     </span>
    </p>
   </div>
   <div class='ocr_carea' id='block_1_92' title="bbox 2291 3123 3878 3212">
    <p class='ocr_par' dir='ltr' id='par_1_92' title="bbox 2291 3123 3878 3212">
     <span class='ocr_line' id='line_1_92' title="bbox 2291 3123 3878 3212; baseline 0.016 -37"><span class='ocrx_word' id='word_1_643' title='bbox 2291 3123 2534 3179; x_wconf 86' lang='lat' dir='ltr'><strong>damnat.</strong></span> <span class='ocrx_word' id='word_1_644' title='bbox 2567 3127 2616 3182; x_wconf 84' lang='lat' dir='ltr'><strong>is</strong></span> <span class='ocrx_word' id='word_1_645' title='bbox 2645 3130 2769 3183; x_wconf 88' lang='lat' dir='ltr'><strong>dum</strong></span> <span class='ocrx_word' id='word_1_646' title='bbox 2811 3133 3040 3189; x_wconf 90' lang='lat' dir='ltr'><strong>sollicite</strong></span> <span class='ocrx_word' id='word_1_647' title='bbox 3068 3139 3308 3205; x_wconf 86' lang='lat' dir='ltr'><strong>cogitat,</strong></span> <span class='ocrx_word' id='word_1_648' title='bbox 3357 3141 3486 3211; x_wconf 89' lang='lat' dir='ltr'><strong>quid</strong></span> <span class='ocrx_word' id='word_1_649' title='bbox 3519 3144 3757 3212; x_wconf 87' lang='lat' dir='ltr'><strong>patronis</strong></span> <span class='ocrx_word' id='word_1_650' title='bbox 3782 3146 3878 3201; x_wconf 82' lang='lat' dir='ltr'><strong>de-</strong></span> 
     </span>
    </p>
   </div>
   <div class='ocr_carea' id='block_1_93' title="bbox 2290 3214 3880 3304">
    <p class='ocr_par' dir='ltr' id='par_1_93' title="bbox 2290 3214 3880 3304">
     <span class='ocr_line' id='line_1_93' title="bbox 2290 3214 3880 3304; baseline 0.016 -38"><span class='ocrx_word' id='word_1_651' title='bbox 2290 3214 2434 3275; x_wconf 83' lang='lat' dir='ltr'><strong>beat.</strong></span> <span class='ocrx_word' id='word_1_652' title='bbox 2482 3218 2608 3285; x_wconf 90' lang='lat' dir='ltr'><strong>quid</strong></span> <span class='ocrx_word' id='word_1_653' title='bbox 2653 3220 2941 3289; x_wconf 87' lang='lat' dir='ltr'><strong>subjectis;</strong></span> <span class='ocrx_word' id='word_1_654' title='bbox 2991 3227 3118 3296; x_wconf 82' lang='lat' dir='ltr'><strong>quid</strong></span> <span class='ocrx_word' id='word_1_655' title='bbox 3147 3230 3249 3284; x_wconf 90' lang='lat' dir='ltr'><strong>sibi</strong></span> <span class='ocrx_word' id='word_1_656' title='bbox 3279 3240 3496 3301; x_wconf 85' lang='lat' dir='ltr'><strong>augeat,</strong></span> <span class='ocrx_word' id='word_1_657' title='bbox 3532 3245 3553 3272; x_wconf 77' lang='grc' dir='ltr'>ε</span> <span class='ocrx_word' id='word_1_658' title='bbox 3584 3236 3714 3304; x_wconf 83' lang='lat' dir='ltr'><strong>quid</strong></span> <span class='ocrx_word' id='word_1_659' title='bbox 3751 3235 3880 3291; x_wconf 82' lang='lat' dir='ltr'><strong>aﬂ&#39;e-</strong></span> 
     </span>
    </p>
   </div>
   <div class='ocr_carea' id='block_1_94' title="bbox 2296 3302 3882 3396">
    <p class='ocr_par' dir='ltr' id='par_1_94' title="bbox 2296 3302 3882 3396">
     <span class='ocr_line' id='line_1_94' title="bbox 2296 3302 3882 3396; baseline 0.017 -41"><span class='ocrx_word' id='word_1_660' title='bbox 2296 3302 2471 3358; x_wconf 84' lang='lat' dir='ltr'><strong>ctibus</strong></span> <span class='ocrx_word' id='word_1_661' title='bbox 2518 3308 2702 3373; x_wconf 85' lang='lat' dir='ltr'><strong>prosit,</strong></span> <span class='ocrx_word' id='word_1_662' title='bbox 2743 3312 2900 3377; x_wconf 87' lang='lat' dir='ltr'><strong>quasi</strong></span> <span class='ocrx_word' id='word_1_663' title='bbox 2937 3320 3085 3368; x_wconf 89' lang='lat' dir='ltr'><strong>tanta</strong></span> <span class='ocrx_word' id='word_1_664' title='bbox 3119 3316 3416 3387; x_wconf 86' lang='lat' dir='ltr'><strong>frequentia</strong></span> <span class='ocrx_word' id='word_1_665' title='bbox 3450 3302 3729 3379; x_wconf 40' lang='lat' dir='ltr'><strong>turba—rum</strong></span> <span class='ocrx_word' id='word_1_666' title='bbox 3758 3339 3882 3396; x_wconf 82' lang='lat' dir='ltr'><strong>pre-</strong></span> 
     </span>
    </p>
   </div>
   <div class='ocr_carea' id='block_1_95' title="bbox 2296 3393 3751 3474">
    <p class='ocr_par' dir='ltr' id='par_1_95' title="bbox 2296 3393 3751 3474">
     <span class='ocr_line' id='line_1_95' title="bbox 2296 3393 3751 3474; baseline 0.012 -28"><span class='ocrx_word' id='word_1_667' title='bbox 2296 3393 2478 3458; x_wconf 87' lang='lat' dir='ltr'><strong>mitur,</strong></span> <span class='ocrx_word' id='word_1_668' title='bbox 2507 3405 2710 3462; x_wconf 89' lang='lat' dir='ltr'><strong>qnanta</strong></span> <span class='ocrx_word' id='word_1_669' title='bbox 2740 3415 2993 3455; x_wconf 87' lang='lat' dir='ltr'><strong>curarum</strong></span> <span class='ocrx_word' id='word_1_670' title='bbox 3025 3404 3432 3474; x_wconf 87' lang='lat' dir='ltr'><strong>importunitate</strong></span> <span class='ocrx_word' id='word_1_671' title='bbox 3462 3411 3751 3468; x_wconf 87' lang='lat' dir='ltr'><strong>laceratur.</strong></span> 
     </span>
    </p>
   </div>
   <div class='ocr_carea' id='block_1_96' title="bbox 2362 3489 3885 3576">
    <p class='ocr_par' dir='ltr' id='par_1_96' title="bbox 2362 3489 3885 3576">
     <span class='ocr_line' id='line_1_96' title="bbox 2362 3489 3885 3576; baseline 0.016 -36"><span class='ocrx_word' id='word_1_672' title='bbox 2362 3489 2504 3560; x_wconf 71' lang='grc' dir='ltr'><strong>[νει.</strong></span> <span class='ocrx_word' id='word_1_673' title='bbox 2538 3491 2838 3566; x_wconf 50' lang='grc' dir='ltr'><strong>ΧΧΧΗΠ]</strong></span> <span class='ocrx_word' id='word_1_674' title='bbox 2869 3497 2956 3552; x_wconf 83' lang='grc'><strong>58.</strong></span> <span class='ocrx_word' id='word_1_675' title='bbox 2991 3500 3105 3556; x_wconf 77' lang='lat' dir='ltr'><strong>Soli</strong></span> <span class='ocrx_word' id='word_1_676' title='bbox 3127 3519 3296 3557; x_wconf 79' lang='lat' dir='ltr'><strong>secum</strong></span> <span class='ocrx_word' id='word_1_677' title='bbox 3323 3516 3440 3557; x_wconf 76' lang='lat' dir='ltr'><strong>sunt</strong></span> <span class='ocrx_word' id='word_1_678' title='bbox 3464 3509 3550 3576; x_wconf 76' lang='lat' dir='ltr'><strong>qui</strong></span> <span class='ocrx_word' id='word_1_679' title='bbox 3579 3510 3703 3562; x_wconf 76' lang='lat' dir='ltr'><strong>vitia</strong></span> <span class='ocrx_word' id='word_1_680' title='bbox 3731 3511 3885 3565; x_wconf 72' lang='lat' dir='ltr'><strong>sube-</strong></span> 
     </span>
    </p>
   </div>
   <div class='ocr_carea' id='block_1_97' title="bbox 2293 3582 3884 3665">
    <p class='ocr_par' dir='ltr' id='par_1_97' title="bbox 2293 3582 3884 3665">
     <span class='ocr_line' id='line_1_97' title="bbox 2293 3582 3884 3665; baseline 0.015 -34"><span class='ocrx_word' id='word_1_681' title='bbox 2293 3582 2643 3649; x_wconf 81' lang='lat' dir='ltr'><strong>gerunt.—At</strong></span> <span class='ocrx_word' id='word_1_682' title='bbox 2661 3594 2849 3640; x_wconf 87' lang='lat' dir='ltr'><strong>contra</strong></span> <span class='ocrx_word' id='word_1_683' title='bbox 2872 3591 3044 3644; x_wconf 84' lang='lat' dir='ltr'><strong>sancti</strong></span> <span class='ocrx_word' id='word_1_684' title='bbox 3073 3592 3192 3655; x_wconf 77' lang='lat' dir='ltr'><strong>viri,</strong></span> <span class='ocrx_word' id='word_1_685' title='bbox 3215 3594 3332 3662; x_wconf 87' lang='lat' dir='ltr'><strong>quia</strong></span> <span class='ocrx_word' id='word_1_686' title='bbox 3355 3595 3486 3648; x_wconf 88' lang='lat' dir='ltr'><strong>nihil</strong></span> <span class='ocrx_word' id='word_1_687' title='bbox 3511 3597 3668 3665; x_wconf 83' lang='lat' dir='ltr'><strong>hujus</strong></span> <span class='ocrx_word' id='word_1_688' title='bbox 3691 3601 3884 3656; x_wconf 85' lang='lat' dir='ltr'><strong>mundi</strong></span> 
     </span>
    </p>
   </div>
   <div class='ocr_carea' id='block_1_98' title="bbox 2290 3677 3886 3753">
    <p class='ocr_par' dir='ltr' id='par_1_98' title="bbox 2290 3677 3886 3753">
     <span class='ocr_line' id='line_1_98' title="bbox 2290 3677 3886 3753; baseline 0.011 -21"><span class='ocrx_word' id='word_1_689' title='bbox 2290 3684 2581 3748; x_wconf 82' lang='lat' dir='ltr'><strong>appetunt,</strong></span> <span class='ocrx_word' id='word_1_690' title='bbox 2629 3677 2786 3736; x_wconf 67' lang='lat' dir='ltr'><strong>nullis</strong></span> <span class='ocrx_word' id='word_1_691' title='bbox 2817 3682 3002 3753; x_wconf 68' lang='lat' dir='ltr'><strong>prmi</strong></span> <span class='ocrx_word' id='word_1_692' title='bbox 3046 3683 3208 3745; x_wconf 74' lang='lat' dir='ltr'><strong>dubio</strong></span> <span class='ocrx_word' id='word_1_693' title='bbox 3252 3686 3305 3741; x_wconf 82' lang='lat' dir='ltr'><strong>in</strong></span> <span class='ocrx_word' id='word_1_694' title='bbox 3351 3686 3519 3744; x_wconf 73' lang='lat' dir='ltr'><strong>corde</strong></span> <span class='ocrx_word' id='word_1_695' title='bbox 3563 3691 3886 3750; x_wconf 78' lang='lat' dir='ltr'><strong>tumultibus</strong></span> 
     </span>
    </p>
   </div>
   <div class='ocr_carea' id='block_1_99' title="bbox 2289 3779 3881 3848">
    <p class='ocr_par' dir='ltr' id='par_1_99' title="bbox 2289 3779 3881 3848">
     <span class='ocr_line' id='line_1_99' title="bbox 2289 3779 3881 3848; baseline 0.011 -25"><span class='ocrx_word' id='word_1_696' title='bbox 2289 3781 2634 3841; x_wconf 89' lang='lat' dir='ltr'><strong>premuntur;</strong></span> <span class='ocrx_word' id='word_1_697' title='bbox 2679 3791 2866 3832; x_wconf 91' lang='lat' dir='ltr'><strong>omnes</strong></span> <span class='ocrx_word' id='word_1_698' title='bbox 2895 3779 3094 3848; x_wconf 89' lang='lat' dir='ltr'><strong>quippe</strong></span> <span class='ocrx_word' id='word_1_699' title='bbox 3119 3781 3445 3836; x_wconf 77' lang='lat' dir='ltr'><strong>inordinatos</strong></span> <span class='ocrx_word' id='word_1_700' title='bbox 3491 3781 3881 3840; x_wconf 75' lang='lat' dir='ltr'><strong>desideriorum</strong></span> 
     </span>
    </p>
   </div>
   <div class='ocr_carea' id='block_1_100' title="bbox 2290 3863 3880 3931">
    <p class='ocr_par' dir='ltr' id='par_1_100' title="bbox 2290 3863 3880 3931">
     <span class='ocr_line' id='line_1_100' title="bbox 2290 3863 3880 3931; baseline 0.011 -19"><span class='ocrx_word' id='word_1_701' title='bbox 2290 3868 2466 3915; x_wconf 87' lang='lat' dir='ltr'><strong>motus</strong></span> <span class='ocrx_word' id='word_1_702' title='bbox 2504 3878 2536 3915; x_wconf 87' lang='lat' dir='ltr'><strong>a</strong></span> <span class='ocrx_word' id='word_1_703' title='bbox 2567 3863 2730 3918; x_wconf 88' lang='lat' dir='ltr'><strong>cubili</strong></span> <span class='ocrx_word' id='word_1_704' title='bbox 2761 3865 2973 3931; x_wconf 84' lang='lat' dir='ltr'><strong>cordis,</strong></span> <span class='ocrx_word' id='word_1_705' title='bbox 3009 3883 3168 3923; x_wconf 85' lang='lat' dir='ltr'><strong>manu</strong></span> <span class='ocrx_word' id='word_1_706' title='bbox 3209 3878 3408 3926; x_wconf 76' lang='lat' dir='ltr'><strong>sancta:</strong></span> <span class='ocrx_word' id='word_1_707' title='bbox 3435 3873 3880 3930; x_wconf 83' lang='lat' dir='ltr'><strong>considerationis</strong></span> 
     </span>
    </p>
   </div>
   <div class='ocr_carea' id='block_1_101' title="bbox 2287 3945 3881 4026">
    <p class='ocr_par' dir='ltr' id='par_1_101' title="bbox 2287 3945 3881 4026">
     <span class='ocr_line' id='line_1_101' title="bbox 2287 3945 3881 4026; baseline 0.008 -26"><span class='ocrx_word' id='word_1_708' title='bbox 2287 3945 2507 4014; x_wconf 87' lang='lat' dir='ltr'><strong>ejiciunt</strong></span> <span class='ocrx_word' id='word_1_709' title='bbox 2525 3991 2540 4014; x_wconf 92' lang='lat'><strong>,</strong></span> <span class='ocrx_word' id='word_1_710' title='bbox 2568 3957 2624 4002; x_wconf 90' lang='lat' dir='ltr'><strong>et</strong></span> <span class='ocrx_word' id='word_1_711' title='bbox 2649 3949 2775 4017; x_wconf 86' lang='lat' dir='ltr'><strong>quia</strong></span> <span class='ocrx_word' id='word_1_712' title='bbox 2801 3953 3103 4008; x_wconf 82' lang='lat' dir='ltr'><strong>transitoria</strong></span> <span class='ocrx_word' id='word_1_713' title='bbox 3135 3965 3327 4010; x_wconf 84' lang='lat' dir='ltr'><strong>ctmcta</strong></span> <span class='ocrx_word' id='word_1_714' title='bbox 3352 3956 3672 4026; x_wconf 72' lang='lat' dir='ltr'><strong>despiciunt,</strong></span> <span class='ocrx_word' id='word_1_715' title='bbox 3703 3974 3769 4014; x_wconf 86' lang='lat' dir='ltr'><strong>ex</strong></span> <span class='ocrx_word' id='word_1_716' title='bbox 3798 3959 3881 4013; x_wconf 71' lang='lat' dir='ltr'><strong>his</strong></span> 
     </span>
    </p>
   </div>
   <div class='ocr_carea' id='block_1_102' title="bbox 2287 4040 3880 4118">
    <p class='ocr_par' dir='ltr' id='par_1_102' title="bbox 2287 4040 3880 4118">
     <span class='ocr_line' id='line_1_102' title="bbox 2287 4040 3880 4118; baseline 0.009 -30"><span class='ocrx_word' id='word_1_717' title='bbox 2287 4045 2568 4092; x_wconf 87' lang='lat' dir='ltr'><strong>nascentes</strong></span> <span class='ocrx_word' id='word_1_718' title='bbox 2612 4040 3000 4107; x_wconf 85' lang='lat' dir='ltr'><strong>cogitationum</strong></span> <span class='ocrx_word' id='word_1_719' title='bbox 3046 4045 3360 4100; x_wconf 79' lang='lat' dir='ltr'><strong>insolentias</strong></span> <span class='ocrx_word' id='word_1_720' title='bbox 3410 4063 3518 4102; x_wconf 90' lang='lat' dir='ltr'><strong>non</strong></span> <span class='ocrx_word' id='word_1_721' title='bbox 3582 4049 3880 4118; x_wconf 78' lang='lat' dir='ltr'><strong>patiuntur.</strong></span> 
     </span>
    </p>
   </div>
   <div class='ocr_carea' id='block_1_103' title="bbox 2286 4125 3878 4206">
    <p class='ocr_par' dir='ltr' id='par_1_103' title="bbox 2286 4125 3878 4206">
     <span class='ocr_line' id='line_1_103' title="bbox 2286 4125 3878 4206; baseline 0.008 -27"><span class='ocrx_word' id='word_1_722' title='bbox 2286 4125 2464 4182; x_wconf 88' lang='lat' dir='ltr'><strong>Solam</strong></span> <span class='ocrx_word' id='word_1_723' title='bbox 2509 4145 2741 4198; x_wconf 86' lang='lat' dir='ltr'><strong>namque</strong></span> <span class='ocrx_word' id='word_1_724' title='bbox 2767 4141 3024 4187; x_wconf 69' lang='lat' dir='ltr'><strong>aeternam</strong></span> <span class='ocrx_word' id='word_1_725' title='bbox 3055 4136 3286 4204; x_wconf 87' lang='lat' dir='ltr'><strong>patriam</strong></span> <span class='ocrx_word' id='word_1_726' title='bbox 3331 4145 3618 4206; x_wconf 86' lang='lat' dir='ltr'><strong>appetunt;</strong></span> <span class='ocrx_word' id='word_1_727' title='bbox 3663 4147 3718 4193; x_wconf 92' lang='lat' dir='ltr'><strong>et</strong></span> <span class='ocrx_word' id='word_1_728' title='bbox 3755 4140 3878 4206; x_wconf 79' lang='lat' dir='ltr'><strong>quia</strong></span> 
     </span>
    </p>
   </div>
   <div class='ocr_carea' id='block_1_104' title="bbox 2287 4217 3880 4298">
    <p class='ocr_par' dir='ltr' id='par_1_104' title="bbox 2287 4217 3880 4298">
     <span class='ocr_line' id='line_1_104' title="bbox 2287 4217 3880 4298; baseline 0.009 -29"><span class='ocrx_word' id='word_1_729' title='bbox 2287 4218 2430 4271; x_wconf 87' lang='lat' dir='ltr'><strong>nulla</strong></span> <span class='ocrx_word' id='word_1_730' title='bbox 2458 4217 2614 4286; x_wconf 89' lang='lat' dir='ltr'><strong>hujus</strong></span> <span class='ocrx_word' id='word_1_731' title='bbox 2643 4221 2825 4276; x_wconf 87' lang='lat' dir='ltr'><strong>mundi</strong></span> <span class='ocrx_word' id='word_1_732' title='bbox 2857 4223 3100 4292; x_wconf 86' lang='lat' dir='ltr'><strong>diligunt,</strong></span> <span class='ocrx_word' id='word_1_733' title='bbox 3133 4241 3326 4295; x_wconf 86' lang='lat' dir='ltr'><strong>magna</strong></span> <span class='ocrx_word' id='word_1_734' title='bbox 3352 4229 3550 4283; x_wconf 87' lang='lat' dir='ltr'><strong>mentis</strong></span> <span class='ocrx_word' id='word_1_735' title='bbox 3583 4229 3880 4298; x_wconf 40' lang='lat' dir='ltr'><strong>tranquillis</strong></span> 
     </span>
    </p>
   </div>
   <div class='ocr_carea' id='block_1_105' title="bbox 2287 4308 3881 4390">
    <p class='ocr_par' dir='ltr' id='par_1_105' title="bbox 2287 4308 3881 4390">
     <span class='ocr_line' id='line_1_105' title="bbox 2287 4308 3881 4390; baseline 0.009 -30"><span class='ocrx_word' id='word_1_736' title='bbox 2287 4316 2398 4363; x_wconf 89' lang='lat' dir='ltr'><strong>tate</strong></span> <span class='ocrx_word' id='word_1_737' title='bbox 2414 4308 2778 4378; x_wconf 88' lang='lat' dir='ltr'><strong>perfruuntur.</strong></span> <span class='ocrx_word' id='word_1_738' title='bbox 2807 4312 2958 4369; x_wconf 87' lang='lat' dir='ltr'><strong>Umle</strong></span> <span class='ocrx_word' id='word_1_739' title='bbox 2979 4325 3034 4370; x_wconf 88' lang='lat' dir='ltr'><strong>et</strong></span> <span class='ocrx_word' id='word_1_740' title='bbox 3055 4329 3202 4372; x_wconf 88' lang='lat' dir='ltr'><strong>recte</strong></span> <span class='ocrx_word' id='word_1_741' title='bbox 3224 4318 3421 4374; x_wconf 89' lang='lat' dir='ltr'><strong>dicitur</strong></span> <span class='ocrx_word' id='word_1_742' title='bbox 3455 4337 3467 4372; x_wconf 88' lang='lat'><strong>:</strong></span> <span class='ocrx_word' id='word_1_743' title='bbox 3495 4318 3598 4383; x_wconf 79' lang='lat' dir='ltr'><strong>Qui</strong></span> <span class='ocrx_word' id='word_1_744' title='bbox 3616 4321 3881 4390; x_wconf 63' lang='lat' dir='ltr'><strong>mitiﬁcant</strong></span> 
     </span>
    </p>
   </div>
   <div class='ocr_carea' id='block_1_106' title="bbox 2285 4398 3877 4481">
    <p class='ocr_par' dir='ltr' id='par_1_106' title="bbox 2285 4398 3877 4481">
     <span class='ocr_line' id='line_1_106' title="bbox 2285 4398 3877 4481; baseline 0.011 -30"><span class='ocrx_word' id='word_1_745' title='bbox 2285 4398 2380 4453; x_wconf 84' lang='lat' dir='ltr'><strong>sibi</strong></span> <span class='ocrx_word' id='word_1_746' title='bbox 2406 4401 2732 4457; x_wconf 80' lang='lat' dir='ltr'><strong>solitudines.</strong></span> <span class='ocrx_word' id='word_1_747' title='bbox 2785 4406 3113 4464; x_wconf 88' lang='lat' dir='ltr'><strong>Solitudines</strong></span> <span class='ocrx_word' id='word_1_748' title='bbox 3157 4411 3356 4481; x_wconf 89' lang='lat' dir='ltr'><strong>quippe</strong></span> <span class='ocrx_word' id='word_1_749' title='bbox 3382 4413 3682 4480; x_wconf 77' lang='lat' dir='ltr'><strong>aedificare,</strong></span> <span class='ocrx_word' id='word_1_750' title='bbox 3731 4422 3809 4468; x_wconf 89' lang='lat' dir='ltr'><strong>est</strong></span> <span class='ocrx_word' id='word_1_751' title='bbox 3845 4430 3877 4468; x_wconf 86' lang='lat' dir='ltr'><strong>a</strong></span> 
     </span>
    </p>
   </div>
   <div class='ocr_carea' id='block_1_107' title="bbox 2284 4493 3880 4561">
    <p class='ocr_par' dir='ltr' id='par_1_107' title="bbox 2284 4493 3880 4561">
     <span class='ocr_line' id='line_1_107' title="bbox 2284 4493 3880 4561; baseline 0.013 -20"><span class='ocrx_word' id='word_1_752' title='bbox 2284 4499 2493 4543; x_wconf 84' lang='lat' dir='ltr'><strong>secreto</strong></span> <span class='ocrx_word' id='word_1_753' title='bbox 2552 4493 2731 4548; x_wconf 90' lang='lat' dir='ltr'><strong>cordis</strong></span> <span class='ocrx_word' id='word_1_754' title='bbox 2781 4503 3115 4554; x_wconf 87' lang='lat' dir='ltr'><strong>terrenorum</strong></span> <span class='ocrx_word' id='word_1_755' title='bbox 3170 4501 3558 4558; x_wconf 87' lang='lat' dir='ltr'><strong>desideriorum</strong></span> <span class='ocrx_word' id='word_1_756' title='bbox 3621 4506 3880 4561; x_wconf 83' lang='lat' dir='ltr'><strong>tumultus</strong></span> 
     </span>
    </p>
   </div>
   <div class='ocr_carea' id='block_1_108' title="bbox 2284 4581 3880 4665">
    <p class='ocr_par' dir='ltr' id='par_1_108' title="bbox 2284 4581 3880 4665">
     <span class='ocr_line' id='line_1_108' title="bbox 2284 4581 3880 4665; baseline 0.012 -33"><span class='ocrx_word' id='word_1_757' title='bbox 2284 4581 2574 4650; x_wconf 85' lang='lat' dir='ltr'><strong>expellere,</strong></span> <span class='ocrx_word' id='word_1_758' title='bbox 2611 4585 2765 4655; x_wconf 79' lang='lat'><strong>130</strong></span> <span class='ocrx_word' id='word_1_759' title='bbox 2794 4595 2847 4640; x_wconf 91' lang='lat' dir='ltr'><strong>et</strong></span> <span class='ocrx_word' id='word_1_760' title='bbox 2877 4604 2979 4642; x_wconf 90' lang='lat' dir='ltr'><strong>una</strong></span> <span class='ocrx_word' id='word_1_761' title='bbox 3024 4593 3324 4648; x_wconf 85' lang='lat' dir='ltr'><strong>intentione</strong></span> <span class='ocrx_word' id='word_1_762' title='bbox 3353 4603 3568 4649; x_wconf 71' lang='lat' dir='ltr'><strong>mternm</strong></span> <span class='ocrx_word' id='word_1_763' title='bbox 3615 4597 3797 4665; x_wconf 75' lang='lat' dir='ltr'><strong>patriae</strong></span> <span class='ocrx_word' id='word_1_764' title='bbox 3824 4597 3880 4651; x_wconf 87' lang='lat' dir='ltr'><strong>in</strong></span> 
     </span>
    </p>
   </div>
   <div class='ocr_carea' id='block_1_109' title="bbox 2285 4677 3879 4748">
    <p class='ocr_par' dir='ltr' id='par_1_109' title="bbox 2285 4677 3879 4748">
     <span class='ocr_line' id='line_1_109' title="bbox 2285 4677 3879 4748; baseline 0.013 -23"><span class='ocrx_word' id='word_1_765' title='bbox 2285 4688 2520 4728; x_wconf 89' lang='lat' dir='ltr'><strong>amorem</strong></span> <span class='ocrx_word' id='word_1_766' title='bbox 2546 4677 2744 4732; x_wconf 84' lang='lat' dir='ltr'><strong>intimae</strong></span> <span class='ocrx_word' id='word_1_767' title='bbox 2772 4680 2966 4748; x_wconf 88' lang='lat' dir='ltr'><strong>quietis</strong></span> <span class='ocrx_word' id='word_1_768' title='bbox 3012 4685 3286 4740; x_wconf 87' lang='lat' dir='ltr'><strong>anhelare.</strong></span> <span class='ocrx_word' id='word_1_769' title='bbox 3319 4688 3397 4739; x_wconf 80' lang='lat' dir='ltr'><strong>An</strong></span> <span class='ocrx_word' id='word_1_770' title='bbox 3431 4705 3536 4742; x_wconf 90' lang='lat' dir='ltr'><strong>non</strong></span> <span class='ocrx_word' id='word_1_771' title='bbox 3597 4699 3823 4744; x_wconf 78' lang='lat' dir='ltr'><strong>cunctos</strong></span> <span class='ocrx_word' id='word_1_772' title='bbox 3847 4703 3879 4744; x_wconf 82' lang='lat' dir='ltr'><strong>a</strong></span> 
     </span>
    </p>
   </div>
   <div class='ocr_carea' id='block_1_110' title="bbox 2285 4767 3876 4847">
    <p class='ocr_par' dir='ltr' id='par_1_110' title="bbox 2285 4767 3876 4847">
     <span class='ocr_line' id='line_1_110' title="bbox 2285 4767 3876 4847; baseline 0.011 -30"><span class='ocrx_word' id='word_1_773' title='bbox 2285 4779 2344 4818; x_wconf 87' lang='lat' dir='ltr'><strong>se</strong></span> <span class='ocrx_word' id='word_1_774' title='bbox 2385 4767 2764 4831; x_wconf 85' lang='lat' dir='ltr'><strong>cogitationum</strong></span> <span class='ocrx_word' id='word_1_775' title='bbox 2807 4773 3062 4829; x_wconf 88' lang='lat' dir='ltr'><strong>tumultus</strong></span> <span class='ocrx_word' id='word_1_776' title='bbox 3114 4777 3432 4847; x_wconf 76' lang='lat' dir='ltr'><strong>expulerat,</strong></span> <span class='ocrx_word' id='word_1_777' title='bbox 3476 4779 3570 4846; x_wconf 87' lang='lat' dir='ltr'><strong>qui</strong></span> <span class='ocrx_word' id='word_1_778' title='bbox 3613 4779 3876 4835; x_wconf 84' lang='lat' dir='ltr'><strong>dicebat:</strong></span> 
     </span>
    </p>
   </div>
   <div class='ocr_carea' id='block_1_111' title="bbox 2289 4854 3880 4939">
    <p class='ocr_par' dir='ltr' id='par_1_111' title="bbox 2289 4854 3880 4939">
     <span class='ocr_line' id='line_1_111' title="bbox 2289 4854 3880 4939; baseline 0.012 -31"><span class='ocrx_word' id='word_1_779' title='bbox 2289 4854 2457 4909; x_wconf 84' lang='lat' dir='ltr'><strong>Unam</strong></span> <span class='ocrx_word' id='word_1_780' title='bbox 2499 4861 2623 4924; x_wconf 83' lang='lat' dir='ltr'><strong>petii</strong></span> <span class='ocrx_word' id='word_1_781' title='bbox 2661 4879 2693 4913; x_wconf 87' lang='lat' dir='ltr'><strong>a</strong></span> <span class='ocrx_word' id='word_1_782' title='bbox 2735 4861 2980 4929; x_wconf 83' lang='lat' dir='ltr'><strong>Domino,</strong></span> <span class='ocrx_word' id='word_1_783' title='bbox 3015 4866 3148 4920; x_wconf 81' lang='lat' dir='ltr'><strong>hanc</strong></span> <span class='ocrx_word' id='word_1_784' title='bbox 3172 4871 3451 4939; x_wconf 78' lang='lat' dir='ltr'><strong>requiram,</strong></span> <span class='ocrx_word' id='word_1_785' title='bbox 3501 4879 3558 4923; x_wconf 79' lang='lat' dir='ltr'><strong>ut</strong></span> <span class='ocrx_word' id='word_1_786' title='bbox 3592 4871 3880 4926; x_wconf 69' lang='lat' dir='ltr'><strong>inhabitat</strong></span> 
     </span>
    </p>
   </div>
   <div class='ocr_carea' id='block_1_112' title="bbox 2281 4946 3882 5030">
    <p class='ocr_par' dir='ltr' id='par_1_112' title="bbox 2281 4946 3882 5030">
     <span class='ocr_line' id='line_1_112' title="bbox 2281 4946 3882 5030; baseline 0.012 -33"><span class='ocrx_word' id='word_1_787' title='bbox 2281 4946 2335 4998; x_wconf 88' lang='lat' dir='ltr'><strong>in</strong></span> <span class='ocrx_word' id='word_1_788' title='bbox 2359 4946 2510 5002; x_wconf 85' lang='lat' dir='ltr'><strong>domo</strong></span> <span class='ocrx_word' id='word_1_789' title='bbox 2531 4948 2742 5005; x_wconf 86' lang='lat' dir='ltr'><strong>Domini</strong></span> <span class='ocrx_word' id='word_1_790' title='bbox 2767 4952 2789 4988; x_wconf 69' lang='grc' dir='ltr'>ά</span> <span class='ocrx_word' id='word_1_791' title='bbox 2817 4953 2990 5025; x_wconf 80' lang='lat' dir='ltr'><strong>(Psal.</strong></span> <span class='ocrx_word' id='word_1_792' title='bbox 3017 4973 3162 5026; x_wconf 81' lang='lat' dir='ltr'><strong>xxvr,</strong></span> <span class='ocrx_word' id='word_1_793' title='bbox 3186 4957 3274 5029; x_wconf 68' lang='lat'><strong>4)?</strong></span> <span class='ocrx_word' id='word_1_794' title='bbox 3297 4961 3338 5012; x_wconf 85' lang='lat' dir='ltr'><strong>A</strong></span> <span class='ocrx_word' id='word_1_795' title='bbox 3360 4961 3659 5029; x_wconf 81' lang='lat' dir='ltr'><strong>frequentia</strong></span> <span class='ocrx_word' id='word_1_796' title='bbox 3679 4963 3882 5030; x_wconf 75' lang='lat' dir='ltr'><strong>quippe</strong></span> 
     </span>
    </p>
   </div>
   <div class='ocr_carea' id='block_1_113' title="bbox 2285 5040 3875 5119">
    <p class='ocr_par' dir='ltr' id='par_1_113' title="bbox 2285 5040 3875 5119">
     <span class='ocr_line' id='line_1_113' title="bbox 2285 5040 3875 5119; baseline 0.014 -35"><span class='ocrx_word' id='word_1_797' title='bbox 2285 5041 2619 5091; x_wconf 86' lang='lat' dir='ltr'><strong>terrenorum</strong></span> <span class='ocrx_word' id='word_1_798' title='bbox 2633 5040 3020 5100; x_wconf 84' lang='lat' dir='ltr'><strong>desideriorum</strong></span> <span class='ocrx_word' id='word_1_799' title='bbox 3041 5046 3267 5115; x_wconf 70' lang='lat' dir='ltr'><strong>fugerat,</strong></span> <span class='ocrx_word' id='word_1_800' title='bbox 3289 5059 3310 5085; x_wconf 75' lang='grc' dir='ltr'>ε</span> <span class='ocrx_word' id='word_1_801' title='bbox 3330 5051 3394 5103; x_wconf 90' lang='lat' dir='ltr'><strong>ad</strong></span> <span class='ocrx_word' id='word_1_802' title='bbox 3417 5066 3664 5119; x_wconf 83' lang='lat' dir='ltr'><strong>magnam</strong></span> <span class='ocrx_word' id='word_1_803' title='bbox 3683 5052 3875 5106; x_wconf 87' lang='lat' dir='ltr'><strong>videli-</strong></span> 
     </span>
    </p>
   </div>
   <div class='ocr_carea' id='block_1_114' title="bbox 2282 5127 3881 5205">
    <p class='ocr_par' dir='ltr' id='par_1_114' title="bbox 2282 5127 3881 5205">
     <span class='ocr_line' id='line_1_114' title="bbox 2282 5127 3881 5205; baseline 0.012 -28"><span class='ocrx_word' id='word_1_804' title='bbox 2282 5133 2368 5178; x_wconf 90' lang='lat' dir='ltr'><strong>cet</strong></span> <span class='ocrx_word' id='word_1_805' title='bbox 2388 5127 2726 5186; x_wconf 90' lang='lat' dir='ltr'><strong>solitudinem</strong></span> <span class='ocrx_word' id='word_1_806' title='bbox 2753 5139 3097 5205; x_wconf 85' lang='lat' dir='ltr'><strong>semetipsum</strong></span> <span class='ocrx_word' id='word_1_807' title='bbox 3113 5176 3128 5200; x_wconf 93' lang='lat'><strong>,</strong></span> <span class='ocrx_word' id='word_1_808' title='bbox 3157 5139 3243 5192; x_wconf 86' lang='lat' dir='ltr'><strong>ubi</strong></span> <span class='ocrx_word' id='word_1_809' title='bbox 3266 5155 3334 5194; x_wconf 87' lang='lat' dir='ltr'><strong>eo</strong></span> <span class='ocrx_word' id='word_1_810' title='bbox 3355 5142 3520 5196; x_wconf 82' lang='lat' dir='ltr'><strong>tutius</strong></span> <span class='ocrx_word' id='word_1_811' title='bbox 3539 5142 3670 5196; x_wconf 81' lang='lat' dir='ltr'><strong>nihil</strong></span> <span class='ocrx_word' id='word_1_812' title='bbox 3696 5150 3881 5196; x_wconf 83' lang='lat' dir='ltr'><strong>extra-</strong></span> 
     </span>
    </p>
   </div>
   <div class='ocr_carea' id='block_1_115' title="bbox 2281 5223 3878 5298">
    <p class='ocr_par' dir='ltr' id='par_1_115' title="bbox 2281 5223 3878 5298">
     <span class='ocr_line' id='line_1_115' title="bbox 2281 5223 3878 5298; baseline 0.014 -30"><span class='ocrx_word' id='word_1_813' title='bbox 2281 5232 2437 5270; x_wconf 90' lang='lat' dir='ltr'><strong>neum</strong></span> <span class='ocrx_word' id='word_1_814' title='bbox 2470 5223 2838 5290; x_wconf 84' lang='lat' dir='ltr'><strong>conspiceret,</strong></span> <span class='ocrx_word' id='word_1_815' title='bbox 2865 5240 2974 5294; x_wconf 91' lang='lat' dir='ltr'><strong>quo</strong></span> <span class='ocrx_word' id='word_1_816' title='bbox 3004 5228 3376 5298; x_wconf 84' lang='lat' dir='ltr'><strong>incompetens</strong></span> <span class='ocrx_word' id='word_1_817' title='bbox 3402 5233 3531 5286; x_wconf 84' lang='lat' dir='ltr'><strong>nihil</strong></span> <span class='ocrx_word' id='word_1_818' title='bbox 3570 5244 3798 5288; x_wconf 87' lang='lat' dir='ltr'><strong>amaret.</strong></span> <span class='ocrx_word' id='word_1_819' title='bbox 3828 5233 3878 5290; x_wconf 68' lang='grc' dir='ltr'>Α</span> 
     </span>
    </p>
   </div>
   <div class='ocr_carea' id='block_1_116' title="bbox 2283 5310 3875 5394">
    <p class='ocr_par' dir='ltr' id='par_1_116' title="bbox 2283 5310 3875 5394">
     <span class='ocr_line' id='line_1_116' title="bbox 2283 5310 3875 5394; baseline 0.013 -35"><span class='ocrx_word' id='word_1_820' title='bbox 2283 5310 2511 5364; x_wconf 91' lang='lat' dir='ltr'><strong>tumultu</strong></span> <span class='ocrx_word' id='word_1_821' title='bbox 2553 5328 2730 5368; x_wconf 87' lang='lat' dir='ltr'><strong>rerum</strong></span> <span class='ocrx_word' id='word_1_822' title='bbox 2786 5315 2803 5353; x_wconf 76' lang='grc' dir='ltr'><strong><em>ῖ</em></strong></span> <span class='ocrx_word' id='word_1_823' title='bbox 2858 5321 3231 5388; x_wconf 85' lang='lat' dir='ltr'><strong>temporalium</strong></span> <span class='ocrx_word' id='word_1_824' title='bbox 3285 5337 3536 5392; x_wconf 88' lang='lat' dir='ltr'><strong>magnum</strong></span> <span class='ocrx_word' id='word_1_825' title='bbox 3584 5325 3875 5394; x_wconf 77' lang='lat' dir='ltr'><strong>quemdam</strong></span> 
     </span>
    </p>
   </div>
   <div class='ocr_carea' id='block_1_117' title="bbox 2355 5420 3874 5520">
    <p class='ocr_par' dir='ltr' id='par_1_117' title="bbox 2355 5420 3874 5520">
     <span class='ocr_line' id='line_1_117' title="bbox 2355 5420 3874 5520; baseline 0.011 -46"><span class='ocrx_word' id='word_1_826' title='bbox 2355 5431 2377 5456; x_wconf 72' lang='grc' dir='ltr'>ε</span> <span class='ocrx_word' id='word_1_827' title='bbox 2410 5420 2464 5504; x_wconf 77' lang='lat' dir='ltr'><strong>In</strong></span> <span class='ocrx_word' id='word_1_828' title='bbox 2513 5423 2771 5494; x_wconf 84' lang='lat' dir='ltr'><strong>Vulgatis,</strong></span> <span class='ocrx_word' id='word_1_829' title='bbox 2793 5439 2855 5520; x_wconf 50' lang='grc' dir='ltr'><strong>,σε</strong></span> <span class='ocrx_word' id='word_1_830' title='bbox 2897 5431 2966 5485; x_wconf 79' lang='lat' dir='ltr'><strong>ad</strong></span> <span class='ocrx_word' id='word_1_831' title='bbox 2995 5449 3237 5520; x_wconf 65' lang='lat' dir='ltr'><strong>magnum</strong></span> <span class='ocrx_word' id='word_1_832' title='bbox 3269 5437 3502 5490; x_wconf 73' lang='lat' dir='ltr'><strong>viddicet</strong></span> <span class='ocrx_word' id='word_1_833' title='bbox 3540 5438 3874 5520; x_wconf 56' lang='lat' dir='ltr'><strong>solitudinem</strong></span> 
     </span>
    </p>
   </div>
   <div class='ocr_carea' id='block_1_118' title="bbox 2282 5495 3872 5575">
    <p class='ocr_par' dir='ltr' id='par_1_118' title="bbox 2282 5495 3872 5575">
     <span class='ocr_line' id='line_1_118' title="bbox 2282 5495 3872 5575; baseline 0.014 -34"><span class='ocrx_word' id='word_1_834' title='bbox 2282 5495 2607 5575; x_wconf 57' lang='lat' dir='ltr'><strong>semetipsum</strong></span> <span class='ocrx_word' id='word_1_835' title='bbox 2633 5504 2953 5575; x_wconf 64' lang='lat' dir='ltr'><strong>contuierat;</strong></span> <span class='ocrx_word' id='word_1_836' title='bbox 2994 5495 3103 5572; x_wconf 69' lang='lat' dir='ltr'><strong>quo</strong></span> <span class='ocrx_word' id='word_1_837' title='bbox 3129 5507 3452 5575; x_wconf 85' lang='lat' dir='ltr'><strong>depravatur</strong></span> <span class='ocrx_word' id='word_1_838' title='bbox 3481 5523 3670 5562; x_wconf 78' lang='lat' dir='ltr'><strong>sensus</strong></span> <span class='ocrx_word' id='word_1_839' title='bbox 3698 5510 3872 5563; x_wconf 80' lang='lat' dir='ltr'><strong>sancti</strong></span> 
     </span>
    </p>
   </div>
   <div class='ocr_carea' id='block_1_119' title="bbox 2282 5559 3871 5634">
    <p class='ocr_par' dir='ltr' id='par_1_119' title="bbox 2282 5559 3871 5634">
     <span class='ocr_line' id='line_1_119' title="bbox 2282 5559 3871 5634; baseline 0.013 -21"><span class='ocrx_word' id='word_1_840' title='bbox 2282 5559 2525 5627; x_wconf 70' lang='lat' dir='ltr'><strong>Gregorii</strong></span> <span class='ocrx_word' id='word_1_841' title='bbox 2577 5583 2681 5621; x_wconf 88' lang='lat' dir='ltr'><strong>non</strong></span> <span class='ocrx_word' id='word_1_842' title='bbox 2731 5571 2888 5624; x_wconf 87' lang='lat' dir='ltr'><strong>aliam</strong></span> <span class='ocrx_word' id='word_1_843' title='bbox 2937 5559 3095 5628; x_wconf 73' lang='lat' dir='ltr'><strong>nobis</strong></span> <span class='ocrx_word' id='word_1_844' title='bbox 3143 5559 3482 5631; x_wconf 41' lang='lat' dir='ltr'><strong>soilitudinem</strong></span> <span class='ocrx_word' id='word_1_845' title='bbox 3533 5577 3871 5634; x_wconf 77' lang='lat' dir='ltr'><strong>ostendentis</strong></span> 
     </span>
    </p>
   </div>
   <div class='ocr_carea' id='block_1_120' title="bbox 2281 5640 3871 5717">
    <p class='ocr_par' dir='ltr' id='par_1_120' title="bbox 2281 5640 3871 5717">
     <span class='ocr_line' id='line_1_120' title="bbox 2281 5640 3871 5717; baseline 0.015 -36"><span class='ocrx_word' id='word_1_846' title='bbox 2281 5645 2440 5698; x_wconf 87' lang='lat' dir='ltr'><strong>quam</strong></span> <span class='ocrx_word' id='word_1_847' title='bbox 2475 5640 2861 5714; x_wconf 77' lang='lat' dir='ltr'><strong>nosmetipsos,</strong></span> <span class='ocrx_word' id='word_1_848' title='bbox 2895 5659 3001 5717; x_wconf 86' lang='lat' dir='ltr'><strong>non</strong></span> <span class='ocrx_word' id='word_1_849' title='bbox 3029 5645 3190 5699; x_wconf 91' lang='lat' dir='ltr'><strong>alium</strong></span> <span class='ocrx_word' id='word_1_850' title='bbox 3228 5663 3494 5702; x_wconf 86' lang='lat' dir='ltr'><strong>secessum</strong></span> <span class='ocrx_word' id='word_1_851' title='bbox 3526 5665 3687 5717; x_wconf 89' lang='lat' dir='ltr'><strong>quam</strong></span> <span class='ocrx_word' id='word_1_852' title='bbox 3720 5663 3871 5704; x_wconf 85' lang='lat' dir='ltr'><strong>men—</strong></span> 
     </span>
    </p>
   </div>
   <div class='ocr_carea' id='block_1_121' title="bbox 2283 5705 3338 5784">
    <p class='ocr_par' dir='ltr' id='par_1_121' title="bbox 2283 5705 3338 5784">
     <span class='ocr_line' id='line_1_121' title="bbox 2283 5705 3338 5784; baseline 0.019 -32"><span class='ocrx_word' id='word_1_853' title='bbox 2283 5710 2388 5784; x_wconf 77' lang='lat' dir='ltr'><strong>tem</strong></span> <span class='ocrx_word' id='word_1_854' title='bbox 2413 5705 2670 5784; x_wconf 60' lang='lat' dir='ltr'><strong>quietam,</strong></span> <span class='ocrx_word' id='word_1_855' title='bbox 2704 5705 2761 5764; x_wconf 83' lang='lat' dir='ltr'><strong>ut</strong></span> <span class='ocrx_word' id='word_1_856' title='bbox 2790 5714 2948 5784; x_wconf 86' lang='lat' dir='ltr'><strong>paulo</strong></span> <span class='ocrx_word' id='word_1_857' title='bbox 2975 5724 3097 5781; x_wconf 91' lang='lat' dir='ltr'><strong>post</strong></span> <span class='ocrx_word' id='word_1_858' title='bbox 3127 5717 3338 5784; x_wconf 89' lang='lat' dir='ltr'><strong>legitur.</strong></span> 
     </span>
    </p>
   </div>
   <div class='ocr_carea' id='block_1_122' title="bbox 2358 5771 3860 5858">
    <p class='ocr_par' dir='ltr' id='par_1_122' title="bbox 2358 5771 3860 5858">
     <span class='ocr_line' id='line_1_122' title="bbox 2358 5771 3860 5858; baseline 0.013 -35"><span class='ocrx_word' id='word_1_859' title='bbox 2358 5771 2375 5807; x_wconf 67' lang='grc' dir='ltr'><strong>ί</strong></span> <span class='ocrx_word' id='word_1_860' title='bbox 2412 5773 2578 5834; x_wconf 82' lang='lat' dir='ltr'><strong>Edit.,</strong></span> <span class='ocrx_word' id='word_1_861' title='bbox 2609 5771 3082 5858; x_wconf 53' lang='lat' dir='ltr'><strong>corporaliunt.&#39;At</strong></span> <span class='ocrx_word' id='word_1_862' title='bbox 3106 5771 3255 5852; x_wconf 52' lang='lat' dir='ltr'><strong>Mss,</strong></span> <span class='ocrx_word' id='word_1_863' title='bbox 3289 5789 3677 5858; x_wconf 79' lang='lat' dir='ltr'><strong>temporalium;</strong></span> <span class='ocrx_word' id='word_1_864' title='bbox 3709 5789 3860 5855; x_wconf 88' lang='lat' dir='ltr'><strong>ibid.,</strong></span> 
     </span>
    </p>
   </div>
   <div class='ocr_carea' id='block_1_123' title="bbox 2280 5850 3864 5928">
    <p class='ocr_par' dir='ltr' id='par_1_123' title="bbox 2280 5850 3864 5928">
     <span class='ocr_line' id='line_1_123' title="bbox 2280 5850 3864 5928; baseline 0.018 -36"><span class='ocrx_word' id='word_1_865' title='bbox 2280 5858 2522 5910; x_wconf 82' lang='lat' dir='ltr'><strong>magnum</strong></span> <span class='ocrx_word' id='word_1_866' title='bbox 2565 5850 2822 5928; x_wconf 65' lang='lat' dir='ltr'><strong>quoidam</strong></span> <span class='ocrx_word' id='word_1_867' title='bbox 2875 5850 3165 5921; x_wconf 73' lang='lat' dir='ltr'><strong>secessum,</strong></span> <span class='ocrx_word' id='word_1_868' title='bbox 3217 5850 3410 5923; x_wconf 77' lang='lat' dir='ltr'><strong>legitur</strong></span> <span class='ocrx_word' id='word_1_869' title='bbox 3464 5863 3516 5915; x_wconf 88' lang='lat' dir='ltr'><strong>in</strong></span> <span class='ocrx_word' id='word_1_870' title='bbox 3564 5850 3716 5928; x_wconf 77' lang='lat' dir='ltr'><strong>Mss.,</strong></span> <span class='ocrx_word' id='word_1_871' title='bbox 3763 5850 3864 5928; x_wconf 69' lang='grc' dir='ltr'><strong>ριτό</strong></span> 
     </span>
    </p>
   </div>
   <div class='ocr_carea' id='block_1_124' title="bbox 2280 5923 3736 6002">
    <p class='ocr_par' dir='ltr' id='par_1_124' title="bbox 2280 5923 3736 6002">
     <span class='ocr_line' id='line_1_124' title="bbox 2280 5923 3736 6002; baseline 0.019 -41"><span class='ocrx_word' id='word_1_872' title='bbox 2280 5927 2523 5982; x_wconf 83' lang='lat' dir='ltr'><strong>magnum</strong></span> <span class='ocrx_word' id='word_1_873' title='bbox 2553 5923 2862 5989; x_wconf 83' lang='lat' dir='ltr'><strong>quemdam;</strong></span> <span class='ocrx_word' id='word_1_874' title='bbox 2907 5928 3025 5983; x_wconf 87' lang='lat' dir='ltr'><strong>vide</strong></span> <span class='ocrx_word' id='word_1_875' title='bbox 3055 5944 3173 5999; x_wconf 77' lang='lat' dir='ltr'><strong>qua:</strong></span> <span class='ocrx_word' id='word_1_876' title='bbox 3206 5930 3439 5986; x_wconf 82' lang='lat' dir='ltr'><strong>diximus</strong></span> <span class='ocrx_word' id='word_1_877' title='bbox 3467 5945 3645 6002; x_wconf 75' lang='lat' dir='ltr'><strong>supra,</strong></span> <span class='ocrx_word' id='word_1_878' title='bbox 3677 5923 3736 5988; x_wconf 75' lang='lat' dir='ltr'><strong>ti.</strong></span> 
     </span>
    </p>
   </div>
   <div class='ocr_carea' id='block_1_125' title="bbox 3406 2778 3571 2932">
    <p class='ocr_par' dir='ltr' id='par_1_125' title="bbox 3411 2779 3571 2932">
     <span class='ocr_line' id='line_1_125' title="bbox 3411 2779 3571 2932; baseline 0.075 -11"><span class='ocrx_word' id='word_1_879' title='bbox 3411 2779 3571 2932; x_wconf 63' lang='grc' dir='ltr'><strong>Ι</strong></span> 
     </span>
    </p>
   </div>
   <div class='ocr_carea' id='block_1_126' title="bbox 3667 6117 3764 6127">
    <p class='ocr_par' dir='ltr' id='par_1_126' title="bbox 3667 6117 3764 6127">
     <span class='ocr_line' id='line_1_126' title="bbox 3667 6117 3764 6127; baseline 0 0"><span class='ocrx_word' id='word_1_880' title='bbox 3667 6117 3764 6127; x_wconf 61' lang='grc' dir='ltr'><strong>...ρ-α</strong></span> 
     </span>
    </p>
   </div>
  </div>
