4180 6446
1202 428 1561 489 ΜοιῑΑιιυΜ
1601 427 1730 485 LIB.
1774 427 1862 483 ιν.
1905 423 2067 482 -ἰΝ
2106 424 2259 482 CAP.
2303 424 2367 482 lll
2411 426 2470 482 Β.
2514 425 2652 483 JOB.

3470 386 3587 480 lno

284 561 561 610 secessum
590 554 616 585 κ
638 545 872 618 petierat
895 544 1133 616 quietam
1176 552 1431 612 mentem,
1476 544 1531 600 in
1575 560 1681 616 qua
1730 551 1882 599 tanto
1915 547 1959 605 Α
1988 541 2305 613 abscondat,
2335 542 2518 599 dicens
2550 559 2563 596 :
2590 542 2634 596 Α
2667 542 2800 614 facie
2818 554 3005 595 manus
3032 548 3136 596 tua
3154 538 3297 595 solus
3316 539 3583 615 sedebant,

262 640 476 713 purius
504 638 673 694 Deum
700 644 968 707 cerneret,
996 645 1200 708 quanto
1222 636 1366 694 hunc
1394 652 1515 693 cum
1559 652 1618 693 se
1646 638 1764 695 solo
1787 651 1881 693 so-

284 733 400 792 lum
421 734 710 790 inveniret.

360 830 448 886 59.
481 829 680 884 Etcere
698 826 934 883 consules
960 836 1101 896 sunt,
1148 827 1269 897 quia
1313 826 1579 883 consulere
1618 811 1739 879 aliis
1777 840 1884 879 non

290 926 558 982 desistunt.
576 921 802 977 ——Bene
824 930 1001 976 autem
1022 920 1107 987 hi,
1137 920 1230 989 qui
1267 919 1367 975 sibi
1406 918 1724 975 solitudines
1750 932 1884 974 con-

287 1022 526 1081 struunt,
548 1015 711 1069 etiam
745 1012 997 1068 consules
1024 1019 1305 1074 vocantur,
1336 1010 1464 1081 quia
1492 1010 1569 1065 sic
1588 1010 1641 1064 in
1671 1025 1731 1065 se
1750 1008 1884 1064 soli-

290 1108 528 1164 tudinem
552 1104 748 1161 mentis
769 1103 1053 1170 aediﬁcant,
1084 1111 1144 1158 ut
1165 1111 1343 1158 tamen
1373 1104 1424 1157 in
1441 1118 1548 1172 quo
1568 1101 1880 1173 przevalent,

289 1196 410 1252 aliis
461 1210 561 1265 per
607 1195 923 1251 charitatem
984 1192 1265 1249 consulere
1334 1194 1555 1248 minime
1599 1193 1879 1249 desistant.

291 1284 445 1342 Hunc
465 1302 614 1358 ergo,
643 1301 805 1356 quem
833 1287 995 1342 modo
1019 1286 1352 1357 praetulimus
1378 1286 1677 1354 consulem,
1720 1285 1883 1356 paulo

288 1378 539 1434 Bubtilius
560 1378 984 1449 perpendamus,
1017 1377 1291 1448 quomodo
1333 1377 1400 1431 ad
1429 1377 1714 1447 prmbeuda
1761 1377 1886 1432 vitae

289 1470 618 1526 sublimioris
638 1471 907 1543 exempla,
932 1469 1186 1539 subjectis
1205 1470 1526 1540 populorum
1549 1469 1751 1534 cuneis,
1776 1469 1885 1523 vir-

284 1570 466 1617 tutum
488 1564 726 1619 calculos
743 1573 980 1634 Spargat.
1011 1562 1151 1619 Ecce
1173 1563 1240 1618 ad
1261 1563 1632 1618 insinuandam
1652 1562 1884 1617 retribu-

290 1656 494 1710 tionem
512 1657 637 1711 boni
653 1672 751 1726 pro
771 1656 934 1721 malo,
954 1656 1022 1711 de
1041 1656 1332 1726 semetipso
1352 1654 1571 1723 fatetur,
1584 1654 1796 1710 dicens:
1822 1652 1885 1709 Si

289 1747 501 1802 reddidi
537 1746 933 1803 retribuentibus
977 1748 1103 1802 mihi
1146 1748 1305 1810 mala,
1353 1747 1588 1801 decidam
1612 1747 1794 1800 merito
1818 1744 1883 1798 ab

289 1838 514 1893 inimicis
536 1840 662 1894 meis
684 1840 856 1894 inanis
881 1838 995 1909 (Ps.
1014 1856 1106 1904 vn,
1125 1837 1201 1908 5).
1225 1839 1306 1894 Ad
1322 1837 1666 1893 dilectionem
1696 1835 1885 1892 condi-

288 1930 423 1984 toris
469 1931 810 1985 excitandam
856 1931 1111 1995 insinuat,
1153 1931 1377 1986 dicens:

292 2023 488 2079 haerere
510 2023 620 2079 Deo
642 2024 829 2078 bonum
848 2033 926 2078 est
947 2022 1119 2093 (Psal.
1154 2040 1320 2090 Lxxn,
1362 2022 1477 2094 28).
1527 2022 1606 2076 Ad
1655 2022 1882 2078 formam

290 2123 490 2172 sanctae
544 2115 862 2172 humilitatis
924 2115 1374 2187 imprimendam,
1431 2126 1642 2172 secreta
1704 2116 1883 2172 cordis

290 2209 375 2265 sui
405 2209 625 2276 indicat,
657 2210 845 2266 dicens
878 2229 890 2265 :
941 2210 1181 2277 Domine,
1213 2228 1317 2266 non
1355 2221 1431 2265 est
1458 2211 1745 2265 exaltatum
1794 2227 1885 2265 cor

289 2310 477 2366 incum,
511 2317 672 2373 neque
693 2301 817 2357 elati
856 2311 975 2356 sunt
999 2304 1133 2358 oculi
1160 2304 1258 2357 mei
1283 2302 1453 2377 (Psal.
1485 2319 1656 2373 cxxx,
1696 2302 1773 2371 l).
1803 2301 1886 2359 Ad

292 2392 605 2448 imitandam
636 2394 738 2448 zeli
783 2394 1157 2451 rectitudinem
1188 2396 1438 2466 exemplo
1467 2412 1567 2452 suo
1600 2411 1701 2451 nos
1733 2395 1883 2450 exci-

291 2490 391 2552 tat,
418 2484 604 2539 dicens
631 2502 644 2537 :
670 2482 700 2524 ιι
729 2482 923 2539 Nonne
967 2487 1054 2558 qui
1101 2496 1149 2540 te
1187 2486 1423 2554 oderunt,
1473 2485 1643 2557 Deus,
1674 2488 1886 2542 oderant

289 2591 396 2641 eos,
434 2583 484 2628 et
513 2592 667 2647 super
695 2578 933 2633 inimicas
960 2587 1073 2633 tuos
1102 2578 1462 2635 tabescebam?
1487 2579 1728 2652 Perfecto
1764 2581 1884 2636 odio

290 2666 503 2720 oderam
530 2668 678 2734 illos,
706 2670 903 2724 inimici
943 2673 1068 2743 facti
1098 2682 1220 2727 sunt
1261 2674 1387 2727 mihi
1419 2674 1592 2745 (Psal.
1625 2688 1881 2741 cxxxvm,

288 2755 403 2828 22).
436 2758 515 2812 Ad
538 2769 755 2816 πρίει-πω
783 2761 936 2816 nobis
977 2763 1164 2832 patria:
1192 2764 1516 2819 desiderium
1548 2765 1876 2820 succenden-

290 2849 436 2915 durn,
470 2852 592 2906 vitae
612 2856 894 2923 prmsentis
916 2855 1303 2924 longitudinem
1340 2858 1604 2928 deplorat,
1656 2857 1840 2913 dicens
1869 2875 1881 2910 :

293 2937 411 2993 Heu
455 2951 476 2979 ε
530 2943 658 2996 mihi
676 2944 696 2997 .'
743 2945 880 3015 quod
934 2946 1190 3001 incolatus
1239 2964 1382 3002 meus
1419 2949 1757 3020 prolongatus
1808 2956 1887 3002 est

295 3028 484 3101 (Psal.
532 3046 688 3098 cxnx,
740 3032 830 3103 5).
874 3034 1146 3104 Largitate
1203 3038 1455 3093 nimirum
1496 3035 1524 3076 ά
1573 3038 1885 3094 consulatus

290 3122 542 3190 emicuit,
590 3126 682 3196 qui
734 3129 986 3199 exemplo
1031 3132 1460 3188 conversationis
1505 3132 1764 3205 propriae,
1803 3138 1886 3186 tot

291 3217 444 3272 nobis
489 3220 747 3275 virtutum
771 3222 1008 3279 calculos
1043 3225 1265 3295 spargit.

1986 637 2230 709 quoniam
2271 635 2671 691 comminatione
2722 633 2932 705 replesti
2975 649 3078 688 me.
3108 631 3189 687 Ac
3217 631 3263 690 si
3288 641 3477 703 aperte
3502 632 3587 689 di-

1986 734 2116 782 cat:
2175 727 2309 781 Dum
2357 724 2645 781 considero
2686 726 2813 793 quid
2853 724 2968 795 jam
3017 739 3118 795 per
3138 723 3328 794 iudicii
3355 725 3577 794 experi-
3654 742 3662 750 ·

1986 826 2226 874 mentum
2262 818 2456 888 patior,
2504 828 2537 871 a
2582 816 2813 871 tumultu
2862 815 3253 871 desideriorum
3304 821 3585 885 tempora-

1986 911 2117 965 lium
2145 910 2381 980 trepidus
2408 909 2604 964 mentis
2631 922 2904 964 secessum
2949 914 3109 978 peto,
3154 907 3281 979 quia
3319 913 3374 961 et
3404 906 3584 962 adhuc

1986 1005 2165 1059 acrius
2193 1004 2282 1057 illa
2317 1017 2437 1074 quae
2464 1001 2722 1065 minaris,
2771 1008 2971 1055 aeterna
3020 1000 3284 1070 supplicia
3330 997 3584 1054 lonnido.

1987 1096 2130 1153 Bene
2159 1111 2289 1166 ergo
2314 1097 2381 1152 de
2408 1096 2625 1165 regibus
2667 1103 2831 1163 atque
2867 1093 3179 1149 consulibus
3206 1093 3403 1149 dicitur
3434 1108 3451 1146 :
3479 1088 3588 1157 Qui

1986 1191 2251 1262 aediﬁcant
2288 1190 2385 1244 sibi
2428 1190 2755 1244 solitudines.
2805 1185 2941 1253 Quia
2968 1185 3001 1240 ii
3023 1186 3115 1255 qui
3153 1193 3209 1240 et
3234 1199 3295 1241 se
3332 1185 3472 1242 bene
3498 1200 3588 1240 re-

1986 1294 2133 1349 gere,
2163 1288 2219 1334 et
2243 1280 2526 1335 consulere
2555 1279 2674 1334 aliis
2715 1278 2912 1342 sciunt,
2959 1276 3214 1345 quoniam
3269 1272 3583 1346 praesentari

1987 1370 2203 1425 interim
2232 1371 2307 1425 illi
2343 1371 2548 1426 intimas
2577 1371 2746 1440 quieti
2797 1383 2904 1423 non
2958 1374 3205 1437 possunt,
3254 1368 3397 1423 hanc
3446 1367 3586 1438 apud

1985 1463 2306 1532 semetipsos
2331 1478 2428 1534 per
2455 1462 2693 1519 studium
2725 1460 3030 1533 tranquilla:
3058 1461 3256 1517 mentis
3284 1460 3568 1516 imitantur

1986 1554 2246 1624 Sequitur
2277 1574 2289 1608 :

2552 1642 2784 1699 CAPUT
2823 1640 3014 1698 XXXI.

2056 1759 2223 1815 Vens.
2261 1757 2550 1814 i5.-—Cum
2580 1759 2924 1830 principibus,
2974 1757 3060 1829 qui
3085 1753 3350 1827 possident
3381 1768 3585 1820 aurum,

1986 1860 2036 1904 et
2062 1850 2259 1922 replent
2281 1850 2460 1906 domos
2484 1866 2605 1905 suas
2636 1860 2870 1918 argento.

1410 1929 1556 2031 full
1588 1938 1762 2031 ξιηξεηδ
1788 1930 1886 1982 αά·
1919 1945 1964 2006 Β
2061 1959 2146 2013 61.
2182 1958 2453 2031 Principes
2477 1969 2597 2014 sunt
2626 1969 2850 2013 rectores
2878 1957 3163 2025 Ecclesice,
3182 1973 3367 2012 aurum
3380 1959 3589 2028 sapien-

1989 2036 2401 2124 tia,'argentum
2440 2051 2644 2105 verbum
2701 2049 3042 2118 Dei.—-—Quos
3096 2050 3234 2105 alios
3290 2049 3587 2120 principes,

1991 2143 2088 2198 nisi
2110 2154 2312 2199 sancta:
2337 2141 2589 2199 Ecclesim
2612 2149 2854 2198 rectores
2870 2150 3047 2211 vocat,
3068 2156 3205 2210 quos
3220 2139 3589 2196 indesinenter

1988 2236 2041 2290 in
2067 2237 2185 2291 loco
2209 2236 2617 2305 praedicatorum
2648 2234 3063 2305 praecedentium
3094 2234 3272 2288 divina
3299 2233 3585 2303 dispensa-

1988 2329 2064 2382 tio
2094 2327 2385 2396 subrogat?
2413 2328 2491 2382 De
2543 2327 2737 2398 quibus
2781 2326 2955 2382 eidem
2998 2322 3255 2381 Ecclesia:
3302 2324 3587 2380 Psalmisla

1988 2418 2062 2472 ait
2092 2436 2105 2471 :
2140 2417 2247 2472 Pro
2278 2418 2510 2488 patribus
2537 2420 2637 2473 tuis
2684 2418 2797 2473 nati
2844 2427 2967 2472 sunt
3022 2417 3113 2471 tibi
3142 2416 3281 2495 ﬁlii:
3311 2416 3588 2473 constitues

1987 2526 2074 2564 eos
2123 2511 2383 2582 principes
2438 2527 2589 2581 super
2628 2526 2832 2566 omnem
2860 2520 3052 2563 terram
3091 2507 3266 2579 (Psal.
3297 2524 3442 2575 κων,
3472 2506 3586 2578 17).
3642 2579 3649 2587 .

1988 2600 2126 2669 Quid
2148 2618 2277 2657 vero
2315 2619 2527 2667 aurum,
2579 2603 2680 2659 nisi
2710 2603 3029 2673 sapientiam
3058 2602 3330 2673 appellat?
3376 2601 3443 2656 de
3482 2616 3589 2670 qua

1988 2708 2088 2763 per
2108 2693 2453 2748 Salomonem
2497 2694 2696 2749 dicitur
2730 2711 2742 2746 :
2779 2693 3075 2748 Tltesaurus
3104 2693 3464 2748 desiderabilis
3506 2708 3589 2745 re-

1988 2784 2200 2852 quiescit
2222 2784 2275 2836 in
2298 2800 2387 2837 ore
2406 2785 2657 2855 sapientis
2680 2783 2858 2853 (Prov.
2886 2801 2997 2848 xu,
3026 2782 3139 2856 ‘20).
3162 2783 3364 2839 Aurum
3393 2797 3591 2854 nempe

1988 2877 2304 2945 sapientiam
2345 2877 2509 2943 vidit,
2540 2893 2702 2946 quam
2758 2877 3068 2931 thesaurum
3112 2875 3343 2930 vetavit.
3376 2876 3505 2942 Quae
3533 2881 3589 2928 et

1990 2976 2137 3023 recte
2191 2968 2307 3021 auri
2358 2968 2721 3038 appellatione
2773 2968 3045 3038 signatur;
3098 2968 3223 3038 quia
3271 2967 3411 3025 sicut
3454 2982 3588 3024 auro

1990 3062 2340 3130 temporalia,
2389 3061 2463 3116 ita
2503 3062 2769 3133 sapientia
2816 3061 2961 3117 bona
2998 3068 3202 3116 aaterna
3258 3068 3587 3116 mercantur.

1989 3148 2043 3205 Si
2074 3166 2261 3206 aurum
2283 3151 2545 3221 sapientia
2566 3168 2674 3207 non
2705 3160 2882 3215 esset,
2918 3164 3260 3222 nequaquam
3308 3148 3591 3206 Laodicea)

1991 3241 2241 3299 Ecclesia:
2270 3243 2339 3298 ab
2364 3244 2559 3312 angelo
2607 3243 2877 3299 diceretur
2917 3262 2931 3298 :
2976 3243 3185 3300 Suadeo
3223 3245 3315 3298 tibi
3351 3259 3518 3319 emere
3558 3256 3593 3296 a

308 3334 315 3340 ι
354 3311 383 3412 _[
400 3310 510 3412 Vet.
555 3312 816 3386 XXXVJ
844 3315 931 3370 60.
959 3316 1065 3372 Sed
1098 3328 1122 3356 ε
1154 3319 1255 3375 iste
1286 3321 1471 3375 consul
1502 3336 1568 3377 an
1587 3322 1686 3376 sibi
1718 3323 1880 3377 etiam

1991 3359 2069 3396 me
2103 3358 2300 3396 aurum
2343 3310 2563 3412 ignitum
2613 3340 2795 3411 (Apoc.
2850 3355 2935 3409 ut,
2977 3339 3090 3411 i8).
3144 3339 3346 3394 Aurum
3394 3316 3593 3407 quippe

288 3403 630 3461 solitudinem
684 3406 914 3463 aediﬁcet
935 3451 950 3473 ,
982 3422 1183 3465 narret.
1214 3409 1301 3466 Ait
1329 3414 1472 3468 enim
1525 3432 1536 3466 :
1572 3412 1707 3468 Ecce
1734 3412 1882 3468 elon-

290 3498 406 3565 θεοὶ
429 3498 649 3567 fugiens,
673 3507 722 3553 et
754 3501 926 3555 mansi
947 3501 1003 3555 in
1026 3501 1306 3557 solitudine
1336 3502 1505 3574 (Psal.
1532 3520 1638 3570 Liv,
1664 3504 1740 3573 8).
1773 3503 1882 3559 Fu-

288 3588 441 3667 giens
468 3590 718 3661 elongat,
750 3595 874 3663 quia
913 3611 943 3649 a
992 3598 1148 3651 turba
1179 3598 1565 3654 desideriorum
1612 3610 1882 3669 tempora-

291 3678 420 3734 lium
450 3682 504 3737 in
532 3684 637 3738 alta
688 3686 781 3740 Dei
825 3690 1282 3758 contemplatione
1311 3708 1371 3747 se
1400 3693 1664 3746 sublevat.
1703 3691 1886 3746 Manet

289 3785 422 3826 vero
450 3773 502 3825 in
531 3773 839 3841 solitudine,
871 3778 994 3845 quia
1022 3788 1334 3847 perseverat
1358 3782 1413 3834 in
1434 3790 1644 3835 rcmota
1687 3783 1886 3838 mentis

290 3861 610 3918 intentione.
642 3864 720 3919 De
741 3880 847 3935 qua
876 3867 1015 3922 bene
1046 3870 1335 3925 solitudine
1374 3871 1602 3926 Domino
1624 3870 1886 3928 .Ieremias

292 3955 369 4009 ait
400 3974 415 4009 :
442 3957 486 4009 A
512 3960 645 4029 facie
673 3976 856 4016 manus
888 3969 989 4017 tua:
1012 3963 1151 4018 solus
1177 3965 1437 4032 sedebam,
1480 3969 1721 4039 quoniam
1742 3986 1885 4024 com-

293 4050 579 4105 minutione
615 4053 827 4122 replesti
846 4070 926 4108 nte
961 4054 1177 4124 (Jerem.
1210 4073 1298 4123 xv,
1333 4058 1444 4131 l7).
1474 4058 1661 4116 Facies
1688 4063 1889 4131 quippe

295 4157 485 4197 manus
506 4144 617 4211 Dei,
652 4152 734 4201 est
757 4146 844 4202 illa
877 4150 1151 4219 percussio
1174 4151 1306 4221 justi
1332 4152 1536 4222 judicii,
1568 4170 1671 4225 qua
1695 4171 1888 4227 super»

293 4234 529 4291 hiemem
578 4238 848 4295 hominem
894 4258 923 4295 a
954 4243 1203 4312 paradiso
1232 4247 1450 4318 repulit,
1481 4256 1536 4304 et
1565 4248 1617 4303 in
1650 4250 1749 4306 hac
1778 4267 1887 4307 ca:-

297 4325 459 4381 citate
494 4327 512 4365 ί
547 4333 826 4397 praesentis
849 4334 1022 4388 exsilii
1051 4336 1297 4392 exclusit.
1349 4338 1707 4397 Con'nninatio
1758 4359 1888 4399 vero

297 4415 432 4485 eius,
463 4426 544 4473 est
585 4429 760 4478 terror
805 4423 984 4480 adhuc
1022 4428 1269 4499 supplicii
1305 4436 1597 4502 sequentis.
1633 4433 1761 4490 Post
1807 4434 1888 4490 fa-

297 4509 435 4564 ciem
482 4511 644 4579 igitur
666 4530 855 4571 manus
884 4519 1058 4576 adhuc
1085 4538 1184 4577 nos
1210 4525 1366 4579 minae
1410 4529 1722 4599 terriﬁcant,
1762 4534 1889 4600 quia

299 4615 397 4670 per
422 4604 847 4671 experimentum
873 4609 1061 4677 judicii
1087 4614 1196 4680 jam
1224 4632 1320 4670 nos
1350 4627 1405 4671 et
1436 4635 1592 4687 pmna
1613 4625 1889 4692 praesentis

1991 3437 2252 3501 emimus,
2301 3451 2422 3489 cum
2454 3433 2729 3503 accepturi
2770 3431 3122 3504 sapientiam,
3156 3432 3306 3503 prius
3335 3429 3594 3486 obedien-

1992 3529 2121 3583 tiam
2166 3529 2488 3598 prtebemus.
2519 3526 2598 3581 Ad
2644 3540 2805 3596 quem
2834 3525 3083 3582 videlicet
3112 3541 3213 3581 nos
3256 3531 3595 3580 contractum

1988 3620 2127 3674 bene
2159 3632 2183 3667 ις
2224 3620 2440 3689 quidam
2460 3618 2680 3689 sapiens
2721 3619 2939 3683 excitat,
2989 3616 3173 3672 dicens
3229 3632 3244 3667 ι
3294 3610 3595 3683 Concupisti

1990 3713 2345 3786 sapientiam?
2385 3711 2547 3766 Serva
2593 3710 2868 3776 mandata,
2911 3721 2961 3763 et
3005 3709 3263 3765 Dominus
3292 3705 3320 3744 δ
3347 3702 3595 3778 praebebit

1988 3806 2135 3860 illam
2166 3804 2254 3857 tibi
2287 3804 2473 3874 (Eccli.
2508 3821 2545 3872 ι,
2573 3803 2686 3873 Ξῖ).
2717 3802 2853 3868 Quid
2879 3811 3058 3856 autem
3090 3818 3189 3871 per
3222 3799 3435 3864 domos,
3490 3794 3593 3853 nisi

1990 3896 2335 3953 conscientia:
2370 3895 2758 3962 designantur?
2789 3892 2940 3948 Unde
2982 3901 3172 3948 sanato
3220 3891 3430 3947 cuidam
3462 3888 3594 3945 dici-

1990 3995 2119 4041 tur:
2154 3984 2300 4039 Vade
2343 3986 2399 4038 in
2446 3983 2654 4038 domum
2698 3991 2840 4037 tuam
2898 3980 3115 4052 (Matth.
3165 3996 3249 4048 Ix,
3308 3979 3386 4050 6).
3436 3979 3515 4034 Ac
3544 3977 3594 4034 si

1992 4085 2180 4148 aperte
2208 4076 2390 4130 audiat
2416 4092 2429 4128 :
2461 4074 2590 4129 Post
2610 4075 2848 4130 exterius
2876 4073 3191 4128 miraculum
3221 4071 3286 4126 ad
3307 4071 3595 4128 conscien-

1997 4168 2123 4222 tiam
2153 4175 2447 4235 revertere,
2474 4176 2530 4221 et
2556 4168 2768 4237 qualem
2811 4175 2864 4221 te
2888 4156 3220 4221 intrinsecus
3258 4163 3371 4219 Deo
3396 4162 3595 4250 debeas

1995 4258 2281 4326 exhibere,
2313 4256 2604 4329 perpende.
2634 4256 2773 4325 Quid
2822 4258 2987 4313 etiam
3034 4271 3132 4327 per
3160 4262 3467 4324 argentum,
3494 4252 3597 4310 nisi

1994 4352 2209 4421 eloquia
2238 4351 2420 4405 divina
2442 4349 2781 4421 ﬁgurantur?
2808 4350 2877 4406 de
2905 4349 3100 4420 quibus
3130 4365 3230 4420 per
3257 4346 3597 4404 Psalmistam

1995 4442 2229 4498 dicitur:
2258 4441 2486 4515 Eloquia
2540 4441 2790 4509 Domini,
2850 4442 3053 4515 eloquia
3094 4449 3267 4505 casta,
3327 4447 3598 4510 argentum

1993 4536 2115 4605 igne
2158 4534 2511 4589 examinatum
2557 4534 2731 4604 (Psal.
2792 4550 2868 4598 xl,
2919 4532 2995 4603 7).
3050 4531 3336 4601 Eloquium
3384 4526 3597 4581 Domini

1997 4635 2277 4693 argentum
2307 4626 2429 4694 igne
2458 4626 2825 4681 examinatum
2852 4624 3069 4689 dicitur,
3118 4622 3245 4690 quia
3271 4634 3452 4675 sermo
3499 4613 3598 4673 Dei

299 4692 470 4787 exsilii
494 4696 744 4765 perculit,
776 4706 832 4751 et
853 4701 897 4754 si
927 4717 1153 4769 peccare
1184 4723 1291 4761 non
1317 4709 1641 4777 desistimus,
1672 4717 1889 4770 :eteruis
1923 4721 1973 4778 D
1996 4718 2039 4773 si
2066 4692 2125 4773 in
2147 4718 2313 4774 corde
2334 4692 2539 4787 iigitur,
2572 4717 3004 4774 tribulationibus
3033 4712 3311 4784 probatur.

300 4784 474 4877 adhuc
500 4788 774 4856 suppliciis
794 4793 1012 4850 addicit.
1046 4796 1362 4856 Consideret
1384 4818 1512 4873 ergo
1541 4806 1623 4860 vir
1650 4820 1890 4877 sanctus,

301 4874 573 4979 proiectus
594 4880 716 4947 huc,
747 4884 889 4939 unde
910 4887 1073 4943 homo
1102 4890 1373 4960 ceciderit,
1406 4906 1567 4965 atque
1598 4899 1739 4955 hunc
1771 4874 1891 4973 post

300 4976 403 5023 ista
425 4979 764 5043 peccantem,
811 4992 918 5047 quo
947 4979 1121 5035 adhuc
1158 4982 1363 5050 justitia
1400 4987 1689 5055 judicantis
1719 4995 1889 5063 rapit;

299 5066 359 5115 et
409 5072 629 5121 cunctas
681 5082 712 5121 a
758 5083 818 5123 se
864 5069 1251 5129 desideriorum
1298 5082 1668 5149 temporalium
1709 5088 1895 5145 turbas

302 5153 512 5226 ejiciat,
561 5172 729 5229 seque
772 5162 827 5217 in
885 5178 1076 5234 magna
1134 5169 1328 5224 mentis
1397 5175 1547 5245 131
1599 5176 1889 5235 solitudine

378 5300 402 5380 ff
434 5291 704 5380 εὶιξῃιθιιι.⁸
730 5307 785 5380 et
814 5317 951 5357 unus
994 5303 1226 5380 Bemjg.,
1266 5311 1487 5380 quietam
1516 5317 1714 5371 scilicet
1740 5334 1887 5374 men-

307 5364 837 5471 τεηιξ·ρῇ¹ίίθ,,ιιτέῖςξεηι
854 5376 1070 5471 ,νηεηιίε-
1098 5364 1851 5471 ,ιῑεεέηςεηιιαίέια-,ὴ-’ίνὶξιιίέᾷξ

436 5433 866 5520 ἓᾴηιηὸηηεΛᾳιιὶ
893 5446 1111 5520 oderunt
1134 5433 1224 5520 te:
1239 5433 1750 5520 bom'ih'é,"céie¥&;{:3

307 5504 694 5645 ᾳαέάγίηάοοη
744 5504 1074 5585 Οὸιιιρθηά.,
1124 5504 1769 5596 δ.Ἀη›ίήζ⁷ζ⁷ἑιῖ;ἶζ“ἱὲα
1813 5551 1893 5590 me

592 5647 691 5703 Ecl.
720 5667 845 5736 cum
874 5659 1041 5736 a_ntiq.
1087 5660 1276 5719 Rhem.
1319 5675 1375 5720 et
1404 5668 1610 5735 Germ,
1656 5678 1896 5733 consola-

309 5723 647 5856 ἑεςὲψιθ
680 5736 808 5779 vero
833 5723 1141 5799 infrequens
1168 5744 1249 5789 est
1294 5723 1583 5798 librariis—oi
1597 5723 1895 5816 M63117:-

312 5867 406 5981 me
438 5858 527 5916 Sic
548 5864 877 5948 restituit-Is
899 5870 963 5953 ad
990 5870 1149 5930 ﬁdem
1173 5881 1410 5937 omnium
1438 5901 1575 5954 pene
1598 5887 1742 5954 Mss,
1770 5908 1897 5949 cum

401 5937 506 5981 vet.
553 5931 652 5981 Ed-
684 5944 741 5981 ei.
767 5954 818 5981 In
868 5940 987 5981 sulm
1031 5946 1283 5981 ιιοὶηηοηο
1318 5954 1584 5981 unum“...
1616 5978 1625 5981 Α
1671 5962 1702 5981 ο
1724 5962 1769 5981 .J
1800 5964 1812 5981 ,-
1849 5972 1889 5981 .,

401 5937 506 5985 vet.
552 5931 653 5992 Ed.
684 5944 741 5993 et
765 5937 821 5995 in
867 5939 987 5999 aliis
1031 5931 1584 6024 deincepsﬁlegeiem}
1598 5931 1894 6020 ":"52’43175

2071 4830 2218 4906 [Vet.
2242 4828 2539 4901 XXXVH
2561 4830 2653 4884 62.
2708 4830 2769 4884 Si
2820 4826 2987 4882 Adam
3016 4843 3120 4880 non
3161 4833 3442 4897 peccasset,
3496 4823 3599 4882 soli

1998 4933 2354 4986 nascerentur,
2385 4923 2473 4993 qui
2502 4937 2638 4974 nunc
2672 4918 2906 4974 salvandi
2934 4917 3246 4975 sunt.—Vir
3284 4918 3447 4987 igitur
3473 4932 3598 4974 san-

1998 5019 2117 5065 ctus
2146 5011 2339 5080 spiritu
2366 5010 2681 5064 aeternitatis
2720 5009 2932 5081 plenus,
2974 5024 3201 5080 quaeque
3246 5008 3423 5065 futura
3470 5016 3602 5066 sunt

1997 5101 2243 5171 colligat;
2285 5111 2341 5157 et
2369 5116 2506 5172 quos
2534 5102 2693 5171 longe
2722 5109 2846 5172 post
2893 5109 3121 5156 ventura
3164 5102 3356 5158 saecula
3411 5103 3600 5173 gigne-
3646 5122 3657 5129 η

1996 5200 2149 5257 rent,
2199 5194 2379 5248 laxato
2420 5194 2617 5249 mentis
2643 5193 2762 5249 sinu
2805 5195 3255 5265 comprehendat;
3305 5203 3361 5249 et
3402 5209 3597 5264 magna

1999 5329 2119 5404 aliis
2145 5330 2438 5404 consulens,
2463 5330 2725 5404 quom_odo
2752 5329 2873 5404 sibi.
2903 5328 3261 5404 Occasionem
3289 5327 3600 5404 errprilor-

1997 5401 2138 5454 sitan
2187 5401 2416 5471 praebuit
2459 5399 2558 5459 Ms.
2606 5401 2765 5474 Reg,
2813 5402 2868 5458 in
2915 5415 3024 5473 quo
3052 5402 3283 5459 habetur
3314 5418 3329 5454 :
3358 5399 3473 5457 Sed
3500 5402 3600 5456 iste

2002 5474 2293 5526 consulens.

2011 5609 2040 5614 Δ
2079 5540 2098 5579 τ
2144 5543 2374 5614 linem,
2425 5544 2637 5614 Remig.
2661 5587 2678 5614 ,

2000 5609 2205 5685 Germ,
2238 5613 2561 5685 Compend.,
2588 5609 2852 5685 Longa...
2884 5615 2941 5670 S.
2972 5609 3177 5685 Albim,
3208 5611 3434 5685 Tu_ron.,
3473 5609 3592 5685 vn.

2001 5683 2105 5764 ῼιτ,
2140 5685 2212 5738 ita
2259 5680 2479 5754 habent,
2513 5680 2622 5742 nun
2656 5680 2883 5752 inclusit,
2926 5694 2986 5740 ut
3010 5684 3080 5739 in
3108 5692 3215 5740 vet.
3263 5681 3362 5739 Ed.
3394 5690 3449 5738 et
3475 5680 3599 5738 aliis

1999 5754 2313 5901 ieiiﬁpia.
2346 5827 2516 5885 Paris.
2549 5827 2720 5893 1495,
2764 5826 2925 5883 Basil.
2972 5823 3144 5896 151s,
3183 5833 3241 5883 et
3265 5822 3599 5901 (ὲιιεεηουι-

1999 5896 2115 5973 de!"
2139 5900 2370 5973 ἐρρίεηβν
2404 5902 2737 5973 promittet"
2763 5916 2877 5973 81w-
3079 5968 3090 5973 _
3410 5938 3422 5945 -

2070 5965 2099 6005 ιι
2136 5965 2262 6027 Mss.
2291 5965 2457 6029 Cori).
2488 5965 2671 6028 Germ.
2698 5981 2754 6028 et
2778 5965 2937 6041 Reg.,
2963 5968 3172 6043 prabet.

2721 5559 2832 5601 uno
2879 5552 3129 5613 excepto,
3178 5542 3387 5613 Nprm.,
3435 5539 3592 5613 R_e_g.,
