4180 6454
638 375 735 434 6η
1829 387 2071 446 SANCTI
2112 387 2197 444 GR

2298 386 2435 445 onu
2511 389 2721 469 MAGNI
3811 412 3916 470 ειη

636 503 989 561 admiratione
1016 507 1321 565 consideret
1334 524 1454 565 cum
1474 511 1667 581 quibus
1685 511 1870 569 electis
1890 513 2006 569 sine
2035 512 2220 568 labore
2249 517 2302 579 Α
2323 508 2596 565 humiliter
2633 510 2795 623 fugit,
2852 509 3145 623 clementer
3186 513 3459 623 edomuit;
3484 520 3589 623 filii
3616 523 3771 623 prole
3795 531 3916 599 qni-

632 596 687 650 in
714 598 1017 654 aeternitate
1057 601 1380 671 quiesceret,
1421 605 1467 660 si
1509 621 1606 676 per
1633 607 1931 678 appetitum
1957 607 2219 678 superbiae
2322 604 2447 659 dem
2475 602 2733 658 fecundus
2768 604 3006 673 exstitit,
3054 605 3149 662 sed
3187 615 3369 664 tamen
3415 611 3635 682 ερίτὶιιιε
3673 617 3918 680 libertate

629 703 791 745 nemo
815 704 1111 763 peccasset,
1139 705 1194 752 et
1222 698 1368 754 dicat
1394 719 1405 753 :
1438 700 1594 757 Nunc
1640 706 1777 759 enim
1805 705 2065 760 dormiens
2091 706 2216 759 sile-

626 795 754 847 rem,
787 790 835 835 et
862 800 1039 841 somno
1066 804 1175 842 meo
1204 793 1566 859 requiescerent
1589 812 1700 849 cum
1742 796 1941 868 regibus
1962 808 2010 852 et
2036 814 2219 852 consu-

625 870 761 926 libus
785 882 937 929 terra:
956 880 1043 949 qui
1066 881 1329 951 aedificant
1355 887 1452 940 sibi
1472 888 1793 954 solitudines,
1828 901 1916 943 aut
1938 908 2049 944 cum
2073 893 2217 960 prin-

627 964 824 1033 cipibus
844 970 929 1037 qui
958 973 1223 1039 possident
1264 994 1467 1044 aurum,
1519 992 1569 1034 et
1621 983 1816 1050 replent
1866 984 2044 1038 domos
2093 1001 2216 1039 suas

626 1069 860 1129 argento.
891 1062 1025 1128 Quia
1056 1068 1197 1121 enim
1249 1071 1294 1125 si
1336 1082 1613 1140 parentem
1649 1076 1880 1145 primum
1916 1077 2058 1131 nulla
2087 1092 2215 1146 pec-

624 1151 728 1204 cati
761 1154 991 1220 putredo
1036 1172 1446 1232 corrumperet,
1496 1181 1832 1236 nequaquam
1875 1184 1942 1222 ex
1992 1184 2050 1223 se
2078 1168 2215 1223 lilios

621 1243 882 1311 gehenna:
918 1262 1233 1321 generaret;
1265 1255 1363 1309 sed
1413 1258 1469 1311 hi
1506 1260 1596 1326 qui
1637 1277 1779 1314 nunc
1821 1276 1917 1330 per
1964 1261 2213 1330 redemp-

622 1339 823 1396 tionem
851 1345 1092 1403 salvandi
1119 1360 1270 1417 sunt,
1303 1354 1403 1409 soli
1433 1356 1500 1410 ab
1528 1356 1620 1411 illo
1663 1358 1820 1411 electi
1843 1369 2213 1427 nascerentur,

623 1432 843 1488 eosdem
900 1438 1100 1495 electos
1140 1443 1383 1513 aspiciat,
1427 1455 1587 1517 atque
1640 1465 1763 1504 cum
1813 1452 1891 1506 eis
1943 1452 2212 1520 quomodo

621 1525 902 1592 quiescere
932 1532 1194 1599 potuisset
1224 1535 1485 1592 intendat.
1520 1539 1712 1595 Videat
1754 1550 1969 1598 sanctos
1996 1554 2212 1613 aposto-

621 1609 703 1667 los
730 1614 807 1669 sic
858 1630 1163 1690 susceptam
1192 1622 1491 1680 Ecclesiam
1520 1644 1726 1698 regere,
1778 1640 1834 1686 ut
1863 1633 1911 1687 ei
1950 1633 2209 1703 praedica-

620 1701 780 1759 tionis
799 1708 964 1764 verbo
993 1727 1101 1766 non
1130 1713 1377 1771 desinant
1400 1720 1702 1775 consultum
1726 1724 1984 1792 przebere,
2010 1740 2211 1796 eosque

617 1806 770 1862 reges
801 1805 855 1852 et
881 1804 1126 1859 consules
1157 1809 1409 1876 appellet.
1445 1811 1631 1866 Videat
1658 1822 1782 1884 post
1809 1815 1910 1870 hos
1938 1817 1990 1870 in
2023 1832 2210 1872 eorum

617 1882 739 1941 loco
752 1898 1316 1966 rectoresexsurgere,
1342 1904 1493 1975 132
1516 1906 1961 1978 quietsapicnter
1976 1909 2206 1965 vivendo
2236 1919 2285 1980 Β

616 1990 803 2033 aurum
832 1985 1163 2056 possideant,
1194 1998 1248 2045 et
1273 1992 1389 2048 aliis
1412 2005 1558 2050 recta
1601 1998 1957 2067 praedicando,
1990 2010 2211 2070 argento

614 2080 781 2123 sacra:
804 2070 1093 2132 locutionis
1121 2080 1437 2150 enitescant,
1476 2100 1677 2155 eosque
1699 2089 1968 2159 principes
1991 2091 2211 2161 repletis

614 2163 1067 2223 conscientiarum
1097 2172 1344 2230 domibus
1374 2194 1507 2233 auro
1533 2188 1587 2234 et
1615 2192 1838 2250 argento
1861 2186 2053 2241 divites
2090 2202 2208 2242 me-

612 2264 807 2309 moret.
833 2259 939 2313 Sed
968 2263 1091 2329 quia
1124 2267 1413 2335 aliquando
1436 2275 1753 2343 prophetico
1774 2279 1981 2347 spiritui
2007 2296 2208 2350 nequa—

612 2358 775 2412 quam
805 2349 998 2405 sufficit
1045 2364 1102 2408 ut
1143 2368 1364 2414 ventura
1408 2366 1718 2432 praevidcat,
1772 2370 1871 2423 nisi
1912 2374 2058 2425 cordi
2084 2390 2207 2443 pro-

611 2435 880 2505 phetantis
936 2444 1097 2499 etiam
1152 2454 1421 2517 prmterita
1471 2464 1525 2510 et
1572 2462 1789 2529 antiqua
1836 2476 2201 2535 repraesentet,

610 2537 827 2585 sanctus
855 2533 937 2587 vir
957 2536 1092 2593 infra
1139 2556 1408 2616 supraque
1439 2550 1622 2607 oculos
1677 2558 1867 2623 aperit,
1901 2567 1955 2612 et
1986 2576 2090 2615 non
2115 2577 2205 2615 so-

607 2615 717 2673 lum
743 2632 960 2681 ventura
991 2634 1272 2701 conSpicit,
1304 2640 1397 2693 sed
1422 2643 1583 2698 etiam
1616 2654 1881 2705 transacta
1906 2654 1973 2708 ad
1996 2671 2203 2711 memo-

605 2709 737 2764 riam
768 2716 995 2773 reducit.
1029 2722 1163 2778 Nam
1196 2730 1438 2794 protinus
1487 2736 1725 2805 adjungit
1759 2760 1770 2793 :

920 2809 1148 2869 CAPUT
1196 2817 1386 2875 XXXII
1428 2824 1573 2897 (Hec.
1614 2828 1852 2903 XXIX].

672 2894 834 2953 Vnus.
871 2900 1132 2960 iii—Aut
1176 2912 1305 2964 sicut
1362 2916 1645 2973 abortivum
1697 2924 2051 2983 absconditum
2094 2949 2198 2988 non

599 2986 926 3047 subsisterem
957 3012 975 3049 :
1002 2999 1078 3051 vel
1105 3003 1190 3069 qui
1217 3010 1445 3077 concepti
1476 3026 1579 3065 non
1606 3014 1840 3070 viderunt
1869 3019 2050 3075 lucem.

669 3103 757 3157 63.
794 3104 978 3161 Sancti
1003 3122 1120 3166 ante
1148 3116 1511 3189 redemptionis
1543 3135 1739 3198 tempus
1768 3133 1886 3196 orti,
1919 3144 2037 3188 sunt
2062 3138 2197 3191 velut

600 3193 833 3249 abortivi.
869 3199 1053 3256 Plures
1083 3207 1291 3275 fuerunt
1330 3229 1485 3283 quam
1531 3193 1656 3287 quos
1683 3232 1930 3277 memorat
1961 3225 2168 3298 Moyses

602 3285 1046 3359 —Abortivum,
1101 3298 1225 3364 quia
1291 3311 1417 3358 ante
1468 3285 1685 3375 plenum
1726 3321 1936 3383 tempus
1982 3285 2185 3387 orivtur,
2222 3318 2267 3381 C

602 3376 923 3431 exstinctum
971 3385 1213 3450 protinus
1260 3394 1577 3451 occultatur.
1632 3400 1776 3466 Quos
1820 3421 1947 3475 ergo
1975 3419 2227 3467 sanctus-

598 3461 684 3517 vir
733 3466 867 3522 alios
896 3470 1384 3561 abortivos‘vocat,
1429 3501 1549 3540 cum
1580 3492 1772 3559 quibus
1818 3511 1875 3550 se
1914 3500 2192 3567 quiescere

594 3557 834 3625 potuisse
858 3552 1187 3636 considerat,
1211 3571 1311 3627 nisi
1338 3576 1539 3634 electos
1567 3596 1832 3656 quosque,
1859 3590 1949 3658 qui
1986 3592 2051 3647 ab
2072 3594 2192 3664 ipso

594 3649 781 3705 mundi
822 3655 1115 3724 primordio
1166 3675 1291 3721 ante
1319 3668 1706 3743 redemptionis
1756 3688 1964 3751 tempus
2012 3688 2190 3741 exorti

592 3752 734 3811 sunt,
786 3755 840 3802 et
870 3756 1045 3807 tamen
1087 3754 1209 3814 huic
1235 3764 1439 3819 mundo
1496 3772 1815 3841 semetipsos
1862 3778 2190 3836 mortificare

591 3847 947 3901 curaverunt?
976 3848 1075 3914 Qui
1099 3858 1415 3928 conscriptae
1442 3861 1575 3932 legis
1606 3867 1812 3924 tabulas
1841 3887 1947 3927 non
1980 3874 2186 3932 haben-

591 3936 693 3994 tes,
746 3936 897 4001 quasi
925 3948 950 3976 υ
995 3942 1063 3996 ab
1110 3955 1265 4004 utero
1317 3956 1516 4009 mortui
1559 3968 1702 4027 sunt,
1746 3963 1868 4030 quia
1910 3976 2185 4024 auctorem

589 4036 745 4081 suum
773 4036 1004 4090 naturali
1031 4038 1148 4109 lege
1177 4044 1498 4118 timuerunt;
1531 4062 1587 4109 et
1614 4072 1734 4111 cum
1761 4070 2045 4120 venturum
2072 4065 2187 4123 Me-

588 4114 852 4175 diatorem
881 4128 1201 4201 crederent,
1224 4139 1546 4198 studuerunt
1573 4162 1943 4223 summopere,
1994 4161 2185 4215 morti-

1761 4204 1943 4223 _r-_-,

588 4204 811 4267 ﬁcandis
838 4217 1217 4294 voluptatibus,
1251 4233 1413 4288 etiam
1464 4254 1581 4306 qua:
1630 4245 1828 4315 scripto
1868 4265 1977 4304 non
2030 4268 2187 4309 acce-

586 4310 778 4401 perant
811 4319 1078 4379 praecepta
1106 4332 1341 4376 servare.
1374 4324 1606 4399 Tempus
1628 4310 1809 4403 itaque
1849 4340 2006 4409 illud,
2038 4348 2183 4413 quod

1506 4389 1525 4399 -
1722 4389 1737 4403 ι
1789 4389 1804 4391 -
1849 4389 2006 4409 ----“·⁷
2042 4389 2181 4413 Ί“’”ν“

580 4389 733 4458 juxta
765 4403 947 4458 mundi
978 4407 1188 4467 initium
1219 4428 1461 4479 mortuos
1488 4426 1613 4484 huic
1640 4434 1837 4489 smculo
1869 4447 2049 4506 patres
2079 4459 2181 4497 no-

583 4492 727 4608 sAtios
755 4498 999 4569 protulit,
1031 4509 1182 4573 quasi
1209 4512 1438 4572 abortivi
1475 4531 1658 4581 uterus
1680 4526 1797 4583 fuit.
1828 4492 1904 4586 Ilii
1949 4552 2183 4608 namque

1483 4574 1797 4583 ---μ----ω
1828 4574 1904 4586 -.η
2116 4574 2180 4595 υς

582 4574 738 4698 ﬁbel,
790 4588 883 4654 qui
933 4594 1197 4654 occidenti
1246 4619 1303 4660 se
1330 4604 1482 4666 fratri
1514 4618 1774 4676 restitisse
1821 4640 1927 4679 non
1984 4574 2180 4698 legiiur

583 4667 793 4791 (lienes.
827 4694 897 4791 ἲν,
930 4682 984 4752 8,
1015 4685 1130 4760 24).
1176 4691 1252 4748 lbi
1281 4695 1483 4770 Enoch,
1518 4667 1794 4777 quidam
2204 4709 2258 4771 D

1472 4768 1477 4770 ν
1534 4768 1546 4777 _
1822 4768 1875 4772 -θ
1918 4768 2171 4791 -------νν-·-²

579 4772 651 4881 Et)
668 4768 1032 4881 ambulatur?
1073 4798 1195 4840 cum
1220 4787 1448 4851 Domino
1482 4803 1859 4862 transferretur
1892 4809 2097 4881 (Cenes.
2118 4833 2173 4881 γ,

579 4851 671 4921 ea,
697 4858 808 4929 at).
858 4863 931 4919 lbi

1012 4944 1015 4945 ν
1154 4944 1164 4946 -
1258 4944 1274 4951 ,
1490 4944 1503 4957 ,
1548 4944 1679 4961 ,μ-
1724 4944 1900 4956 -......,
1941 4944 2167 4966 .............

578 4944 797 5072 Eligilt,
832 4953 932 5072 Elin
951 4966 1148 5022 mundo
1170 4978 1368 5031 mundo
1405 4996 1679 5052 superstes
1720 4992 1819 5047 fuit
1842 4994 2049 5067 (Cenes.
2075 5020 2167 5072 vn,

603 5068 624 5072 Δ
779 5042 789 5072 ζ
886 5052 1026 5072 ὶ-,ιλΑ
1221 5064 1231 5072 .
1289 5067 1300 5072 -

1348 5030 1357 5031 ,
1405 5030 1679 5052 -.Ἰηηυυνυ
1720 5030 1819 5047 Iul.
1842 5030 2049 5067 \UCIICO.
2080 5030 2166 5072 νιι,

577 5030 689 5167 ἓὸ).
717 5038 791 5095 lbi
822 5045 1110 5118 Abraham,
1143 5064 1234 5131 qui
1270 5067 1395 5123 dum
1425 5079 1736 5146 peregrinus
1765 5096 1845 5140 est
1874 5089 1926 5143 iu
1948 5096 2166 5167 sacculo,

598 5137 747 5167 arma
777 5144 856 5167 net
905 5142 1105 5167 η-ν-ειι--Α
1138 5149 1177 5167 "
1280 5156 1342 5167 "'

1160 5123 1174 5131 _
1425 5123 1509 5144 Γ--
1525 5123 1736 5146 Vtrum":
1765 5123 1845 5140 μου
1874 5123 1926 5143 ιιι
1948 5123 2143 5152 θωυιιιυ

575 5123 747 5256 faqtus
777 5144 860 5189 est
904 5142 1109 5202 amicus
1138 5149 1247 5208 Deo
1275 5156 1484 5225 (Cenes.
1522 5184 1615 5235 xu,
1651 5172 1723 5241 1).
1756 5174 1830 5231 Ibi
1874 5179 2039 5251 Isaac,
2072 5141 2163 5256 qui

575 5233 632 5256 nn
661 5223 919 5256 inn-nil“...
957 5251 1039 5256 --μ
1082 5240 1093 5251 ⁸
1279 5250 1311 5256 ’-

1284 5220 1291 5225 η
1526 5220 1615 5235 πη,
1655 5220 1723 5241 _,-
1756 5220 1830 5231 ua.
1874 5220 2020 5239 ιυιιιιυ
2113 5220 2160 5243 un

573 5220 921 5291 caligantibus
950 5240 1123 5297 carnis
1174 5250 1372 5319 oculis,
1416 5273 1512 5325 per
1538 5270 1749 5320 aetatem
1777 5271 1990 5337 quidem
2022 5220 2160 5347 prin-

573 5317 740 5347 cnnﬁn
772 5336 874 5347 nn»
907 5327 1034 5347 —-3J9-
1186 5339 1198 5347 ‘

1360 5317 1365 5319 .
1417 5317 1429 5325 .
1783 5317 1990 5337 ,ιη-ν...
2042 5317 2158 5334 ..νυ-

571 5317 742 5439 fam.”
769 5336 875 5439 1‘0"
907 5327 1066 5399 νίάίι,
1108 5339 1199 5392 sed
1250 5358 1347 5411 per
1374 5347 1626 5407 virtutem
1666 5362 1969 5429 prophetici
1998 5317 2158 5439 spiri-

594 5418 654 5439 IIB
688 5424 736 5439 In
792 5417 959 5439 "6....2-
998 5422 1060 5439 -.ο
1347 5434 1377 5439 -.

486 5448 487 5451 η
570 5409 656 5518 tius
685 5407 737 5462 in
770 5410 961 5473 futuris
991 5422 1153 5480 etiam
1203 5434 1409 5492 saeculis
1438 5455 1628 5510 magna
1657 5407 1872 5508 viderndi
1905 5407 2153 5518 luceyra-

1527 5493 1628 5510 υη
1671 5493 1872 5508 ..-c.....
1905 5493 2022 5514 ...μυ
2062 5493 2153 5518 ιιι·

567 5493 731 5555 diavit
758 5502 964 5573 (Cenes.
1019 5532 1182 5588 xxvn,
1227 5525 1303 5596 1).
1335 5528 1409 5585 Ibi
1440 5532 1634 5603 Jacob,
1667 5544 1757 5611 qui
1810 5547 1941 5604 iram
1974 5553 2154 5614 fratris

638 5620 664 5715 ς
1153 5635 1360 5730 Germ”
1380 5643 1605 5730 _Rhem.,
1643 5652 1875 5730 Remig.,
1904 5665 2123 5728 Vindoc.

566 5688 818 5773 erisnam
852 5694 990 5751 Editi
1010 5688 1227 5761 habent
1236 5688 1605 5773 ’ί“ιῖἰἰιὲῖὲ›ἶ“”’
1643 5688 1875 5730 ¹“”“¹²⁵”
1910 5688 2149 5743 "nm"

1024 5751 1222 5761 μην..-
1335 5751 1501 5773 "mu.

638 5751 963 5873 :ngiergi‘lnet
991 5779 1258 5873 rnqpnulli
1300 5784 1393 5849 al.,
1433 5791 1699 5873 immundo
1739 5810 1949 5863 munda.
1990 5811 2152 5873 Corb.

1300 5819 1393 5849 μη,
1435 5819 1699 5853 ιιιιηιιυιαο
1739 5819 1949 5863 munda.
1990 5819 2152 5873 Corb.

565 5819 769 5908 Germ.,
804 5830 957 5903 Reg.,
991 5839 1169 5921 Colb.,
1201 5851 1251 5901 in
1283 5860 1530 5914 mundum
1574 5867 1700 5935 (hoc
1730 5884 1814 5928 est
1840 5878 2070 5941 fortasse
2100 5890 2154 5946 in

565 5896 744 5946 nulth
774 5913 1242 5946 restninrn|.nnnm\
1274 5938 1375 5946 μην
1411 5930 1434 5946 ν¹

563 5896 744 5950 mundi
774 5896 1242 5988 restaurationem)
1274 5896 1770 6006 $34,523:}:

2320 696 2616 764 fecundior,
2649 699 2892 754 eamdem
2916 700 3122 769 prolem
3144 705 3242 760 sub
3268 707 3568 777 prophetia}
3591 725 3703 767 suae
3729 715 3918 774 vincu-

2321 788 2386 846 lis
2414 789 2664 845 astrinxit
2697 790 2905 861 (Genes.
2950 809 3133 861 xxxm,
3167 795 3243 867 4).
3294 797 3442 856 Bene
3478 812 3658 858 autem
3713 808 3917 866 aborti-

2321 896 2445 934 vum
2472 881 2575 935 hoc
2604 881 2971 937 absconditum
3002 884 3218 952 dicitur,
3245 888 3377 957 quia
3406 906 3437 945 a
3478 894 3662 949 mundi
3687 898 3917 967 primor-

2318 971 2450 1039 diis,
2483 974 2609 1027 dum
2646 976 2905 1043 quosdam
2938 994 3138 1047 paucos
3170 979 3355 1052 Moyse
3394 986 3665 1044 scribente
3706 1006 3913 1062 cogno-

2318 1065 2535 1129 scimus,
2556 1082 2680 1135 pars
2700 1068 2855 1122 nobis
2870 1071 3103 1125 maxima
3127 1071 3347 1128 humani
3363 1078 3577 1143 generis
3589 1083 3912 1141 occultatur.

2317 1152 2501 1224 Neque
2524 1158 2667 1211 enim
2694 1164 2773 1211 tot
2791 1158 2965 1227 justos
2990 1160 3326 1218 solummodo
3357 1181 3525 1236 usque
3547 1167 3614 1222 ad
3636 1181 3916 1241 acceptam

2316 1246 2489 1317 legem
2521 1249 2791 1305 exstitisse
2816 1250 3144 1306 credendum
3172 1262 3282 1322 est,
3316 1265 3448 1325 quot
3473 1258 3689 1333 Moyses
3708 1262 3914 1320 brevis-

2316 1342 2450 1396 sima
2492 1342 2855 1413 descriptione
2911 1346 3245 1413 perstrinxit.
3306 1348 3439 1415 Quia
3490 1367 3620 1421 ergo
3673 1357 3916 1413 amundi

2314 1434 2610 1503 primordio
2637 1434 2780 1488 edita
2818 1435 3105 1492 multitudo
3132 1438 3428 1507 bonorum,
3452 1457 3520 1497 ex
3546 1458 3740 1513 magna
3766 1456 3917 1517 parte

2315 1524 2518 1578 notitia:
2549 1532 2748 1579 nostra:
2778 1526 3130 1593 subtrahitur,
3163 1530 3467 1585 abortivum
3497 1533 3601 1589 hoc
3626 1536 3915 1595 abscondi-

2315 1621 2425 1668 tum
2453 1624 2695 1669 vocatur.
2730 1615 2887 1681 Quod
2933 1626 2987 1671 et
3020 1634 3128 1672 non
3173 1620 3477 1678 substitisse
3506 1624 3734 1695 dicitur,
3769 1631 3911 1699 quia,

2314 1705 2641 1761 enumeratis
2671 1707 2886 1776 paucis,
2918 1723 3107 1763 eorum
3138 1709 3442 1781 frequentia
3470 1717 3623 1773 nullo
3652 1722 3799 1791 apud
3819 1739 3916 1782 nos

2312 1795 2585 1849 memoria:
2613 1797 2813 1866 scripto
2841 1798 3124 1854 retinetur.

2385 1888 2530 1960 [νει.
2562 1888 2718 1943 XXX
2734 1890 2892 1962 VII.]
2924 1892 3011 1947 64.
3047 1893 3289 1968 Concepti
3318 1911 3455 1965 sunt,
3484 1903 3577 1959 sed
3615 1906 3781 1961 lucem
3809 1924 3911 1965 non

2318 1979 2571 2046 viderant,
2600 1984 2685 2053 qui
2727 1993 2841 2053 post
2870 1985 3033 2054 legem
3060 1998 3180 2043 ante
3205 1989 3467 2047 Christum
3495 1998 3626 2051 nati.
3648 2031 3720 2040 —
3742 1999 3911 2058 Recte

2316 2086 2445 2127 vero
2468 2072 2720 2128 additur:
2762 2076 2856 2130 Vel
2896 2081 2981 2148 qui
3010 2084 3241 2151 concepti
3295 2101 3399 2138 non
3444 2088 3681 2143 viderunt
3725 2093 3904 2148 lucem.

2314 2164 2382 2220 Hi
2412 2181 2663 2237 namque,
2686 2170 2777 2240 qui
2806 2180 2929 2240 post
2951 2184 3228 2244 acceptam
3274 2178 3449 2247 legem
3478 2182 3531 2236 in
3572 2183 3678 2240 hoc
3707 2189 3907 2245 mundo

2313 2260 2425 2314 nati
2450 2269 2594 2327 sunt,
2622 2264 2828 2317 auctori
2850 2280 2948 2319 suo
2971 2266 3212 2335 ejusdem
3234 2270 3367 2339 legis
3394 2282 3519 2328 sunt
3541 2276 3906 2339 admonitione

2312 2357 2579 2426 concepti.
2599 2356 2704 2411 Sed
2727 2366 2906 2416 tamen
2932 2366 3181 2433 concepti
3203 2365 3378 2423 lucem
3399 2371 3620 2427 minime
3634 2375 3904 2446 viderunt,

2310 2448 2436 2517 quia
2468 2448 2535 2502 ad
2573 2450 2860 2507 adventum
2894 2454 3277 2513 incarnationis
3312 2459 3625 2529 Dominicte,
3655 2471 3901 2535 quamvis

2308 2538 2448 2595 hanc
2480 2540 2708 2596 fideliter
2731 2544 3048 2612 crederent,
3099 2551 3383 2617 pervenire
3412 2556 3786 2623 nequiverunt.
3820 2559 3903 2614 ln-

2308 2640 2557 2685 carnatus
2595 2634 2793 2704 quippe
2831 2635 3087 2692 Dominus
3115 2639 3243 2695 dicit
3277 2661 3288 2694 :
3322 2641 3435 2714 Ego
3466 2662 3579 2700 sum
3608 2649 3699 2702 tua:
3721 2654 3898 2706 mundi

2308 2721 2488 2793 (Joan.
2517 2741 2627 2793 vni,
2652 2726 2760 2797 19.).
2796 2728 2970 2797 Atque
2997 2730 3111 2801 ipsa
3148 2732 3264 2788 Lux
3294 2736 3369 2790 ait
3399 2756 3411 2791 :
3439 2736 3597 2793 Multi
3634 2745 3898 2814 propheta:

2304 2824 2353 2868 et
2396 2817 2526 2885 justi
2556 2818 2975 2876 desideraverunt
3017 2826 3187 2881 videre
3214 2845 3328 2897 qum
3354 2832 3554 2899 videtis,
3594 2846 3643 2889 et
3682 2855 3787 2893 non
3823 2842 3899 2893 vi-

2304 2909 2488 2963 derant
2521 2911 2733 2982 (Matth.
2760 2932 2876 2978 xm,
2907 2916 3017 2979 17).
3052 2917 3295 2991 Concepti
3334 2924 3495 2992 igitur
3524 2944 3624 2981 non
3658 2931 3896 2987 viderunt

2302 2999 2487 3064 lucem,
2517 3003 2642 3072 quia
2674 3004 2741 3058 ad
2772 3021 2923 3075 spem
2952 3011 3163 3064 venturi
3200 3010 3510 3071 Mediatoris
3542 3020 3741 3089 apertis
3767 3037 3895 3091 pro-

2300 3092 2585 3162 phetarum
2634 3098 2856 3154 vocibus
2906 3101 3167 3169 excitati,
3216 3121 3556 3177 nequaquam
3602 3122 3894 3182 potuerunt

2298 3198 2522 3239 cernere
2548 3184 2664 3254 ejus
2690 3187 3137 3247 incarnationem.
3177 3197 3329 3267 133
3353 3197 3411 3252 In
3438 3199 3521 3255 his
3550 3202 3731 3273 itaque
3759 3222 3888 3263 con-

2297 3284 2486 3345 ceptus
2516 3278 2740 3335 interior
2769 3283 2995 3339 formam
3025 3284 3153 3343 fidei
3185 3289 3391 3362 edidit,
3436 3295 3531 3350 sed
3556 3296 3697 3354 hanc
3724 3316 3889 3371 usque

2300 3368 2366 3423 ad
2388 3380 2629 3440 apertam
2659 3374 2920 3432 visionem
2949 3378 3140 3435 divina:
3163 3385 3459 3451 praesentia:
3484 3404 3591 3445 non
3615 3393 3887 3461 perduxit,

2298 3460 2422 3528 quia
2452 3463 2599 3531 prius
2636 3465 2735 3521 hos
2784 3483 2815 3522 a
2863 3471 3064 3527 mundo
3108 3488 3256 3530 mors
3295 3476 3660 3539 interveniens
3688 3488 3890 3557 rapuit,

2297 3567 2459 3621 quam
2487 3556 2767 3612 manifesta
2797 3562 3052 3617 mundum
3082 3561 3288 3622 Veritas
3322 3580 3342 3607 ο
3376 3569 3684 3629 illustravit.

2369 3646 2515 3718 [γει.
2550 3648 2707 3704 XXX
2724 3651 2915 3726 VIII.]
2947 3654 3036 3711 65.
3068 3657 3166 3712 Job
3192 3664 3448 3729 prteterita
3476 3681 3693 3722 cernens
3721 3679 3775 3723 et
3805 3674 3891 3743 fu-

2295 3748 2432 3807 tura,
2485 3744 2553 3797 ad
2583 3755 2781 3801 aeterna
2809 3750 3038 3806 anhelat.
3064 3784 3135 3795 —
3157 3754 3249 3810 Vir
3270 3757 3426 3826 igitur
3451 3771 3673 3819 sanctus
3693 3766 3886 3835 spiritu

2292 3834 2609 3892 aeternitatis
2661 3839 2886 3908 plenus,
2935 3860 3096 3900 manu
3124 3848 3301 3905 cordis
3328 3861 3522 3908 cuncta
3549 3834 3787 3913 labentia
3817 3860 3883 3917 ad

2292 3924 2611 3980 memoriam
2670 3932 2947 3999 astringit;
3003 3943 3059 3989 et
3111 3937 3235 4007 quia
3294 3952 3517 4011 angusta
3571 3955 3656 4001 est
3712 3952 3883 4006 omnis

2293 4025 2540 4073 creatura
2568 4024 2831 4091 creatori,
2872 4041 2967 4096 per
2995 4030 3243 4086 eumdem
3274 4034 3544 4104 spiritum,
3578 4041 3671 4109 qui
3701 4040 3727 4079 ἀ
3754 4043 3881 4098 nihil

2292 4108 2345 4162 in
2369 4125 2428 4164 se
2457 4111 2543 4166 vel
2575 4112 2729 4182 juxta
2760 4132 2820 4171 se
2850 4118 3013 4187 aliud,
3046 4122 3145 4177 nisi
3175 4140 3392 4196 semper
3420 4144 3537 4184 esse
3562 4130 3746 4201 habet,
3780 4136 3879 4191 hoc

2291 4199 2435 4269 quod
2463 4203 2598 4269 erit,
2651 4206 2755 4260 hoc
2782 4209 2925 4277 quod
2967 4214 3253 4281 praeteriit,
3293 4221 3589 4289 conspicit;
3638 4239 3703 4279 ac
3735 4199 3877 4281 infra

2289 4306 2559 4361 supraque
2599 4298 2797 4351 mentis
2835 4301 3047 4356 oculum
3088 4307 3285 4371 tendit,
3336 4317 3392 4365 et
3437 4313 3704 4369 venientia
3735 4316 3880 4371 velut

2290 4387 2561 4437 transacta
2597 4387 2972 4458 considerans,
3021 4395 3087 4449 ad
3116 4405 3375 4454 mternum
3413 4417 3530 4459 esse
3574 4406 3879 4464 medullitus

2288 4471 2598 4543 inardescit,
2649 4479 2833 4537 dicens
2883 4502 2893 4536 :
2953 4484 3110 4542 Nunc
3158 4492 3295 4546 enim
3344 4494 3606 4553 demicus
3649 4502 3869 4556 silerem.

2288 4559 2446 4617 Nunc
2473 4567 2614 4621 enim
2638 4575 2921 4639 praesentis
2942 4587 3023 4632 est
3054 4584 3334 4653 temporis.
3366 4585 3435 4640 Et
3460 4590 3589 4657 quid
3616 4600 3699 4647 est
3726 4602 3877 4649 stan-

2288 4659 2396 4706 tem
2435 4670 2648 4726 semper
2688 4659 2742 4714 in
2778 4668 3033 4731 praesenti
3062 4671 3297 4739 quietem
3344 4690 3615 4745 qumrere,
3668 4682 3771 4737 nisi
3812 4684 3876 4738 ad

2282 4741 2432 4811 illud,
2462 4747 2549 4801 cui
2579 4750 2709 4803 nihil
2732 4755 2898 4819 venit,
2932 4758 3063 4812 nihil
3094 4741 3638 4837 praeterit,-gaudium
3660 4775 3879 4829 aeterni-

2283 4834 2408 4888 tatis
2444 4837 2736 4894 anhelare?
2784 4842 2939 4911 Quod
2977 4848 3226 4907 nimirum
3269 4834 3481 4915 Veritas
3510 4876 3729 4933 semper
3759 4881 3878 4923 esse

2278 4942 2454 5015 suum,
2486 4940 2544 4985 ut
2565 4935 2720 4990 nobis
2745 4946 3018 5013 utcunque
3042 4946 3367 5019 infunderet,
3399 4956 3581 5028 Moyse
3601 4961 3879 5017 mediante

2276 5011 2545 5091 insinuat,
2588 5027 2821 5085 dicens:
2853 5031 2967 5105 Ego
3002 5055 3113 5094 sum
3156 5045 3244 5114 qui
3273 5064 3405 5101 sum.
3453 5049 3525 5104 Et
3567 5053 3707 5109 dices
3745 5056 3876 5125 ﬁliis

2276 5108 2490 5169 Israel:
2525 5114 2625 5180 Qui
2654 5131 2749 5190 est,
2779 5125 2917 5178 misit
2948 5145 3027 5182 me
3050 5132 3119 5184 ad
3148 5108 3234 5189 eos
3262 5136 3466 5204 (Exod.
3500 5158 3576 5208 ιιι,
3612 5108 3876 5216 M).'Sed

2268 5214 2427 5269 ecce,
2471 5207 2597 5275 quia
2629 5210 2862 5268 labentia
2902 5222 3195 5291 conspicit,
3230 5227 3355 5295 quia
3387 5246 3603 5303 semper
3629 5250 3876 5305 przesens

2265 5292 2518 5358 gaudium
2546 5302 2767 5371 qumrit,
2800 5307 2924 5376 quia
2955 5320 3194 5370 ventura:
3238 5317 3373 5375 lucis
3403 5306 3698 5394 memorat,
3741 5332 3869 5400 quia

3684 5381 3697 5394 ,
3748 5381 3859 5400 Γ--

2262 5381 2559 5443 electorum
2602 5392 2718 5461 ejus
2759 5398 2976 5457 ordines
3018 5419 3343 5465 enumerans
3388 5426 3581 5483 pensat
3620 5436 3633 5471 :
3686 5419 3859 5489 ipsam

2254 5472 2365 5542 jam
2406 5480 2565 5537 nobis
2594 5489 2832 5556 apertius
2862 5496 3097 5562 quietem
3129 5501 3288 5572 hujus
3327 5506 3463 5563 lucis
3492 5510 3733 5569 insinuet
3756 5557 3772 5582 ,
3813 5531 3869 5578 et

2272 5570 2401 5638 quid
2452 5578 2593 5644 apud
2651 5580 2794 5638 illam
2835 5592 3074 5657 quotidie
3116 5570 3537 5681 depravorum‘
3569 5623 3863 5666 conversa-

2346 5698 2369 5772 ξ
2396 5688 2591 5775 rlibent.
2620 5706 2673 5751 et
2706 5698 2938 5775 lien_iig.,
2968 5711 3158 5767 mundo
3187 5715 3485 5775 illustravit.

2862 5755 2938 5771 νη,
2968 5755 3156 5767 --νιν-νννν
3189 5755 3391 5772 υσιιυισα
3426 5755 3485 5775 σι.

2336 5755 2652 5866 ἀδδίονμιὲε.
2702 5771 2885 5866 egi-(li...
2911 5776 3116 5866 eum,
3176 5755 3663 5866 RhcquRemig"
3697 5796 3861 5855 Com-

2338 5845 2366 5866 η
2526 5850 2571 5866 ιιι
2616 5854 2678 5866 ΛΑ
2799 5852 2910 5866 ι·¹-λ
2951 5850 3020 5866 ’λι
3120 5854 3169 5866 ⁴’”
3322 5862 3408 5866 ’.μ

2263 5828 2448 5896 pend.,
2477 5831 2723 5943 Viilldoc.,
2749 5841 2914 5943 Editi‘s
2930 5828 3408 5918 hibéh’uliu's'ﬁiiit
3429 5828 3861 5943 ’ἑιῖιῗὸὶ

2263 5914 2415 5943 omne
2444 5920 2562 5943 mlm
2606 5920 2704 5943 an!
2756 5929 2852 5943 num
2923 5935 2977 5943 Α..
3014 5925 3142 5943 --ηλ
3230 5929 3262 5943 ι-

2263 5914 2415 5957 omne
2444 5906 2579 5971 quod
2605 5911 2724 5981 erit,
2752 5929 2852 5985 pro
2880 5917 2977 5975 hoc
3004 5906 3279 5993 quodverivt.
