4180 6454
302 347 409 409 675

1239 331 1598 391 MORALIIJM
1635 331 1766 390 LIB.
1804 331 1896 410 Ν.
1924 359 1996 376 -
2031 331 2100 389 IN
2136 332 2292 390 CAP.
2333 331 2398 389 III
2437 331 2499 389 Β.
2539 331 2678 390 JOB.

3475 335 3584 395 67b

299 467 452 525 tione
480 470 508 502 ι
548 459 752 532 agitur,
803 455 983 513 verbis
1015 451 1475 510 manifestioribus
1529 453 1882 511 demonstret.
1912 455 1966 516 Α
1991 454 2257 525 piscentia
2279 498 2294 522 ,
2335 469 2495 523 quam
2540 471 2650 511 non
2693 469 2819 511 mox
2852 455 3016 511 etiam
3043 454 3294 525 proprius
3337 456 3584 528 sequitur

299 556 556 627 Sequitur
593 571 607 607 :

405 645 636 705 CAPUT
681 641 895 700 XXXIII
927 641 1080 715 [Vet.
1113 640 1380 707 XXXIX,
1415 641 1541 695 Rea.
1566 638 1784 712 XXX].

370 741 539 798 Vens.
569 738 658 794 17.
683 769 755 780 ——
783 735 867 790 Ibi
893 736 1039 806 impii
1065 742 1393 790 cessaverunt
1419 751 1454 788 a
1477 734 1716 801 tumultu,
1747 741 1798 787 et
1819 733 1891 787 ibi

300 840 654 913 requiem-unt
678 836 801 908 fessi
829 834 1029 889 robore.

372 931 460 986 66.
509 929 670 998 Impii
716 925 1104 980 Incarnationis
1152 924 1399 993 beneﬁcio
1447 941 1480 977 a
1524 923 1667 994 gravi
1715 921 1892 976 labore

300 1024 483 1096 erepti.
506 1053 579 1064 —-
597 1020 767 1075 Paulo
786 1027 911 1073 ante
933 1018 1046 1087 jam
1068 1017 1301 1072 diximus
1323 1017 1446 1085 quia
1468 1016 1631 1072 corda
1661 1031 1892 1087 peccan-

301 1119 434 1175 tium
463 1132 560 1189 per
587 1116 690 1170 hoc
729 1113 872 1183 quod
900 1111 1156 1182 strepitus
1195 1109 1580 1165 desideriorum
1609 1109 1887 1180 possidet,

301 1211 479 1280 gravis
520 1206 906 1276 cogitationum
952 1201 1323 1271 instigantium
1370 1193 1627 1256 tumultus
1668 1201 1887 1271 premit.

302 1300 411 1357 Sed
440 1301 494 1356 in
523 1300 624 1354 hac
651 1299 798 1364 luce,
832 1310 994 1368 quam
1023 1294 1271 1364 concepti
1300 1293 1521 1347 minime
1547 1291 1826 1357 viderunt,
1859 1307 1891 1346 a

303 1394 536 1450 tumultu
555 1407 654 1447 suo
685 1389 834 1460 impii
857 1401 1073 1443 cessare
1091 1385 1462 1456 perhibentur,
1494 1383 1619 1452 quia
1641 1382 1893 1437 nimirum

303 1486 615 1543 Mediatoris
644 1483 932 1540 adventum
953 1523 968 1549 ,
996 1495 1156 1551 quem
1189 1487 1368 1549 patres
1393 1478 1447 1532 in
1475 1477 1593 1545 lege
1614 1476 1773 1546 positi
1801 1475 1893 1530 diu

303 1579 595 1652 pnestolati
619 1584 764 1643 sunt,
796 1575 863 1630 ad
890 1575 1015 1629 vita:
1042 1588 1153 1628 sua:
1180 1572 1421 1642 requiem
1451 1571 1634 1641 populi
1666 1569 1894 1638 gentiles

301 1673 644 1737 invenerunt,
669 1668 836 1724 Paulo
857 1674 1166 1726 attestante.
1199 1665 1289 1734 qui
1314 1664 1389 1718 ait
1418 1683 1429 1715 :
1461 1663 1612 1728 Quod
1633 1663 1894 1734 quaerebat

304 1763 496 1829 Israel,
529 1764 622 1818 hoc
643 1779 746 1817 non
765 1769 842 1816 est
871 1767 1192 1824 consecutus,
1223 1758 1402 1812 electio
1427 1767 1595 1810 autem
1617 1762 1894 1810 consecuta

1997 546 2260 604 defectus.
2310 546 2412 615 Qui
2457 549 2602 603 enim
2648 549 2716 603 ad
2761 548 3059 620 appetenda
3095 549 3408 606 aeternitatis
3448 551 3584 606 atria

1997 641 2325 705 accenditur,
2360 639 2581 710 dignum
2605 641 2856 710 profecto
2877 649 2960 696 est
2985 648 3045 696 ut
3074 640 3140 696 ab
3169 641 3277 697 hoc
3303 649 3584 713 tempora-

1996 733 2164 788 litatis
2207 748 2392 789 amore
2431 733 2686 800 lassetur,
2737 742 2797 788 ut
2836 741 2988 790 tanto
3017 733 3271 804 frigescat
3312 734 3380 789 ab
3408 735 3586 792 studio

1996 829 2197 896 saeculi,
2220 835 2422 898 quanto
2445 827 2615 897 surgit
2637 827 2914 884 ardentior
2934 829 2988 883 in
3011 844 3251 888 artiorem
3271 827 3389 884 Dei.
3414 829 3586 896 Quem

1997 923 2206 980 scilicet
2224 923 2268 980 si
2291 923 2530 994 perfecte
2554 923 2760 993 arripit,
2781 924 3038 978 mundum
3062 925 3225 979 etiam
3251 923 3409 994 plene
3429 923 3587 980 dere-

1998 1017 2219 1086 linquit;
2253 1025 2308 1073 et
2331 1032 2397 1072 eo
2426 1015 2662 1071 funditus
2694 1017 3076 1087 temporalibus
3105 1019 3352 1086 moritur,
3385 1034 3490 1089 quo
3521 1019 3590 1074 ad

1999 1127 2285 1182 supernam
2320 1112 2486 1166 vitam
2517 1110 2676 1165 altius
2721 1111 2905 1166 amatu
2942 1113 3258 1168 aeternitatis
3297 1113 3584 1168 animatur.

1998 1202 2081 1258 An
2106 1219 2212 1259 non
2232 1205 2427 1259 robore
2447 1219 2546 1259 suo
2568 1202 2762 1259 fessam
2787 1219 2846 1259 se
2870 1205 3168 1270 invenerat,
3196 1221 3314 1274 quae
3334 1206 3548 1262 dicebat
3571 1223 3584 1260 :

1997 1296 2188 1350 Anima
2206 1315 2321 1351 mea
2344 1298 2622 1368 liquefacta
2666 1303 2762 1363 est,
2795 1306 2884 1350 utc
2901 1296 3098 1351 loculus
3120 1306 3195 1350 est
3219 1296 3391 1368 (Cant.
3416 1315 3472 1366 v,
3496 1297 3549 1367 εἰ)
3565 1298 3591 1352 ?

1999 1385 2136 1453 Quia
2172 1388 2425 1443 nimirum
2464 1402 2616 1442 mens
2645 1387 2771 1442 dum
2815 1388 3039 1443 occultae
3068 1387 3357 1443 locutionis
3387 1389 3592 1458 aspira-

1999 1479 2148 1534 tione
2169 1484 2422 1549 tangitur,
2454 1494 2483 1533 a
2507 1485 2649 1534 statu
2674 1494 2784 1534 sua:
2809 1478 3137 1534 fortitudinis
3157 1477 3445 1544 infirmata,
3475 1479 3594 1549 ipso

1998 1587 2108 1642 quo
2136 1572 2455 1628 absorbetur
2480 1571 2748 1627 desiderio
2779 1571 3046 1640 liquatur;
3093 1578 3148 1625 et
3189 1569 3316 1625 inde
3352 1585 3412 1626 se
3451 1569 3595 1640 apud

1999 1665 2343 1734 semetipsam
2373 1662 2569 1719 fessam
2599 1663 2833 1728 invenit,
2876 1662 3017 1717 unde
3056 1661 3194 1716 ultra
3226 1677 3286 1717 se
3315 1677 3434 1718 esse
3461 1677 3596 1718 con-

2000 1758 2159 1828 spicit
2179 1758 2569 1822 fortitudinem,
2599 1771 2760 1825 quam
2783 1754 3117 1810 conscendit.
3147 1752 3286 1808 Hinc
3305 1753 3593 1824 propheta,

303 1863 380 1909 est
407 1853 595 1926 (Rom.
624 1869 706 1919 x1,
740 1853 822 1922 7).
863 1851 924 1906 In
953 1851 1057 1905 hac
1085 1851 1266 1918 itaque
1286 1849 1405 1904 luce
1433 1848 1580 1916 impii
1605 1863 1635 1901 a
1663 1847 1896 1901 tumultu
1925 1853 1974 1912 Β
2001 1865 2120 1904 cum
2148 1849 2410 1904 visionem
2442 1847 2535 1901 Dei
2565 1863 2624 1902 se
2666 1847 3014 1916 conspexisse
3039 1847 3280 1910 diceret,
3311 1844 3553 1914 a'djungit
3574 1884 3590 1910 ,

304 1952 542 2012 cessant,
573 1945 701 1999 dum
723 1958 1105 2014 perversorum
1131 1950 1359 2006 mentes,
1388 1939 1617 1994 veritate
1640 1939 1854 2008 cognita
1879 1980 1894 2005 ,

304 2035 576 2090 laboriosa
620 2032 803 2088 mundi
836 2032 1102 2088 desideria
1150 2030 1385 2099 fugiunt,
1436 2037 1492 2084 et
1520 2027 1899 2098 tranquillitati

303 2127 482 2182 intimi
523 2126 725 2182 amoris
768 2125 1135 2196 acquiescunt.
1177 2123 1260 2177 An
1291 2137 1396 2177 non
1431 2122 1498 2176 ad
1539 2121 1896 2177 cessationem

302 2226 466 2274 vocat
493 2217 608 2273 Lux
653 2218 801 2288 ipsa,
849 2222 966 2288 qua:
995 2216 1069 2270 ait
1102 2232 1115 2270 :
1153 2215 1335 2270 Venite
1366 2215 1435 2267 ad
1462 2231 1542 2268 me
1593 2229 1768 2268 omnes
1810 2213 1898 2284 qui

304 2311 556 2366 laboratis
585 2319 635 2365 et
674 2309 876 2365 onerati
915 2310 1065 2374 estis,
1107 2317 1156 2362 et
1184 2324 1276 2378 ego
1305 2323 1390 2361 vos
1419 2305 1653 2375 reﬁciam
1684 2321 1700 2357 :
1731 2303 1898 2358 tollite

300 2405 484 2476 jugum
504 2419 674 2458 meum
693 2419 850 2474 super
868 2418 957 2456 vos
977 2440 992 2464 ,
1021 2408 1069 2454 et
1091 2401 1270 2454 discite
1292 2417 1324 2452 a
1349 2416 1429 2453 me
1445 2437 1460 2462 ,
1483 2399 1602 2468 quia
1622 2397 1761 2450 mitis
1783 2413 1897 2449 sum

306 2506 356 2551 et
382 2496 591 2549 Immitis
621 2494 802 2560 corde,
845 2503 893 2548 et
931 2494 1200 2548 invenietis
1228 2491 1452 2562 requiem
1480 2487 1752 2543 animabus
1787 2505 1900 2542 ves-

308 2589 434 2650 tris;
459 2587 642 2658 jugum
671 2588 806 2640 enim
834 2602 1001 2639 meum
1029 2601 1182 2638 suave
1209 2591 1316 2647 est,
1347 2592 1396 2635 et
1437 2598 1563 2635 onus
1595 2598 1763 2635 meum
1792 2582 1899 2636 leve

306 2685 384 2732 est
411 2675 627 2748 (Matth.
658 2693 733 2739 χι,
760 2675 858 2741 28,
895 2675 983 2739 29,
1017 2675 1143 2745 30)?
1173 2673 1310 2740 Quid
1338 2675 1482 2729 enim
1509 2688 1672 2742 grave
1702 2673 1899 2728 mentis

309 2775 510 2823 nostra:
529 2766 828 2822 cervicibus
848 2767 1095 2835 imponit,
1109 2766 1200 2835 qui
1221 2764 1378 2819 vitari
1400 2763 1896 2819 omnedesiderium

309 2860 454 2930 quod
479 2859 763 2930 perturbat
785 2858 1060 2927 praecipit?
1091 2856 1229 2922 Quid
1256 2870 1420 2926 grave
1441 2854 1693 2923 subjectis
1721 2853 1895 2922 jubet,

310 2950 401 3019 qui
421 2948 681 3004 declinari
703 2947 972 3003 laboriosa
997 2947 1180 3001 mundi
1205 2947 1362 3014 hujus
1391 2946 1580 3000 itinera
1605 2943 1897 2999 admonet?

312 3039 616 3096 Attcstante
643 3047 821 3095 autem
847 3039 1015 3093 Paulo
1046 3038 1312 3108 apostolo,
1343 3035 1579 3091 Christus
1605 3053 1697 3106 pro
1724 3037 1898 3106 impiis

311 3144 539 3187 mortuus
568 3141 644 3186 est
669 3130 846 3204 (Rom.
880 3147 930 3195 v,
964 3129 1041 3200 6).
1075 3127 1182 3183 Sed
1205 3128 1404 3185 idcirco
1433 3129 1649 3196 dignata
1680 3135 1762 3182 est
1800 3141 1896 3196 pro

2002 1940 2230 2011 Elangui
2252 1950 2301 1992 et
2329 1940 2574 2010 wgrotari
2603 1955 2693 2008 per
2715 1939 2825 1992 dies
2849 1939 3100 2006 plurimos
3125 1935 3285 2005 (Dan.
3316 1951 3426 2000 vut,
3459 1934 3550 2005 2'7)
3576 1977 3591 2002 ,

2002 2034 2125 2105 quia
2151 2049 2273 2088 cum
2302 2033 2370 2087 ad
2401 2033 2653 2086 virtutem
2683 2031 2777 2084 Dei
2807 2047 2962 2085 mens
2991 2029 3291 2099 stringitur,
3321 2044 3352 2082 a
3379 2028 3596 2083 fortitu-

2001 2125 2127 2180 dine
2168 2126 2384 2195 prOpria
2422 2140 2550 2179 caro
2581 2124 2828 2178 lassatur.
2865 2121 3019 2195 [Vet.
3052 2119 3211 2192 XL.]
3242 2120 3376 2176 Hine
3403 2119 3591 2188 Jacob,

2001 2219 2092 2288 qui
2145 2216 2397 2286 angelum
2453 2215 2663 2283 tenuit,
2720 2230 2828 2267 uno
2884 2228 3013 2267 mox
3070 2212 3204 2283 pede
3273 2212 3597 2267 claudicavit

2005 2311 2224 2383 (Genes.
2269 2326 2436 2374 xxxu,
2481 2307 2610 2379 25),
2662 2309 2786 2378 quia
2826 2308 2918 2376 qui
2954 2322 3085 2362 vero
3125 2321 3310 2361 amore
3347 2306 3595 2362 sublimia

2001 2405 2248 2475 respicit,
2290 2402 2402 2473 jam
2444 2403 2496 2456 in
2537 2403 2680 2457 hunc
2715 2401 2971 2456 mundum
3015 2399 3318 2470 duplicibus
3346 2399 3598 2456 incedere

2002 2498 2282 2554 desideriis
2313 2497 2502 2552 nescit.
2553 2495 2672 2550 Uno
2702 2495 2844 2550 enim
2874 2493 3011 2564 pede
3042 2493 3317 2558 innititur,
3355 2493 3448 2562 qui
3477 2493 3597 2549 solo

2003 2589 2096 2645 Dei
2120 2605 2304 2643 amore
2327 2589 2644 2653 roboratur;
2669 2595 2724 2642 et
2748 2601 2972 2641 necesse
2993 2593 3073 2641 est
3096 2593 3155 2640 ut
3175 2586 3311 2642 alius
3332 2593 3596 2655 marceat,

2002 2681 2145 2750 quia,
2180 2679 2375 2733 mentis
2405 2679 2600 2731 virtute
2628 2683 2940 2742 crescente,
2971 2681 3186 2746 oportet
3212 2675 3403 2745 procul
3433 2674 3597 2730 dubio

2003 2782 2062 2828 ut
2091 2773 2270 2828 carnis
2301 2770 2560 2826 fortitudo
2589 2777 2886 2840 torpescat.
2928 2768 3126 2823 Beatus
3162 2768 3324 2838 igitur
3363 2767 3466 2824 Job
3489 2767 3597 2823 alta

2003 2863 2238 2918 ﬁdelium
2263 2861 2426 2918 corda
2447 2861 2721 2932 respiciat,
2749 2868 2910 2930 atque
2933 2858 3230 2931 perpendat
3242 2874 3402 2929 quem
3417 2860 3596 2916 sinum

2002 2953 2204 3007 intima:
2233 2953 2431 3022 quietis
2480 2952 2789 3019 inveniunt,
2831 2950 2958 3006 dum
2985 2966 3016 3006 a
3044 2949 3249 3006 viribus
3278 2952 3511 3022 propriis
3540 2950 3597 3007 in

2003 3047 2170 3101 Deum
2201 3043 2530 3115 proﬁciendo
2562 3045 2829 3099 lassantur
2851 3083 2866 3108 ,
2912 3051 2967 3099 et
2994 3043 3138 3098 dicat
3171 3061 3184 3095 :
3220 3041 3303 3097 Ibi
3333 3044 3596 3115 requieve-

2003 3148 2123 3192 runt
2148 3139 2272 3208 fessi
2296 3137 2499 3192 robore.
2536 3134 2613 3190 Ac
2640 3137 2682 3191 si
2715 3144 2901 3206 aperte
2930 3135 3186 3200 insinuet,
3219 3133 3407 3190 dicens
3440 3152 3452 3187 :
3484 3133 3598 3190 Illic

312 3224 490 3294 impiis
518 3224 633 3293 ipsa
673 3221 789 3278 Lux
814 3221 1166 3286 occumbere,
1199 3235 1266 3274 ne
1291 3220 1438 3288 impii
1471 3220 1524 3274 Ῑιι
1556 3220 1898 3274 tenebrarum
1930 3232 1972 3292 C
2005 3231 2222 3299 requies
2250 3229 2385 3284 lucis
2416 3238 2757 3293 remunerat,
2808 3243 2944 3298 quos
2973 3227 3062 3282 hic
3092 3226 3315 3281 interius
3345 3240 3598 3282 recreans

313 3330 532 3371 suarum
562 3315 791 3370 tumultu
819 3323 1184 3370 remanerent.
1213 3312 1624 3383 Contempletur
1653 3326 1780 3381 ergo
1823 3313 1902 3367 vir

312 3416 535 3463 sanctus
546 3408 689 3476 quod
711 3406 828 3461 Lux
848 3421 944 3477 per
963 3406 1348 3462 incarnationis
1364 3421 1475 3460 suae
1497 3405 1807 3475 mysterium
1833 3419 1904 3460 ex

314 3499 464 3570 gravi
493 3499 678 3554 labore
719 3500 912 3570 impios
941 3499 1134 3570 eripit,
1165 3498 1292 3552 dum
1333 3498 1401 3552 ab
1430 3513 1618 3552 eorum
1649 3496 1902 3552 cordibus

314 3592 582 3648 desideria
623 3593 904 3662 pravitatis
935 3593 1093 3661 tergit
1119 3609 1134 3656 ;
1176 3591 1570 3662 contempletur
1599 3589 1743 3658 quod
1772 3605 1903 3644 con-

314 3684 457 3738 versi
481 3684 680 3754 quique
709 3685 944 3754 quietem
969 3722 982 3747 ,
1027 3698 1187 3751 quam
1210 3682 1491 3753 percipere
1522 3680 1573 3734 in
1602 3681 1902 3734 aeternitate

315 3772 661 3839 desiderant,
713 3774 800 3828 hic
834 3773 946 3842 jam
985 3787 1083 3841 per
1108 3771 1550 3838 tranquillitatem
1579 3770 1775 3823 mentis
1804 3769 1902 3823 de-

315 3875 554 3937 gustant,
586 3874 640 3920 et
668 3865 809 3920 dicat
837 3883 848 3916 :
883 3863 966 3916 Ibi
992 3865 1138 3933 impii
1167 3872 1492 3915 cessaverunt
1518 3878 1550 3913 a
1579 3862 1815 3925 tumultu,
1854 3872 1904 3916 et

316 3958 397 4031 ibi
416 3959 768 4031 requievertmt
791 3956 913 4027 fessi
936 3954 1136 4010 robore.

391 4029 558 4122 .134
601 4048 690 4102 67.
742 4045 854 4111 Quo
892 4048 1007 4118 plus
1048 4048 1102 4100 in
1133 4062 1308 4099 amore
1345 4044 1444 4100 Dei
1474 4044 1804 4109 roborantur,
1845 4062 1903 4098 eo

323 4144 488 4215 magis
518 4142 785 4212 deﬁcimus
815 4157 846 4194 a
875 4140 1086 4210 propria
1124 4138 1325 4192 virtute.
1371 4136 1486 4190 Lux
1514 4145 1708 4190 caterua
1764 4136 1905 4188 locus

322 4243 515 4288 noster.
558 4261 629 4272 —-
669 4229 868 4286 Omnes
922 4230 1065 4285 enim
1105 4228 1203 4299 qui
1250 4228 1303 4281 in
1351 4227 1454 4283 hoc
1501 4227 1700 4280 mundo
1739 4225 1905 4281 fortes

321 4332 476 4389 sunt,
527 4325 725 4380 robore
752 4321 905 4393 quasi
935 4323 1099 4378 fortes
1125 4331 1278 4388 sunt,
1322 4336 1429 4376 non
1459 4322 1654 4375 robore
1682 4317 1898 4374 defessi.

323 4417 426 4484 Qui
446 4435 577 4475 vero
601 4420 654 4474 in
671 4419 907 4475 auctoris
922 4418 1004 4472 sui
1027 4431 1210 4472 amore
1232 4416 1579 4479 roborantur,
1605 4430 1712 4485 quo
1736 4414 1906 4484 magis

323 4513 378 4568 in
409 4512 695 4581 concupita
723 4510 820 4564 Dei
847 4508 1592 4576 fortitudine;convalescunt,
1626 4521 1691 4562 eo
1721 4521 1750 4560 a
1781 4521 1906 4576 pro-

2007 3330 2294 3394 provectus
2315 3321 2522 3389 fatigat.
2556 3319 2665 3375 Nec
2687 3334 2908 3374 movere
2933 3319 3099 3374 debet
3125 3317 3270 3388 quod
3296 3317 3471 3373 lucem
3498 3333 3599 3372 no-

2005 3416 2236 3479 minans,
2266 3427 2606 3483 nequaquam
2627 3410 2902 3466 subdidit:
2935 3410 3002 3464 In
3023 3410 3137 3476 hac,
3169 3409 3262 3464 sed
3293 3408 3397 3463 Ibi.
3425 3407 3601 3476 Quam

2007 3508 2150 3564 enim
2179 3508 2460 3562 continere
2488 3505 2692 3560 electos
2721 3503 3024 3576 conspicit,
3071 3501 3224 3572 quasi
3271 3501 3454 3557 locum
3501 3517 3601 3557 no-

2005 3607 2177 3656 strum
2207 3600 2348 3653 hanc
2387 3613 2507 3654 esse
2534 3594 2912 3666 deprehendit.
2948 3593 3101 3649 Unde
3154 3595 3432 3649 Psalmista
3478 3610 3600 3649 cum

2007 3689 2599 3745 incommutabilitatem
2638 3687 2957 3741 aeternitatis
2997 3674 3297 3756 aspiceret,
3353 3685 3538 3740 dicens
3581 3703 3596 3740 :

2010 3779 2086 3833 Tu
2129 3789 2298 3834 autem
2339 3779 2476 3832 idem
2515 3779 2627 3847 ipse
2673 3795 2756 3844 es,
2809 3785 2858 3831 et
2911 3778 3039 3830 anni
3088 3778 3162 3829 tui
3210 3792 3312 3830 non
3362 3777 3602 3846 deﬁcient

2010 3870 2181 3942 (Psat.
2212 3885 2281 3934 cr,
2310 3867 2425 3937 28),
2458 3869 2603 3922 hunc
2623 3867 2922 3922 electorum
2947 3867 3122 3922 locum
3148 3881 3268 3921 esse
3296 3867 3599 3938 denuntiat,

2007 3964 2243 4020 subdens
2262 3981 2272 4014 :
2296 3961 2423 4015 Filii
2441 3977 2700 4015 servor-um
2715 3971 2919 4015 tuorum
2938 3959 3302 4014 inhabitabant
3322 3960 3392 4014 ibi
3406 3959 3571 4031 (Ibid.
3585 4005 3601 4028 ,

2008 4054 2122 4125 29).
2154 4055 2295 4109 Deus
2323 4053 2465 4107 enim
2484 4093 2498 4120 ,
2532 4051 2626 4121 qui
2655 4052 2768 4107 sine
2792 4053 2898 4107 situ
2926 4052 3106 4106 omnia
3137 4052 3411 4120 continet,
3444 4053 3603 4108 nobis

2009 4143 2076 4197 ad
2121 4159 2180 4198 se
2217 4141 2556 4197 venientibus
2600 4141 2753 4196 locus
2793 4157 2901 4197 non
2945 4140 3131 4197 localis
3177 4149 3380 4196 manet.
3429 4141 3600 4208 Quem

2007 4237 2189 4291 locum
2239 4233 2365 4288 dum
2412 4232 2793 4302 pertingimus,
2847 4233 3010 4288 etiam
3057 4233 3172 4304 ipsa
3219 4233 3284 4288 ‘in
3334 4233 3436 4288 hac
3489 4233 3600 4288 vita

2009 4327 2206 4383 mentis
2231 4333 2428 4380 nostra:
2452 4325 2832 4395 tranquillitas,
2858 4333 3060 4395 quanta
3087 4325 3247 4381 fuerit
3270 4326 3602 4396 perturbatio

2010 4419 2281 4485 videmus;
2324 4417 2448 4487 quia
2487 4417 2588 4472 etsi
2612 4416 2724 4486 jam
2759 4417 2890 4488 justi
2920 4418 2975 4472 in
3003 4433 3291 4488 pravorum
3320 4432 3602 4486 compara-

2012 4513 2159 4568 tione
2177 4511 2345 4582 quieti
2368 4519 2512 4576 sunt,
2537 4511 2590 4566 in
2612 4512 2972 4567 aestimatione
2990 4519 3168 4566 tamen
3184 4511 3380 4580 quietis
3401 4509 3601 4562 intimae

321 4605 441 4675 pria
460 4604 658 4658 virtute
681 4601 963 4666 deficiunt;
995 4609 1180 4671 etquo
1208 4601 1481 4655 robustius
1507 4608 1708 4653 aeterna
1739 4613 1905 4669 appe-
1936 4605 2162 4680 Domni
2206 4603 2368 4659 modo
2413 4603 2581 4673 quieti
2628 4619 2738 4659 non
2787 4609 2931 4660 sunt.
2987 4600 3138 4657 Unde
3184 4608 3239 4656 et
3290 4600 3430 4655 bene
3476 4599 3602 4655 sub~

322 4705 468 4764 tunt,
498 4711 564 4750 eo
587 4710 617 4748 a
649 4695 1032 4764 temporalibus
1059 4693 1260 4749 salubri
1289 4693 1593 4748 defectione
1622 4694 1907 4748 lassantur.

325 4787 464 4844 Hinc
506 4785 790 4842 Psalmista
829 4784 1027 4838 amoris
1074 4785 1156 4838 sui
1205 4783 1399 4839 robore
1442 4783 1614 4840 fessus
1655 4783 1872 4840 dicebat
1897 4804 1932 4854 :_

326 4881 529 4955 Defecit
555 4878 581 4918 δ
604 4881 657 4933 in
681 4876 899 4933 salutari
925 4886 1009 4930 tuo
1029 4876 1215 4930 anima
1241 4893 1356 4930 mea
1388 4876 1560 4949 (Psal.
1587 4893 1766 4941 cxvnt,
1798 4875 1910 4949 81).

324 4975 384 5032 In
429 4977 665 5030 salutare
714 4969 858 5025 enim
907 4967 1002 5022 Dei
1050 4965 1385 5038 proliciendo
1439 4967 1746 5038 defecerat,
1789 4970 1915 5038 quia

325 5065 640 5124 aeternitatis
677 5062 854 5117 lucem
902 5057 1257 5126 desiderans,
1305 5073 1336 5112 a
1378 5059 1554 5113 carnis
1576 5058 1685 5126 jam
1715 5058 1908 5115 fiducia

324 5162 525 5216 fractus
553 5157 859 5213 anhelabat.
891 5154 1028 5210 Hinc
1055 5169 1268 5209 rursum
1298 5153 1426 5209 dicit
1460 5171 1472 5205 :
1506 5151 1830 5224 Concupivit,
1861 5166 1911 5210 et

327 5253 509 5324 defecit
538 5253 713 5304 anima
738 5265 853 5303 mea
874 5249 927 5301 in
954 5246 1094 5300 atria
1117 5245 1326 5301 Domini
1355 5245 1536 5318 (Psal.
1566 5262 1786 5312 Lxxxnt,
1820 5247 1904 5318 5).

326 5345 426 5413 Qui
447 5347 694 5402 nimirum
719 5359 840 5400 cum
864 5342 1090 5404 diceret,
1121 5340 1450 5410 Concupivit,
1483 5349 1628 5395 recte
1653 5334 1906 5406 subdidit,

326 5437 397 5494 Et
433 5439 616 5506 defecit
649 5454 666 5491 :
705 5437 831 5506 quia
869 5435 1023 5491 valde
1063 5433 1241 5488 minor
1279 5440 1362 5488 est
1389 5433 1678 5490 divinitatis
1706 5449 1909 5489 concu-

400 5585 428 5612 λ
465 5572 627 5628 Corb.
667 5573 850 5628 Germ.
883 5580 938 5627 et
967 5571 1131 5640 aliqui
1159 5569 1276 5634 alii,
1310 5569 1373 5622 de
1401 5585 1672 5638 pravorum
1701 5586 1912 5624 conver-

325 5648 492 5704 sione.
525 5643 834 5698 Lectionem
857 5644 1001 5714 hanc
1019 5651 1214 5714 utpote
1235 5640 1584 5714 sequentibus
1603 5655 1907 5714 consonam

328 5725 798 5786 anteponeremus,
844 5715 945 5768 nisi
988 5711 1115 5768 Mss.
1157 5712 1396 5768 melioris
1439 5711 1908 5768 notae'multitudo

328 5786 786 5841 nramonderaret.
1695 5826 1702 5827 ,

327 5803 786 5860 praeponaerarer.
1695 5826 1702 5827 ,

404 5858 430 5898 ι)
470 5856 548 5914 Ita
586 5854 748 5914 Corb.
791 5853 971 5912 Germ.
1015 5862 1070 5912 et
1097 5855 1186 5912 alii
1215 5864 1412 5914 vet-ist.
1452 5855 1577 5913 Mss.
1611 5864 1665 5913 et
1692 5855 1909 5927 antiqua

2013 4698 2158 4754 ditur
2184 4715 2196 4751 :

2058 4775 2060 4778 ’
2547 4786 2776 4843 CAPUT
2832 4784 3064 4842 xxxw.

2085 4884 2248 4940 Vens.
2313 4883 2401 4937 18.
2459 4910 2531 4922 ——
2593 4879 2664 4933 Et
2717 4879 2976 4952 quondam
3030 4878 3188 4934 vincti
3240 4879 3437 4949 pariter
3491 4883 3604 4937 sine

2015 4977 2270 5030 molestia.

2089 5066 2176 5120 68.
2229 5065 2449 5120 Vincula
2492 5065 2626 5118 dura
2670 5064 2852 5135 quibus
2891 5065 2971 5118 hic
3016 5065 3246 5136 ligantur
3273 5068 3428 5121 etiam
3448 5069 3599 5139 justi.

2018 5189 2088 5201 —
2125 5158 2308 5214 Justos
2337 5158 2479 5212 enim
2510 5157 2755 5227 quamvis
2782 5157 2958 5212 nullus
2987 5157 3376 5214 desideriorum
3408 5175 3602 5216 carna-

2020 5251 2148 5306 lium
2180 5250 2438 5306 tumultus
2469 5249 2762 5320 possideat,
2789 5248 2936 5304 duris
2965 5258 3144 5304 tamen
3173 5251 3400 5306 vinculis
3423 5266 3518 5306 eos
3547 5249 3603 5307 in

2018 5343 2122 5399 hac
2163 5344 2273 5397 vita
2327 5343 2532 5413 positos
2579 5357 2687 5396 suae
2735 5340 2983 5397 molestia
3030 5341 3394 5413 corruptionis
3448 5342 3602 5413 135

2018 5437 2170 5509 ligat.
2199 5437 2470 5508 Scriptum
2492 5439 2691 5508 quippe
2718 5443 2801 5494 est
2825 5454 2838 5491 :
2863 5436 3058 5508 Corpus
3077 5435 3212 5508 quod
3237 5436 3600 5504 corrumpitur,

2014 5574 2110 5631 Ed.
2141 5576 2302 5661 Basil.
2336 5576 2394 5632 In
2424 5578 2563 5661 aliis,
2595 5577 2782 5703 delecit
2802 5579 2855 5633 in
2876 5579 3107 5632 salutare
3129 5584 3290 5658 tuum.

2091 5660 2111 5687 ο
2145 5648 2303 5703 Edttt.
2336 5659 2392 5703 ut
2412 5649 2625 5703 dilectus
2668 5659 2846 5703 oculus
2867 5660 2960 5703 est.
2990 5649 3154 5703 Abest
3173 5647 3290 5702 dtlet

2091 5660 2111 5687 ο
2145 5648 2303 5714 Editi,
2336 5659 2392 5704 ut
2412 5649 2625 5704 dilectus
2648 5647 2846 5704 locutus
2867 5660 2960 5704 est.
2990 5649 3154 5703 Abest
3173 5647 3394 5704 dilectus
3415 5663 3446 5704 a
3471 5648 3599 5708 Mss.

2013 5719 2174 5776 Corb.
2229 5720 2433 5788 Germ.,
2495 5721 2654 5792 Reg,
2710 5721 2863 5778 Colb.
2900 5760 2915 5784 ,
2970 5727 3259 5789 antequam
3314 5721 3604 5780 secundam

2013 5807 2231 5848 manum
2263 5799 2556 5864 pateretur.
