4180 6456
573 315 681 373 οτι

1771 310 2015 370 SANCTI
2054 308 2384 369 GREGORII
2423 310 2473 367 Μ
2487 314 2511 361 5.
2524 310 2638 367 6N1

3753 316 3864 375 676

572 436 827 504 aggravet
850 426 1109 490 animam,
1140 433 1190 479 et
1214 424 1459 494 deprimit
1483 431 1686 478 terrena
1713 424 2022 481 inhabitatio
2041 443 2166 481 sen-
2195 432 2242 493 Α
2268 424 2547 492 exuimur,
2599 424 2753 494 quasi
2794 424 2864 480 ab
2907 423 3029 492 bis,
3079 424 3274 495 quibus
3315 440 3460 484 nunc
3487 427 3860 500 astringimur,

573 539 688 579 sum
715 520 877 576 multa
906 520 1217 592 cogitantem
1258 516 1428 589 (Sap.
1457 533 1541 581 ix,
1574 515 1693 586 l5).
1737 515 1812 573 Eo
1843 520 2023 588 itaque
2051 520 2169 590 ipso

575 628 683 684 quo
713 609 892 666 adhuc
920 609 1179 665 mortales
1209 617 1367 673 sunt,
1400 608 1766 678 corruptionis
1791 624 1901 663 sum
1928 609 2171 679 pondere

572 709 887 774 gravantur,
911 709 966 756 et
987 700 1193 756 astricti
1216 699 1461 755 molestia
1488 699 1649 754 vincti
1671 710 1820 769 sunt,
1848 702 1973 770 quia
1998 702 2049 756 in
2079 701 2167 756 illa

574 793 755 849 adhuc
790 792 1043 849 libertate
1074 792 1197 848 vitae
1238 792 1661 862 incorruptibilis
1702 808 1809 848 non
1848 800 2166 862 exsurgunt.

574 886 735 943 Aliud
759 901 991 956 namque
1020 885 1090 942 de
1116 872 1298 941 mente
1318 926 1332 951 ,
1376 885 1521 940 aliud
1542 885 1611 942 de
1638 900 1869 957 corpore
1897 887 2168 954 tolerant,

577 987 635 1036 et
670 986 859 1034 contra
902 976 1224 1047 semetipsos
1251 976 1492 1047 quotidie
1531 978 1584 1033 in
1630 978 1843 1032 interno
1872 979 2172 1035 certamine

575 1069 856 1127 desudant.
905 1068 989 1124 An
1028 1085 1135 1124 non
1179 1070 1315 1125 duro
1352 1069 1613 1126 molestiae
1656 1070 1874 1125 vinculo
1916 1070 2170 1140 ligantur,

574 1177 806 1235 quorum
836 1161 1090 1218 nimirum
1114 1177 1269 1218 mens
1290 1163 1408 1218 sine
1432 1162 1616 1218 labore
1648 1163 1700 1217 in
1733 1164 2034 1232 ignorantia
2057 1163 2170 1218 sol-

572 1254 745 1319 vitur,
795 1261 851 1309 et
900 1269 1007 1309 non
1061 1254 1163 1309 nisi
1224 1270 1348 1309 cum
1394 1255 1574 1308 studio
1623 1254 1824 1308 laboris
1892 1253 2171 1309 eruditur?

574 1355 599 1382 α
616 1343 817 1406 Coacta
842 1344 1090 1414 erigitur,
1121 1344 1294 1399 libens
1319 1346 1483 1415 jacet,
1518 1345 1586 1399 ab
1612 1344 1812 1399 inlimis
1833 1344 1922 1399 vix
1939 1344 2167 1407 levatur.

572 1446 629 1495 et
658 1448 838 1496 tamen
861 1439 1073 1495 elevata
1096 1439 1344 1511 protinus
1373 1438 1592 1495 labitur.
1624 1438 1981 1508 Semetipsam
2012 1438 2167 1492 labo-

571 1531 717 1587 riose
742 1528 1011 1587 vincendo
1029 1573 1044 1597 ,
1078 1545 1311 1601 superna
1339 1531 1638 1602 conspicit;
1676 1529 1772 1586 sed
1802 1531 2168 1595 reverberata,

573 1625 756 1681 lumen
775 1665 791 1691 ,
835 1624 983 1694 quod
1011 1639 1073 1681 se
1101 1626 1457 1680 irradiaverat
1478 1664 1492 1690 ,
1543 1623 1760 1693 refugit.
1791 1624 1872 1678 An
1900 1639 2009 1678 non
2033 1622 2169 1678 duro

576 1714 841 1771 molestia:
869 1714 1085 1770 vinculo
1115 1714 1378 1785 ligantur,
1427 1731 1565 1786 quos
1606 1730 1729 1770 cum
1769 1730 2032 1770 accensus
2060 1714 2172 1785 spi—

572 1807 708 1907 ritus
728 1807 795 1865 ad
815 1808 988 1864 sinum
1007 1809 1155 1880 pacis
1176 1808 1374 1865 intimze
1396 1809 1557 1880 pleno
1581 1808 1851 1864 desiderio
1872 1808 2170 1880 pertrahat,
2206 1824 2250 1883 ι]
2276 1807 2568 1893 ωηθθτεδε
2595 1846 2912 1907 peccalores
2943 1807 3032 1892 [ωί

573 1895 816 1955 fervente
862 1900 1160 1955 certamine
1205 1916 1334 1956 caro
1375 1900 1692 1972 perturbat?
1740 1901 1870 1968 Quae
1916 1900 2017 1956 etsi
2058 1899 2171 1968 jam

573 1997 699 2043 ante
722 1989 912 2046 faciem
942 1992 1090 2047 velut
1114 2008 1183 2047 ex
1213 1991 1443 2048 adverso
1474 1992 1591 2047 acie
1618 2000 1796 2047 erecta
1829 2007 1937 2047 non
1961 1992 2170 2059 obviat,

571 2080 750 2137 adhuc
779 2090 960 2138 tamen
990 2098 1021 2137 a
1060 2082 1257 2139 mentis
1284 2084 1448 2139 dorso
1477 2084 1628 2155 quasi
1669 2084 1880 2153 captiva
1922 2084 2173 2139 submur-

572 2182 789 2228 murat:
825 2184 883 2230 et
908 2174 933 2213 δ
964 2177 1210 2247 quamvis
1236 2176 1494 2241 timendo,
1527 2177 1621 2232 sed
1652 2184 1830 2231 tamen
1856 2177 1997 2246 turpi
2026 2184 2167 2230 stre-

573 2267 687 2335 pitu
717 2267 772 2321 in
801 2268 966 2323 corde
1001 2269 1235 2338 speciem
1267 2268 1505 2337 pulchrae
1534 2268 1733 2337 quietis
1763 2268 1947 2323 fmdat.
2002 2266 2170 2321 Electi

575 2358 741 2427 igitur
763 2361 865 2417 etsi
885 2361 1129 2417 valenter
1150 2364 1331 2416 omnia
1358 2371 1641 2434 superant,
1671 2378 1792 2416 cum
1824 2362 2171 2418 securitatem

576 2451 725 2522 pacis
772 2453 995 2507 interna:
1035 2452 1379 2522 desiderant,
1426 2455 1605 2523 gravis
1652 2455 1731 2510 eis
1773 2463 1854 2511 est
1900 2456 2166 2519 molestia,

575 2543 750 2599 adhuc
793 2544 993 2601 habere
1036 2546 1180 2615 quod
1226 2546 1461 2601 vincant.
1501 2557 1523 2583 c
1556 2545 1658 2612 Qui
1689 2546 1773 2601 bis
1802 2547 2073 2616 exceptis,
2105 2563 2169 2601 ea

577 2635 743 2691 etiam
774 2636 987 2691 vincula
1027 2636 1323 2703 sustinent,
1353 2652 1475 2706 qua:
1510 2638 1686 2705 gravis
1714 2638 1952 2693 exterius
1981 2652 2170 2692 neces-

577 2726 709 2783 sitas
731 2727 1000 2797 astringit.
1025 2726 1241 2785 Esurire
1259 2728 1478 2799 quippe,
1509 2729 1679 2796 sitire,
1706 2728 2024 2794 lassescere,
2054 2731 2171 2783 vin-

579 2820 698 2875 cula
728 2820 1090 2891 corruptionis
1120 2829 1245 2877 sunt
1277 2839 1289 2876 :
1321 2836 1441 2892 qua:
1469 2822 1678 2877 scilicet
1705 2821 1840 2878 solvi
1874 2830 2169 2893 nequeunt,

578 2912 679 2969 nisi
710 2929 834 2971 cum
861 2913 912 2971 in
944 2913 1090 2971 illam
1112 2913 1535 2971 immortalitatis
1562 2914 1786 2982 gloriam
1817 2923 1999 2968 nostra
2023 2930 2169 2969 mor-

577 3005 757 3062 talitas
794 3012 1152 3078 permutatur.
1203 3004 1223 3078 [
1252 3004 1364 3059 Vet.
1400 3003 1582 3076 XLI.j
1640 3004 1934 3074 Replemus
1960 3005 2165 3060 etenim

577 3096 961 3155 refectionibus
989 3111 1215 3171 corpus,
1259 3111 1328 3151 ne
1357 3103 1705 3153 extenuatum
1734 3096 1982 3160 deficiat;
2013 3102 2170 3150 exte-

581 3204 811 3244 nuamus
843 3189 1188 3255 abstinentia,
1223 3204 1291 3244 ne
1317 3203 1417 3243 nos
1441 3188 1706 3259 repletum
1731 3197 1963 3259 premat.
1995 3187 2170 3256 Vege-

580 3289 759 3336 tamus
801 3282 907 3337 hoc
939 3282 1210 3349 motibus,
1251 3296 1319 3337 ne
1348 3282 1454 3337 situ
1484 3281 1873 3339 immobilitatis
1912 3283 2172 3348 intereat;

581 3372 674 3427 sed
702 3372 863 3428 citius
890 3372 995 3428 hoc
1022 3373 1339 3428 collocando
1366 3372 1625 3437 sistimus,
1657 3390 1724 3429 ne
1754 3375 1865 3445 ipsa
1894 3391 1986 3429 sua
2017 3390 2175 3442 vege-

584 3464 789 3519 tatione
817 3465 1150 3520 succumbat.
1182 3464 1521 3533 Adjumentis
1542 3466 1646 3520 hoc
1672 3467 1904 3522 vestium
1928 3467 2172 3535 tegimus,

581 3570 650 3610 ne
677 3553 841 3622 frigus
863 3554 1153 3621 interimat,
1187 3563 1242 3612 et
1266 3556 1490 3624 qumsita
1514 3556 1820 3627 adjumenta
1844 3557 2171 3627 projicimus,

584 3661 652 3700 ne
673 3646 824 3702 calor
843 3654 1056 3701 exurat.
1092 3646 1195 3702 Tot
1223 3646 1386 3716 igitur
1407 3647 1806 3703 diversitatibus
1828 3659 2178 3705 occurrentes

582 3734 708 3805 quid
734 3734 964 3804 agimus,
997 3735 1099 3790 nisi
1124 3736 1556 3806 corruptibilitati
1588 3738 1869 3803 servimus,
1904 3746 1960 3791 ut
1986 3739 2176 3793 saltem

583 3828 952 3898 multiplicitas
973 3829 1202 3901 impensi
1224 3829 1469 3899 obsequii
1500 3846 1698 3900 corpus
1719 3832 2004 3899 sustineat,
2029 3832 2178 3902 quod

586 3920 832 3976 anxietas
855 3921 1077 3977 infirmae
1099 3923 1473 3979 mutabilitatis
1495 3924 1720 3991 gravat?
1754 3922 1900 3977 Unde
1922 3924 2060 3978 bene
2084 3939 2181 3992 per

587 4011 809 4069 Paulum
850 4014 1043 4071 dicitur
1077 4034 1089 4069 :
1132 4017 1531 4084 Vanitatienim
1566 4025 1803 4071 creatura
1844 4016 2075 4087 subjecta
2103 4024 2181 4071 est

587 4121 689 4159 non
707 4106 901 4175 volens,
934 4107 1025 4161 sed
1038 4116 1248 4177 propter
1267 4125 1382 4162 eum
1405 4108 1490 4178 qui
1520 4107 1734 4176 subjecit
1762 4109 1817 4160 in
1839 4125 1926 4176 spe
1951 4123 1965 4159 :
1993 4108 2111 4175 quia
2131 4114 2180 4159 et

587 4194 698 4265 ipsa
729 4204 967 4249 creatura
1011 4197 1313 4252 liberabitur
1349 4216 1379 4251 a
1420 4199 1659 4253 servitute
1702 4197 2079 4267 corruptionis,
2124 4199 2179 4251 in

591 4285 879 4342 libertatem
907 4288 1087 4360 glorite
1113 4290 1343 4360 ﬁliorum
1367 4289 1463 4343 Dei
1487 4290 1669 4360 (Rom.
1702 4306 1793 4345 vut
1813 4332 1827 4356 ,
1860 4289 1979 4360 20).
2014 4291 2178 4344 Vani-

590 4378 690 4432 tati
708 4376 907 4449 quippe
927 4390 1174 4436 creatura
1200 4396 1308 4435 non
1331 4381 1520 4436 volens
1545 4380 1809 4449 subditur,
1840 4381 1964 4450 quia
1992 4382 2177 4448 homo,

589 4470 679 4540 qui
737 4470 987 4540 ingenita:
1039 4472 1357 4529 constantia:
1412 4454 1612 4528 statum
1668 4472 1856 4527 volens
1908 4472 2176 4537 deseruit,

589 4576 808 4631 pressus
831 4560 989 4632 justas
1018 4563 1361 4620 mortalitatis
1390 4563 1659 4634 pondere,
1692 4563 1883 4619 nolens
1908 4564 2182 4619 mutabili-

592 4655 718 4709 tatis
747 4670 859 4710 suae
888 4656 1222 4725 corruptioni
1251 4657 1437 4711 servit.
1488 4655 1594 4709 Sed
1625 4664 1871 4711 creatura
1903 4657 2016 4711 lucc
2051 4667 2177 4713 tunc

590 4760 620 4800 a
650 4747 908 4802 servitute
936 4748 1300 4817 corruptionis
1326 4748 1567 4817 eripitur,
1592 4764 1714 4807 cum
1737 4748 1803 4803 ad
1829 4748 2056 4804 filiorum
2082 4749 2176 4803 Dei

592 4837 820 4908 gloriam
842 4838 1151 4910 incorrupta
1176 4840 1505 4910 resurgendo
1526 4840 1855 4897 sublevatur.
1883 4840 1980 4896 llic
2002 4842 2181 4911 itaque

594 4926 756 4983 electi
787 4928 1036 4984 molestia
1068 4930 1224 4984 vincti
1255 4940 1410 4997 sunt,
1456 4930 1581 5000 quia
1616 4930 1797 4984 adhuc
1843 4929 2177 4997 corruptioni

592 5035 701 5077 suae
732 5036 892 5094 penna
919 5020 1310 5095 deprimuntur.
1351 5023 1455 5079 Sed
1486 5039 1609 5078 cum
1653 5022 1986 5094 corruptibili
2021 5036 2182 5077 carne

663 5207 685 5233 η
725 5194 1096 5267 Expunximus
1132 5196 1376 5251 voculam
1408 5212 1520 5267 qua:
1552 5196 1603 5267 in
1634 5193 1705 5247 al.
1738 5191 1873 5248 Edit.
1904 5193 2173 5259 additam,

590 5269 684 5325 sed
716 5269 770 5323 in
801 5264 925 5321 Mss.
956 5268 1290 5337 peregrinam
1323 5283 1386 5320 ac
1406 5264 1751 5337 superfluam.

684 5338 712 5378 ι’
738 5338 887 5394 Unus
919 5335 1110 5393 Rhein.
1156 5346 1211 5392 et
1251 5354 1388 5391 unus
1432 5335 1663 5400 Retnig..
1692 5336 1917 5405 quamris
1964 5352 2066 5388 non
2111 5336 2176 5389 ti-

589 5411 809 5476 mendo;
841 5424 943 5467 nec
967 5408 1445 5480 displicetsensus,
1473 5406 1516 5460 si
1541 5421 1644 5458 non
1668 5405 1889 5480 timendo
1914 5407 2177 5461 veferatur

590 5481 655 5534 ad
681 5522 695 5545 ,
745 5474 839 5535 sed
882 5474 1067 5533 tamen'
1090 5478 1226 5545 turpi
1256 5478 1503 5546 strepitu,
1554 5475 1705 5546 quasi
1744 5474 1947 5529 diceret
1974 5491 2175 5530 concu-

586 5544 866 5621 piscentia:
884 5550 1102 5621 luctam,
1125 5544 1225 5601 etsi
1248 5544 1667 5621 non‘timendain
1689 5544 1867 5621 justis,
1892 5546 2173 5601 molestam

588 5615 771 5675 tamen
794 5622 871 5691 ob,
892 5620 1174 5691 strepitum
1202 5632 1339 5691 esse.
1370 5615 1440 5671 At
1466 5616 1587 5670 huic.
1619 5616 1831 5691 lectioni
1861 5634 1964 5671 non
1995 5626 2176 5686 patro-

589 5691 798 5745 Cinalur
827 5690 951 5745 Mss.
987 5687 1080 5744 aut
1108 5688 1397 5755 antiquitas
1420 5694 1509 5741 aut
1540 5687 1841 5740 multitudo.

688 5758 809 5814 clta
855 5760 981 5813 Mss.
1031 5757 1411 5828 probatissimi.
1462 5758 1516 5810 lu
1563 5757 1659 5810 Ed.
1705 5756 1928 5825 legitur,
1981 5756 2175 5822 Quibus

589 5840 838 5900 exceptis.
883 5826 1101 5892 Melius,
1156 5826 1256 5889 Qui
1288 5829 1363 5881 Itis
1405 5829 1657 5898 exceptis,
1708 5828 1813 5882 hoc
1840 5836 1950 5896 cst,
1983 5837 2175 5898 praeter

2272 517 2533 573 molestia
2555 516 2780 572 vinculis
2801 517 3127 573 relaxamur.
3152 516 3469 573 Praisentari
3498 536 3734 592 namque
3749 522 3861 592 jam

2274 610 2385 665 Deo
2410 611 2675 680 cupimus,
2700 609 2796 665 sed
2818 610 2992 666 adhuc
3007 612 3252 668 mortalis
3270 613 3514 681 corporis
3532 615 3863 684 obligatione

2273 702 2657 775 praepedimur.
2689 702 2815 759 Jure
2844 716 2978 771 ergo
3020 704 3185 759 vincti
3212 704 3470 772 dicimur,
3519 707 3647 776 quia
3686 710 3864 766 adhuc

2274 796 2542 852 incessum
2570 798 2726 867 136
2751 796 2923 850 nostri
2951 794 3201 852 desiderii
3230 795 3486 865 adDeum
3503 796 3732 855 liberum
3752 818 3865 859 non

2272 890 2553 945 habemus.
2589 885 2741 943 Unde
2772 888 2911 943 bene
2940 886 3141 945 Paulus
3165 897 3367 944 interna
3394 888 3739 959 desiderans,
3767 895 3863 949 sed

2271 988 2451 1035 tamen
2503 979 2676 1035 adhuc
2724 979 3087 1049 corruptionis
3133 994 3243 1035 sua:
3289 981 3555 1037 sarcinam
3602 992 3863 1054 portans,

2272 1074 2486 1130 vinctus
2530 1074 2729 1130 clamat
2775 1092 2787 1126 :
2831 1072 2992 1144 Cupio
3032 1073 3243 1129 dissolvi
3295 1084 3345 1129 et
3372 1093 3485 1132 esse
3513 1094 3627 1133 cum
3657 1078 3864 1137 Christo

2277 1165 2451 1237 (Phil.
2484 1182 2532 1231 ι,
2571 1166 2695 1236 25).
2730 1166 2958 1222 Dissolvi
2996 1167 3140 1222 enim
3181 1183 3290 1223 non
3330 1182 3627 1239 quareret,
3673 1173 3774 1227 nisi
3805 1191 3865 1231 se

2272 1256 2459 1325 procul
2496 1255 2660 1311 dubio
2687 1256 2925 1312 vinctum
2955 1256 3180 1314 videret.
3230 1256 3356 1315 Haec
3396 1269 3578 1318 autem
3608 1264 3819 1320 vincula
3845 1306 3862 1331 ,

2273 1348 2396 1418 quia
2424 1348 2720 1402 certissime
2746 1349 3041 1419 rumpenda
3065 1350 3117 1405 in
3138 1352 3538 1407 resurrectione
3562 1370 3863 1426 conspexe-

2272 1448 2388 1505 rat,
2418 1440 2529 1509 jam
2560 1441 2713 1509 quasi
2744 1449 2902 1511 rupta
2931 1441 3197 1512 gaudebat
3226 1442 3524 1512 Propheta,
3562 1461 3686 1500 cum
3714 1446 3861 1501 dice—

2272 1541 2356 1589 ret
2402 1550 2414 1585 :
2452 1533 2709 1604 Dirupisti
2750 1533 2951 1588 vincula
2978 1550 3123 1601 mea,
3171 1534 3265 1589 tibi
3303 1536 3613 1607 sacriﬁcabo
3643 1536 3865 1594 hostium

2273 1628 2443 1683 laudis
2475 1627 2645 1699 (Psal.
2676 1645 2799 1694 cxv,
2832 1629 2905 1700 7).

2345 1744 2617 1815 Epilogus.
2636 1748 2708 1787 -'-
2721 1744 3133 1815 Contempletur
3156 1747 3334 1815 itaque
3353 1746 3437 1799 vir
3456 1754 3696 1810 sanctus,
3719 1747 3864 1816 quod

3065 1839 3273 1894 interna
3302 1838 3557 1908 recipiat,
3592 1849 3648 1893 et
3675 1838 3817 1894 dicat
3844 1857 3859 1893 :

2278 1930 2359 1985 Ibi
2386 1932 2534 2002 impii
2568 1939 2897 1984 cessaverunt
2922 1947 2955 1984 α
2987 1931 3224 1987 tumultu.
3256 1929 3684 2001 Contempletur,
3717 1932 3864 1999 quod

2275 2023 2447 2077 sancti
2485 2023 2585 2078 viri
2614 2023 2869 2077 desiderii
2898 2024 3288 2078 exercitatione
3318 2021 3524 2091 fatigati
3548 2061 3563 2084 ,
3610 2022 3768 2076 altius
3807 2021 3861 2076 in

2276 2117 2367 2171 illo
2391 2117 2581 2170 intimo
2605 2100 2724 2170 sinu
2749 2116 3107 2186 requiescant,
3130 2123 3185 2172 et
3209 2116 3354 2171 dicat
3379 2134 3392 2167 :
3424 2113 3495 2168 Et
3514 2114 3586 2168 ibi
3606 2116 3861 2185 requieve-

2275 2218 2397 2263 runt
2433 2210 2555 2281 fessi
2584 2208 2785 2263 robore.
2816 2208 3251 2279 Coutempletur,
3295 2208 3439 2278 quod
3468 2207 3677 2261 cunctis
3703 2205 3861 2260 simul

2275 2299 2639 2369 corruptionis
2666 2314 2775 2353 sure.
2816 2298 3043 2353 vinculis
3072 2296 3334 2361 absoluti,
3367 2296 3434 2351 ad
3464 2298 3553 2351 illa
3597 2295 3864 2351 libertatis

2275 2394 2466 2462 gaudia
2497 2394 2807 2462 incorrupta
2838 2392 3185 2462 perveniant,
3213 2400 3269 2445 et
3292 2391 3435 2445 dicat
3465 2409 3478 2444 :
3510 2389 3579 2444 Et
3603 2390 3865 2463 quondam

2276 2487 2431 2539 cincti
2451 2486 2648 2556 pariter
2669 2486 2782 2538 sine
2806 2486 3064 2539 molestia.
3087 2483 3232 2538 Bene
3254 2493 3432 2538 autem
3451 2482 3666 2548 dicitur,
3691 2480 3866 2546 Quou-

2276 2576 2398 2628 dam
2441 2577 2631 2638 vincti;
2680 2574 2803 2643 quia
2852 2574 2980 2628 dum
3020 2573 3109 2627 illa
3156 2588 3372 2643 semper
3401 2588 3636 2643 prmsens
3679 2572 3861 2627 laetitia

2276 2666 2532 2730 cernitur,
2567 2680 2729 2719 omne
2750 2662 2895 2734 quod
2917 2665 3019 2719 erit
3046 2672 3100 2718 et
3122 2661 3324 2729 defluit,
3352 2664 3506 2732 quasi
3533 2663 3860 2734 przeteritum

2270 2758 2381 2826 jam
2414 2758 2641 2812 videtur.
2677 2757 2809 2810 Dum
2833 2756 2978 2810 enim
3009 2770 3186 2810 rerum
3218 2753 3338 2810 ﬁnis
3360 2748 3678 2818 attenditur,
3703 2768 3865 2807 omne

2275 2849 2416 2921 quod
2445 2849 2703 2920 praeterit,
2733 2848 2885 2917 quasi
2904 2848 3015 2916 jam
3042 2846 3208 2904 fuisse
3231 2856 3508 2917 pensatur.
3540 2845 3649 2902 Sed
3674 2861 3863 2901 omnes

2279 2943 2329 2997 Ιιί
2358 2957 2495 3011 quos
2530 2941 2657 2996 illuc
2684 2941 2838 3009 quies
2878 2942 3091 2994 interna
3136 2940 3431 3010 suscipiet,
3458 2937 3486 2977 ἀ
3518 2940 3606 2995 hic
3646 2940 3860 2995 interim

2276 3035 2405 3103 quid
2434 3034 2663 3101 egerint,
2696 3040 2898 3088 narret.
2931 3031 3186 3102 Sequitur
3214 3054 3228 3086 :

2601 3145 2829 3203 CAPUT
2867 3144 3059 3200 xxxv
3091 3145 3252 3218 [ηις.
3285 3144 3479 3200 XXXI
3502 3144 3541 3217 1.

2350 3260 2473 3316 lBID.
2506 3290 2576 3301 —
2602 3258 2728 3315 Non
2757 3260 3098 3314 exaudierunt
3128 3276 3299 3313 vocem
3328 3259 3607 3314 exactoris.

2348 3366 2437 3423 69.
2470 3365 2717 3421 Diabolus
2745 3372 2978 3419 exactor.
3016 3360 3141 3417 Non
3164 3364 3470 3433 exauditur,
3502 3382 3616 3420 cum
3645 3364 3862 3420 lentanti

2277 3459 2552 3512 resistitur.
2575 3487 2648 3497 -—
2674 3454 2805 3521 Quis
2828 3454 2963 3508 alius
2992 3454 3153 3509 debet
3178 3454 3395 3510 nomine
3417 3456 3687 3511 exactoris
3712 3456 3867 3511 intel-

2280 3549 2369 3618 ligi
2388 3548 2537 3614 ,‘nisi
2568 3547 2909 3616 importunus
2935 3546 3025 3600 ille
3052 3561 3353 3616 persuasor,
3385 3547 3475 3615 qui
3505 3547 3743 3601 humano
3773 3561 3869 3615 ge-

2282 3644 2394 3699 neri
2411 3643 2580 3699 semel
2603 3659 2878 3698 nummum
2901 3642 3232 3714 deceptionis
3252 3642 3497 3708 contulit,
3527 3649 3583 3697 et
3612 3654 3633 3677 °
3667 3645 3735 3698 ab
3760 3647 3871 3698 hoc

2280 3742 2523 3811 quotidie
2550 3748 2806 3811 expetere
2849 3740 3041 3795 mortis
3078 3739 3313 3794 debitum
3342 3755 3450 3794 non
3477 3737 3725 3793 desistit?
3765 3736 3870 3805 Qui

2282 3835 2335 3888 in
2362 3835 2612 3905 paradiso
2634 3834 2837 3889 homini
2866 3830 2884 3871 ί
2917 3831 3128 3902 peccati
3161 3831 3441 3901 pecuniam
3467 3830 3863 3897 commodavit;

2282 3926 2374 3980 sed
2418 3926 2701 3995 iniquitate
2742 3932 3022 3979 crescente
3043 3967 3058 3991 ,
3105 3925 3243 3979 lianc
3275 3922 3513 3991 quotidie
3542 3936 3664 3976 cum
3695 3919 3868 3977 usuris

2282 4019 2465 4081 exigit.
2497 4018 2573 4073 De
2614 4019 2717 4073 hoc
2756 4025 3011 4073 exactore
3049 4016 3101 4071 in
3136 4015 3425 4084 Evangelia
3453 4014 3667 4068 Veritas
3697 4012 3860 4076 dicit,

2283 4109 2352 4163 Et
2372 4110 2535 4180 judex
2560 4109 2729 4163 tradet
2753 4118 2798 4163 te
2818 4108 3048 4163 exactori
3079 4104 3231 4174 (Luc.
3254 4121 3348 4169 xu,
3377 4103 3491 4165 58).
3523 4102 3690 4173 Hujus
3710 4101 3865 4171 igitur

2284 4200 2551 4255 exactoris
2575 4215 2676 4253 vox
2716 4206 2797 4252 est
2828 4198 3051 4252 tentatio
3082 4196 3293 4251 miserae
3334 4194 3711 4263 suggestionis.
3754 4191 3864 4246 Au-

2284 4291 2455 4346 dimus
2483 4300 2662 4345 autem
2703 4306 2899 4344 vocem
2931 4288 3235 4355 exactoris,
3266 4302 3388 4342 cum
3420 4286 3535 4355 ejus
3574 4286 3868 4341 teoratione

2283 4380 2708 4453 pttlsamur;‘sed
2737 4395 2843 4433 non
2866 4378 3200 4442 exaudimus,
3232 4377 3277 4432 si
3298 4376 3529 4446 pulsanti
3550 4374 3865 4430 resistimus.

2284 4448 2445 4527 :Audit
2470 4448 2633 4535 enini.
2661 4471 2751 4541 qui
2775 4471 3128 4525 tentationem
3156 4469 3350 4535 sentit;
3381 4468 3597 4522 exaudit
3626 4482 3754 4522 vero
3777 4465 3866 4535 qui

2285 4561 2570 4618 tentationi
2600 4562 2886 4615 consentit.
2936 4561 3155 4615 Dicatur
3197 4560 3380 4628 itaque
3411 4559 3479 4615 de
3512 4558 3673 4627 justis
3700 4576 3711 4612 :
3744 4555 3869 4615 Non

2284 4655 2625 4710 exaudierunt
2652 4671 2823 4710 vocem
2850 4656 3140 4720 exactoris,
3180 4655 3431 4724 quoniam
3472 4653 3873 4722 suggestionem

2286 4745 2401 4811 ejus
2441 4746 2539 4800 etsi
2582 4745 2834 4811 audiunt,
2883 4745 3009 4814 quia
3046 4754 3350 4809 tentantur;
3400 4761 3505 4798 non
3536 4742 3873 4809 exaudiunt,

2276 4838 2407 4909 ‘quia
2440 4838 2746 4893 consentire
2772 4845 3141 4893 contemnunt.
3175 4836 3331 4909 [Vet.
3360 4834 3585 4907 XLII.]
3615 4833 3719 4891 Sed
3750 4833 3875 4905 quia

2284 4928 2427 5000 quod
2453 4927 2611 4982 valde
2638 4944 2789 4983 mens
2818 4937 2982 4992 amat,
3014 4929 3177 4984 etiam
3208 4929 3262 4985 in
3290 4942 3540 4983 sermone
3565 4926 3760 4997 saepius
3784 4942 3877 4980 re-

2284 5019 2466 5088 plicat,
2524 5021 2714 5073 beatus
2740 5017 2874 5083 Joh,
2908 5020 3032 5089 quia
3064 5020 3288 5074 internae
3323 5018 3471 5089 pacis
3513 5017 3875 5087 frequentiam

2286 5192 2403 5264 illas
2433 5210 2565 5264 quas
2593 5211 2619 5247 a
2654 5194 2832 5249 carnis
2861 5194 3301 5264 concupiscentia
3320 5195 3551 5251 sustinet
3571 5196 3871 5253 molestias.

2357 5262 2380 5299 ἀ
2407 5262 2623 5336 lilycusi,
2648 5266 2699 5317 in
2725 5274 2880 5322 terra.
2909 5265 3028 5336 loco
3044 5262 3277 5336 interim,
3301 5281 3419 5336 qua:
3439 5281 3543 5321 vox
3570 5275 3651 5321 est
3675 5267 3799 5321 Mss.

2359 5344 2381 5407 '5‘
2407 5328 2643 5407 Bai-thol.
2692 5342 2745 5388 et
2771 5345 2879 5407 vet.
2911 5335 3076 5401 Edit.,
3109 5335 3170 5390 ob
3209 5328 3333 5389 hoc:
3356 5336 3485 5391 Coc.
3510 5346 3567 5393 et
3595 5352 3709 5407 seq.
3746 5337 3872 5400 Ed.,

2283 5405 2469 5476 adhuc.
2504 5405 2571 5476 At
2591 5405 2736 5469 Mss.,
2767 5405 2831 5459 ab
2855 5406 2968 5470 hoc,
3001 5408 3208 5461 scilicet
3228 5407 3294 5460 ab
3323 5407 3558 5463 humano
3579 5405 3798 5476 genere.

2361 5476 2380 5513 ί
2410 5474 2699 5547 Editi_cum
2732 5478 3000 5530 nonnullis
3031 5477 3178 5541 Mss.,
3209 5479 3440 5543 peccanti
3464 5474 3759 5547 pecuniam;
3784 5493 3872 5532 se-

2282 5547 2497 5617 quimur
2541 5544 2701 5617 Corb.
2736 5548 2942 5611 Germ,
2975 5550 3141 5617 autiq.
3173 5548 3359 5602 Rheni.
3391 5557 3447 5601 et
3465 5544 3755 5610 'Norman“
3779 5548 3871 5603 ubi

2283 5616 2475 5685 legitur
2504 5616 2697 5684 peccati
2736 5620 3027 5686 pecuniam.
3080 5616 3156 5671 Ad
3198 5620 3296 5672 hos
3322 5620 3586 5674 accedunt
3612 5619 3867 5688 \'indoc.,

2282 5690 2370 5757 qui
2424 5689 2619 5742 habent
2667 5690 2859 5752 peccati
2909 5691 3176 5757 pecuniam
3226 5690 3616 5745 commendavit.
3663 5688 3868 5745 Eodem

2281 5774 2437 5831 senau
2478 5758 2768 5831 Gregorius
2808 5760 2934 5831 dicit
2976 5761 3170 5827 peccati
3216 5762 3511 5829 pecuniam,
3557 5775 3665 5830 quo
3705 5774 3868 5831 supra

2282 5830 2413 5883 dixit
2441 5844 2703 5884 nummum
2731 5827 3064 5899 deceptionis.
