4180 6456
253 333 359 397 677

1164 308 1519 369 MOIiALlUM
1561 308 1688 365 LIB.
1732 306 1818 363 iV.
1848 304 2017 359 --1N
2054 303 2215 360 CAP.
2254 302 2318 360 lll
2360 301 2423 357 Β.
2463 298 2603 355 JOB.

3430 298 3537 356 678

252 453 480 523 diligens
505 439 799 515 conspicit,
836 445 860 473 ι
885 430 1237 504 ἀεεονῑριῑωιὶ
1264 428 1378 499 ejus
1409 428 1602 482 iterum
1630 423 1834 488 servit,
1864 421 1919 482 Α
1942 413 2171 519 miserit,
2202 412 2482 479 meminit;
2523 411 2617 467 sed
2648 424 2717 466 an
2746 408 3036 467 commissa
3056 407 3215 480 digne
3234 406 3535 478 deﬂeverit,

253 546 440 601 dicens
471 556 487 594 :

790 638 1019 699 CAPUT
1068 634 1305 693 XXXVI.

329 768 486 821 Vens.
520 761 611 815 19.
639 786 714 801 -
752 755 949 810 Parvus
978 761 1028 807 et
1055 765 1271 821 magnus
1297 747 1370 801 ibi
1402 754 1553 811 sunt,
1589 752 1640 800 et
1666 758 1844 798 servus

254 858 387 915 liber
414 874 447 909 a
476 852 687 907 domino
715 864 832 921 suo,

328 969 415 1023 70.
454 966 519 1021 Ut
543 965 621 1017 hic
644 961 830 1015 merita
849 1000 863 1027 ,
891 958 966 1011 ita
994 956 1047 1009 in
1070 955 1195 1008 caelo
1218 960 1367 1006 erunt
1385 951 1599 1021 pramia
1622 949 1844 1002 diversa.

256 1092 331 1105 —
356 1059 492 1127 Quia
522 1058 573 1110 in
604 1056 705 1108 hac
726 1052 834 1105 vita
866 1048 1020 1103 nobis
1049 1053 1131 1100 est
1160 1044 1414 1098 discretio
1441 1056 1694 1111 operum,
1732 1040 1849 1092 .erit

261 1156 315 1211 in
342 1154 429 1208 illa
461 1147 651 1221 procul
673 1146 833 1199 dubio
854 1140 1107 1197 discretio
1129 1138 1449 1205 dignitatum
1471 1178 1484 1199 ,
1518 1141 1575 1188 ut
1596 1132 1739 1201 quod
1762 1132 1850 1186 hic

262 1247 401 1301 alius
426 1243 586 1297 alium
613 1238 805 1291 merito
834 1241 1083 1303 superat,
1126 1230 1235 1283 illic
1264 1228 1397 1280 alius
1425 1227 1587 1278 alium
1616 1224 1849 1277 retribu-

262 1340 409 1393 tione
442 1330 802 1389 transcendat.
846 1324 996 1380 Unde
1040 1323 1091 1377 in
1125 1319 1415 1385 Evangelio
1446 1317 1656 1371 Veritas
1683 1314 1847 1369 dicit:

263 1430 329 1485 In
354 1430 503 1482 domo
535 1422 710 1478 Patris
732 1420 830 1473 mei
858 1415 1151 1470 mansiones
1182 1410 1356 1463 multa:
1376 1417 1495 1462 sunt
1528 1406 1707 1476 (Joan.
1741 1420 1851 1472 .vIv,

260 1524 339 1595 2).
390 1522 496 1577 Sed
543 1522 595 1573 in
640 1516 844 1571 eisdem
892 1511 1073 1566 multis
1112 1506 1483 1563 mansionibus
1526 1506 1627 1557 erit
1674 1502 1852 1570 aliquo

260 1593 424 1669 modo
473 1612 586 1680 ipsa
630 1604 1045 1661 retributionum
1090 1598 1374 1653 diversitas
1422 1610 1682 1659 concors;
1727 1593 1851 1662 quia

261 1702 461 1760 tantab
490 1703 566 1757 vis
615 1701 665 1755 in
714 1698 801 1752 illa
853 1711 985 1767 pace
1032 1709 1131 1748 nos
1169 1693 1369 1755 sociat,
1420 1698 1477 1743 ut
1520 1690 1661 1757 quod
1703 1688 1754 1740 in
1795 1701 1853 1741 se

261 1797 492 1867 quisque
541 1807 647 1847 non
692 1788 999 1857 acceperit,
1059 1784 1160 1839 hoc
1212 1797 1272 1837 se
1322 1780 1597 1849 accepisse
1648 1780 1699 1831 in
1748 1778 1854 1831 alio

262 1888 514 1946 exsultet.
568 1883 721 1939 Unde
770 1890 824 1935 et
873 1896 979 1934 non
1031 1892 1186 1945 teque
1235 1875 1543 1929 laborantes
1594 1871 1645 1924 in
1693 1870 1851 1923 vinea

265 1981 490 2054 (Matth.
522 1995 623 2042 xx,
653 1975 783 2045 10),
831 1988 983 2042 aeque
1024 1972 1175 2042 137
1220 1967 1397 2022 cuncti
1428 1965 1705 2019 denarium
1736 1978 1856 2017 sor—

264 2075 490 2128 tiuntur.
543 2069 608 2122 Et
645 2066 863 2137 quidem
904 2063 1046 2131 apud
1090 2062 1302 2114 Patrem
1333 2059 1637 2112 mansiones
1673 2056 1853 2109 multa:

263 2176 422 2234 sunt,
466 2172 521 2219 et
554 2172 731 2217 tamen
772 2158 1020 2215 eumdem
1051 2155 1330 2211 denarium
1362 2154 1604 2223 dispares
1630 2152 1852 2206 labora—

266 2271 415 2316 tores
470 2257 773 2326 accipiunt;
831 2252 954 2322 quia
1011 2266 1113 2304 una
1173 2250 1380 2303 cunctis
1430 2251 1531 2301 erit
1580 2245 1854 2300 beatitudo

264 2351 489 2414 laetitia},
538 2346 782 2417 quamvis
832 2360 937 2397 non
983 2358 1088 2395 una
1139 2342 1207 2394 sit
1257 2341 1506 2394 omnibus
1553 2338 1855 2391 sublimitas

266 2442 409 2495 vitm.
447 2438 675 2493 Parvum
707 2444 761 2490 et
801 2447 1053 2501 magnum
1085 2432 1139 2486 in
1169 2432 1269 2485 hac
1312 2431 1427 2483 luce
1458 2435 1853 2498 conspexerat,

267 2536 355 2605 qui
388 2549 454 2586 ex
482 2546 613 2585 voce
643 2528 834 2598 capitis
856 2527 1067 2580 dicebat
1092 2542 1105 2577 :
1140 2522 1502 2593 Imperfectum
1532 2537 1694 2574 meum
1719 2519 1859 2572 vide-

265 2635 387 2681 runt
414 2625 545 2679 oculi
577 2624 647 2675 tui
672 2663 686 2685 ,
720 2629 767 2673 et
796 2622 851 2673 in
880 2618 1011 2671 libro
1034 2625 1119 2670 tuo
1150 2631 1325 2669 omnes
1352 2614 1639 2667 scribentur
1670 2608 1855 2681 (Psai.

268 2730 525 2778 cxxxvm,
560 2714 671 2783 16).
706 2712 932 2765 Parvum
964 2716 1018 2761 et
1047 2720 1297 2773 magnum
1328 2711 1706 2772 conspexerat,
1737 2716 1859 2755 cum

270 2809 511 2864 dicebat:
542 2804 809 2859 Benedixit
830 2818 1004 2856 omnes
1027 2802 1258 2853 timentes
1275 2815 1328 2853 se
1350 2796 1623 2857 Dominus,
1648 2794 1861 2865 pusillos

272 2918 384 2955 cum
409 2897 694 2969 majoribus
725 2896 896 2965 (Psat.
933 2910 1079 2957 cxm,
1112 2892 1225 2957 15).

346 3010 431 3062 7|.
466 3008 590 3073 Quis
614 3008 807 3077 peccati
840 3020 1033 3071 servus,
1060 3002 1173 3073 quis
1195 3000 1259 3053 ab
1280 3017 1337 3054 eo
1361 2999 1508 3065 liber,
1540 3007 1588 3051 et
1617 2999 1754 3067 quod
1782 2999 1862 3051 hic

277 3120 424 3158 nemo
450 3102 511 3155 ab
542 3118 599 3154 eo
632 3099 775 3152 liber.
806 3129 875 3138 —
903 3095 1047 3149 Bene
1078 3102 1255 3147 autem
1287 3091 1564 3145 subditur:
1600 3090 1663 3143 Et
1690 3106 1863 3144 servus

1945 508 2145 574 nescit;
2186 522 2249 562 ac
2279 522 2348 561 ne
2383 506 2555 577 culpa:
2584 504 2893 560 immanitas
2938 502 3161 559 modum
3204 503 3535 574 pmnitentiaa

1944 608 2219 665 transeat,
2263 600 2473 654 metuit.
2516 598 2583 652 Et
2612 599 2930 669 plerumque
2959 596 3172 669 culpam
3196 596 3309 667 jam
3341 600 3539 657 veritas

1945 694 2175 761 relaxat,
2209 692 2303 748 sed
2329 707 2482 747 mens
2506 690 2706 746 afﬂicta
2729 691 2906 746 adhuc
2934 690 3001 747 de
3024 691 3203 755 venia,
3236 690 3363 746 dum
3384 692 3543 749 valde

1946 787 2047 845 sibi
2068 794 2153 841 est
2174 784 2426 850 sollicita,
2457 793 2478 819 ε’
2503 781 2756 853 trepidat.
2787 781 2987 837 Servus
3014 795 3144 853 ergo
3169 781 3258 837 hic
3272 781 3384 852 jam
3407 782 3543 853 fugit

1947 888 2260 950 dominum,
2312 884 2406 939 sed
2450 882 2585 937 liber
2626 896 2733 936 non
2776 890 2889 950 est,
2922 880 3047 950 quia
3076 887 3356 951 peccatum
3384 896 3541 937 suum

1947 979 2114 1033 bomo
2139 976 2251 1046 jam
2282 973 2605 1043 corrigendo
2645 980 2701 1026 et
2731 966 3042 1042 pmnitendo
3068 971 3300 1038 deserit,
3332 973 3427 1028 sed
3457 981 3544 1028 ta-

1950 1083 2075 1123 men
2114 1066 2294 1120 adhuc
2331 1064 2634 1119 districtum
2672 1058 2908 1131 judicem
2946 1062 3012 1117 de
3043 1061 3159 1132 ejus
3188 1064 3543 1120 retributione

1952 1159 2307 1231 pertimescit.
2340 1157 2418 1213 ibi
2447 1171 2575 1226 ergo
2606 1170 2793 1211 servus
2822 1169 2853 1208 a
2881 1153 3100 1208 domino
3128 1153 3265 1209 liber
3288 1155 3421 1221 erit,
3456 1157 3546 1212 ubi

1948 1252 2058 1322 jam
2096 1253 2162 1307 de
2210 1250 2416 1321 peccati
2460 1248 2616 1302 venia
2648 1246 2894 1301 dubietas
2936 1260 3044 1299 non
3083 1245 3216 1312 erit,
3254 1243 3272 1282 τ
3305 1247 3393 1300 ubi
3432 1246 3543 1315 jam

1953 1360 2201 1399 securam
2243 1351 2479 1397 mentem
2517 1340 2688 1410 culpa:
2726 1353 2836 1393 sua:
2873 1336 3133 1391 memoria
3162 1352 3270 1392 non
3308 1338 3546 1404 addicit,

1956 1437 2045 1492 ubi
2077 1452 2185 1489 non
2215 1436 2314 1489 sub
2345 1443 2497 1487 reatu
2528 1432 2739 1486 animus
2767 1428 3037 1500 trepidat,
3084 1427 3178 1483 sed
3216 1428 3283 1483 de
3322 1429 3439 1499 ejus
3471 1431 3522 1483 in

1956 1526 2228 1595 dulgeutia
2259 1524 2394 1579 liber
2418 1523 2670 1577 exsultat.

2034 1619 2191 1689 138
2222 1616 2307 1669 '72.
2340 1616 2422 1669 An
2463 1614 2609 1668 nulla
2652 1616 2708 1668 in
2748 1616 2873 1668 caelo
2911 1614 3110 1683 peccati
3142 1615 3391 1668 memoria
3420 1630 3435 1667 :
3466 1614 3553 1684 qui

1957 1716 2064 1769 [nec
2090 1711 2397 1766 beatitudini
2427 1726 2527 1763 non
2551 1708 2771 1779 ofﬁciat.
2798 1738 2871 1750 --
2896 1707 3003 1762 Sed
3031 1708 3075 1760 si
3106 1707 3250 1762 nulla
3281 1707 3353 1761 ibi
3382 1707 3547 1761 homo

1886 1810 1932 1868 B
1959 1822 2091 1877 pecc
2110 1805 2169 1858 iti
2199 1804 2282 1859 sui
2312 1802 2571 1857 memoria
2601 1800 2860 1869 tangitur,
2891 1807 3135 1868 ereptum
3174 1813 3233 1854 se
3262 1798 3402 1854 unde
3427 1813 3553 1868 gra-

1956 1899 2193 1952 tulatur?
2216 1897 2322 1951 Aut
2345 1893 2617 1964 quomodo
2639 1892 2881 1962 largitori
2898 1892 3100 1960 gratias
3120 1891 3284 1945 refert
3304 1891 3372 1947 de
3394 1893 3552 1948 venia

1956 2005 2117 2059 quam
2162 1987 2411 2056 accepit,
2460 1984 2505 2039 si
2535 1983 2927 2037 interveniente
2968 1981 3241 2037 oblivione
3269 1990 3554 2038 transactae

1958 2079 2242 2148 nequitiae,
2287 2093 2406 2131 csse
2448 2091 2507 2131 se
2554 2090 2727 2144 punire
2769 2073 3069 2128 debitorem
3120 2074 3326 2129 nescit?
3372 2074 3559 2144 Neque

1959 2169 2100 2225 enim
2130 2168 2373 2235 neglecte
2397 2164 2833 2236 prmtereundum
2857 2163 3108 2233 estquod
3132 2162 3415 2220 Psalmista
3442 2165 3516 2220 ait
3544 2184 3557 2221 :

1958 2259 2351 2317 Misericordias
2406 2268 2553 2323 tuas,
2608 2256 2863 2323 Domine,
2921 2257 2977 2310 in
3032 2265 3281 2310 wternum
3333 2257 3554 2313 cantabo

1962 2356 2133 2430 (Psal.
2168 2370 2427 2415 Lxxxvnt,
2458 2352 2533 2421 l).
2562 2349 2844 2417 Quomodo
2868 2349 3009 2403 enim
3033 2348 3129 2403 Dei
3156 2350 3557 2406 misericordias

1961 2449 2014 2504 in
2044 2458 2302 2502 aeternum
2334 2452 2537 2509 cantat,
2569 2443 2612 2497 si
2643 2458 2700 2497 se
2731 2441 2893 2495 fuisse
2923 2441 3180 2494 miserum
3211 2441 3462 2512 ignorat?
3494 2440 3561 2496 Et

1961 2539 2005 2594 si
2047 2537 2276 2591 miseriae
2314 2542 2598 2588 transactm
2642 2547 2747 2585 non
2793 2530 3069 2598 meminit,
3120 2532 3298 2585 Bunde
3328 2531 3563 2599 largitati

1963 2626 2347 2685 misericordi-.c
2378 2625 2560 2678 laules
2588 2622 2795 2677 reddit?
2827 2621 2935 2676 Sed
2965 2636 3175 2677 rursum
3206 2621 3557 2691 quaerendum

1965 2730 2067 2786 est,
2100 2716 2375 2788 quomodo
2406 2715 2704 2769 electorum
2727 2728 2877 2767 mens
2903 2712 3143 2783 perfecta
3165 2727 3283 2768 esse
3313 2713 3366 2767 in
3390 2713 3564 2768 beati-

1970 2811 2155 2867 tudine
2204 2808 2434 2879 poterit,
2489 2807 2533 2860 si
2582 2806 2723 2859 hanc
2764 2804 2904 2859 inter
2945 2804 3135 2873 gaudia
3180 2805 3442 2860 memoria
3481 2806 3567 2862 sui

1969 2908 2152 2958 reatus
2185 2899 2390 2966 tangit?
2429 2896 2537 2950 Aut
2566 2899 2836 2967 quomodo
2876 2894 3125 2963 perfecta:
3154 2894 3287 2950 lucis
3316 2894 3567 2952 clarescit

1970 2994 2171 3063 gloria,
2212 3005 2372 3059 quam
2401 2988 2620 3043 reducta
2667 2987 2732 3040 ad
2772 2985 3009 3039 animum
3049 2985 3335 3040 obumbrat
3366 2986 3568 3058 culpa?

1971 3085 2077 3140 Sed
2106 3082 2385 3139 sciendum
2416 3088 2497 3135 est
2526 3079 2652 3150 quia
2682 3078 2819 3133 sicut
2851 3093 2993 3148 saepe
3024 3092 3167 3131 nunc
3198 3077 3429 3131 tristium
3460 3078 3571 3134 lmti

279 3196 408 3251 liber
437 3212 466 3246 α
497 3192 706 3245 domino
734 3206 845 3242 suo.
889 3186 1161 3255 Scriptum
1192 3184 1392 3253 quippe
1423 3190 1531 3246 est,
1568 3178 1750 3235 Omnis
1780 3184 1866 3252 qui
1897 3206 1940 3266 Ο
1975 3179 2405 3247 reminiscimur,
2444 3176 2518 3229 ita
2560 3182 2688 3228 tunc
2728 3181 3015 3228 transacta:
3056 3171 3306 3241 nequitiae
3333 3174 3451 3227 sine
3478 3171 3570 3226 la:-

278 3295 473 3361 peccat,
506 3301 676 3339 sertnts
706 3291 781 3336 est
809 3281 1005 3351 peccati
1035 3277 1213 3341 (Jomt.
1244 3293 1355 3339 vni,
1389 3276 1511 3345 5i);
1546 3277 1669 3346 quia
1701 3277 1862 3330 nimi-

281 3393 398 3432 rum
426 3375 666 3444 quisquis
701 3388 759 3427 se
794 3386 959 3441 pravo
1001 3368 1270 3423 desiderio
1298 3366 1542 3434 subjicit,
1575 3367 1872 3436 iniquitatis

282 3465 520 3522 dominio
535 3462 910 3517 dudumlibera
931 3460 1127 3513 mentis
1149 3457 1287 3513 colla
1318 3457 1592 3526 supponit.
1623 3456 1727 3512 Sed
1749 3458 1871 3513 huic

288 3570 310 3597 ο
332 3555 551 3611 domino
576 3551 997 3609 contradicimus
1015 3593 1030 3619 ,
1062 3565 1182 3605 cum
1214 3548 1481 3618 iniquitati
1510 3562 1629 3617 qua:
1658 3563 1758 3603 nos
1785 3564 1875 3603 ce-

286 3656 471 3718 perat,
513 3646 844 3701 reluctamur
876 3663 890 3709 ;
921 3657 1042 3698 cum
1078 3639 1458 3696 consuetudini
1485 3640 1753 3695 violenter
1790 3658 1875 3697 re-

287 3741 544 3806 sistimus,
576 3747 631 3792 et
660 3735 921 3790 desideria
948 3747 1202 3803 perversa
1224 3732 1497 3785 calcantes
1524 3740 1711 3785 contra
1736 3731 1875 3787 hanc

286 3833 372 3902 jus
393 3832 548 3885 nobis
569 3828 828 3883 libertatis
848 3826 1099 3893 ingenitae
1120 3822 1487 3885 vindicamus;
1517 3836 1637 3877 cum
1661 3823 1875 3889 culpam

256 3906 259 3909 l
292 3922 601 3996 pmnitendo
628 3920 957 3991 percutimus
976 3958 989 3983 ,
1034 3924 1089 3971 et
1126 3914 1363 3970 maculas
1391 3915 1630 3969 sordium
1661 3913 1876 3971 ﬂetibus

291 4018 554 4071 lavamus.
586 4012 908 4080 Plerumque
939 4016 1118 4063 autem
1152 4006 1262 4075 jam
1293 4022 1443 4060 mens
1482 4006 1698 4075 quidem
1734 4008 1878 4075 quod

293 4121 542 4178 perierse
563 4105 739 4173 egisse
760 4119 817 4155 se
842 4101 1104 4163 meminit,
1130 4098 1408 4167 deplorat;
1438 4097 1547 4165 jam
1569 4113 1734 4167 prave
1755 4107 1878 4154 acta

293 4214 397 4251 n0!
431 4197 606 4252 solum
644 4194 876 4258 deserit,
916 4192 1009 4247 sed
1041 4190 1388 4245 amarissimis
1430 4190 1591 4244 etiam
1633 4189 1881 4246 lamentis

294 4289 485 4359 punit;
516 4287 609 4342 sed
640 4295 817 4339 tamen
850 4285 976 4339 dum
999 4299 1184 4338 eorum
1212 4297 1331 4351 quae
1358 4282 1467 4349 egit
1496 4282 1878 4349 reminiscitur,

293 4377 318 4415 ά
348 4378 495 4447 gravi
532 4378 598 4431 de
623 4376 828 4446 judicio
861 4390 1061 4445 pavore
1101 4383 1351 4428 terretur.
1396 4371 1514 4427 Jam
1554 4388 1611 4427 se
1646 4373 1882 4443 perfecte

294 4472 590 4535 convertit;
633 4470 728 4525 sed
760 4469 936 4524 adhuc
962 4484 1021 4522 se
1053 4468 1290 4537 perfecte
1319 4468 1372 4521 in
1403 4468 1745 4522 securitﬁem
1776 4484 1883 4522 non

1974 3271 2129 3326 sione
2177 3276 2374 3324 nostra:
2422 3264 2774 3321 beatitudinis
2820 3262 3188 3319 recordamur.
3239 3261 3571 3333 Plerumque

1976 3365 2120 3419 enim
2168 3360 2557 3417 incolumitatis
2598 3367 2843 3428 tempore
2888 3356 2955 3410 ad
2997 3357 3313 3411 memoriam
3357 3357 3577 3415 dolores

1976 3457 2279 3531 praeteritos
2302 3456 2418 3509 sine
2440 3452 2629 3507 dolore
2653 3450 2988 3516 reducimus;
3021 3456 3075 3503 et
3093 3463 3201 3519 quo
3221 3462 3393 3518 aegras
3422 3464 3579 3505 reco-

1978 3553 2159 3617 limus,
2194 3564 2261 3604 eo
2285 3563 2384 3602 nos
2406 3545 2705 3601 incolumes
2728 3543 2847 3614 plus
2870 3556 3135 3595 amamus.
3159 3539 3277 3595 Erit
3297 3554 3425 3609 ergo
3447 3549 3502 3595 et
3522 3541 3576 3595 in

1983 3650 2073 3702 illa
2102 3646 2437 3701 beatitudine
2482 3642 2652 3712 culpa:
2682 3639 2973 3704 memoria,
3020 3650 3130 3691 non
3175 3648 3294 3703 quae
3336 3642 3575 3690 mentem

1980 3740 2207 3812 polluat,
2260 3736 2357 3790 sed
2400 3750 2518 3805 qua:
2552 3749 2650 3787 nos
2676 3730 2704 3768 ιι
2734 3732 2936 3787 arctius
2966 3727 3163 3781 lmtitia:
3193 3726 3484 3794 astringat;
3519 3733 3579 3779 ut

1981 3833 2104 3887 du.n
2140 3829 2341 3882 doloris
2368 3828 2452 3880 sui
2498 3827 2709 3882 animus
2738 3826 2853 3879 sine
2883 3824 3070 3879 dolore
3100 3819 3490 3887 reminiscitur,
3523 3826 3582 3874 et

1983 3923 2283 3978 debitorem
2317 3935 2376 3975 se
2406 3919 2614 3973 medico
2658 3918 2837 3972 verius
2882 3917 3171 3983 intelligat,
3221 3922 3369 3968 eteo
3410 3911 3580 3981 magis

1984 4024 2263 4085 acceptam
2293 4013 2522 4068 salutem
2556 4010 2769 4078 diligat,
2802 4025 2909 4078 quo
2940 4009 3006 4063 de
3035 4007 3281 4062 molestia
3313 4006 3575 4068 meminit,

1984 4108 2109 4178 quid
2137 4104 2327 4159 evasit.
2360 4103 2416 4157 ln
2451 4101 2539 4155 illa
2572 4102 2751 4169 itaque
2780 4099 2963 4155 laetitia
2994 4099 3072 4155 sic
3104 4107 3230 4153 tunc
3259 4097 3377 4153 sine
3418 4095 3585 4151 taedio

1986 4201 2124 4255 mala
2155 4207 2339 4253 nostra
2367 4196 2757 4265 conspicimus,
2800 4194 2943 4248 sicut
2972 4208 3115 4248 nunc
3143 4193 3197 4246 in
3226 4192 3345 4246 luce
3375 4188 3537 4261 positi
3561 4227 3579 4254 ,

1985 4293 2101 4348 sine
2153 4290 2258 4343 ulla
2303 4287 2480 4343 cordis
2523 4284 2751 4354 caligine
2796 4285 2978 4339 animo
3020 4284 3269 4339 tenebras
3295 4281 3580 4348 videmus;

1987 4383 2107 4452 quia
2140 4382 2241 4436 etsi
2273 4380 2561 4435 obscurum
2591 4384 2674 4433 est
2703 4376 2845 4446 quod
2877 4384 3057 4432 mente
3084 4375 3371 4439 cernimus,
3405 4372 3471 4427 de
3496 4371 3583 4441 ju-

1989 4472 2130 4526 dicio
2160 4478 2242 4525 est
2270 4470 2375 4525 hoc
2405 4468 2653 4537 luminis,
2686 4484 2793 4522 non
2821 4467 2887 4522 de
2928 4468 3180 4539 passione
3207 4464 3485 4521 caecitatis.
3514 4462 3584 4518 Et

293 4560 467 4630 erigit,
497 4562 620 4629 quia
648 4560 772 4614 dum
803 4567 1004 4628 quanta
1033 4557 1103 4611 sit
1127 4557 1389 4612 districtio
1420 4558 1647 4611 extremi
1674 4558 1867 4612 exami-

1988 4564 2040 4619 in
2063 4573 2324 4618 {eternium
2348 4577 2476 4631 ergo
2499 4560 2708 4614 laudem
2728 4559 3111 4615 misericordia:
3133 4555 3372 4624 largitori
3394 4562 3583 4608 nostro

294 4652 378 4705 nis
418 4660 643 4719 pensat,
697 4651 836 4703 inter
863 4664 1012 4718 spem
1044 4664 1107 4701 ac
1136 4648 1474 4702 formidinem
1508 4648 1737 4703 sollicita
1772 4657 1878 4704 tre-

293 4743 460 4814 pidat,
493 4742 615 4809 quia
642 4741 818 4808 justus
840 4739 1002 4807 judex
1035 4739 1276 4802 veniens,
1309 4738 1437 4807 quid
1462 4739 1529 4793 de
1555 4742 1880 4809 perpetratis

293 4841 525 4903 reputet,
552 4830 679 4900 quid
700 4830 928 4894 relaxet,
958 4830 1189 4897 ignorat.
1212 4828 1346 4881 Nam
1369 4843 1528 4899 quam
1550 4846 1711 4899 prava
1733 4847 1879 4886 com-

367 5000 390 5025 α
432 4985 530 5043 Hic
567 4985 634 5040 ab
661 4984 889 5038 invicem
918 4981 1225 5053 discrepant
1253 4990 1361 5053 tam
1389 4982 1515 5037 Mss.
1544 5000 1706 5053 quam
1736 4985 1880 5042 Edit.

295 5060 457 5115 Corb.
508 5056 687 5113 Germ.
748 5054 911 5107 habet
965 5052 1263 5105 discretioni
1312 5052 1423 5121 ejus
1464 5052 1650 5107 iterum
1696 5060 1877 5111 servit.

293 5130 415 5185 Vet.
448 5128 610 5192 Edit.,
642 5126 1000 5179 discretionem
1025 5123 1134 5192 ejus
1162 5123 1346 5174 iterum
1376 5124 1632 5176 disseruit.
1667 5126 1796 5180 Coc.
1829 5137 1884 5181 et

293 5201 619 5271 posteriores
646 5196 771 5271 l‘ld.,
799 5194 1131 5271 descriptioni
1160 5194 1273 5262 ejus
1300 5193 1485 5271 iterum
1517 5196 1743 5249 inservit.
1779 5196 1879 5252 Se-

293 5262 508 5340 quimur
523 5268 821 5340 iectionettt
848 5262 984 5340 Cod.
1021 5262 1185 5325 Utic.,
1220 5266 1574 5340 qme_vite_tur
1602 5268 1884 5340 proposito

290 5332 464 5397 sancti
511 5337 753 5407 Gregorii
800 5336 1323 5407 magisconsona;_
1351 5332 1774 5407 loquiturenim
1816 5340 1883 5392 de

291 5411 576 5465 beatorum
601 5401 808 5461 interna
836 5401 965 5475 pace
992 5406 1072 5458 his
1094 5404 1271 5458 verbis
1295 5401 1395 5459 Job
1418 5401 1711 5473 signiﬁcata
1740 5426 1751 5459 :
1781 5424 1884 5463 non

292 5482 633 5535 exaudierunt
664 5493 831 5530 vocem
859 5477 1120 5530 exactoris
1143 5516 1157 5539 ,
1190 5483 1245 5529 et
1273 5475 1389 5529 aliis
1420 5476 1883 5531 antecedentibus.

294 5554 463 5618 Quam
512 5552 705 5601 iterum
749 5548 814 5599 al)
844 5548 1034 5618 eodem
1074 5545 1310 5601 describi
1356 5547 1516 5601 docet
1558 5546 1642 5602 bis
1672 5550 1883 5604 verbis:

293 5616 553 5693 parvttset
581 5616 893 5693 magnus‘ibi
928 5626 1065 5693 sunt.

368 5692 392 5728 ιι
422 5690 577 5751 Editi,
608 5697 752 5739 tanta
777 5687 847 5738 vis
868 5688 1077 5739 amoris.
1107 5685 1273 5742 Abest
1298 5704 1400 5743 vox
1424 5690 1617 5744 amoris
1638 5705 1668 5743 a
1692 5690 1816 5745 Mss.

297 5830 337 5884 ό
372 5774 391 5798 υ
420 5760 585 5842 latini,
615 5756 867 5839 dominio.
898 5755 1144 5812 Potiores
1173 5758 1297 5814 Mss.
1326 5760 1523 5829 quibus
1546 5760 1891 5833 maturemus,

337 5846 531 5884 0mm.

337 5846 531 5887 0mm.

1985 4653 2295 4719 referimus,
2328 4662 2383 4707 et
2413 4666 2751 4722 nequaquam
2796 4648 2805 4685 ί
2847 4649 3077 4703 miseria:
3107 4644 3435 4701 conscientia
3463 4658 3585 4712 gra-

1988 4759 2205 4810 vantur;
2254 4744 2378 4812 quia
2432 4743 2559 4795 dum
2608 4740 2746 4794 mala
2788 4748 2971 4793 nostra
3007 4739 3123 4792 sine
3168 4736 3346 4804 aliquo
3388 4733 3585 4789 mentis

1987 4836 2132 4891 malo
2165 4836 2500 4906 respicimus,
2544 4842 2599 4888 et
2638 4846 2908 4900 nunquam
2950 4829 3052 4885 erit
3081 4828 3225 4899 quod
3262 4826 3427 4883 corda
3465 4826 3585 4881 lau-

2062 4990 2085 5025 ά
2114 4989 2231 5042 Νοη
2256 4988 2363 5040 alio
2383 5002 2544 5041 sensu
2572 4985 2790 5053 Excusi,
2818 4986 3044 5057 graviter
3057 4984 3245 5057 judicii
3267 4999 3473 5057 pavore.

2064 5069 2087 5128 ὲ
2114 5058 2225 5128 AL,
2256 5059 2527 5128 formidat,
2557 5067 2617 5110 ut
2643 5055 2843 5111 habent
2867 5072 3055 5128 omnes
3082 5055 3311 5128 vulgati.

2068 5126 2084 5164 τ
2130 5127 2234 5184 Pro
2257 5126 2347 5181 ubi
2379 5128 2606 5184 Coccius
2634 5130 2812 5197 posuit
2841 5126 2948 5190 ibi,
2992 5127 3136 5197 quod
3165 5128 3424 5196 deinceps
3445 5126 3588 5182 obti-

1991 5198 2495 5280 nuit_reititentil)us
2522 5196 2646 5252 Mss.
2677 5213 2741 5252 ac
2770 5197 2993 5280 priorib.
3020 5196 3114 5251 Ed.

2065 5280 2089 5315 ιι
2120 5269 2197 5322 Ita
2221 5269 2407 5331 Corb.,
2440 5267 2645 5333 Germ.,
2673 5267 2839 5337 antiq.
2877 5267 3071 5322 Rheni.
3105 5275 3158 5322 et
3186 5269 3427 5338 potiores
3455 5267 3583 5323 Mss.

1990 5340 2133 5395 Editi
2164 5357 2287 5393 cum
2317 5341 2585 5395 nonnullis
2610 5339 2842 5410 scriptis,
2875 5340 3132 5410 largitori.

2064 5412 2084 5446 υ
2109 5411 2168 5465 lu
2191 5412 2438 5466 omnibus
2466 5410 2682 5475 libanu,
2710 5406 3133 5478 Remig.,'(iorb.
3186 5408 3390 5468 Germ.,
3425 5406 3585 5475 Reg.,

1988 5481 2170 5547 Colb.,
2199 5482 2353 5535 altius
2385 5498 2481 5551 pro
2512 5483 2726 5547 arctius,
2758 5482 2902 5551 quod
2930 5492 3109 5540 tamen
3141 5480 3311 5548 magis
3338 5479 3593 5549 congruit

1987 5553 2154 5607 verbo
2194 5553 2469 5623 astringat.

2070 5623 2083 5659 ί
2133 5623 2187 5675 In
2219 5619 2497 5689 Vulgatis,
2546 5624 2753 5676 miseria
2803 5624 3146 5676 conscientia}.
3198 5620 3387 5675 Melius
3430 5619 3583 5689 Mss.,

1991 5696 2217 5749 miseria:
2246 5696 2578 5760 conscientia,
2613 5695 2714 5748 hoc
2741 5702 2842 5757 est,
2871 5694 3054 5747 intima
3086 5692 3393 5760 cognitione
3418 5699 3474 5747 et
3492 5705 3585 5750 re-

1993 5765 2326 5833 cordatione,
2352 5781 2456 5836 qua
2478 5766 2699 5821 minime
2722 5772 3014 5835 gravantur
3030 5764 3223 5819 sancti.
