4180 6456
603 332 713 390 67.9

1768 316 2013 374 SANCTI
2054 312 2380 373 GREGORII
2422 312 2636 371 MAGNI

3791 307 3899 369 680

601 452 841 511 dantium
862 449 930 506 de
950 446 1234 503 transactis
1262 442 1630 515 iniquitatibus
1651 440 1877 512 polluat,
1906 448 1961 497 et
1980 455 2193 510 semper
2221 445 2271 503 Α
2297 435 2600 509 peccatoris
2628 431 2839 488 animus
2876 429 3047 501 culpa:
3083 442 3194 485 suae
3226 427 3490 485 memoria
3529 426 3791 498 tangitur,
3834 438 3899 486 ut

603 545 710 603 erit
738 540 881 612 quod
922 540 1037 594 haec
1066 538 1133 593 ad
1160 537 1375 592 laudem
1406 534 1712 590 liberatoris
1742 532 2020 588 accendat.
2064 530 2200 597 Quia

603 652 732 707 ergo
762 637 987 690 internae
1016 635 1150 689 lucis
1175 635 1393 703 requies
1415 634 1493 689 sic
1518 634 1571 687 in
1600 648 1658 687 se
1685 646 1909 700 magnos
1930 628 2196 692 sublevat,

604 738 665 785 ut
689 738 868 784 tamen
918 743 1019 783 nec
1048 726 1303 798 parvulos
1344 727 1717 799 derelinquat,
1770 725 1978 779 dicatur
2004 730 2151 777 recte
2184 737 2196 774 :

603 819 807 875 Parvus
829 829 878 875 et
898 836 1118 891 magnus
1140 818 1209 873 ibi
1233 827 1372 873 sunt.
1396 818 1532 887 Quia
1555 826 1737 876 autem
1757 817 1835 874 sic
1859 816 1931 872 ibi
1952 812 2202 873 conversi

2304 537 2483 583 tamen
2524 525 2668 581 nulla
2698 523 2939 594 ejusdem
2969 521 3243 577 memoriae
3273 520 3593 576 confusione
3622 519 3897 590 deprima-

2303 630 2418 688 tur,
2470 632 2709 690 congrue
2753 615 3094 687 subjungitur
3145 633 3158 669 :
3212 611 3283 669 Et
3326 629 3503 669 servus
3551 611 3681 673 liber
3724 630 3757 672 α
3802 614 3900 673 da-

2305 732 2447 772 mmo
2476 731 2588 770 δυο.

611 966 3895 1009 ___________________________________.——_—_

1804 1119 2150 1204 LIBER
2227 1108 2821 1225 QUINTUS.-

832 1310 1162 1391 Reliquam
1190 1306 1423 1388 capitis
1460 1303 1634 1370 tertii
1659 1307 1905 1384 partem
1936 1321 1973 1362 a
2006 1317 2098 1361 xx
2131 1315 2340 1372 versu,
2375 1304 2577 1359 totum
2612 1300 2801 1373 caput
2831 1299 3149 1374 quartum,
3188 1298 3247 1356 et
3282 1293 3494 1376 quinti
3527 1292 3685 1356 duas

1845 1404 2093 1485 priores
2142 1418 2354 1462 versus
2410 1406 2685 1462 enarrat.

1117 1640 1344 1697 CAPUT
1407 1640 1700 1695 PRIMUM.

682 1750 733 1804 1.
777 1749 960 1805 Sancti
988 1747 1070 1801 hic
1100 1763 1347 1817 prospera
1373 1744 1540 1815 magis
1566 1741 1881 1815 formidare,
1924 1754 2079 1811 quam
2110 1736 2210 1789 ad-

2318 1632 2521 1688 mundo
2572 1630 2853 1703 prospera
2884 1646 3065 1703 quam
3091 1631 3320 1688 adversa
3365 1630 3674 1688 formident.
3726 1632 3915 1691 Sciunt

2319 1740 2552 1794 namque
2574 1725 2700 1793 quia
2722 1739 2874 1779 mens
2895 1724 3021 1779 dum
3046 1714 3246 1780 blanda
3259 1724 3617 1795 occupatione
3629 1727 3910 1797 premitur,

605 1861 775 1901 versa.
806 1874 876 1884 —
901 1841 1035 1896 Cum
1068 1840 1225 1895 valde
1255 1839 1464 1894 occulta
1495 1839 1604 1893 sint
1635 1837 1814 1891 divina
1840 1834 2040 1904 judicia
2062 1874 2076 1898 ,
2112 1846 2210 1886 cur
2243 1850 2291 1908 Β
2317 1816 2608 1886 aliquando
2636 1817 2809 1871 libens
2840 1816 2906 1871 ad
2936 1816 3209 1872 θιιεΐίοτᾶ
3241 1817 3537 1872 derivatur.
3570 1816 3764 1873 Sciunt
3791 1822 3913 1890 quia

609 1937 665 1993 in
696 1938 796 1991 hac
826 1936 935 1989 vita
966 1946 1352 2001 nonnunquam
1380 1930 1539 1985 bonis
1564 1930 1704 1983 male
1734 1929 1831 1992 sit,
1865 1925 2019 1979 malis
2049 1923 2206 1987 bene,

607 2036 739 2084 tunc
768 2026 1067 2082 occultiora
1098 2032 1251 2090 sunt,
1295 2038 1417 2078 cum
1450 2030 1506 2077 et
1534 2022 1691 2075 bonis
1720 2021 1808 2073 hic
1838 2018 1977 2072 bene
2008 2025 2122 2081 est,
2156 2020 2211 2069 et

613 2121 770 2176 malis
798 2120 959 2174 male.
1002 2118 1135 2172 Nam
1165 2132 1287 2172 cum
1315 2115 1472 2170 bonis
1500 2115 1640 2169 male
1667 2120 1751 2168 est
1773 2153 1787 2178 ,
1835 2111 1990 2166 malis
2030 2110 2169 2163 bene
2192 2148 2207 2173 ,

610 2213 716 2267 hoc
746 2211 975 2265 fortasse
996 2205 1448 2277 deprehenditur,
1479 2204 1603 2273 quia
1627 2212 1682 2257 et
1707 2201 1865 2267 boni,
1900 2200 1945 2253 si
1973 2214 2078 2268 qua
2112 2197 2210 2251 de-

612 2303 912 2371 liquerunt,
943 2299 1030 2353 hic
1051 2297 1341 2365 recipiunt,
1369 2303 1426 2349 ut
1448 2296 1515 2348 ab
1536 2302 1738 2347 aeterna
1759 2291 1968 2361 plenius
1990 2289 2211 2343 damna-

612 2392 762 2446 tione
808 2390 1136 2452 liberentur;
1187 2394 1241 2441 et
1286 2386 1411 2439 mali
1451 2385 1631 2452 bona,
1674 2398 1793 2451 quae
1834 2397 1932 2451 pro
1972 2381 2075 2434 hac
2102 2378 2208 2433 vita

613 2481 854 2549 faciunt,
899 2479 985 2534 hic
1016 2478 1332 2546 inveniunt,
1368 2484 1425 2531 ut
1457 2476 1522 2530 ad
1553 2476 1669 2531 sola
1701 2475 1753 2529 in
1789 2482 2066 2545 posterum
2098 2482 2210 2527 tor-

578 2582 579 2585 ‘
616 2583 797 2629 menta
820 2571 1223 2643 pertrabantur.
1256 2569 1409 2625 Unde
1436 2578 1490 2624 et
1511 2570 1719 2623 ardenti
1749 2569 1801 2622 in
1824 2567 2034 2622 inferno
2061 2567 2213 2621 diviti

610 2663 805 2719 dicitur
831 2680 842 2714 :
872 2662 1155 2729 Memento,
1187 2661 1285 2731 ﬁli,
1321 2662 1443 2731 quia
1471 2660 1709 2726 recepisti
1734 2659 1868 2711 bona
1891 2659 1944 2711 in
1968 2659 2070 2711 vita
2098 2666 2211 2724 tua,

608 2767 658 2813 et
701 2756 935 2811 Lazarus
982 2757 1218 2810 similiter
1260 2757 1401 2809 mala
1442 2753 1602 2823 (Luc.
1648 2770 1766 2817 xvr,
1800 2750 1925 2821 25).
1975 2751 2043 2804 At
2090 2766 2211 2805 cum

610 2848 767 2904 bonis
797 2849 885 2904 hic
912 2849 1050 2903 bene
1079 2855 1180 2913 est,
1215 2856 1270 2902 et
1299 2847 1454 2901 malis
1479 2846 1642 2912 male,
1674 2845 1939 2900 incertum
1970 2843 2125 2898 valde
2156 2842 2214 2897 ﬁt

614 2949 794 2995 utrum
824 2941 952 2995 boni
984 2939 1186 2994 idcirco
1217 2939 1359 2993 bona
1391 2937 1696 3007 accipiant,
1748 2945 1805 2990 ut
1835 2936 2115 3006 provocati
2145 2935 2213 2989 ad

615 3031 817 3100 aliquid
848 3031 1041 3087 melius
1069 3038 1350 3095 crescant;
1401 3045 1468 3083 an
1503 3028 1649 3097 justo
1690 3028 1985 3097 latentiquc
2008 3026 2214 3095 judicio

614 3122 707 3178 hic
735 3137 955 3177 suorum
985 3137 1209 3192 operum
1237 3121 1733 3175 remunerationem
1764 3118 2100 3190 percipiant,
2155 3127 2215 3174 ut

2317 1924 2460 1980 saepe
2491 1910 2569 1965 sic
2597 1909 2739 1963 hanc
2763 1908 3097 1964 clandestina
3133 1909 3389 1979 cogitatio
3423 1909 3651 1979 decipit,
3696 1918 3757 1964 ut
3784 1927 3915 1981 quo-

2314 2006 2477 2062 modo
2503 2014 2840 2078 permutetur
2890 2006 3120 2074 ignoret.
3169 2004 3404 2059 Pensant
3432 2012 3612 2058 autem
3642 2019 3761 2073 quae
3810 2006 3916 2060 sint

2320 2112 2556 2154 cmterna
2579 2100 2721 2153 bona
2749 2114 2868 2169 quae
2893 2098 3214 2169 cupiunt,et
3241 2104 3576 2169 cognoscunt
3595 2112 3759 2167 quam
3784 2097 3914 2152 nihil

2315 2192 2385 2247 sit
2408 2206 2569 2246 omne
2592 2190 2735 2260 quod
2759 2190 3011 2245 blandum
3038 2189 3412 2260 temporaliter
3432 2189 3665 2257 arridet;
3695 2200 3915 2247 cuncta-

2316 2299 2421 2354 que
2444 2282 2601 2353 hujus
2628 2283 2817 2337 mundi
2838 2298 3099 2355 prospera
3130 2299 3283 2339 mens
3304 2298 3497 2339 eorum
3519 2299 3586 2340 eo
3607 2299 3753 2354 aegre
3776 2286 3913 2341 tole-

2316 2385 2420 2442 rat,
2454 2391 2561 2446 quo
2585 2390 2833 2445 supernae
2864 2374 3132 2431 felicitatis
3164 2384 3247 2431 est
3273 2391 3459 2432 amore
3488 2377 3722 2431 sauciata
3744 2419 3762 2445 ,
3794 2386 3915 2432 tan-

2317 2478 2483 2540 toque
2536 2470 2707 2538 magis
2757 2469 2812 2523 in
2870 2470 3151 2539 praesentis
3194 2469 3493 2525 dulcedinis
3538 2471 3917 2551 aspernatione

2318 2562 2571 2628 erigitur,
2619 2567 2824 2631 quanto
2854 2560 2995 2616 hanc
3024 2560 3322 2631 conspicit,
3350 2561 3478 2630 quia
3509 2562 3708 2617 furtive
3735 2563 3838 2618 sibi
3864 2564 3917 2619 in

2318 2667 2533 2713 aeterna:
2563 2658 2749 2727 gloriae
2774 2656 3034 2727 despectu
3070 2658 3365 2713 blanditur.
3410 2656 3562 2714 Unde
3600 2658 3791 2715 beatus
3819 2660 3916 2716 Job

2319 2766 2439 2807 cum
2464 2765 2753 2820 supernam
2775 2750 3017 2819 requiem
3040 2751 3443 2820 contemplatus
3462 2747 3696 2806 diceret:
3717 2751 3912 2807 Parrus

2319 2855 2368 2901 et
2394 2862 2612 2917 magnus
2638 2844 2709 2899 ibi
2737 2852 2880 2912 sunt,
2911 2853 2961 2898 et
2986 2860 3161 2899 servus
3183 2843 3313 2899 liber
3334 2862 3367 2899 a
3391 2844 3602 2901 domino
3630 2861 3744 2913 suo,
3775 2845 3915 2901 illico

2321 2936 2565 3006 adjungit
2598 2954 2609 2989 :

2781 3025 3010 3081 CAPUT
3047 3027 3091 3082 ιι
3132 3027 3289 3101 [Rea
3325 3026 3442 3099 11].

2396 3130 2558 3187 Vens.
2592 3129 2683 3184 20.
2706 3158 2775 3169 —
2800 3126 2974 3192 Quare
3004 3128 3128 3183 data
3157 3138 3233 3183 est
3260 3131 3447 3185 misero
3473 3131 3600 3186 lux?

616 3228 649 3267 a
676 3213 910 3282 praemiis
935 3213 1057 3267 vitae
1078 3212 1353 3280 sequentis
1377 3212 1722 3276 inanescant;
1756 3218 1812 3265 ct
1832 3220 2012 3263 utrum
2042 3208 2214 3264 malos
2242 3237 2285 3298 ο
2391 3222 2442 3275 2,
2506 3221 2733 3275 [Em-na
2772 3222 3179 3291 contemplantes
3220 3230 3477 3277 ιεηρηαηι
3523 3225 3914 3293 ρνοερενξιαιεηι

619 3302 820 3357 idcirco
844 3302 1071 3356 adversa
1092 3303 1305 3367 feriant,
1334 3309 1393 3357 ut
1415 3303 1481 3356 ab
1500 3305 1717 3357 mternis
1738 3302 2016 3371 suppliciis
2042 3311 2065 3337 α
2088 3316 2213 3356 cor-

621 3394 851 3461 rigentia
880 3394 1201 3460 defendant;
1247 3410 1315 3447 an
1342 3395 1431 3448 hic
1460 3410 1646 3449 eorum
1678 3411 1837 3465 poena
1868 3396 2123 3465 incipiat,
2157 3404 2218 3449 ut

624 3486 951 3555 quandoque
977 3486 1295 3556 complenda
1335 3502 1429 3541 eos
1456 3487 1522 3541 ad
1553 3487 1737 3541 ultima
1766 3488 2027 3556 gehennae
2063 3488 2219 3558 139

627 3586 892 3634 tormenta
932 3568 1227 3647 perducat.»
1261 3577 1397 3643 Quia
1440 3593 1568 3647 ergo
1609 3578 1750 3633 inter
1791 3578 1971 3633 divina
2015 3579 2217 3649 judicia

624 3670 773 3739 gravi
806 3669 1203 3725 incertitudinis
1241 3685 1352 3725 suae
1388 3671 1614 3739 caligine
1643 3671 1878 3725 humana
1910 3687 2061 3727 mens
2089 3688 2217 3742 pre-

559 3804 562 3806 η
626 3762 811 3830 mitur,
840 3761 1013 3816 sancti
1043 3761 1145 3815 viri
1176 3777 1297 3817 cum
1328 3762 1428 3817 sibi
1455 3771 1743 3833 suppetere
1772 3778 2032 3834 prospera
2063 3765 2220 3835 hujus
2282 3768 2287 3771 ’

626 3853 813 3908 mundi
870 3854 1245 3924 conspiciunt,
1304 3854 1494 3925 pavida
1551 3857 1857 3925 suspicione
1912 3859 2214 3913 turbantur.

626 3945 843 4001 Timent
871 3948 1013 4003 enim
1068 3962 1138 4003 ne
1174 3948 1262 4002 hic
1303 3947 1546 4004 laborum
1587 3965 1809 4004 suorum
1839 3948 2048 4007 fructus
2077 3953 2218 4007 reci-

624 4038 812 4109 piant;
855 4038 1046 4093 timent
1088 4053 1157 4093 ne
1202 4039 1348 4108 quod
1378 4039 1556 4094 divina
1594 4039 1807 4109 justitia
1850 4040 2025 4097 latens
2058 4042 2112 4096 in
2143 4042 2220 4097 eis

626 4132 820 4186 vulnus
851 4132 1112 4201 aspiciat,
1159 4141 1214 4186 et
1256 4133 1613 4187 exterioribus
1657 4149 1751 4190 eos
1782 4135 2095 4189 muneribus
2124 4151 2221 4189 cu-

628 4222 860 4284 mulans,
894 4222 960 4276 ab
992 4221 1193 4274 intimis
1213 4222 1458 4292 repellat.
1488 4220 1623 4276 Cum
1650 4238 1778 4278 vero
1808 4224 1955 4279 taciti
1984 4224 2222 4293 cogitant

631 4315 777 4385 quod
805 4330 905 4370 nec
932 4316 1075 4370 bona
1106 4324 1301 4383 agunt,
1340 4315 1440 4369 nisi
1471 4324 1530 4370 ut
1559 4315 1659 4370 soli
1688 4316 1916 4372 Domino
1946 4317 2218 4387 placeant,

631 4423 733 4463 nec
779 4409 833 4463 in
872 4407 985 4477 ipsa
1031 4406 1306 4462 afﬂuentia
1351 4424 1469 4483 sum.
1491 4409 1869 4477 prosperitatis
1917 4412 2219 4479 exsultant,

630 4501 807 4556 minus
838 4499 1057 4570 quidem
1084 4498 1152 4553 de
1180 4500 1454 4570 prosperis
1486 4500 1694 4555 occulta
1725 4508 1914 4554 contra
1944 4516 2001 4555 se
2019 4501 2220 4570 judicia

2322 3313 2610 3384 refugiunt.
2652 3342 2723 3351 —
2764 3308 2821 3364 In
2850 3310 3127 3381 Scriptura
3173 3326 3327 3367 sacra
3368 3328 3755 3381 nonnunquam
3785 3313 3914 3369 lucis

2322 3403 2689 3473 appellatione
2717 3401 3071 3476 prosperitas,
3105 3402 3279 3457 noctis
3309 3410 3489 3457 autem
3516 3404 3735 3458 nomine
3763 3403 3916 3472 hujus

2322 3495 2504 3549 mundi
2530 3494 2826 3551 adversitas
2856 3494 3187 3564 designatur.
3214 3492 3367 3550 Unde
3394 3504 3448 3551 et
3475 3497 3613 3551 bene
3635 3513 3734 3568 per
3762 3497 3914 3554 Psal-

2322 3587 2537 3641 mistam
2560 3586 2755 3640 dicitur
2784 3605 2794 3638 :
2831 3585 2983 3641 Sicut
3014 3568 3235 3642 tenebra:
3260 3588 3389 3657 ejus,
3422 3588 3496 3639 ita
3523 3596 3572 3641 et
3604 3587 3779 3642 lumen
3804 3589 3918 3658 ejus

2326 3680 2498 3751 (Psal.
2525 3695 2781 3745 cxxxvm,
2812 3679 2923 3751 12).
2953 3681 3088 3746 Quia
3106 3680 3249 3736 enim
3274 3680 3441 3735 sancti
3462 3680 3565 3735 viri
3586 3681 3661 3735 ita
3688 3697 3919 3751 prospe-

2323 3774 2539 3828 ritatem
2565 3773 2747 3828 saeculi
2778 3772 3142 3843 despicientes
3171 3773 3398 3837 calcant,
3429 3774 3567 3829 sicut
3595 3780 3651 3828 et
3676 3774 3918 3830 adversi-

2324 3874 2493 3921 tatem
2523 3865 2639 3934 ejus
2680 3865 2952 3921 calcantes
2994 3865 3265 3931 tolerant,
3307 3880 3405 3934 per
3436 3879 3685 3934 magnam
3723 3866 3915 3921 mentis

2324 3960 2695 4016 celsitudinem
2727 3959 2911 4014 mundi
2942 3959 3045 4014 sibi
3070 3967 3127 4014 et
3155 3957 3386 4015 adversa
3422 3966 3477 4013 et
3505 3974 3763 4028 prospera
3793 3959 3916 4014 sub-

2323 4059 2626 4108 sternentes
2653 4050 2841 4106 dicunt
2874 4069 2885 4104 :
2921 4051 3070 4106 Sicut
3111 4051 3333 4106 tenebrae
3358 4052 3503 4122 ejus,
3552 4053 3627 4104 ita
3659 4060 3708 4105 et
3748 4052 3915 4105 lumen

2325 4146 2455 4216 ejus.
2487 4144 2563 4199 Ac
2592 4143 2638 4198 si
2666 4143 2907 4213 apertius
2936 4143 3120 4197 dicant
3152 4161 3163 4195 :
3196 4142 3348 4199 Sicut
3376 4142 3694 4198 intentionis
3722 4150 3913 4198 nostrae

2325 4235 2693 4291 fortitudinem
2728 4234 2844 4304 ejus
2887 4234 3062 4292 tristia
3090 4249 3200 4291 non
3230 4242 3516 4305 premunt,
3546 4234 3620 4289 ita
3651 4233 3791 4288 hanc
3819 4247 3915 4288 nec

2324 4327 2521 4381 blanda
2552 4334 2924 4396 corrumpunt.
2958 4326 3066 4383 Sed
3094 4327 3220 4395 quia
3248 4326 3397 4392 haec,
3429 4334 3491 4379 ut
3518 4326 3784 4393 diximus,
3815 4325 3911 4380 bo-

2326 4432 2518 4471 norum
2548 4424 2787 4481 liventem
2810 4418 2975 4472 etiam
3005 4432 3127 4471 cum
3170 4432 3279 4472 non
3306 4416 3621 4481 sublevant,
3652 4416 3677 4455 ιι
3706 4423 3913 4486 pertur-

2326 4510 2483 4575 bant,
2517 4509 2687 4565 sancti
2711 4510 2841 4575 viri,
2874 4511 2966 4580 qui
2995 4524 3054 4565 se
3075 4509 3129 4565 in
3156 4509 3315 4580 hujus
3342 4509 3518 4566 exsilii
3541 4524 3779 4565 aerumna
3805 4509 3913 4564 mi-

631 4599 903 4656 metuunt,
936 4589 1032 4645 sed
1060 4598 1236 4644 tamen
1267 4590 1455 4645 eadem
1482 4604 1772 4660 prospera,
1801 4590 1925 4659 quia
1955 4606 2013 4645 se
2043 4591 2109 4645 ab
2138 4591 2215 4646 in-

2326 4616 2477 4656 seros
2526 4608 2881 4670 cognoscunt,
2934 4599 3233 4655 clarescere
3280 4600 3335 4655 in
3390 4598 3509 4668 ejus
3556 4598 3917 4670 prosperitate

631 4685 761 4739 tima
787 4683 1087 4738 intentione
1115 4681 1468 4753 praepediunt,
1499 4695 1639 4749 aegre
1668 4682 1883 4755 ferunt;
1907 4690 1961 4736 et
1989 4683 2217 4738 moleste

632 4775 911 4844 praesentis
936 4776 1059 4829 vitae
1082 4774 1448 4830 blandimenta
1476 4775 1724 4841 tolerant,
1757 4776 1881 4844 quia
1905 4791 2001 4845 per
2024 4776 2139 4831 hmo
2159 4792 2218 4832 se

634 4876 908 4936 utcunque
939 4867 1137 4922 tardari
1175 4868 1227 4922 in
1262 4868 1474 4923 interno
1506 4866 1778 4922 desiderio
1808 4883 1916 4923 non
1948 4869 2215 4937 ignorant.

633 4954 760 5010 Plus
781 4956 924 5011 enim
950 4957 1004 5011 in
1024 4958 1126 5013 hoc
1146 4957 1347 5013 mundo
1368 4958 1545 5013 honor
1566 4973 1725 5028 quam
1750 4958 2025 5030 despectio
2052 4975 2216 5016 occu-

633 5054 756 5117 pat,
786 5053 841 5101 et
866 5046 1034 5115 magis
1063 5050 1437 5118 prosperitatis
1460 5050 1760 5105 sublimitas
1788 5066 1947 5119 quam
1977 5052 2216 5108 necessi-

634 5136 761 5190 tatis
801 5135 1095 5191 adversitas
1124 5146 1328 5207 gravat.
1372 5138 1472 5193 Per
1506 5140 1647 5197 hanc
1688 5152 1921 5212 namque
1966 5157 2218 5197 nonnun-

634 5240 796 5297 quam
817 5241 939 5281 cum
955 5227 1117 5282 homo
1139 5228 1374 5284 exterius
1396 5233 1676 5299 premitur,
1703 5232 1767 5286 ad
1786 5234 2219 5303 concupiscenda

633 5334 754 5390 quae
782 5319 926 5374 intus
967 5328 1121 5388 sunt,
1148 5320 1174 5358 ι)
1200 5320 1419 5378 liberius
1453 5324 1745 5381 relaxatur.
1781 5322 1885 5379 Per
1914 5324 2059 5379 illam
2089 5339 2218 5381 vero

635 5415 872 5479 animus,
919 5414 1042 5469 dum
1075 5414 1256 5472 multis
1284 5432 1478 5487 parere
1518 5419 1761 5489 cogitur,
1795 5434 1827 5473 a
1853 5417 2108 5474 desiderii
2136 5420 2219 5474 sui

635 5522 794 5563 cursu
822 5507 1102 5563 retinetur.
1148 5507 1302 5565 Unde
1333 5510 1391 5563 tit
1419 5516 1477 5563 ut
1506 5510 1678 5566 sancti
1706 5509 1809 5565 viri
1840 5512 2009 5581 magis
2036 5511 2089 5566 in
2115 5512 2219 5569 hoc

709 5680 729 5707 ι
763 5668 959 5727 Omnes
988 5671 1113 5729 Mss.
1147 5673 1223 5728 ita
1249 5673 1473 5741 habent,
1512 5684 1566 5731 et
1592 5681 1764 5730 veter.
1794 5674 1939 5730 Edit.
1972 5674 2142 5731 Paris.
2172 5682 2226 5731 et

636 5740 807 5819 Ba_sil_._
830 5742 984 5819 aliaeL
999 5744 1303 5819 corrigendo
1329 5740 1633 5819 defendant.

574 5868 579 5873 _
648 5812 733 5892 mh
764 5811 888 5892 Mss.
941 5813 1107 5892 _Corb.
1140 5811 1363 5883 'Germ”
1396 5811 1568 5886 'Reg.,
1602 5818 1882 5888 Norman.,
1930 5830 1985 5879 et
2024 5820 2221 5892 aliqui,

643 5880 848 5936 liberior
876 5884 1163 5941 relaxatur.

2327 4693 2616 4765 refugiunt.
2649 4692 2806 4749 Unde
2834 4694 2973 4749 bene
3000 4708 3143 4749 nunc
3179 4692 3375 4750 dicitur
3416 4711 3427 4746 :
3477 4690 3650 4757 Quare
3679 4694 3805 4748 data
3843 4700 3918 4747 est

2328 4788 2513 4841 misero
2544 4786 2674 4840 lux?
2719 4785 2834 4841 Lux
2863 4786 3007 4841 enim
3048 4785 3258 4841 miseris
3298 4785 3482 4852 datur,
3512 4785 3732 4855 quando
3763 4786 3799 4840 ii
3826 4784 3918 4855 qui

2328 4876 2575 4933 sublimia
2592 4876 3041 4946 contemplantes,
3064 4891 3183 4933 esse
3203 4891 3264 4933 se
3285 4875 3340 4931 in
3359 4876 3459 4931 hac
3479 4876 3920 4947 peregrinatione

2328 4966 2553 5022 miseros
2581 4974 2906 5036 agnoscunt,
2959 4966 3261 5023 claritatem
3296 4968 3621 5023 transitoria:
3645 4968 3921 5043 prosperi-

2328 5059 2454 5114 tatis
2486 5060 2773 5130 accipiunt.
2806 5058 2873 5113 Et
2901 5073 3023 5115 cum
3055 5058 3212 5115 valde
3240 5049 3474 5115 defleant
3505 5060 3632 5129 quia
3668 5060 3822 5116 tarde
3849 5059 3920 5115 ad

2324 5154 2553 5224 patriam
2605 5154 2869 5219 redeunt,
2924 5151 3159 5207 tolerare
3207 5152 3427 5224 insuper
3477 5152 3702 5208 honoris
3748 5167 3920 5209 onera

2325 5243 2740 5314 compelluntur.
2765 5243 2931 5297 Amor
2941 5257 3036 5297 eos
3048 5250 3375 5297 aeternorum
3391 5242 3645 5311 conterit,
3675 5250 3731 5297 et
3745 5240 3917 5311 gloria

2324 5334 2392 5389 de
2417 5335 2802 5405 temporalibus
2823 5333 3039 5388 arridet.
3074 5333 3174 5400 Qui
3196 5333 3323 5389 dum
3348 5336 3591 5405 cogitant
3620 5334 3776 5407 ιω
3794 5348 3918 5405 quas

2325 5426 2433 5482 sint
2462 5442 2579 5495 quae
2609 5427 2661 5482 in
2690 5426 2886 5483 inlimis
2915 5434 3131 5493 tenent,
3156 5433 3213 5482 et
3239 5440 3360 5495 quae
3387 5426 3495 5481 sint
3515 5441 3636 5497 quae
3655 5426 3724 5482 de
3752 5424 3919 5481 subli-

2322 5520 2496 5575 mibus
2526 5536 2632 5576 non
2661 5518 2870 5587 vident;
2919 5533 3037 5588 quae
3069 5519 3178 5575 sint
3218 5533 3339 5588 quae
3365 5518 3422 5573 in
3455 5525 3602 5574 terra
3647 5517 3875 5574 fulciunt
3896 5559 3915 5585 ,

2398 5690 2421 5718 ο
2444 5679 2702 5754 _Nonnulli
2731 5682 2857 5738 Mss.
2889 5690 2944 5739 et
2974 5682 3133 5747 Editi,
3168 5698 3283 5754 qute
3309 5684 3416 5737 sint
3442 5683 3670 5739 interna.
3703 5683 3811 5739 Sed
3837 5682 3918 5738 le-

2321 5751 2550 5835 gendum
2577 5768 2694 5835 esse
2716 5763 2907 5835 aeterna
2927 5796 2939 5820 ,
2969 5762 3126 5835 patet
3141 5751 3208 5835 ex
3230 5755 3574 5825 oppositione
3597 5754 3921 5835 omnisqued

2324 5823 2572 5894 blandum
2603 5826 2951 5894 temporaliter
2973 5823 3196 5879 arridet.

2395 5891 2421 5930 ά
2452 5893 2677 5951 Vindoc.
2703 5891 2766 5951 et
2792 5897 2961 5966 antiq.
2989 5896 3208 5965 Rhem.,
3238 5896 3484 5968 probant.
