4180 6484
531 479 637 536 683

1775 447 2020 513 SANCTI
2056 440 2384 506 GREGORII
2425 437 2637 500 MAGNI

3711 423 3812 479 (ὶθὶ

531 611 651 654 rum
688 586 1012 648 desiderium
1043 582 1308 649 differtur,
1338 586 1397 634 ιιι
1441 577 1719 650 proﬁciat;
1749 581 1806 629 et
1853 566 2125 627 tarditatis
2151 566 2205 625 Α
2230 561 2414 632 (Prov.
2435 578 2498 628 ιι,
2526 558 2665 631 4,5).
2704 551 3300 654 in
3532 547 3819 654 “perticis

530 703 640 744 sum
678 683 798 740 sinu
829 678 1081 743 nutritur,
1112 683 1171 731 ut
1219 680 1450 730 crescat.
1483 667 1638 726 Unde
1664 668 1806 724 bene
1832 677 2029 736 sponsa
2071 660 2127 715 in

531 775 714 849 sponsi
744 772 827 829 sui
856 767 1124 826 desiderio
1146 762 1405 820 anhelans
1424 761 1621 819 clamat
1652 776 1667 813 :
1699 756 1767 813 In
1796 754 1983 812 lectulo
2015 766 2131 808 meo

532 844 622 943 per
650 876 824 924 noctes
869 861 1080 932 quasivi
1109 875 1257 934 quem
1300 855 1473 927 diligit
1526 854 1705 908 anima
1731 864 1877 943 mea;
1922 844 2135 943 qutesivi

532 938 715 1028 illum,
769 966 818 1011 et
868 970 973 1009 non
1018 951 1189 1007 inveni
1248 946 1423 1022 (Cant.
1479 962 1569 1013 ιιι,
1620 942 1698 1015 1).
1749 938 2134 997 Abseonditse

535 1067 768 1125 sponsus
820 1062 943 1104 cum
992 1044 1269 1116 quaeritur,
1317 1049 1380 1097 ut
1427 1056 1538 1097 non
1566 1040 1817 1094 inventus
1861 1031 2135 1089 ardentius

535 1123 838 1211 quaratur;
869 1145 924 1193 et
956 1126 1201 1191 dili‘ertur
1223 1148 1465 1205 quaerens
1494 1145 1689 1202 sponsa
1709 1172 1724 1196 ,
1769 1142 1837 1182 ne
1876 1123 2135 1189 inveniat,

539 1244 597 1290 nt
624 1232 877 1289 tarditate
908 1245 1003 1286 sua
1029 1228 1281 1299 capacior
1318 1225 1549 1291 reddita,
1586 1219 1932 1292 multiplicius
1960 1230 2137 1288 quan-

538 1327 716 1397 doque
738 1323 977 1381 inveniat
1003 1312 1149 1393 quod
1176 1319 1473 1393 quaerebat.
1503 1314 1661 1373 Unde
1681 1315 1873 1371 beatus
1893 1311 1995 1368 Job
2015 1324 2139 1366 cum

539 1418 743 1476 diceret
775 1435 787 1471 :
825 1414 1144 1487 Exspectant
1172 1421 1419 1480 mortem,
1475 1418 1525 1465 et
1566 1424 1670 1464 non
1698 1408 1867 1474 venit,
1923 1410 1982 1459 ιιι
2032 1401 2141 1457 hoc

541 1511 718 1582 ipsum
748 1507 1103 1581 quaerentium
1139 1504 1464 1561 desiderium
1492 1499 1741 1558 subtilius
1764 1494 2028 1568 expleret,
2076 1492 2144 1547 il-

542 1602 650 1659 lico
677 1600 918 1673 adjungit
952 1618 965 1653 :
1838 1586 1841 1595 ⁴

1060 1686 1291 1748 CAPUT
1329 1688 1481 1764 [Rea
1522 1685 1611 1760 v1.

613 1785 984 1851 Imm—Quasi
1007 1784 1306 1856 eﬂ‘odientes
1332 1783 1645 1837 thesaurum.

616 1877 673 1935 7.
705 1879 971 1945 Crescunt,
1004 1876 1090 1931 ubi
1110 1876 1232 1947 ﬁnis
1254 1866 1885 1947 propinquior.—Omnes
1914 1874 2147 1940 namque

2232 672 2339 713 non
2357 657 2530 727 jacet;
2558 653 2685 724 quia
2710 650 2765 707 in
2785 647 3140 706 invisibilibus
3160 646 3310 701 latet.
3342 641 3409 698 Et
3434 650 3565 698 tunc
3589 641 3821 699 mortiﬁ-

2232 751 2501 807 cationem
2524 756 2765 803 nostram
2779 742 3101 815 sapientiam
3119 740 3497 809 contingentes
3517 736 3821 809 approba-

2233 843 2432 911 dimus,
2472 840 2517 897 si
2546 839 2750 896 relictis
2787 836 3090 893 visibilibus
3116 835 3173 889 in
3201 831 3561 889 invisibilibns
3588 830 3821 886 abscon-

2236 935 2458 1001 damur;
2505 934 2551 989 si
2600 932 2677 987 sic
2712 931 2881 997 hanc,
2930 940 3026 986 cor
3054 925 3401 989 eﬂ‘odientes,
3430 922 3740 994 quaerimus,
3766 928 3827 975 nt

2238 1042 2401 1084 omne
2446 1025 2590 1097 quod
2636 1032 2910 1079 terrenum
2956 1035 3112 1076 mens
3157 1018 3387 1090 cogitat,
3432 1030 3463 1071 a
3513 1016 3824 1085 semetipsa,

2238 1133 2402 1173 manu
2428 1124 2630 1173 sancta:
2658 1113 2997 1171 discretionis
3021 1110 3222 1181 ejiciat,
3249 1116 3305 1165 et
3322 1109 3635 1163 thesaurum
3658 1106 3829 1160 virtu-

2239 1210 2328 1274 tis,
2353 1209 2445 1280 qui
2465 1224 2524 1266 se
2544 1207 2770 1273 latebat,
2791 1211 3069 1276 agnoscat.
3089 1201 3269 1259 Facile
3289 1199 3434 1263 enim
3453 1198 3509 1254 in
3529 1214 3589 1255 se
3613 1198 3834 1253 thesau-

2243 1317 2361 1358 rum
2388 1312 2410 1339 ε
2431 1300 2658 1369 invenit,
2687 1299 2733 1356 si
2759 1313 2878 1353 eam
2906 1310 3027 1367 qua:
3051 1311 3112 1351 se
3140 1293 3282 1351 male
3321 1298 3595 1362 presserat
3632 1288 3833 1344 molem

2244 1410 2273 1450 a
2300 1409 2361 1451 se
2383 1401 2612 1450 terrente
2633 1390 2981 1463 cogitationis
2999 1386 3236 1459 repellit.
3261 1384 3400 1453 Quia
3427 1391 3610 1439 autem
3635 1381 3835 1453 quaesi-

2246 1494 2352 1542 tam
2378 1492 2610 1541 mortem
2639 1485 2779 1540 sicut
2806 1482 3120 1539 thesaurum
3148 1479 3302 1545 dicit,
3327 1486 3480 1535 recte
3508 1472 3788 1546 subjungit
3819 1490 3835 1527 ι

2870 1590 3099 1649 CAPUT
3120 1590 3206 1646 Vl.

2318 1692 2593 1749 “assii.
2653 1721 2720 1732 -
2769 1687 3105 1759 Gaudentque
3146 1686 3504 1753 vehesnenter,
3549 1699 3664 1739 cum
3703 1683 3843 1737 iaee-

2249 1787 2419 1842 nerint
2447 1784 2759 1857 sepulcrum.

2316 1877 2371 1929 9.
2405 1875 2594 1930 Divina
2622 1872 2989 1942 contemplatio
3031 1872 3321 1942 sepulcrum
3350 1879 3427 1925 est
3471 1870 3529 1924 in
3574 1884 3675 1939 quo
3700 1882 3847 1922 mens

550 1971 642 2042 qui
674 1969 928 2026 fodiendo
968 1969 1281 2024 thesaurum
1309 1973 1574 2035 quaerunt,
1622 1979 1746 2021 cum
1775 1962 1962 2019 fodere
1990 1960 2149 2017 altius
2178 1950 2229 2012 Β
2253 1970 2445 2025 mundo
2468 1979 2673 2023 mortua
2693 1964 3154 2040 quamn—Sicut
3173 1964 3317 2019 enim
3357 1961 3667 2034 κρυιαυωιι
3695 1960 3849 2015 locus

546 2065 838 2136 coeperint,
873 2064 940 2119 ad
965 2074 988 2102 α
1018 2064 1263 2120 laborem
1287 2061 1576 2117 instantius
1604 2058 1979 2123 inardescunt;
2024 2058 2151 2126 quia

546 2173 657 2231 quo
693 2173 753 2214 se
796 2157 1054 2214 thesauro
1101 2153 1420 2212 abscondito
1453 2155 1565 2225 jam
1601 2152 1822 2224 jamque
1860 2151 2151 2223 appropin-

550 2269 721 2325 quare
758 2252 1058 2317 testimant,
1102 2266 1171 2305 eo
1218 2250 1273 2305 in
1314 2249 1603 2305 ellossione
1642 2248 1855 2304 enixius
1882 2247 2150 2302 laborant.

551 2346 654 2413 Qui
678 2346 840 2414 igitur
879 2336 1039 2415 plene
1079 2343 1237 2415 142
1281 2340 1755 2396 mortiﬁcationem
1794 2354 1948 2396 suam
1988 2353 2153 2410 appe-

553 2442 700 2500 tunt,
757 2433 909 2504 quasi
955 2431 1275 2488 efl‘odientes
1335 2431 1644 2487 thesaurum
1698 2437 1973 2499 quaerunt;
2028 2429 2155 2500 quia

554 2532 757 2597 quanto
792 2523 930 2580 ﬁunt
957 2522 1253 2578 viciniores
1282 2522 1349 2577 ad
1375 2522 1536 2577 linem
1556 2564 1572 2590 ,
1602 2528 1756 2577 tanto
1799 2536 1859 2577 se
1897 2520 2156 2576 exhibent

558 2616 899 2673 ardentiores
925 2615 981 2670 in
1008 2629 1194 2686 opere.
1228 2614 1545 2670 Laborando
1568 2627 1699 2684 ergo
1727 2628 1837 2670 non
1868 2613 2154 2681 deﬁciunt,

555 2706 651 2762 sed
680 2706 847 2776 magis
876 2705 943 2761 ad
971 2720 1126 2761 usum
1172 2705 1373 2762 laboris
1418 2712 1694 2772 crescunt;
1741 2704 1867 2774 quia
1896 2719 2004 2774 quo
2042 2703 2157 2774 jam

554 2801 776 2871 praemia
802 2798 1189 2871 propinquiora
1234 2796 1598 2863 considerant,
1657 2810 1725 2852 eo
1768 2796 1823 2851 in
1853 2810 2018 2867 opere
2064 2796 2159 2850 de-

556 2891 859 2949 lectabilius
900 2889 1183 2946 exsudant.
1240 2888 1395 2945 Unde
1444 2888 1586 2945 bene‘
1614 2888 1810 2944 Paulus
1838 2888 2159 2958 quibusdam

559 2982 930 3038 absconditum
973 2990 1187 3038 {sternte
1230 2982 1417 3053 patrizze
1446 2982 1753 3037 thesaurum
1796 2982 2161 3052 quaerentibus

561 3076 689 3133 dicit
744 3094 758 3130 :
813 3073 938 3132 Non
985 3076 1275 3131 deserentes
1321 3074 1672 3130 collectionem
1718 3083 1969 3139 nostram,
2027 3075 2163 3127 sicut

561 3178 635 3223 est
679 3167 1064 3224 consuetudinis
1121 3165 1461 3239 quibusdam,
1520 3167 1610 3220 sed
1653 3166 2003 3227 consolantes,
2058 3162 2083 3202 δ
2112 3172 2163 3217 et

558 3264 706 3313 tanto
730 3260 929 3330 magis,
971 3262 1164 3328 quanto
1197 3256 1426 3312 videritis
1471 3257 1974 3329 appropinquantem
2027 3256 2163 3309 diem

2255 2074 2337 2118 εει.
2363 2077 2470 2133 quo
2500 2058 2848 2115 absconditur
2878 2072 3105 2128 corpus,
3130 2056 3203 2111 ita
3230 2055 3412 2111 divina
3458 2049 3848 2121 contemplatio

2254 2153 2522 2225 quoddam
2544 2152 2847 2222 sepulcrum
2870 2148 3068 2204 mentis
3087 2156 3199 2214 est,
3220 2162 3329 2217 quo
3359 2143 3709 2202 absconditur
3730 2142 3847 2196 ani-

2257 2262 2364 2301 ma.
2403 2243 2567 2313 Quasi
2612 2244 2756 2299 enim
2786 2242 2914 2298 huic
2959 2240 3135 2296 adhuc
3180 2240 3384 2295 mundo
3426 2237 3684 2303 vivimus,
3727 2250 3851 2291 cum

2257 2347 2437 2392 mente
2467 2338 2521 2391 in
2550 2351 2674 2391 eum
2701 2334 2849 2391 foras
2888 2347 3177 2404 vagamur;
3223 2332 3321 2389 sed
3360 2330 3559 2387 mortui
3580 2330 3637 2385 in
3664 2327 3853 2398 sepul-

2258 2446 2353 2485 cro
2373 2428 2771 2495 abscondimur,
2803 2444 2926 2485 cum
2948 2426 3259 2484 mortiﬁcati
3281 2424 3544 2492 exterius,
3565 2424 3619 2479 in
3637 2431 3854 2478 secreto

2257 2527 2480 2581 internae
2528 2522 3001 2594 contemplationis
3044 2521 3303 2577 colamur.
3354 2518 3539 2575 Saneti
3563 2517 3727 2587 igitur
3754 2516 3855 2571 viri

2258 2618 2325 2673 ab
2355 2616 2759 2687 importunitate
2802 2613 3196 2670 desideriorum
3246 2610 3625 2681 temporalium
3648 2649 3662 2671 ,
3696 2625 3727 2663 a
3769 2618 3855 2663 tu-

2259 2711 2431 2765 multu
2468 2708 2735 2764 inutilium
2764 2721 3036 2772 curarum,
3078 2717 3109 2760 a
3136 2705 3377 2761 clamore
3400 2703 3857 2774 pel-strepentium

2260 2803 2745 2874 perturbationum,
2771 2801 3092 2871 semetipsos
3120 2799 3261 2855 sacri
3287 2797 3442 2855 verbi
3470 2797 3652 2865 gladio
3674 2795 3862 2850 morti-

2262 2894 2423 2950 ﬂcare
2446 2910 2553 2950 non
2581 2893 2864 2958 desinunt,
2912 2899 3073 2961 atque
3098 2890 3243 2945 intus
3272 2898 3399 2944 ante
3426 2887 3524 2943 Dei
3568 2886 3758 2942 faciem
3808 2886 3863 2939 in

2261 2986 2378 3041 sinu
2421 2986 2618 3040 mentis
2646 2983 3001 3039 abscondunt.
3056 2980 3206 3036 Unde
3229 2981 3368 3036 bene
3394 2992 3493 3049 per
3523 2977 3861 3033 Psalmistam

2262 3080 2460 3135 dicitur
2490 3098 2503 3131 :
2537 3078 2832 3133 Abscondes
2877 3094 2962 3131 eos
3011 3078 3067 3130 in
3106 3075 3411 3131 abscondito
3452 3075 3623 3130 vultus
3674 3072 3775 3133 tui.
3828 3088 3860 3125 a

2264 3172 2655 3228 conturbatione
2676 3169 3121 3240 hominum(Psal.
3150 3185 3277 3232 xxx,
3307 3168 3422 3238 2|).
3447 3166 3603 3235 Quod
3622 3166 3863 3236 quamvis

2267 3265 2504 3336 perfecte
2526 3264 2868 3333 postmodum
2899 3263 3010 3324 ﬁat,
3037 3262 3198 3317 etiam
3228 3276 3374 3315 nunc
3399 3276 3465 3314 ex
3493 3273 3688 3328 magna
3715 3266 3864 3328 parte

562 3349 750 3421 (Hebr.
773 3322 839 3415 ιζ
855 3322 1363 3418 ἰὴίιλειὶιοιιιιηιεω
1381 3322 1580 3419 quippe
1604 3322 1895 3413 consolari,
1952 3357 2035 3403 est
2063 3364 2161 3419 pa—
2189 3322 2241 3388 (ἶ
2269 3322 2468 3426 agitur,
2499 3322 2622 3409 cum
2653 3369 2683 3407 a
2711 3322 3090 3423 temporalium
3120 3349 3518 3405 desideriorum
3548 3322 3865 3403 tumul-tibus

559 3442 697 3497 riter
742 3441 796 3495 in
825 3441 1012 3495 labore
1059 3441 1372 3510 persistere,
1428 3440 1551 3512 quia
1607 3441 1908 3497 sublevatio
1964 3441 2165 3498 laboris

564 3542 648 3587 est
683 3544 702 3566 ο
733 3531 869 3587 visio
904 3530 1292 3587 collaborantis
1317 3548 1330 3585 :
1362 3532 1501 3586 sicut
1530 3547 1651 3587 cum
1680 3532 1735 3587 in
1764 3532 1957 3588 itinere
1981 3548 2165 3590 comes

562 3624 829 3697 jungitur,
869 3624 957 3679 via
986 3622 1203 3693 quidem
1242 3638 1353 3678 non
1379 3620 1406 3661 ἀ
1436 3624 1793 3688 abstrahitur,
1841 3625 1937 3680 sed
1986 3634 2163 3681 tamen

564 3717 632 3773 de
652 3716 913 3774 societate
953 3714 1168 3771 comitis
1198 3714 1351 3771 labor
1376 3715 1584 3772 itineris
1612 3717 1861 3772 leviatnr.
1896 3716 2031 3772 Dum
2064 3719 2167 3773 ita-

563 3827 671 3883 que
723 3810 923 3866 Panlus
962 3809 1308 3865 consolantes
1363 3824 1424 3865 se
1473 3809 1526 3864 in
1558 3810 1831 3866 laboribus
1874 3820 2162 3881 quareret,

569 3904 817 3975 adjunxit
842 3902 1028 3960 dicens
1057 3919 1071 3956 :
1104 3900 1271 3957 Tanto
1301 3903 1498 3974 magis,
1549 3912 1741 3974 quanto
1787 3903 2020 3958 videritis
2069 3920 2165 3975 ap-

566 3994 998 4065 propinquantem
1019 3990 1272 4047 diem.‘Ac
1303 3992 1348 4048 si
1375 3991 1583 4048 diceret
1613 4010 1625 4045 :
1655 3991 1732 4049 Eo
1752 3990 1906 4050 labor
1935 4002 2167 4063 crescat,

565 4100 675 4155 quo
704 4084 819 4155 ipsa
845 4083 955 4154 iam
984 4084 1207 4155 praemia
1234 4084 1437 4140 laboris
1464 4085 1919 4156 appropinquant,
1950 4089 2097 4143 velut
2124 4089 2171 4144 si

568 4183 760 4245 aperte
803 4175 994 4229 dicat:
1033 4174 1370 4232 Thesaurum
1418 4177 1703 4245 quaeritis?
1730 4177 1825 4233 sed
1869 4192 1938 4234 eo
1986 4178 2172 4236 fodere

571 4265 848 4321 ardentius
876 4265 1104 4333 debetis,
1127 4281 1237 4336 quo
1259 4267 1369 4336 jam
1387 4266 1542 4337 juxta
1563 4269 1848 4339 quaesitum
1874 4280 2065 4325 aurum
2092 4272 2173 4325 lo-

571 4354 769 4410 diendo
809 4355 1151 4425 pervenistis.

643 4445 697 4502 8.
730 4446 927 4502 Μοντιιὶ
956 4447 1148 4502 mundo
1178 4463 1233 4502 se
1257 4447 1400 4503 intra
1428 4465 1484 4504 se
1522 4467 1553 4503 a
1586 4452 1802 4506 terrenis
1829 4452 2172 4510 abscondunt.

571 4571 644 4583 -
668 4538 924 4608 Quamvis
967 4539 1072 4594 hoc
1110 4540 1256 4609 quod
1307 4540 1542 4597 dicitur:
1588 4541 1909 4614 Exspectant
1937 4557 2173 4615 mortem,

568 4640 622 4687 et
667 4646 771 4687 non
791 4632 949 4696 venit,
998 4632 1147 4704 quasi
1175 4628 1480 4702 e/fodientes
1503 4634 1818 4703 thesaurum,
1865 4638 2091 4711 intelligi
2122 4650 2179 4698 et

2267 3448 2632 3505 delectatione
2660 3446 2714 3501 in
2752 3445 3011 3500 interiora
3037 3444 3350 3513 rapiuntur;
3403 3442 3556 3514 143
3606 3450 3664 3496 ιιι
3716 3455 3869 3496 mens

2269 3553 2457 3595 eorum
2487 3538 2615 3593 dum
2646 3538 2701 3592 in
2731 3550 2970 3592 amorem
3004 3535 3101 3590 Dei
3124 3542 3241 3590 tota
3261 3532 3514 3598 tenditur,
3563 3532 3711 3589 nulla
3745 3533 3868 3585 inu-

2270 3633 2351 3687 tili
2405 3631 2811 3703 perturbatione
2848 3630 3137 3684 laceretur.
3182 3625 3318 3683 Hinc
3360 3636 3441 3681 est
3486 3624 3631 3695 quod
3663 3622 3872 3678 Paulus

2271 3741 2369 3796 per
2413 3724 2929 3795 contemplationem
2973 3732 3217 3777 mortuos
3245 3728 3300 3776 et
3322 3720 3475 3790 quasi
3514 3719 3567 3774 in
3616 3718 3872 3789 sepulcro

2274 3816 2618 3873 absconditos
2639 3813 2931 3885 discipulos
2954 3812 3183 3876 viderat,
3206 3811 3401 3882 quibus
3427 3808 3643 3865 dicebat
3674 3826 3686 3860 :
3718 3807 3870 3862 Mor-

2278 3911 2347 3964 tui
2369 3910 2505 3964 enim
2533 3909 2675 3972 estis,
2708 3915 2755 3961 et
2774 3909 2877 3961 vita
2905 3913 3074 3960 uestra
3101 3902 3406 3960 abscondita
3426 3912 3503 3957 est
3524 3918 3640 3955 cum
3666 3900 3870 3955 Christo

2274 4002 2331 4056 in
2376 4000 2489 4055 Deo
2549 3998 2684 4072 (Col.
2728 4012 2812 4062 ιιι,
2857 3998 2916 4062 5,
2969 3996 3047 4067 4).
3092 3994 3193 4063 Qui
3242 4009 3373 4064 ergo
3401 4003 3631 4049 mortem
3662 3992 3871 4063 quaerit,

2278 4093 2476 4165 gaudet
2501 4091 2627 4147 dum
2657 4089 2964 4160 sepulcrum
3007 4087 3233 4154 invenit,
3258 4087 3384 4157 quia
3427 4088 3519 4156 qui
3551 4082 3875 4140 mortiﬁcare

2279 4203 2338 4244 se
2366 4189 2590 4259 appetit,
2623 4186 2779 4257 valde
2804 4186 2872 4241 ad
2902 4184 3174 4241 inventam
3190 4185 3437 4256 requiem
3467 4182 3875 4252 contemplatio-

2280 4280 2362 4335 nis
2383 4277 2684 4343 bilarescit;
2705 4286 2762 4332 ut
2774 4276 3071 4333 exstinctus
3092 4275 3292 4331 mundo
3315 4276 3501 4343 lateat,
3527 4281 3581 4331 et
3604 4291 3635 4329 a
3666 4274 3877 4329 cunctis

2282 4372 2613 4428 exteriorum
2652 4384 2832 4425 rerum
2878 4370 3368 4441 perturbationibus
3410 4369 3551 4424 intra
3597 4370 3774 4423 sinum
3821 4381 3880 4423 se

2283 4460 2456 4515 intimi
2504 4459 2703 4514 amoris
2740 4457 3053 4516 abscondat.

2358 4551 2443 4605 l0.
2476 4550 2673 4606 Mortui
2709 4552 2835 4606 olim
2862 4567 2978 4606 cum
3006 4551 3200 4606 divitiis
3220 4552 3426 4623 sepulti.
3458 4584 3531 4597 —-
3564 4553 3623 4608 Si
3653 4568 3780 4608 vero
3811 4552 3881 4609 ad

2289 4648 2391 4702 hoc
2419 4645 2563 4716 quod
2594 4647 2876 4703 thesaurus
2904 4646 3065 4703 εποάί
3094 4647 3290 4704 dicitur
3308 4691 3324 4717 ,
3354 4650 3514 4705 etiam
3544 4650 3778 4721 sepulcri
3800 4650 3885 4704 in-

574 4723 732 4778 ³¹ίεθτ
759 4730 957 4795 Ροῑθδι·
992 4722 1127 4791 Qnia
1173 4725 1315 4779 enim
1367 4724 1603 4796 Ρθτῖεεῑθ
1630 4731 1769 4783 mori
1816 4732 2017 4787 mundo
2064 4750 2175 4790 non
2205 4722 2259 4784 Ῑ)
2284 4743 2466 4799 ventio
2487 4740 2837 4811 subinfertur,
2869 4743 2973 4799 hoc
2998 4758 3219 4799 necesse
3245 4752 3330 4800 est
3357 4754 3416 4799 ut
3444 4744 3674 4800 intentio
3698 4753 3887 4800 nostra

572 4827 883 4883 possumus,
915 4814 1017 4870 nisi
1044 4815 1187 4871 intra
1214 4819 1409 4874 mentis
1441 4829 1639 4876 nostrae
1662 4823 1948 4880 invisibilia
1990 4842 2020 4881 a
2041 4828 2172 4883 visi-

574 4903 771 4960 bilibus
823 4905 1243 4973 abscondamur,
1293 4918 1444 4967 recte
1497 4911 1533 4966 ii
1571 4913 1662 4983 qui
1700 4914 2174 4976 mortiﬁcationem

574 5010 727 5053 suam
766 5006 1055 5069 appetunt,
1086 4998 1394 5057 thesaurum
1439 4990 1816 5064 ell‘odientibus
1857 5023 2177 5082 comparan-

577 5095 686 5144 tur.
735 5087 936 5147 Mundo
963 5092 1104 5148 enim
1152 5108 1251 5164 per
1282 5096 1600 5153 invisibilem
1655 5102 1977 5172 sapientiam
2008 5106 2176 5163 mori-

578 5196 729 5248 mur,
767 5179 836 5237 de
876 5196 984 5253 qua
1020 5199 1119 5255 per
1155 5184 1504 5245 Salomonem
1534 5189 1733 5247 dicitur
1764 5210 1778 5247 :
1824 5193 1887 5249 Si
1915 5198 2177 5265 ᾳιιωεὶρνὴ

576 5272 728 5328 illam
760 5274 909 5347 quasi
929 5276 1219 5346 pecuniam,
1251 5289 1302 5333 et
1327 5281 1457 5335 sicut
1502 5282 1769 5341 thesauros
1790 5286 2034 5356 effoderis
2063 5307 2178 5344 eam

655 5399 680 5460 ἑ
711 5389 898 5460 Antiq;
930 5389 1147 5460 Rhem.,
1178 5393 1248 5447 ad
1275 5395 1504 5451 laborem
1546 5399 1817 5455 intentius.

648 5459 813 5544 hinc
856 5461 1122 5544 Gussanv.
1171 5464 1238 5520 de
1275 5480 1379 5544 suo
1414 5467 1615 5544 addidit
1654 5469 2005 5544 laborantem,
2034 5480 2180 5533 reni—

584 5532 825 5617 tentibus
858 5540 1013 5617 textu
1042 5533 1249 5617 Graeco,
1282 5536 1529 5617 Vulgata,
1562 5538 1685 5617 Mss.
1719 5549 1774 5594 et
1810 5532 2180 5617 (οἷςιίιὶεόωηί-

579 5602 1087 5684 bus._Occasio_nem
1127 5606 1359 5684 fortasse
1382 5602 1531 5684 dedit
1571 5609 1728 5678 hujus
1767 5614 2054 5675 auditionis
2082 5602 2175 5676 ila—-

583 5673 788 5754 ciendte
835 5676 979 5743 quod
1018 5678 1263 5754 sequitur
1290 5696 1302 5731 :
1330 5673 1656 5754 laborantem
1678 5686 1881 5754 quippe,
1925 5673 2030 5745 etc,

612 5813 625 5825 .
659 5754 684 5783 σι
712 5743 1006 5825 Ita.omnes
1025 5743 1154 5825 Mss.
1186 5748 1377 5825 nostri,
1399 5764 1557 5825 ⁸ιιριι,
1589 5743 1815 5825 vigilata}
1847 5743 2180 5818 collaboran-

586 5813 673 5896 tis,
706 5822 765 5868 ut
791 5813 993 5896 habent
1016 5813 1434 5896 quidam_l~3diti.
1468 5813 1587 5875 vn.
1619 5820 1757 5877 Edit.
1789 5813 1959 5884 Paris.
1991 5813 2181 5889 ass-

586 5882 669 5936 sil.
694 5882 1047 5939 consentiunt
1079 5900 1198 5940 cum
1244 5888 1368 5945 Mss.

662 5948 688 5988 ¹¹
719 5951 781 6006 ιιι
821 5953 1070 6008 omnibus
1117 5956 1228 6011 fere
1256 5944 1406 6027 Mss,
1452 5944 1555 6015 non
1583 5968 1878 6023 attrahitur.
1914 5973 1968 6025 In
1998 5976 2177 6032 Germ.

2283 4835 2599 4905 conspiciat,
2630 4835 2775 4904 quod
2798 4836 3005 4907 antiqui
3037 4844 3278 4893 mortuos
3307 4852 3428 4893 cum
3459 4837 3660 4892 divitiis
3686 4838 3886 4893 obrue-

2286 4931 2436 4984 bant.
2483 4927 2585 4995 Qui
2630 4929 2790 4998 igitur
2818 4930 3132 4986 thesaurum
3178 4931 3389 5001 quserit,
3423 4930 3625 5000 gaudet
3645 4946 3770 4986 cum
3802 4943 3889 4984 se-

2288 5023 2529 5093 pulcrum
2580 5022 2875 5087 invenerit,
2934 5023 3059 5093 quia
3122 5023 3440 5095 sapienti'am
3485 5024 3886 5095 perquirentes,

2286 5130 2409 5170 cum
2435 5129 2603 5170 sacrze
2632 5112 2922 5185 Scripturae
2964 5114 3185 5185 paginas
3202 5114 3494 5182 volvimus,
3546 5130 3671 5170 cum
3702 5129 3891 5169 exem-

2288 5206 2375 5276 pla
2410 5204 2428 5244 ί
2462 5194 2874 5278 praecedentium
2909 5217 3329 5279 perscrutamur,
3356 5206 3510 5279 quasi
3538 5222 3605 5263 ex
3635 5206 3891 5276 sepulcro

2290 5297 2538 5363 gaudium
2566 5297 2857 5367 sumimus,
2889 5307 2915 5347 8
2942 5298 3068 5368 quia
3098 5298 3293 5353 mentis
3316 5297 3531 5354 divitias
3560 5298 3705 5369 apud
3735 5313 3889 5354 mor-

2291 5423 2490 5478 tamen,
2542 5432 2645 5470 nrn
2689 5392 3026 5468 abstrahitur.
3069 5410 3273 5470 Moxin
3299 5410 3463 5470 Cori).
3507 5411 3717 5480 Germ.,
3750 5423 3891 5467 tera-

2288 5492 2404 5548 tur;
2434 5487 2487 5540 in
2515 5483 2672 5555 Reg,
2716 5486 2985 5557 levigatur.

2287 5626 2315 5681 Ι
2364 5566 2387 5593 ε
2430 5557 2656 5683 mittitur
2683 5559 2952 5627 quaesitum
2981 5558 3034 5612 in
3064 5556 3321 5626 Vulgatis,
3370 5556 3749 5630 Manuscriptis
3775 5569 3891 5612 non

2308 5642 2443 5682 aven
2473 5645 2487 5682 ι
2528 5643 2607 5685 us.
3724 5638 3730 5647 '

2292 5668 2698 5824 ῗῖωίῇυὲὲίιίε,
2747 5701 3143 5769 ρηεωάεηιὶιιηι
3167 5709 3391 5772 patrum.
3419 5699 3761 5755 desideratur
3788 5713 3892 5769 pa-

2313 5786 2426 5824 rum
2451 5787 2505 5824 in
2588 5786 2662 5824 ss.

2313 5786 2426 5825 rum
2451 5787 2505 5825 in
2535 5786 2662 5825 mss.

2365 5852 2389 5887 3
2428 5841 2483 5895 ln
2505 5842 2755 5915 omnibus
2771 5843 2979 5915 nostris
3006 5842 3487 5915 Mss.,quiamentis
3512 5843 3744 5915 diuitias,
3776 5857 3893 5915 non

2291 5914 2578 6050 grumis;
2611 5927 2735 5967 mox
2767 5914 2819 5967 in
2850 5912 2983 5983 Reg.
3018 5923 3072 5969 et
3093 5912 3275 5972 Germ.
3310 5915 3397 5985 qui
3436 5914 3579 5985 quia,
3607 5929 3715 5970 non
3762 5912 3897 5986 quia
