  <div class='ocr_page' id='page_1' title='image "/cluster/home/n/w/nwhite01/storage/ocr_20150623/75/hvd.32044015469380/348.png"; bbox 0 0 4180 6444; ppageno 0'>
   <div class='ocr_carea' id='block_1_1' title="bbox 373 410 480 483">
    <p class='ocr_par' dir='ltr' id='par_1_1' title="bbox 373 410 480 483">
     <span class='ocr_line' id='line_1_1' title="bbox 373 410 480 483; baseline -0.028 -1"><span class='ocrx_word' id='word_1_1' title='bbox 373 410 480 483; x_wconf 72' lang='lat' dir='ltr'><strong>ess</strong></span> 
     </span>
    </p>
   </div>
   <div class='ocr_carea' id='block_1_2' title="bbox 1268 427 2665 505">
    <p class='ocr_par' dir='ltr' id='par_1_2' title="bbox 1268 427 2665 505">
     <span class='ocr_line' id='line_1_2' title="bbox 1268 427 2665 505; baseline 0.004 -19"><span class='ocrx_word' id='word_1_2' title='bbox 1268 427 1625 487; x_wconf 80' lang='lat' dir='ltr'><strong>MORALIUM</strong></span> <span class='ocrx_word' id='word_1_3' title='bbox 1664 429 1888 505; x_wconf 81' lang='lat' dir='ltr'><strong>LIB.V.</strong></span> <span class='ocrx_word' id='word_1_4' title='bbox 1916 456 1986 472; x_wconf 92' lang='lat'><strong>—-</strong></span> <span class='ocrx_word' id='word_1_5' title='bbox 2017 429 2082 485; x_wconf 87' lang='lat' dir='ltr'><strong>IN</strong></span> <span class='ocrx_word' id='word_1_6' title='bbox 2120 431 2271 488; x_wconf 80' lang='lat' dir='ltr'><strong>CAP.</strong></span> <span class='ocrx_word' id='word_1_7' title='bbox 2317 435 2383 491; x_wconf 95' lang='lat' dir='ltr'><strong>IlI</strong></span> <span class='ocrx_word' id='word_1_8' title='bbox 2426 438 2487 492; x_wconf 84' lang='grc' dir='ltr'><strong>Β.</strong></span> <span class='ocrx_word' id='word_1_9' title='bbox 2527 440 2665 496; x_wconf 83' lang='lat' dir='ltr'><strong>JOB.</strong></span> 
     </span>
    </p>
   </div>
   <div class='ocr_carea' id='block_1_3' title="bbox 3550 451 3655 510">
    <p class='ocr_par' dir='ltr' id='par_1_3' title="bbox 3550 451 3655 510">
     <span class='ocr_line' id='line_1_3' title="bbox 3550 451 3655 510; baseline 0.038 -9"><span class='ocrx_word' id='word_1_10' title='bbox 3550 451 3655 510; x_wconf 73' lang='lat'><strong>(386</strong></span> 
     </span>
    </p>
   </div>
   <div class='ocr_carea' id='block_1_4' title="bbox 370 537 3653 637">
    <p class='ocr_par' dir='ltr' id='par_1_4' title="bbox 370 537 3653 637">
     <span class='ocr_line' id='line_1_4' title="bbox 370 537 3653 637; baseline 0.008 -43"><span class='ocrx_word' id='word_1_11' title='bbox 370 546 497 596; x_wconf 88' lang='lat' dir='ltr'><strong>tuos</strong></span> <span class='ocrx_word' id='word_1_12' title='bbox 520 537 826 597; x_wconf 79' lang='lat' dir='ltr'><strong>invenimus</strong></span> <span class='ocrx_word' id='word_1_13' title='bbox 856 555 870 593; x_wconf 92' lang='lat'><strong>:</strong></span> <span class='ocrx_word' id='word_1_14' title='bbox 900 538 992 610; x_wconf 87' lang='lat' dir='ltr'><strong>qui</strong></span> <span class='ocrx_word' id='word_1_15' title='bbox 1018 539 1145 615; x_wconf 86' lang='lat' dir='ltr'><strong>quia</strong></span> <span class='ocrx_word' id='word_1_16' title='bbox 1173 540 1298 596; x_wconf 84' lang='lat' dir='ltr'><strong>huic</strong></span> <span class='ocrx_word' id='word_1_17' title='bbox 1342 542 1545 599; x_wconf 82' lang='lat' dir='ltr'><strong>mundo</strong></span> <span class='ocrx_word' id='word_1_18' title='bbox 1572 542 1813 615; x_wconf 75' lang='lat' dir='ltr'><strong>perfecte</strong></span> <span class='ocrx_word' id='word_1_19' title='bbox 1859 558 1958 599; x_wconf 86' lang='lat' dir='ltr'><strong>ex-</strong></span> <span class='ocrx_word' id='word_1_20' title='bbox 1987 539 2421 635; x_wconf 63' lang='lat' dir='ltr'><strong>Acimumdatus</strong></span> <span class='ocrx_word' id='word_1_21' title='bbox 2468 566 2574 637; x_wconf 84' lang='lat' dir='ltr'><strong>non</strong></span> <span class='ocrx_word' id='word_1_22' title='bbox 2610 560 2719 635; x_wconf 75' lang='lat' dir='ltr'><strong>est,</strong></span> <span class='ocrx_word' id='word_1_23' title='bbox 2769 554 2860 623; x_wconf 92' lang='lat' dir='ltr'><strong>qui</strong></span> <span class='ocrx_word' id='word_1_24' title='bbox 2906 555 3220 629; x_wconf 89' lang='lat' dir='ltr'><strong>plerumque</strong></span> <span class='ocrx_word' id='word_1_25' title='bbox 3260 563 3653 637; x_wconf 63' lang='lat' dir='ltr'><strong>praeteritorum</strong></span> 
     </span>
    </p>
   </div>
   <div class='ocr_carea' id='block_1_5' title="bbox 369 624 1960 706">
    <p class='ocr_par' dir='ltr' id='par_1_5' title="bbox 369 624 1960 706">
     <span class='ocr_line' id='line_1_5' title="bbox 369 624 1960 706; baseline 0.005 -20"><span class='ocrx_word' id='word_1_26' title='bbox 369 630 553 687; x_wconf 86' lang='lat' dir='ltr'><strong>stincti</strong></span> <span class='ocrx_word' id='word_1_27' title='bbox 579 638 727 701; x_wconf 89' lang='lat' dir='ltr'><strong>sunt,</strong></span> <span class='ocrx_word' id='word_1_28' title='bbox 754 631 813 687; x_wconf 91' lang='lat' dir='ltr'><strong>in</strong></span> <span class='ocrx_word' id='word_1_29' title='bbox 838 624 1052 689; x_wconf 84' lang='lat' dir='ltr'><strong>occulto</strong></span> <span class='ocrx_word' id='word_1_30' title='bbox 1077 648 1199 689; x_wconf 91' lang='lat' dir='ltr'><strong>cum</strong></span> <span class='ocrx_word' id='word_1_31' title='bbox 1227 634 1426 692; x_wconf 83' lang='lat' dir='ltr'><strong>divitiis</strong></span> <span class='ocrx_word' id='word_1_32' title='bbox 1468 632 1833 706; x_wconf 87' lang='lat' dir='ltr'><strong>requiescunt.</strong></span> <span class='ocrx_word' id='word_1_33' title='bbox 1859 634 1960 694; x_wconf 85' lang='lat' dir='ltr'><strong>Se-</strong></span> 
     </span>
    </p>
   </div>
   <div class='ocr_carea' id='block_1_6' title="bbox 368 718 1961 809">
    <p class='ocr_par' dir='ltr' id='par_1_6' title="bbox 368 718 1961 809">
     <span class='ocr_line' id='line_1_6' title="bbox 368 718 1961 809; baseline 0.005 -32"><span class='ocrx_word' id='word_1_34' title='bbox 368 720 561 793; x_wconf 84' lang='lat' dir='ltr'><strong>pulcro</strong></span> <span class='ocrx_word' id='word_1_35' title='bbox 590 738 720 794; x_wconf 87' lang='lat' dir='ltr'><strong>ergo</strong></span> <span class='ocrx_word' id='word_1_36' title='bbox 740 723 891 781; x_wconf 80' lang='lat' dir='ltr'><strong>dives</strong></span> <span class='ocrx_word' id='word_1_37' title='bbox 917 722 1166 793; x_wconf 79' lang='lat' dir='ltr'><strong>efﬁcitur,</strong></span> <span class='ocrx_word' id='word_1_38' title='bbox 1188 728 1277 797; x_wconf 89' lang='lat' dir='ltr'><strong>qui</strong></span> <span class='ocrx_word' id='word_1_39' title='bbox 1305 741 1404 799; x_wconf 91' lang='lat' dir='ltr'><strong>per</strong></span> <span class='ocrx_word' id='word_1_40' title='bbox 1424 729 1669 809; x_wconf 82' lang='lat' dir='ltr'><strong>exempla</strong></span> <span class='ocrx_word' id='word_1_41' title='bbox 1692 718 1961 799; x_wconf 75' lang='lat' dir='ltr'><strong>justormb</strong></span> 
     </span>
    </p>
   </div>
   <div class='ocr_carea' id='block_1_7' title="bbox 370 812 1963 905">
    <p class='ocr_par' dir='ltr' id='par_1_7' title="bbox 370 812 1963 905">
     <span class='ocr_line' id='line_1_7' title="bbox 370 812 1963 905; baseline 0.006 -35"><span class='ocrx_word' id='word_1_42' title='bbox 370 813 425 870; x_wconf 88' lang='lat' dir='ltr'><strong>in</strong></span> <span class='ocrx_word' id='word_1_43' title='bbox 471 815 953 889; x_wconf 12' lang='lat' dir='ltr'><strong>contemplationis,</strong></span> <span class='ocrx_word' id='word_1_44' title='bbox 992 818 1193 875; x_wconf 89' lang='lat' dir='ltr'><strong>virtute</strong></span> <span class='ocrx_word' id='word_1_45' title='bbox 1220 812 1548 905; x_wconf 82' lang='lat' dir='ltr'><strong>sublevatur.</strong></span> <span class='ocrx_word' id='word_1_46' title='bbox 1577 816 1693 905; x_wconf 85' lang='lat' dir='ltr'><strong>Sed</strong></span> <span class='ocrx_word' id='word_1_47' title='bbox 1721 837 1963 903; x_wconf 84' lang='lat' dir='ltr'><strong>cumre-</strong></span> 
     </span>
    </p>
   </div>
   <div class='ocr_carea' id='block_1_8' title="bbox 368 902 1961 976">
    <p class='ocr_par' dir='ltr' id='par_1_8' title="bbox 368 902 1961 976">
     <span class='ocr_line' id='line_1_8' title="bbox 368 902 1961 976; baseline 0.008 -15"><span class='ocrx_word' id='word_1_48' title='bbox 368 907 591 976; x_wconf 88' lang='lat' dir='ltr'><strong>quirens</strong></span> <span class='ocrx_word' id='word_1_49' title='bbox 617 906 800 964; x_wconf 86' lang='lat' dir='ltr'><strong>dicat:</strong></span> <span class='ocrx_word' id='word_1_50' title='bbox 833 906 1009 975; x_wconf 82' lang='lat' dir='ltr'><strong><em>Quare</em></strong></span> <span class='ocrx_word' id='word_1_51' title='bbox 1043 912 1170 966; x_wconf 80' lang='lat' dir='ltr'><strong>data</strong></span> <span class='ocrx_word' id='word_1_52' title='bbox 1214 902 1292 968; x_wconf 78' lang='lat' dir='ltr'><strong>est</strong></span> <span class='ocrx_word' id='word_1_53' title='bbox 1333 902 1521 971; x_wconf 53' lang='lat' dir='ltr'><strong>iiiis&#39;éro</strong></span> <span class='ocrx_word' id='word_1_54' title='bbox 1567 902 1706 971; x_wconf 60' lang='lat' dir='ltr'><strong>tua?</strong></span> <span class='ocrx_word' id='word_1_55' title='bbox 1731 930 1829 973; x_wconf 90' lang='lat' dir='ltr'><strong>cur</strong></span> <span class='ocrx_word' id='word_1_56' title='bbox 1854 902 1961 974; x_wconf 83' lang='lat' dir='ltr'><strong>hoc</strong></span> 
     </span>
    </p>
   </div>
   <div class='ocr_carea' id='block_1_9' title="bbox 369 997 1709 1073">
    <p class='ocr_par' dir='ltr' id='par_1_9' title="bbox 369 997 1709 1073">
     <span class='ocr_line' id='line_1_9' title="bbox 369 997 1709 1073; baseline 0.007 -19"><span class='ocrx_word' id='word_1_57' title='bbox 369 997 546 1069; x_wconf 87' lang='lat' dir='ltr'><strong>ipsum</strong></span> <span class='ocrx_word' id='word_1_58' title='bbox 570 999 850 1071; x_wconf 83' lang='lat' dir='ltr'><strong>requirere</strong></span> <span class='ocrx_word' id='word_1_59' title='bbox 867 1006 1184 1073; x_wconf 60' lang='lat' dir='ltr'><strong>praesumat,</strong></span> <span class='ocrx_word' id='word_1_60' title='bbox 1215 1003 1452 1063; x_wconf 82' lang='lat' dir='ltr'><strong>insinuat</strong></span> <span class='ocrx_word' id='word_1_61' title='bbox 1475 1006 1662 1065; x_wconf 88' lang='lat' dir='ltr'><strong>dicens</strong></span> <span class='ocrx_word' id='word_1_62' title='bbox 1690 1023 1709 1064; x_wconf 88' lang='lat'><strong>:</strong></span> 
     </span>
    </p>
   </div>
   <div class='ocr_carea' id='block_1_10' title="bbox 448 1108 1494 1197">
    <p class='ocr_par' dir='ltr' id='par_1_10' title="bbox 448 1108 1494 1197">
     <span class='ocr_line' id='line_1_10' title="bbox 448 1108 1494 1197; baseline 0.009 -29"><span class='ocrx_word' id='word_1_63' title='bbox 448 1186 451 1187; x_wconf 15' lang='grc' dir='ltr'><em>ν</em></span> <span class='ocrx_word' id='word_1_64' title='bbox 809 1115 1038 1172; x_wconf 76' lang='lat' dir='ltr'><strong>CAPUT</strong></span> <span class='ocrx_word' id='word_1_65' title='bbox 1060 1108 1149 1173; x_wconf 78' lang='lat' dir='ltr'><strong>VII</strong></span> <span class='ocrx_word' id='word_1_66' title='bbox 1188 1118 1338 1197; x_wconf 86' lang='lat' dir='ltr'><strong>[Rec.</strong></span> <span class='ocrx_word' id='word_1_67' title='bbox 1375 1118 1494 1193; x_wconf 84' lang='lat' dir='ltr'><strong>VI].</strong></span> 
     </span>
    </p>
   </div>
   <div class='ocr_carea' id='block_1_11' title="bbox 438 1203 1954 1287">
    <p class='ocr_par' dir='ltr' id='par_1_11' title="bbox 438 1203 1954 1287">
     <span class='ocr_line' id='line_1_11' title="bbox 438 1203 1954 1287; baseline 0.008 -26"><span class='ocrx_word' id='word_1_68' title='bbox 438 1203 603 1283; x_wconf 73' lang='lat' dir='ltr'><strong>Visus.</strong></span> <span class='ocrx_word' id='word_1_69' title='bbox 632 1204 723 1263; x_wconf 73' lang='lat'><strong>2&#39;5.</strong></span> <span class='ocrx_word' id='word_1_70' title='bbox 761 1238 828 1251; x_wconf 89' lang='lat'><strong>—-</strong></span> <span class='ocrx_word' id='word_1_71' title='bbox 858 1209 1011 1281; x_wconf 83' lang='lat' dir='ltr'><strong>Viro,</strong></span> <span class='ocrx_word' id='word_1_72' title='bbox 1040 1213 1188 1283; x_wconf 88' lang='lat' dir='ltr'><strong>cujus</strong></span> <span class='ocrx_word' id='word_1_73' title='bbox 1212 1209 1517 1269; x_wconf 82' lang='lat' dir='ltr'><strong>abscondita</strong></span> <span class='ocrx_word' id='word_1_74' title='bbox 1541 1222 1620 1275; x_wconf 85' lang='lat' dir='ltr'><strong>est</strong></span> <span class='ocrx_word' id='word_1_75' title='bbox 1642 1216 1749 1287; x_wconf 80' lang='lat' dir='ltr'><strong>via,</strong></span> <span class='ocrx_word' id='word_1_76' title='bbox 1770 1223 1825 1273; x_wconf 82' lang='lat' dir='ltr'><strong>et</strong></span> <span class='ocrx_word' id='word_1_77' title='bbox 1849 1217 1954 1273; x_wconf 86' lang='lat' dir='ltr'><strong>cir-</strong></span> 
     </span>
    </p>
   </div>
   <div class='ocr_carea' id='block_1_12' title="bbox 369 1297 1196 1356">
    <p class='ocr_par' dir='ltr' id='par_1_12' title="bbox 369 1297 1196 1356">
     <span class='ocr_line' id='line_1_12' title="bbox 369 1297 1196 1356; baseline 0.005 -4"><span class='ocrx_word' id='word_1_78' title='bbox 369 1298 626 1353; x_wconf 83' lang='lat' dir='ltr'><strong>cumdedit</strong></span> <span class='ocrx_word' id='word_1_79' title='bbox 643 1316 760 1354; x_wconf 88' lang='lat' dir='ltr'><strong>eum</strong></span> <span class='ocrx_word' id='word_1_80' title='bbox 788 1297 928 1355; x_wconf 87' lang='lat' dir='ltr'><strong>Deus</strong></span> <span class='ocrx_word' id='word_1_81' title='bbox 957 1301 1196 1356; x_wconf 79' lang='lat' dir='ltr'><strong>tenebris.</strong></span> 
     </span>
    </p>
   </div>
   <div class='ocr_carea' id='block_1_13' title="bbox 441 1417 1951 1493">
    <p class='ocr_par' dir='ltr' id='par_1_13' title="bbox 441 1417 1951 1493">
     <span class='ocr_line' id='line_1_13' title="bbox 441 1417 1951 1493; baseline 0.005 -21"><span class='ocrx_word' id='word_1_82' title='bbox 441 1419 527 1476; x_wconf 78' lang='grc'><strong>11.</strong></span> <span class='ocrx_word' id='word_1_83' title='bbox 562 1417 780 1491; x_wconf 74' lang='lat' dir='ltr'><strong>Ignorat</strong></span> <span class='ocrx_word' id='word_1_84' title='bbox 822 1428 959 1475; x_wconf 83' lang='lat' dir='ltr'><strong>recte</strong></span> <span class='ocrx_word' id='word_1_85' title='bbox 1004 1434 1162 1491; x_wconf 82' lang='lat' dir='ltr'><strong>agens</strong></span> <span class='ocrx_word' id='word_1_86' title='bbox 1212 1427 1387 1483; x_wconf 72' lang='lat' dir='ltr'><strong>utrum</strong></span> <span class='ocrx_word' id='word_1_87' title='bbox 1424 1429 1839 1493; x_wconf 68' lang='lat' dir='ltr'><strong>perseveratum</strong></span> <span class='ocrx_word' id='word_1_88' title='bbox 1865 1426 1951 1480; x_wconf 79' lang='lat' dir='ltr'><strong>sit.</strong></span> 
     </span>
    </p>
   </div>
   <div class='ocr_carea' id='block_1_14' title="bbox 367 1511 1954 1588">
    <p class='ocr_par' dir='ltr' id='par_1_14' title="bbox 367 1511 1954 1588">
     <span class='ocr_line' id='line_1_14' title="bbox 367 1511 1954 1588; baseline 0.004 -20"><span class='ocrx_word' id='word_1_89' title='bbox 367 1511 537 1568; x_wconf 85' lang='lat' dir='ltr'><strong>-—Via</strong></span> <span class='ocrx_word' id='word_1_90' title='bbox 561 1511 706 1569; x_wconf 89' lang='lat' dir='ltr'><strong>enim</strong></span> <span class='ocrx_word' id='word_1_91' title='bbox 733 1527 831 1569; x_wconf 86' lang='lat' dir='ltr'><strong>sua</strong></span> <span class='ocrx_word' id='word_1_92' title='bbox 857 1511 975 1569; x_wconf 87' lang='lat' dir='ltr'><strong>viro.</strong></span> <span class='ocrx_word' id='word_1_93' title='bbox 1011 1511 1328 1571; x_wconf 84' lang='lat' dir='ltr'><strong>abscondita</strong></span> <span class='ocrx_word' id='word_1_94' title='bbox 1351 1522 1454 1583; x_wconf 83' lang='lat' dir='ltr'><strong>est,</strong></span> <span class='ocrx_word' id='word_1_95' title='bbox 1479 1515 1603 1586; x_wconf 90' lang='lat' dir='ltr'><strong>quia</strong></span> <span class='ocrx_word' id='word_1_96' title='bbox 1630 1516 1732 1575; x_wconf 79' lang='lat' dir='ltr'><strong>etsi</strong></span> <span class='ocrx_word' id='word_1_97' title='bbox 1766 1515 1881 1588; x_wconf 84' lang='lat' dir='ltr'><strong>jam</strong></span> <span class='ocrx_word' id='word_1_98' title='bbox 1902 1518 1954 1575; x_wconf 89' lang='lat' dir='ltr'><strong>in</strong></span> 
     </span>
    </p>
   </div>
   <div class='ocr_carea' id='block_1_15' title="bbox 366 1604 1956 1678">
    <p class='ocr_par' dir='ltr' id='par_1_15' title="bbox 366 1604 1956 1678">
     <span class='ocr_line' id='line_1_15' title="bbox 366 1604 1956 1678; baseline 0.008 -23"><span class='ocrx_word' id='word_1_99' title='bbox 366 1619 471 1674; x_wconf 81' lang='lat' dir='ltr'><strong>qua</strong></span> <span class='ocrx_word' id='word_1_100' title='bbox 517 1604 590 1661; x_wconf 90' lang='lat' dir='ltr'><strong>sit</strong></span> <span class='ocrx_word' id='word_1_101' title='bbox 626 1605 751 1663; x_wconf 60' lang='lat' dir='ltr'><strong>vitae</strong></span> <span class='ocrx_word' id='word_1_102' title='bbox 779 1605 1039 1675; x_wconf 84' lang='lat' dir='ltr'><strong>qualitate</strong></span> <span class='ocrx_word' id='word_1_103' title='bbox 1081 1606 1417 1678; x_wconf 84' lang='lat' dir='ltr'><strong>considerat,</strong></span> <span class='ocrx_word' id='word_1_104' title='bbox 1463 1608 1641 1667; x_wconf 85' lang='lat' dir='ltr'><strong>adhuc</strong></span> <span class='ocrx_word' id='word_1_105' title='bbox 1680 1617 1861 1669; x_wconf 83' lang='lat' dir='ltr'><strong>tamen</strong></span> <span class='ocrx_word' id='word_1_106' title='bbox 1888 1611 1956 1667; x_wconf 90' lang='lat' dir='ltr'><strong>ad</strong></span> 
     </span>
    </p>
   </div>
   <div class='ocr_carea' id='block_1_16' title="bbox 366 1692 1952 1775">
    <p class='ocr_par' dir='ltr' id='par_1_16' title="bbox 366 1692 1952 1775">
     <span class='ocr_line' id='line_1_16' title="bbox 366 1692 1952 1775; baseline 0.007 -25"><span class='ocrx_word' id='word_1_107' title='bbox 366 1708 524 1766; x_wconf 83' lang='lat' dir='ltr'><strong>quem</strong></span> <span class='ocrx_word' id='word_1_108' title='bbox 546 1692 707 1752; x_wconf 83' lang='lat' dir='ltr'><strong>ﬁnem</strong></span> <span class='ocrx_word' id='word_1_109' title='bbox 728 1695 935 1761; x_wconf 89' lang='lat' dir='ltr'><strong>tendat,</strong></span> <span class='ocrx_word' id='word_1_110' title='bbox 958 1699 1188 1768; x_wconf 88' lang='lat' dir='ltr'><strong>ignorat.</strong></span> <span class='ocrx_word' id='word_1_111' title='bbox 1210 1697 1327 1757; x_wconf 88' lang='lat' dir='ltr'><strong>Etsi</strong></span> <span class='ocrx_word' id='word_1_112' title='bbox 1343 1698 1458 1770; x_wconf 87' lang='lat' dir='ltr'><strong>jam</strong></span> <span class='ocrx_word' id='word_1_113' title='bbox 1479 1716 1713 1773; x_wconf 87' lang='lat' dir='ltr'><strong>superna</strong></span> <span class='ocrx_word' id='word_1_114' title='bbox 1725 1704 1952 1775; x_wconf 89' lang='lat' dir='ltr'><strong>appetit,</strong></span> 
     </span>
    </p>
   </div>
   <div class='ocr_carea' id='block_1_17' title="bbox 363 1786 1953 1861">
    <p class='ocr_par' dir='ltr' id='par_1_17' title="bbox 363 1786 1953 1861">
     <span class='ocr_line' id='line_1_17' title="bbox 363 1786 1953 1861; baseline 0.007 -19"><span class='ocrx_word' id='word_1_115' title='bbox 363 1786 467 1842; x_wconf 73' lang='lat' dir='ltr'><strong>etsi</strong></span> <span class='ocrx_word' id='word_1_116' title='bbox 486 1786 661 1857; x_wconf 75' lang='lat' dir='ltr'><strong>plenis</strong></span> <span class='ocrx_word' id='word_1_117' title='bbox 686 1788 803 1844; x_wconf 62' lang='lat' dir='ltr'><strong>hac</strong></span> <span class='ocrx_word' id='word_1_118' title='bbox 825 1787 1104 1849; x_wconf 75' lang='lat' dir='ltr'><strong>desideriis</strong></span> <span class='ocrx_word' id='word_1_119' title='bbox 1129 1791 1343 1861; x_wconf 62' lang='lat' dir='ltr'><strong>quaerit,</strong></span> <span class='ocrx_word' id='word_1_120' title='bbox 1382 1792 1559 1851; x_wconf 85' lang='lat' dir='ltr'><strong>adhuc</strong></span> <span class='ocrx_word' id='word_1_121' title='bbox 1584 1801 1767 1853; x_wconf 82' lang='lat' dir='ltr'><strong>tamen</strong></span> <span class='ocrx_word' id='word_1_122' title='bbox 1803 1796 1851 1854; x_wconf 92' lang='lat' dir='ltr'><strong>si</strong></span> <span class='ocrx_word' id='word_1_123' title='bbox 1898 1798 1953 1853; x_wconf 89' lang='lat' dir='ltr'><strong>in</strong></span> 
     </span>
    </p>
   </div>
   <div class='ocr_carea' id='block_1_18' title="bbox 361 1881 1954 1963">
    <p class='ocr_par' dir='ltr' id='par_1_18' title="bbox 361 1881 1954 1963">
     <span class='ocr_line' id='line_1_18' title="bbox 361 1881 1954 1963; baseline 0.006 -23"><span class='ocrx_word' id='word_1_124' title='bbox 361 1881 564 1941; x_wconf 81' lang='lat' dir='ltr'><strong>eisdem</strong></span> <span class='ocrx_word' id='word_1_125' title='bbox 593 1882 871 1941; x_wconf 83' lang='lat' dir='ltr'><strong>desideriis</strong></span> <span class='ocrx_word' id='word_1_126' title='bbox 890 1895 1226 1955; x_wconf 82' lang='lat' dir='ltr'><strong>permaneat,</strong></span> <span class='ocrx_word' id='word_1_127' title='bbox 1276 1887 1467 1948; x_wconf 80' lang='lat' dir='ltr'><strong>nescit.</strong></span> <span class='ocrx_word' id='word_1_128' title='bbox 1495 1887 1727 1947; x_wconf 87' lang='lat' dir='ltr'><strong>Peccata</strong></span> <span class='ocrx_word' id='word_1_129' title='bbox 1754 1892 1954 1963; x_wconf 88' lang='lat' dir='ltr'><strong>quippe</strong></span> 
     </span>
    </p>
   </div>
   <div class='ocr_carea' id='block_1_19' title="bbox 358 1973 1947 2053">
    <p class='ocr_par' dir='ltr' id='par_1_19' title="bbox 358 1973 1947 2053">
     <span class='ocr_line' id='line_1_19' title="bbox 358 1973 1947 2053; baseline 0.006 -23"><span class='ocrx_word' id='word_1_130' title='bbox 358 1973 692 2043; x_wconf 80' lang='lat' dir='ltr'><strong>deserentes,</strong></span> <span class='ocrx_word' id='word_1_131' title='bbox 722 1976 790 2041; x_wconf 86' lang='lat' dir='ltr'><strong>ad</strong></span> <span class='ocrx_word' id='word_1_132' title='bbox 813 1975 1077 2046; x_wconf 81' lang='lat' dir='ltr'><strong>justitiam</strong></span> <span class='ocrx_word' id='word_1_133' title='bbox 1104 1978 1406 2046; x_wconf 72' lang='lat' dir='ltr'><strong>tendimus;</strong></span> <span class='ocrx_word' id='word_1_134' title='bbox 1438 1988 1494 2037; x_wconf 86' lang='lat' dir='ltr'><strong>et</strong></span> <span class='ocrx_word' id='word_1_135' title='bbox 1512 1982 1656 2039; x_wconf 85' lang='lat' dir='ltr'><strong>unde</strong></span> <span class='ocrx_word' id='word_1_136' title='bbox 1681 1983 1947 2053; x_wconf 86' lang='lat' dir='ltr'><strong>venimus,</strong></span> 
     </span>
    </p>
   </div>
   <div class='ocr_carea' id='block_1_20' title="bbox 359 2066 1950 2145">
    <p class='ocr_par' dir='ltr' id='par_1_20' title="bbox 359 2066 1950 2145">
     <span class='ocr_line' id='line_1_20' title="bbox 359 2066 1950 2145; baseline 0.009 -26"><span class='ocrx_word' id='word_1_137' title='bbox 359 2066 633 2133; x_wconf 84' lang='lat' dir='ltr'><strong>novimus;</strong></span> <span class='ocrx_word' id='word_1_138' title='bbox 680 2067 777 2123; x_wconf 86' lang='lat' dir='ltr'><strong>sed</strong></span> <span class='ocrx_word' id='word_1_139' title='bbox 822 2084 930 2140; x_wconf 89' lang='lat' dir='ltr'><strong>quo</strong></span> <span class='ocrx_word' id='word_1_140' title='bbox 981 2070 1382 2141; x_wconf 82' lang='lat' dir='ltr'><strong>perveniamus,</strong></span> <span class='ocrx_word' id='word_1_141' title='bbox 1430 2072 1761 2145; x_wconf 83' lang='lat' dir='ltr'><strong>ignoramus.</strong></span> <span class='ocrx_word' id='word_1_142' title='bbox 1808 2073 1950 2142; x_wconf 79' lang='lat' dir='ltr'><strong>Quid</strong></span> 
     </span>
    </p>
   </div>
   <div class='ocr_carea' id='block_1_21' title="bbox 358 2155 1948 2241">
    <p class='ocr_par' dir='ltr' id='par_1_21' title="bbox 358 2155 1948 2241">
     <span class='ocr_line' id='line_1_21' title="bbox 358 2155 1948 2241; baseline 0.009 -31"><span class='ocrx_word' id='word_1_143' title='bbox 358 2155 612 2241; x_wconf 76' lang='lat' dir='ltr'><strong>hesterna</strong></span> <span class='ocrx_word' id='word_1_144' title='bbox 636 2157 723 2223; x_wconf 82' lang='lat' dir='ltr'><strong>die</strong></span> <span class='ocrx_word' id='word_1_145' title='bbox 750 2157 971 2227; x_wconf 75' lang='lat' dir='ltr'><strong>fuimus,</strong></span> <span class='ocrx_word' id='word_1_146' title='bbox 998 2161 1228 2229; x_wconf 85' lang='lat' dir='ltr'><strong>scimus;</strong></span> <span class='ocrx_word' id='word_1_147' title='bbox 1255 2163 1352 2220; x_wconf 88' lang='lat' dir='ltr'><strong>sed</strong></span> <span class='ocrx_word' id='word_1_148' title='bbox 1380 2164 1509 2235; x_wconf 78' lang='lat' dir='ltr'><strong>quid</strong></span> <span class='ocrx_word' id='word_1_149' title='bbox 1529 2165 1809 2236; x_wconf 81' lang='lat' dir='ltr'><strong>contingat</strong></span> <span class='ocrx_word' id='word_1_150' title='bbox 1828 2182 1948 2224; x_wconf 63' lang='lat' dir='ltr'><strong>crev-</strong></span> 
     </span>
    </p>
   </div>
   <div class='ocr_carea' id='block_1_22' title="bbox 357 2250 1947 2326">
    <p class='ocr_par' dir='ltr' id='par_1_22' title="bbox 357 2250 1947 2326">
     <span class='ocr_line' id='line_1_22' title="bbox 357 2250 1947 2326; baseline 0.008 -23"><span class='ocrx_word' id='word_1_151' title='bbox 357 2250 497 2304; x_wconf 85' lang='lat' dir='ltr'><strong>stina</strong></span> <span class='ocrx_word' id='word_1_152' title='bbox 519 2266 621 2309; x_wconf 87' lang='lat' dir='ltr'><strong>nos</strong></span> <span class='ocrx_word' id='word_1_153' title='bbox 640 2266 759 2309; x_wconf 85' lang='lat' dir='ltr'><strong>esse</strong></span> <span class='ocrx_word' id='word_1_154' title='bbox 774 2294 792 2321; x_wconf 92' lang='lat'><strong>,</strong></span> <span class='ocrx_word' id='word_1_155' title='bbox 815 2254 1103 2313; x_wconf 83' lang='lat' dir='ltr'><strong>nescimus.</strong></span> <span class='ocrx_word' id='word_1_156' title='bbox 1139 2254 1239 2310; x_wconf 79' lang='lat' dir='ltr'><strong>Via</strong></span> <span class='ocrx_word' id='word_1_157' title='bbox 1288 2268 1425 2326; x_wconf 87' lang='lat' dir='ltr'><strong>ergo</strong></span> <span class='ocrx_word' id='word_1_158' title='bbox 1446 2271 1545 2317; x_wconf 87' lang='lat' dir='ltr'><strong>sua</strong></span> <span class='ocrx_word' id='word_1_159' title='bbox 1572 2257 1691 2315; x_wconf 80' lang='lat' dir='ltr'><strong>viro</strong></span> <span class='ocrx_word' id='word_1_160' title='bbox 1716 2257 1947 2317; x_wconf 83' lang='lat' dir='ltr'><strong>abscon-</strong></span> 
     </span>
    </p>
   </div>
   <div class='ocr_carea' id='block_1_23' title="bbox 356 2341 1949 2422">
    <p class='ocr_par' dir='ltr' id='par_1_23' title="bbox 356 2341 1949 2422">
     <span class='ocr_line' id='line_1_23' title="bbox 356 2341 1949 2422; baseline 0.009 -27"><span class='ocrx_word' id='word_1_161' title='bbox 356 2341 469 2397; x_wconf 89' lang='lat' dir='ltr'><strong>dita</strong></span> <span class='ocrx_word' id='word_1_162' title='bbox 498 2351 600 2409; x_wconf 87' lang='lat' dir='ltr'><strong>est,</strong></span> <span class='ocrx_word' id='word_1_163' title='bbox 633 2344 759 2415; x_wconf 88' lang='lat' dir='ltr'><strong>quia</strong></span> <span class='ocrx_word' id='word_1_164' title='bbox 779 2345 859 2402; x_wconf 87' lang='lat' dir='ltr'><strong>sic</strong></span> <span class='ocrx_word' id='word_1_165' title='bbox 884 2345 1079 2416; x_wconf 86' lang='lat' dir='ltr'><strong>pedem</strong></span> <span class='ocrx_word' id='word_1_166' title='bbox 1098 2347 1254 2417; x_wconf 91' lang='lat' dir='ltr'><strong>ponit</strong></span> <span class='ocrx_word' id='word_1_167' title='bbox 1280 2348 1481 2419; x_wconf 84' lang='lat' dir='ltr'><strong>operis,</strong></span> <span class='ocrx_word' id='word_1_168' title='bbox 1511 2359 1572 2406; x_wconf 91' lang='lat' dir='ltr'><strong>ut</strong></span> <span class='ocrx_word' id='word_1_169' title='bbox 1603 2357 1783 2407; x_wconf 71' lang='lat' dir='ltr'><strong>tanien</strong></span> <span class='ocrx_word' id='word_1_170' title='bbox 1810 2365 1949 2422; x_wconf 67' lang='lat' dir='ltr'><strong>pra:-</strong></span> 
     </span>
    </p>
   </div>
   <div class='ocr_carea' id='block_1_24' title="bbox 356 2432 1728 2512">
    <p class='ocr_par' dir='ltr' id='par_1_24' title="bbox 356 2432 1728 2512">
     <span class='ocr_line' id='line_1_24' title="bbox 356 2432 1728 2512; baseline 0.013 -27"><span class='ocrx_word' id='word_1_171' title='bbox 356 2432 544 2489; x_wconf 86' lang='lat' dir='ltr'><strong>videre</strong></span> <span class='ocrx_word' id='word_1_172' title='bbox 569 2444 806 2505; x_wconf 74' lang='lat' dir='ltr'><strong>nequeat</strong></span> <span class='ocrx_word' id='word_1_173' title='bbox 832 2438 1036 2494; x_wconf 88' lang='lat' dir='ltr'><strong>exitum</strong></span> <span class='ocrx_word' id='word_1_174' title='bbox 1083 2441 1564 2499; x_wconf 76' lang='lat' dir='ltr'><strong>consummationis</strong></span> <span class='ocrx_word' id='word_1_175' title='bbox 1591 2441 1728 2512; x_wconf 53' lang='lat' dir='ltr'><strong>ejus»</strong></span> 
     </span>
    </p>
   </div>
   <div class='ocr_carea' id='block_1_25' title="bbox 428 2525 1944 2608">
    <p class='ocr_par' dir='ltr' id='par_1_25' title="bbox 428 2525 1944 2608">
     <span class='ocr_line' id='line_1_25' title="bbox 428 2525 1944 2608; baseline 0.009 -28"><span class='ocrx_word' id='word_1_176' title='bbox 428 2525 576 2599; x_wconf 54' lang='grc' dir='ltr'><strong>[νειμ</strong></span> <span class='ocrx_word' id='word_1_177' title='bbox 601 2525 733 2599; x_wconf 62' lang='grc' dir='ltr'><strong>Ν]</strong></span> <span class='ocrx_word' id='word_1_178' title='bbox 762 2527 851 2585; x_wconf 72' lang='grc'><strong>12.</strong></span> <span class='ocrx_word' id='word_1_179' title='bbox 883 2529 1104 2603; x_wconf 78' lang='lat' dir='ltr'><strong>Ignorat</strong></span> <span class='ocrx_word' id='word_1_180' title='bbox 1137 2541 1311 2589; x_wconf 74' lang='lat' dir='ltr'><strong>utrum</strong></span> <span class='ocrx_word' id='word_1_181' title='bbox 1355 2534 1492 2607; x_wconf 80' lang='lat' dir='ltr'><strong>quod</strong></span> <span class='ocrx_word' id='word_1_182' title='bbox 1537 2544 1734 2592; x_wconf 77' lang='lat' dir='ltr'><strong>rectum</strong></span> <span class='ocrx_word' id='word_1_183' title='bbox 1775 2546 1944 2608; x_wconf 80' lang='lat' dir='ltr'><strong>putat,</strong></span> 
     </span>
    </p>
   </div>
   <div class='ocr_carea' id='block_1_26' title="bbox 354 2618 1947 2688">
    <p class='ocr_par' dir='ltr' id='par_1_26' title="bbox 354 2618 1947 2688">
     <span class='ocr_line' id='line_1_26' title="bbox 354 2618 1947 2688; baseline 0.009 -16"><span class='ocrx_word' id='word_1_184' title='bbox 354 2618 497 2674; x_wconf 83' lang='lat' dir='ltr'><strong>Deus</strong></span> <span class='ocrx_word' id='word_1_185' title='bbox 518 2635 623 2676; x_wconf 85' lang='lat' dir='ltr'><strong>non</strong></span> <span class='ocrx_word' id='word_1_186' title='bbox 644 2623 873 2678; x_wconf 71' lang='lat' dir='ltr'><strong>damnet.</strong></span> <span class='ocrx_word' id='word_1_187' title='bbox 901 2622 1262 2682; x_wconf 82' lang='lat' dir='ltr'><strong>Circumdatur</strong></span> <span class='ocrx_word' id='word_1_188' title='bbox 1558 2659 1632 2672; x_wconf 93' lang='lat'><strong><em>—</em></strong></span> <span class='ocrx_word' id='word_1_189' title='bbox 1647 2626 1743 2688; x_wconf 81' lang='lat' dir='ltr'><strong>Est</strong></span> <span class='ocrx_word' id='word_1_190' title='bbox 1766 2638 1947 2686; x_wconf 85' lang='lat' dir='ltr'><strong>autem</strong></span> 
     </span>
    </p>
   </div>
   <div class='ocr_carea' id='block_1_27' title="bbox 353 2713 1947 2792">
    <p class='ocr_par' dir='ltr' id='par_1_27' title="bbox 353 2713 1947 2792">
     <span class='ocr_line' id='line_1_27' title="bbox 353 2713 1947 2792; baseline 0.008 -26"><span class='ocrx_word' id='word_1_191' title='bbox 353 2721 409 2766; x_wconf 84' lang='lat' dir='ltr'><strong>et</strong></span> <span class='ocrx_word' id='word_1_192' title='bbox 432 2713 540 2768; x_wconf 88' lang='lat' dir='ltr'><strong>alia</strong></span> <span class='ocrx_word' id='word_1_193' title='bbox 564 2715 665 2773; x_wconf 65' lang='lat' dir='ltr'><strong>vim</strong></span> <span class='ocrx_word' id='word_1_194' title='bbox 689 2722 886 2771; x_wconf 83' lang='lat' dir='ltr'><strong>nostrae</strong></span> <span class='ocrx_word' id='word_1_195' title='bbox 916 2715 1237 2787; x_wconf 88' lang='lat' dir='ltr'><strong>absconsio;</strong></span> <span class='ocrx_word' id='word_1_196' title='bbox 1280 2719 1409 2789; x_wconf 83' lang='lat' dir='ltr'><strong>quia</strong></span> <span class='ocrx_word' id='word_1_197' title='bbox 1447 2730 1841 2792; x_wconf 67' lang='lat' dir='ltr'><strong>nonnunquam</strong></span> <span class='ocrx_word' id='word_1_198' title='bbox 1879 2735 1947 2777; x_wconf 86' lang='lat' dir='ltr'><strong>ea</strong></span> 
     </span>
    </p>
   </div>
   <div class='ocr_carea' id='block_1_28' title="bbox 352 2803 1947 2882">
    <p class='ocr_par' dir='ltr' id='par_1_28' title="bbox 352 2803 1947 2882">
     <span class='ocr_line' id='line_1_28' title="bbox 352 2803 1947 2882; baseline 0.006 -23"><span class='ocrx_word' id='word_1_199' title='bbox 352 2803 470 2873; x_wconf 82' lang='lat' dir='ltr'><strong>ipsa</strong></span> <span class='ocrx_word' id='word_1_200' title='bbox 507 2819 627 2873; x_wconf 64' lang='lat' dir='ltr'><strong>quae</strong></span> <span class='ocrx_word' id='word_1_201' title='bbox 681 2813 831 2864; x_wconf 86' lang='lat' dir='ltr'><strong>recte</strong></span> <span class='ocrx_word' id='word_1_202' title='bbox 858 2822 961 2864; x_wconf 84' lang='lat' dir='ltr'><strong>nos</strong></span> <span class='ocrx_word' id='word_1_203' title='bbox 990 2818 1151 2878; x_wconf 79' lang='lat' dir='ltr'><strong>agere</strong></span> <span class='ocrx_word' id='word_1_204' title='bbox 1176 2809 1479 2882; x_wconf 80' lang='lat' dir='ltr'><strong>credimus,</strong></span> <span class='ocrx_word' id='word_1_205' title='bbox 1509 2825 1580 2867; x_wconf 79' lang='lat' dir='ltr'><strong>an</strong></span> <span class='ocrx_word' id='word_1_206' title='bbox 1620 2811 1676 2868; x_wconf 91' lang='lat' dir='ltr'><strong>in</strong></span> <span class='ocrx_word' id='word_1_207' title='bbox 1717 2809 1947 2869; x_wconf 76' lang='lat' dir='ltr'><strong>districti</strong></span> 
     </span>
    </p>
   </div>
   <div class='ocr_carea' id='block_1_29' title="bbox 348 2894 1943 2977">
    <p class='ocr_par' dir='ltr' id='par_1_29' title="bbox 348 2894 1943 2977">
     <span class='ocr_line' id='line_1_29' title="bbox 348 2894 1943 2977; baseline 0.008 -26"><span class='ocrx_word' id='word_1_208' title='bbox 348 2894 545 2965; x_wconf 86' lang='lat' dir='ltr'><strong>judicis</strong></span> <span class='ocrx_word' id='word_1_209' title='bbox 570 2898 821 2957; x_wconf 75' lang='lat' dir='ltr'><strong>examine</strong></span> <span class='ocrx_word' id='word_1_210' title='bbox 845 2907 995 2957; x_wconf 83' lang='lat' dir='ltr'><strong>recta</strong></span> <span class='ocrx_word' id='word_1_211' title='bbox 1037 2900 1175 2968; x_wconf 90' lang='lat' dir='ltr'><strong>sint,</strong></span> <span class='ocrx_word' id='word_1_212' title='bbox 1233 2903 1567 2973; x_wconf 78' lang='lat' dir='ltr'><strong>ignoramus.</strong></span> <span class='ocrx_word' id='word_1_213' title='bbox 1595 2902 1752 2977; x_wconf 75' lang='lat' dir='ltr'><strong>Saepe</strong></span> <span class='ocrx_word' id='word_1_214' title='bbox 1777 2904 1943 2971; x_wconf 77' lang='lat' dir='ltr'><strong>enim,</strong></span> 
     </span>
    </p>
   </div>
   <div class='ocr_carea' id='block_1_30' title="bbox 351 2989 1947 3068">
    <p class='ocr_par' dir='ltr' id='par_1_30' title="bbox 351 2989 1947 3068">
     <span class='ocr_line' id='line_1_30' title="bbox 351 2989 1947 3068; baseline 0.004 -21"><span class='ocrx_word' id='word_1_215' title='bbox 351 2989 493 3047; x_wconf 80' lang='lat' dir='ltr'><strong>sicut</strong></span> <span class='ocrx_word' id='word_1_216' title='bbox 520 2999 579 3046; x_wconf 88' lang='lat' dir='ltr'><strong>et</strong></span> <span class='ocrx_word' id='word_1_217' title='bbox 598 2990 756 3060; x_wconf 82' lang='lat' dir='ltr'><strong>longe</strong></span> <span class='ocrx_word' id='word_1_218' title='bbox 784 2992 1032 3063; x_wconf 78' lang='lat' dir='ltr'><strong>superius</strong></span> <span class='ocrx_word' id='word_1_219' title='bbox 1054 2993 1317 3066; x_wconf 79' lang='lat' dir='ltr'><strong>diximus,</strong></span> <span class='ocrx_word' id='word_1_220' title='bbox 1347 3008 1492 3068; x_wconf 75' lang='lat' dir='ltr'><strong>opus-</strong></span> <span class='ocrx_word' id='word_1_221' title='bbox 1509 3007 1757 3055; x_wconf 72' lang='lat' dir='ltr'><strong>nostmm</strong></span> <span class='ocrx_word' id='word_1_222' title='bbox 1783 3008 1947 3054; x_wconf 80' lang='lat' dir='ltr'><strong>causa</strong></span> 
     </span>
    </p>
   </div>
   <div class='ocr_carea' id='block_1_31' title="bbox 352 3079 1944 3158">
    <p class='ocr_par' dir='ltr' id='par_1_31' title="bbox 352 3079 1944 3158">
     <span class='ocr_line' id='line_1_31' title="bbox 352 3079 1944 3158; baseline 0.008 -22"><span class='ocrx_word' id='word_1_223' title='bbox 352 3079 712 3139; x_wconf 82' lang='lat' dir='ltr'><strong>damnationis</strong></span> <span class='ocrx_word' id='word_1_224' title='bbox 739 3092 855 3153; x_wconf 87' lang='lat' dir='ltr'><strong>est,</strong></span> <span class='ocrx_word' id='word_1_225' title='bbox 900 3093 960 3141; x_wconf 88' lang='lat' dir='ltr'><strong>et</strong></span> <span class='ocrx_word' id='word_1_226' title='bbox 1004 3096 1291 3156; x_wconf 82' lang='lat' dir='ltr'><strong>provectus</strong></span> <span class='ocrx_word' id='word_1_227' title='bbox 1318 3096 1538 3158; x_wconf 85' lang='lat' dir='ltr'><strong>putatur</strong></span> <span class='ocrx_word' id='word_1_228' title='bbox 1562 3106 1684 3150; x_wconf 85' lang='lat' dir='ltr'><strong>esse</strong></span> <span class='ocrx_word' id='word_1_229' title='bbox 1709 3091 1944 3149; x_wconf 83' lang='lat' dir='ltr'><strong>virtutis.</strong></span> 
     </span>
    </p>
   </div>
   <div class='ocr_carea' id='block_1_32' title="bbox 350 3171 1945 3249">
    <p class='ocr_par' dir='ltr' id='par_1_32' title="bbox 350 3171 1945 3249">
     <span class='ocr_line' id='line_1_32' title="bbox 350 3171 1945 3249; baseline 0.008 -20"><span class='ocrx_word' id='word_1_230' title='bbox 350 3171 505 3244; x_wconf 60' lang='lat' dir='ltr'><strong>Saepe</strong></span> <span class='ocrx_word' id='word_1_231' title='bbox 526 3174 891 3247; x_wconf 86' lang='lat' dir='ltr'><strong>undeplacari</strong></span> <span class='ocrx_word' id='word_1_232' title='bbox 907 3177 1075 3248; x_wconf 72' lang='lat' dir='ltr'><strong>iudex</strong></span> <span class='ocrx_word' id='word_1_233' title='bbox 1093 3180 1350 3249; x_wconf 85' lang='lat' dir='ltr'><strong>creditur,</strong></span> <span class='ocrx_word' id='word_1_234' title='bbox 1370 3182 1494 3239; x_wconf 90' lang='lat' dir='ltr'><strong>inde</strong></span> <span class='ocrx_word' id='word_1_235' title='bbox 1513 3183 1581 3238; x_wconf 88' lang='lat' dir='ltr'><strong>ad</strong></span> <span class='ocrx_word' id='word_1_236' title='bbox 1605 3183 1945 3240; x_wconf 86' lang='lat' dir='ltr'><strong>irascendum</strong></span> 
     </span>
    </p>
   </div>
   <div class='ocr_carea' id='block_1_33' title="bbox 351 3263 1938 3346">
    <p class='ocr_par' dir='ltr' id='par_1_33' title="bbox 351 3263 1938 3346">
     <span class='ocr_line' id='line_1_33' title="bbox 351 3263 1938 3346; baseline 0.004 -23"><span class='ocrx_word' id='word_1_237' title='bbox 351 3263 594 3335; x_wconf 76' lang='lat' dir='ltr'><strong>placidus</strong></span> <span class='ocrx_word' id='word_1_238' title='bbox 631 3266 948 3337; x_wconf 77' lang='lat' dir='ltr'><strong>instigatur;</strong></span> <span class='ocrx_word' id='word_1_239' title='bbox 986 3268 1281 3329; x_wconf 85' lang='lat' dir='ltr'><strong>Salomone</strong></span> <span class='ocrx_word' id='word_1_240' title='bbox 1320 3282 1645 3343; x_wconf 86' lang='lat' dir='ltr'><strong>attestante,</strong></span> <span class='ocrx_word' id='word_1_241' title='bbox 1684 3276 1779 3346; x_wconf 88' lang='lat' dir='ltr'><strong>qui</strong></span> <span class='ocrx_word' id='word_1_242' title='bbox 1818 3277 1895 3332; x_wconf 89' lang='lat' dir='ltr'><strong>ait</strong></span> <span class='ocrx_word' id='word_1_243' title='bbox 1926 3314 1938 3329; x_wconf 93' lang='lat'><strong>.</strong></span> 
     </span>
    </p>
   </div>
   <div class='ocr_carea' id='block_1_34' title="bbox 349 3353 1947 3432">
    <p class='ocr_par' dir='ltr' id='par_1_34' title="bbox 349 3353 1947 3432">
     <span class='ocr_line' id='line_1_34' title="bbox 349 3353 1947 3432; baseline 0.009 -23"><span class='ocrx_word' id='word_1_244' title='bbox 349 3353 446 3411; x_wconf 88' lang='lat' dir='ltr'><strong>Est</strong></span> <span class='ocrx_word' id='word_1_245' title='bbox 469 3358 551 3411; x_wconf 85' lang='lat' dir='ltr'><strong>via</strong></span> <span class='ocrx_word' id='word_1_246' title='bbox 594 3358 968 3429; x_wconf 65' lang='lat' dir='ltr'><strong>qtueuidetur-ﬂ</strong></span> <span class='ocrx_word' id='word_1_247' title='bbox 994 3361 1190 3419; x_wconf 77' lang='lat' dir='ltr'><strong>homini</strong></span> <span class='ocrx_word' id='word_1_248' title='bbox 1236 3375 1412 3432; x_wconf 78' lang='lat' dir='ltr'><strong>recta;</strong></span> <span class='ocrx_word' id='word_1_249' title='bbox 1456 3368 1736 3422; x_wconf 81' lang='lat' dir='ltr'><strong>novissima</strong></span> <span class='ocrx_word' id='word_1_250' title='bbox 1775 3374 1947 3423; x_wconf 84' lang='lat' dir='ltr'><strong>autem</strong></span> 
     </span>
    </p>
   </div>
   <div class='ocr_carea' id='block_1_35' title="bbox 350 3450 1949 3535">
    <p class='ocr_par' dir='ltr' id='par_1_35' title="bbox 350 3450 1949 3535">
     <span class='ocr_line' id='line_1_35' title="bbox 350 3450 1949 3535; baseline 0.011 -30"><span class='ocrx_word' id='word_1_251' title='bbox 350 3450 463 3521; x_wconf 82' lang='lat' dir='ltr'><strong>ejus</strong></span> <span class='ocrx_word' id='word_1_252' title='bbox 503 3452 698 3513; x_wconf 72' lang='lat' dir='ltr'><strong>ducunt</strong></span> <span class='ocrx_word' id='word_1_253' title='bbox 731 3458 801 3513; x_wconf 82' lang='lat' dir='ltr'><strong>ad</strong></span> <span class='ocrx_word' id='word_1_254' title='bbox 837 3469 1053 3516; x_wconf 82' lang='lat' dir='ltr'><strong>mortem</strong></span> <span class='ocrx_word' id='word_1_255' title='bbox 1081 3461 1262 3531; x_wconf 82' lang='lat' dir='ltr'><strong>(Prov.</strong></span> <span class='ocrx_word' id='word_1_256' title='bbox 1304 3479 1415 3532; x_wconf 81' lang='lat' dir='ltr'><strong>xiv,</strong></span> <span class='ocrx_word' id='word_1_257' title='bbox 1449 3463 1561 3535; x_wconf 71' lang='grc'><strong>12).</strong></span> <span class='ocrx_word' id='word_1_258' title='bbox 1596 3462 1749 3521; x_wconf 89' lang='lat' dir='ltr'><strong>Unde</strong></span> <span class='ocrx_word' id='word_1_259' title='bbox 1776 3467 1949 3523; x_wconf 84' lang='lat' dir='ltr'><strong>sancti</strong></span> 
     </span>
    </p>
   </div>
   <div class='ocr_carea' id='block_1_36' title="bbox 350 3544 1949 3628">
    <p class='ocr_par' dir='ltr' id='par_1_36' title="bbox 350 3544 1949 3628">
     <span class='ocr_line' id='line_1_36' title="bbox 350 3544 1949 3628; baseline 0.008 -29"><span class='ocrx_word' id='word_1_260' title='bbox 350 3544 451 3600; x_wconf 84' lang='lat' dir='ltr'><strong>viri</strong></span> <span class='ocrx_word' id='word_1_261' title='bbox 480 3561 607 3603; x_wconf 87' lang='lat' dir='ltr'><strong>cum</strong></span> <span class='ocrx_word' id='word_1_262' title='bbox 654 3549 794 3606; x_wconf 86' lang='lat' dir='ltr'><strong>mala</strong></span> <span class='ocrx_word' id='word_1_263' title='bbox 820 3562 1094 3622; x_wconf 86' lang='lat' dir='ltr'><strong>superant,</strong></span> <span class='ocrx_word' id='word_1_264' title='bbox 1130 3568 1228 3611; x_wconf 89' lang='lat' dir='ltr'><strong>sua</strong></span> <span class='ocrx_word' id='word_1_265' title='bbox 1274 3557 1440 3613; x_wconf 86' lang='lat' dir='ltr'><strong>etiam</strong></span> <span class='ocrx_word' id='word_1_266' title='bbox 1477 3557 1616 3614; x_wconf 87' lang='lat' dir='ltr'><strong>bene</strong></span> <span class='ocrx_word' id='word_1_267' title='bbox 1639 3564 1793 3628; x_wconf 70' lang='lat' dir='ltr'><strong>gesta</strong></span> <span class='ocrx_word' id='word_1_268' title='bbox 1837 3558 1949 3614; x_wconf 79' lang='lat' dir='ltr'><strong>for-</strong></span> 
     </span>
    </p>
   </div>
   <div class='ocr_carea' id='block_1_37' title="bbox 349 3639 1948 3722">
    <p class='ocr_par' dir='ltr' id='par_1_37' title="bbox 349 3639 1948 3722">
     <span class='ocr_line' id='line_1_37' title="bbox 349 3639 1948 3722; baseline 0.008 -29"><span class='ocrx_word' id='word_1_269' title='bbox 349 3639 686 3709; x_wconf 83' lang='lat' dir='ltr'><strong>midant,ne</strong></span> <span class='ocrx_word' id='word_1_270' title='bbox 730 3659 855 3700; x_wconf 90' lang='lat' dir='ltr'><strong>cum</strong></span> <span class='ocrx_word' id='word_1_271' title='bbox 883 3645 1026 3702; x_wconf 89' lang='lat' dir='ltr'><strong>bona</strong></span> <span class='ocrx_word' id='word_1_272' title='bbox 1074 3661 1237 3716; x_wconf 89' lang='lat' dir='ltr'><strong>agere</strong></span> <span class='ocrx_word' id='word_1_273' title='bbox 1285 3658 1570 3722; x_wconf 87' lang='lat' dir='ltr'><strong>appetunt,</strong></span> <span class='ocrx_word' id='word_1_274' title='bbox 1600 3651 1671 3705; x_wconf 91' lang='lat' dir='ltr'><strong>de</strong></span> <span class='ocrx_word' id='word_1_275' title='bbox 1718 3650 1948 3707; x_wconf 89' lang='lat' dir='ltr'><strong>actionis</strong></span> 
     </span>
    </p>
   </div>
   <div class='ocr_carea' id='block_1_38' title="bbox 351 3731 1947 3812">
    <p class='ocr_par' dir='ltr' id='par_1_38' title="bbox 351 3731 1947 3812">
     <span class='ocr_line' id='line_1_38' title="bbox 351 3731 1947 3812; baseline 0.008 -25"><span class='ocrx_word' id='word_1_276' title='bbox 351 3731 587 3803; x_wconf 84' lang='lat' dir='ltr'><strong>imagine</strong></span> <span class='ocrx_word' id='word_1_277' title='bbox 621 3735 879 3793; x_wconf 77' lang='lat' dir='ltr'><strong>fallantur</strong></span> <span class='ocrx_word' id='word_1_278' title='bbox 896 3779 911 3802; x_wconf 85' lang='lat'><strong>,</strong></span> <span class='ocrx_word' id='word_1_279' title='bbox 942 3755 1014 3796; x_wconf 91' lang='lat' dir='ltr'><strong>ne</strong></span> <span class='ocrx_word' id='word_1_280' title='bbox 1054 3740 1312 3809; x_wconf 79' lang='lat' dir='ltr'><strong>pestifera</strong></span> <span class='ocrx_word' id='word_1_281' title='bbox 1340 3744 1493 3798; x_wconf 89' lang='lat' dir='ltr'><strong>tabes</strong></span> <span class='ocrx_word' id='word_1_282' title='bbox 1519 3743 1822 3812; x_wconf 85' lang='lat' dir='ltr'><strong>putredinis</strong></span> <span class='ocrx_word' id='word_1_283' title='bbox 1848 3744 1947 3799; x_wconf 86' lang='lat' dir='ltr'><strong>sub</strong></span> 
     </span>
    </p>
   </div>
   <div class='ocr_carea' id='block_1_39' title="bbox 350 3822 1946 3901">
    <p class='ocr_par' dir='ltr' id='par_1_39' title="bbox 350 3822 1946 3901">
     <span class='ocr_line' id='line_1_39' title="bbox 350 3822 1946 3901; baseline 0.007 -24"><span class='ocrx_word' id='word_1_284' title='bbox 350 3822 481 3878; x_wconf 90' lang='lat' dir='ltr'><strong>boni</strong></span> <span class='ocrx_word' id='word_1_285' title='bbox 527 3826 713 3894; x_wconf 79' lang='lat' dir='ltr'><strong>Specie</strong></span> <span class='ocrx_word' id='word_1_286' title='bbox 754 3827 920 3882; x_wconf 89' lang='lat' dir='ltr'><strong>lateat</strong></span> <span class='ocrx_word' id='word_1_287' title='bbox 947 3830 1164 3885; x_wconf 90' lang='lat' dir='ltr'><strong>coloris.</strong></span> <span class='ocrx_word' id='word_1_288' title='bbox 1212 3831 1403 3887; x_wconf 91' lang='lat' dir='ltr'><strong>Sciunt</strong></span> <span class='ocrx_word' id='word_1_289' title='bbox 1430 3834 1575 3888; x_wconf 92' lang='lat' dir='ltr'><strong>enim</strong></span> <span class='ocrx_word' id='word_1_290' title='bbox 1602 3834 1729 3901; x_wconf 88' lang='lat' dir='ltr'><strong>quia</strong></span> <span class='ocrx_word' id='word_1_291' title='bbox 1756 3850 1946 3890; x_wconf 89' lang='lat' dir='ltr'><strong>corru-</strong></span> 
     </span>
    </p>
   </div>
   <div class='ocr_carea' id='block_1_40' title="bbox 351 3914 1945 3990">
    <p class='ocr_par' dir='ltr' id='par_1_40' title="bbox 351 3914 1945 3990">
     <span class='ocr_line' id='line_1_40' title="bbox 351 3914 1945 3990; baseline 0.008 -23"><span class='ocrx_word' id='word_1_292' title='bbox 351 3914 556 3985; x_wconf 87' lang='lat' dir='ltr'><strong>ptionis</strong></span> <span class='ocrx_word' id='word_1_293' title='bbox 582 3915 759 3971; x_wconf 83' lang='lat' dir='ltr'><strong>adhuc</strong></span> <span class='ocrx_word' id='word_1_294' title='bbox 782 3917 1024 3986; x_wconf 87' lang='lat' dir='ltr'><strong>pondere</strong></span> <span class='ocrx_word' id='word_1_295' title='bbox 1049 3921 1277 3987; x_wconf 85' lang='lat' dir='ltr'><strong>gravati,</strong></span> <span class='ocrx_word' id='word_1_296' title='bbox 1306 3920 1606 3990; x_wconf 87' lang='lat' dir='ltr'><strong>dijudicare</strong></span> <span class='ocrx_word' id='word_1_297' title='bbox 1644 3924 1787 3979; x_wconf 90' lang='lat' dir='ltr'><strong>bona</strong></span> <span class='ocrx_word' id='word_1_298' title='bbox 1814 3925 1945 3979; x_wconf 84' lang='lat' dir='ltr'><strong>sub-</strong></span> 
     </span>
    </p>
   </div>
   <div class='ocr_carea' id='block_1_41' title="bbox 354 4007 1948 4077">
    <p class='ocr_par' dir='ltr' id='par_1_41' title="bbox 354 4007 1948 4077">
     <span class='ocr_line' id='line_1_41' title="bbox 354 4007 1948 4077; baseline 0.008 -16"><span class='ocrx_word' id='word_1_299' title='bbox 354 4007 520 4062; x_wconf 88' lang='lat' dir='ltr'><strong>tiliter</strong></span> <span class='ocrx_word' id='word_1_300' title='bbox 557 4008 834 4077; x_wconf 87' lang='lat' dir='ltr'><strong>nesciunt;</strong></span> <span class='ocrx_word' id='word_1_301' title='bbox 884 4019 940 4066; x_wconf 91' lang='lat' dir='ltr'><strong>et</strong></span> <span class='ocrx_word' id='word_1_302' title='bbox 975 4027 1099 4067; x_wconf 91' lang='lat' dir='ltr'><strong>cum</strong></span> <span class='ocrx_word' id='word_1_303' title='bbox 1128 4024 1254 4069; x_wconf 89' lang='lat' dir='ltr'><strong>ante</strong></span> <span class='ocrx_word' id='word_1_304' title='bbox 1282 4014 1471 4070; x_wconf 89' lang='lat' dir='ltr'><strong>oculos</strong></span> <span class='ocrx_word' id='word_1_305' title='bbox 1490 4016 1719 4071; x_wconf 80' lang='lat' dir='ltr'><strong>extremi</strong></span> <span class='ocrx_word' id='word_1_306' title='bbox 1742 4017 1948 4073; x_wconf 89' lang='lat' dir='ltr'><strong>exami-</strong></span> 
     </span>
    </p>
   </div>
   <div class='ocr_carea' id='block_1_42' title="bbox 349 4099 1949 4182">
    <p class='ocr_par' dir='ltr' id='par_1_42' title="bbox 349 4099 1949 4182">
     <span class='ocr_line' id='line_1_42' title="bbox 349 4099 1949 4182; baseline 0.008 -28"><span class='ocrx_word' id='word_1_307' title='bbox 349 4100 435 4155; x_wconf 87' lang='lat' dir='ltr'><strong>nis</strong></span> <span class='ocrx_word' id='word_1_308' title='bbox 459 4099 699 4171; x_wconf 89' lang='lat' dir='ltr'><strong>regulam</strong></span> <span class='ocrx_word' id='word_1_309' title='bbox 728 4100 1021 4170; x_wconf 84' lang='lat' dir='ltr'><strong>deducunt,</strong></span> <span class='ocrx_word' id='word_1_310' title='bbox 1044 4104 1157 4162; x_wconf 70' lang='lat'><strong>[1336</strong></span> <span class='ocrx_word' id='word_1_311' title='bbox 1180 4105 1296 4176; x_wconf 86' lang='lat' dir='ltr'><strong>ipsa</strong></span> <span class='ocrx_word' id='word_1_312' title='bbox 1316 4107 1373 4164; x_wconf 89' lang='lat' dir='ltr'><strong>in</strong></span> <span class='ocrx_word' id='word_1_313' title='bbox 1392 4122 1453 4163; x_wconf 89' lang='lat' dir='ltr'><strong>se</strong></span> <span class='ocrx_word' id='word_1_314' title='bbox 1478 4123 1864 4182; x_wconf 86' lang='lat' dir='ltr'><strong>nonnunquam</strong></span> <span class='ocrx_word' id='word_1_315' title='bbox 1892 4120 1949 4167; x_wconf 92' lang='lat' dir='ltr'><strong>et</strong></span> 
     </span>
    </p>
   </div>
   <div class='ocr_carea' id='block_1_43' title="bbox 351 4194 1943 4271">
    <p class='ocr_par' dir='ltr' id='par_1_43' title="bbox 351 4194 1943 4271">
     <span class='ocr_line' id='line_1_43' title="bbox 351 4194 1943 4271; baseline 0.007 -23"><span class='ocrx_word' id='word_1_316' title='bbox 351 4207 470 4262; x_wconf 72' lang='lat' dir='ltr'><strong>quae</strong></span> <span class='ocrx_word' id='word_1_317' title='bbox 525 4194 828 4265; x_wconf 88' lang='lat' dir='ltr'><strong>approbant</strong></span> <span class='ocrx_word' id='word_1_318' title='bbox 874 4205 1140 4255; x_wconf 87' lang='lat' dir='ltr'><strong>metuunt.</strong></span> <span class='ocrx_word' id='word_1_319' title='bbox 1173 4197 1242 4253; x_wconf 89' lang='lat' dir='ltr'><strong>Et</strong></span> <span class='ocrx_word' id='word_1_320' title='bbox 1271 4207 1385 4255; x_wconf 87' lang='lat' dir='ltr'><strong>tota</strong></span> <span class='ocrx_word' id='word_1_321' title='bbox 1409 4199 1628 4271; x_wconf 91' lang='lat' dir='ltr'><strong>quidem</strong></span> <span class='ocrx_word' id='word_1_322' title='bbox 1654 4210 1838 4259; x_wconf 88' lang='lat' dir='ltr'><strong>mente</strong></span> <span class='ocrx_word' id='word_1_323' title='bbox 1859 4203 1943 4259; x_wconf 76' lang='lat' dir='ltr'><strong>in-</strong></span> 
     </span>
    </p>
   </div>
   <div class='ocr_carea' id='block_1_44' title="bbox 350 4287 1946 4366">
    <p class='ocr_par' dir='ltr' id='par_1_44' title="bbox 350 4287 1946 4366">
     <span class='ocr_line' id='line_1_44' title="bbox 350 4287 1946 4366; baseline 0.006 -24"><span class='ocrx_word' id='word_1_324' title='bbox 350 4294 503 4342; x_wconf 90' lang='lat' dir='ltr'><strong>terna</strong></span> <span class='ocrx_word' id='word_1_325' title='bbox 532 4287 869 4356; x_wconf 88' lang='lat' dir='ltr'><strong>desiderant,</strong></span> <span class='ocrx_word' id='word_1_326' title='bbox 897 4290 991 4347; x_wconf 89' lang='lat' dir='ltr'><strong>sed</strong></span> <span class='ocrx_word' id='word_1_327' title='bbox 1013 4298 1195 4347; x_wconf 89' lang='lat' dir='ltr'><strong>tamen</strong></span> <span class='ocrx_word' id='word_1_328' title='bbox 1215 4292 1282 4348; x_wconf 88' lang='lat' dir='ltr'><strong>de</strong></span> <span class='ocrx_word' id='word_1_329' title='bbox 1309 4292 1694 4350; x_wconf 89' lang='lat' dir='ltr'><strong>incertitudiue</strong></span> <span class='ocrx_word' id='word_1_330' title='bbox 1721 4310 1946 4366; x_wconf 78' lang='lat' dir='ltr'><strong>cperam</strong></span> 
     </span>
    </p>
   </div>
   <div class='ocr_carea' id='block_1_45' title="bbox 351 4379 1947 4460">
    <p class='ocr_par' dir='ltr' id='par_1_45' title="bbox 351 4379 1947 4460">
     <span class='ocr_line' id='line_1_45' title="bbox 351 4379 1947 4460; baseline 0.007 -26"><span class='ocrx_word' id='word_1_331' title='bbox 351 4379 564 4450; x_wconf 87' lang='lat' dir='ltr'><strong>trepidi,</strong></span> <span class='ocrx_word' id='word_1_332' title='bbox 579 4394 688 4450; x_wconf 91' lang='lat' dir='ltr'><strong>quo</strong></span> <span class='ocrx_word' id='word_1_333' title='bbox 708 4382 1021 4452; x_wconf 87' lang='lat' dir='ltr'><strong>gradiuntur</strong></span> <span class='ocrx_word' id='word_1_334' title='bbox 1040 4383 1311 4453; x_wconf 88' lang='lat' dir='ltr'><strong>ignorant.</strong></span> <span class='ocrx_word' id='word_1_335' title='bbox 1332 4385 1485 4442; x_wconf 87' lang='lat' dir='ltr'><strong>Unde</strong></span> <span class='ocrx_word' id='word_1_336' title='bbox 1504 4386 1642 4444; x_wconf 90' lang='lat' dir='ltr'><strong>bene</strong></span> <span class='ocrx_word' id='word_1_337' title='bbox 1662 4398 1947 4460; x_wconf 89' lang='lat' dir='ltr'><strong>postquam</strong></span> 
     </span>
    </p>
   </div>
   <div class='ocr_carea' id='block_1_46' title="bbox 349 4469 1947 4551">
    <p class='ocr_par' dir='ltr' id='par_1_46' title="bbox 349 4469 1947 4551">
     <span class='ocr_line' id='line_1_46' title="bbox 349 4469 1947 4551; baseline 0.008 -26"><span class='ocrx_word' id='word_1_338' title='bbox 349 4469 552 4526; x_wconf 88' lang='lat' dir='ltr'><strong>dictum</strong></span> <span class='ocrx_word' id='word_1_339' title='bbox 578 4480 662 4528; x_wconf 87' lang='lat' dir='ltr'><strong>est</strong></span> <span class='ocrx_word' id='word_1_340' title='bbox 694 4493 707 4526; x_wconf 91' lang='lat'><strong>:</strong></span> <span class='ocrx_word' id='word_1_341' title='bbox 739 4472 910 4538; x_wconf 84' lang='lat' dir='ltr'><strong>Quare</strong></span> <span class='ocrx_word' id='word_1_342' title='bbox 937 4476 1064 4530; x_wconf 86' lang='lat' dir='ltr'><strong>data</strong></span> <span class='ocrx_word' id='word_1_343' title='bbox 1091 4485 1169 4532; x_wconf 85' lang='lat' dir='ltr'><strong>est</strong></span> <span class='ocrx_word' id='word_1_344' title='bbox 1195 4479 1382 4533; x_wconf 84' lang='lat' dir='ltr'><strong>misero</strong></span> <span class='ocrx_word' id='word_1_345' title='bbox 1418 4478 1574 4551; x_wconf 65' lang='grc' dir='ltr'><strong>ιω</strong></span> <span class='ocrx_word' id='word_1_346' title='bbox 1600 4480 1731 4536; x_wconf 69' lang='lat' dir='ltr'><strong>tum?</strong></span> <span class='ocrx_word' id='word_1_347' title='bbox 1758 4481 1947 4551; x_wconf 85' lang='lat' dir='ltr'><strong>adjun-</strong></span> 
     </span>
    </p>
   </div>
   <div class='ocr_carea' id='block_1_47' title="bbox 346 4562 1943 4637">
    <p class='ocr_par' dir='ltr' id='par_1_47' title="bbox 346 4562 1943 4637">
     <span class='ocr_line' id='line_1_47' title="bbox 346 4562 1943 4637; baseline 0.009 -21"><span class='ocrx_word' id='word_1_348' title='bbox 346 4563 489 4630; x_wconf 91' lang='lat' dir='ltr'><strong>gitur</strong></span> <span class='ocrx_word' id='word_1_349' title='bbox 519 4579 532 4615; x_wconf 89' lang='lat'><strong>:</strong></span> <span class='ocrx_word' id='word_1_350' title='bbox 574 4562 722 4632; x_wconf 87' lang='lat' dir='ltr'><strong>Viro,</strong></span> <span class='ocrx_word' id='word_1_351' title='bbox 751 4568 899 4637; x_wconf 87' lang='lat' dir='ltr'><strong>cujus</strong></span> <span class='ocrx_word' id='word_1_352' title='bbox 932 4566 1239 4624; x_wconf 84' lang='lat' dir='ltr'><strong>abscondita</strong></span> <span class='ocrx_word' id='word_1_353' title='bbox 1263 4580 1339 4626; x_wconf 85' lang='lat' dir='ltr'><strong>est</strong></span> <span class='ocrx_word' id='word_1_354' title='bbox 1361 4572 1464 4626; x_wconf 83' lang='lat' dir='ltr'><strong>uia.</strong></span> <span class='ocrx_word' id='word_1_355' title='bbox 1508 4572 1586 4628; x_wconf 83' lang='lat' dir='ltr'><strong>Ac</strong></span> <span class='ocrx_word' id='word_1_356' title='bbox 1613 4574 1659 4628; x_wconf 89' lang='lat' dir='ltr'><strong>si</strong></span> <span class='ocrx_word' id='word_1_357' title='bbox 1684 4574 1896 4632; x_wconf 87' lang='lat' dir='ltr'><strong>dicatur</strong></span> <span class='ocrx_word' id='word_1_358' title='bbox 1929 4595 1943 4630; x_wconf 89' lang='lat'><strong>:</strong></span> 
     </span>
    </p>
   </div>
   <div class='ocr_carea' id='block_1_48' title="bbox 348 4653 1947 4739">
    <p class='ocr_par' dir='ltr' id='par_1_48' title="bbox 348 4653 1947 4739">
     <span class='ocr_line' id='line_1_48' title="bbox 348 4653 1947 4739; baseline 0.014 -33"><span class='ocrx_word' id='word_1_359' title='bbox 348 4655 456 4708; x_wconf 83' lang='lat' dir='ltr'><strong>Cur</strong></span> <span class='ocrx_word' id='word_1_360' title='bbox 484 4653 644 4720; x_wconf 86' lang='lat' dir='ltr'><strong>hujus</strong></span> <span class='ocrx_word' id='word_1_361' title='bbox 690 4658 810 4713; x_wconf 65' lang='lat' dir='ltr'><strong>vitae</strong></span> <span class='ocrx_word' id='word_1_362' title='bbox 862 4675 1145 4718; x_wconf 86' lang='lat' dir='ltr'><strong>successus</strong></span> <span class='ocrx_word' id='word_1_363' title='bbox 1174 4661 1202 4701; x_wconf 74' lang='grc' dir='ltr'>δ</span> <span class='ocrx_word' id='word_1_364' title='bbox 1223 4665 1441 4735; x_wconf 91' lang='lat' dir='ltr'><strong>accipit,</strong></span> <span class='ocrx_word' id='word_1_365' title='bbox 1471 4666 1564 4737; x_wconf 86' lang='lat' dir='ltr'><strong>qui</strong></span> <span class='ocrx_word' id='word_1_366' title='bbox 1592 4667 1693 4723; x_wconf 88' lang='lat' dir='ltr'><strong>sub</strong></span> <span class='ocrx_word' id='word_1_367' title='bbox 1735 4684 1840 4739; x_wconf 91' lang='lat' dir='ltr'><strong>qua</strong></span> <span class='ocrx_word' id='word_1_368' title='bbox 1876 4672 1947 4728; x_wconf 92' lang='lat' dir='ltr'><strong>sit</strong></span> 
     </span>
    </p>
   </div>
   <div class='ocr_carea' id='block_1_49' title="bbox 349 4745 1942 4827">
    <p class='ocr_par' dir='ltr' id='par_1_49' title="bbox 349 4745 1942 4827">
     <span class='ocr_line' id='line_1_49' title="bbox 349 4745 1942 4827; baseline 0.014 -26"><span class='ocrx_word' id='word_1_369' title='bbox 349 4745 706 4803; x_wconf 72' lang='lat' dir='ltr'><strong>aestimatione</strong></span> <span class='ocrx_word' id='word_1_370' title='bbox 743 4747 941 4819; x_wconf 74' lang='lat' dir='ltr'><strong>iudicis</strong></span> <span class='ocrx_word' id='word_1_371' title='bbox 968 4753 1073 4808; x_wconf 86' lang='lat' dir='ltr'><strong>iter</strong></span> <span class='ocrx_word' id='word_1_372' title='bbox 1120 4756 1203 4810; x_wconf 88' lang='lat' dir='ltr'><strong>sui</strong></span> <span class='ocrx_word' id='word_1_373' title='bbox 1222 4758 1407 4827; x_wconf 88' lang='lat' dir='ltr'><strong>operis</strong></span> <span class='ocrx_word' id='word_1_374' title='bbox 1432 4760 1638 4817; x_wconf 80' lang='lat' dir='ltr'><strong>nescit?</strong></span> <span class='ocrx_word' id='word_1_375' title='bbox 1667 4761 1814 4819; x_wconf 90' lang='lat' dir='ltr'><strong>Bene</strong></span> <span class='ocrx_word' id='word_1_376' title='bbox 1842 4782 1942 4823; x_wconf 90' lang='lat' dir='ltr'><strong>au-</strong></span> 
     </span>
    </p>
   </div>
   <div class='ocr_carea' id='block_1_50' title="bbox 349 4840 1940 4921">
    <p class='ocr_par' dir='ltr' id='par_1_50' title="bbox 349 4840 1940 4921">
     <span class='ocr_line' id='line_1_50' title="bbox 349 4840 1940 4921; baseline 0.016 -27"><span class='ocrx_word' id='word_1_377' title='bbox 349 4846 459 4895; x_wconf 85' lang='lat' dir='ltr'><strong>tem</strong></span> <span class='ocrx_word' id='word_1_378' title='bbox 499 4840 745 4899; x_wconf 86' lang='lat' dir='ltr'><strong>subditur</strong></span> <span class='ocrx_word' id='word_1_379' title='bbox 793 4862 807 4898; x_wconf 87' lang='lat'><strong>:</strong></span> <span class='ocrx_word' id='word_1_380' title='bbox 858 4844 930 4900; x_wconf 84' lang='lat' dir='ltr'><strong>Et</strong></span> <span class='ocrx_word' id='word_1_381' title='bbox 977 4847 1317 4907; x_wconf 76' lang='lat' dir='ltr'><strong>circumdedit</strong></span> <span class='ocrx_word' id='word_1_382' title='bbox 1362 4871 1479 4910; x_wconf 87' lang='lat' dir='ltr'><strong>eum</strong></span> <span class='ocrx_word' id='word_1_383' title='bbox 1521 4855 1662 4914; x_wconf 78' lang='lat' dir='ltr'><strong>Deus</strong></span> <span class='ocrx_word' id='word_1_384' title='bbox 1702 4861 1940 4921; x_wconf 80' lang='lat' dir='ltr'><strong>tenebris.</strong></span> 
     </span>
    </p>
   </div>
   <div class='ocr_carea' id='block_1_51' title="bbox 348 4932 1946 5024">
    <p class='ocr_par' dir='ltr' id='par_1_51' title="bbox 348 4932 1946 5024">
     <span class='ocr_line' id='line_1_51' title="bbox 348 4932 1946 5024; baseline 0.015 -36"><span class='ocrx_word' id='word_1_385' title='bbox 348 4932 608 4991; x_wconf 89' lang='lat' dir='ltr'><strong>Tenebris</strong></span> <span class='ocrx_word' id='word_1_386' title='bbox 637 4951 870 5007; x_wconf 84' lang='lat' dir='ltr'><strong>namque</strong></span> <span class='ocrx_word' id='word_1_387' title='bbox 910 4939 1075 4997; x_wconf 90' lang='lat' dir='ltr'><strong>homo</strong></span> <span class='ocrx_word' id='word_1_388' title='bbox 1103 4943 1504 5016; x_wconf 85' lang='lat' dir='ltr'><strong>circumdatur;</strong></span> <span class='ocrx_word' id='word_1_389' title='bbox 1534 4953 1659 5022; x_wconf 83' lang='lat' dir='ltr'><strong>quia</strong></span> <span class='ocrx_word' id='word_1_390' title='bbox 1698 4959 1946 5024; x_wconf 89' lang='lat' dir='ltr'><strong>quamvis</strong></span> 
     </span>
    </p>
   </div>
   <div class='ocr_carea' id='block_1_52' title="bbox 347 5027 1945 5118">
    <p class='ocr_par' dir='ltr' id='par_1_52' title="bbox 347 5027 1945 5118">
     <span class='ocr_line' id='line_1_52' title="bbox 347 5027 1945 5118; baseline 0.013 -33"><span class='ocrx_word' id='word_1_391' title='bbox 347 5027 557 5086; x_wconf 62' lang='lat' dir='ltr'><strong>caelesti</strong></span> <span class='ocrx_word' id='word_1_392' title='bbox 577 5027 847 5088; x_wconf 86' lang='lat' dir='ltr'><strong>desiderio</strong></span> <span class='ocrx_word' id='word_1_393' title='bbox 868 5032 1093 5103; x_wconf 83' lang='lat' dir='ltr'><strong>ferveat,</strong></span> <span class='ocrx_word' id='word_1_394' title='bbox 1121 5038 1250 5108; x_wconf 90' lang='lat' dir='ltr'><strong>quid</strong></span> <span class='ocrx_word' id='word_1_395' title='bbox 1273 5040 1341 5095; x_wconf 91' lang='lat' dir='ltr'><strong>de</strong></span> <span class='ocrx_word' id='word_1_396' title='bbox 1360 5036 1657 5117; x_wconf 82' lang='lat' dir='ltr'><strong>semetipso</strong></span> <span class='ocrx_word' id='word_1_397' title='bbox 1671 5046 1741 5101; x_wconf 88' lang='lat' dir='ltr'><strong>sit</strong></span> <span class='ocrx_word' id='word_1_398' title='bbox 1760 5047 1945 5118; x_wconf 87' lang='lat' dir='ltr'><strong>dispo-</strong></span> 
     </span>
    </p>
   </div>
   <div class='ocr_carea' id='block_1_53' title="bbox 346 5124 1942 5211">
    <p class='ocr_par' dir='ltr' id='par_1_53' title="bbox 346 5124 1942 5211">
     <span class='ocr_line' id='line_1_53' title="bbox 346 5124 1942 5211; baseline 0.011 -32"><span class='ocrx_word' id='word_1_399' title='bbox 346 5124 510 5180; x_wconf 87' lang='lat' dir='ltr'><strong>situm</strong></span> <span class='ocrx_word' id='word_1_400' title='bbox 536 5124 888 5197; x_wconf 78' lang='lat' dir='ltr'><strong>intrinsecus,</strong></span> <span class='ocrx_word' id='word_1_401' title='bbox 920 5129 1153 5201; x_wconf 79' lang='lat' dir='ltr'><strong>ignorat.</strong></span> <span class='ocrx_word' id='word_1_402' title='bbox 1184 5131 1255 5188; x_wconf 86' lang='lat' dir='ltr'><strong>Et</strong></span> <span class='ocrx_word' id='word_1_403' title='bbox 1281 5134 1443 5191; x_wconf 87' lang='lat' dir='ltr'><strong>valde</strong></span> <span class='ocrx_word' id='word_1_404' title='bbox 1466 5140 1677 5205; x_wconf 88' lang='lat' dir='ltr'><strong>metuit,</strong></span> <span class='ocrx_word' id='word_1_405' title='bbox 1704 5154 1773 5196; x_wconf 91' lang='lat' dir='ltr'><strong>ne</strong></span> <span class='ocrx_word' id='word_1_406' title='bbox 1815 5142 1942 5211; x_wconf 89' lang='lat' dir='ltr'><strong>quid</strong></span> 
     </span>
    </p>
   </div>
   <div class='ocr_carea' id='block_1_54' title="bbox 273 5216 1939 5294">
    <p class='ocr_par' dir='ltr' id='par_1_54' title="bbox 273 5216 1939 5294">
     <span class='ocr_line' id='line_1_54' title="bbox 273 5216 1939 5294; baseline 0.011 -24"><span class='ocrx_word' id='word_1_407' title='bbox 273 5271 279 5287; x_wconf 56' lang='grc'>,</span> <span class='ocrx_word' id='word_1_408' title='bbox 349 5216 452 5272; x_wconf 87' lang='lat' dir='ltr'><strong>sibi</strong></span> <span class='ocrx_word' id='word_1_409' title='bbox 476 5217 531 5273; x_wconf 92' lang='lat' dir='ltr'><strong>in</strong></span> <span class='ocrx_word' id='word_1_410' title='bbox 554 5217 760 5289; x_wconf 85' lang='lat' dir='ltr'><strong>judicio</strong></span> <span class='ocrx_word' id='word_1_411' title='bbox 791 5222 991 5291; x_wconf 83' lang='lat' dir='ltr'><strong>obviet,</strong></span> <span class='ocrx_word' id='word_1_412' title='bbox 1019 5225 1167 5294; x_wconf 89' lang='lat' dir='ltr'><strong>quod</strong></span> <span class='ocrx_word' id='word_1_413' title='bbox 1191 5241 1253 5283; x_wconf 87' lang='lat' dir='ltr'><strong>se</strong></span> <span class='ocrx_word' id='word_1_414' title='bbox 1275 5226 1347 5285; x_wconf 91' lang='lat' dir='ltr'><strong>de</strong></span> <span class='ocrx_word' id='word_1_415' title='bbox 1373 5243 1433 5284; x_wconf 88' lang='lat' dir='ltr'><strong>se</strong></span> <span class='ocrx_word' id='word_1_416' title='bbox 1459 5244 1606 5286; x_wconf 90' lang='lat' dir='ltr'><strong>nunc</strong></span> <span class='ocrx_word' id='word_1_417' title='bbox 1641 5231 1697 5287; x_wconf 91' lang='lat' dir='ltr'><strong>in</strong></span> <span class='ocrx_word' id='word_1_418' title='bbox 1725 5232 1939 5289; x_wconf 83' lang='lat' dir='ltr'><strong>deside-</strong></span> 
     </span>
    </p>
   </div>
   <div class='ocr_carea' id='block_1_55' title="bbox 268 5294 1940 5392">
    <p class='ocr_par' dir='ltr' id='par_1_55' title="bbox 268 5294 1940 5392">
     <span class='ocr_line' id='line_1_55' title="bbox 268 5294 1940 5392; baseline 0.011 -29"><span class='ocrx_word' id='word_1_419' title='bbox 268 5294 275 5306; x_wconf 78' lang='grc'><em>’</em></span> <span class='ocrx_word' id='word_1_420' title='bbox 348 5308 432 5365; x_wconf 87' lang='lat' dir='ltr'><strong>rio</strong></span> <span class='ocrx_word' id='word_1_421' title='bbox 460 5309 590 5367; x_wconf 88' lang='lat' dir='ltr'><strong>boni</strong></span> <span class='ocrx_word' id='word_1_422' title='bbox 616 5311 846 5371; x_wconf 78' lang='lat' dir='ltr'><strong>fervoris</strong></span> <span class='ocrx_word' id='word_1_423' title='bbox 892 5315 1043 5372; x_wconf 56' lang='lat' dir='ltr'><strong>latet;</strong></span> <span class='ocrx_word' id='word_1_424' title='bbox 1077 5316 1341 5376; x_wconf 81' lang='lat' dir='ltr'><strong>Tenebris</strong></span> <span class='ocrx_word' id='word_1_425' title='bbox 1369 5321 1940 5392; x_wconf 70' lang='lat' dir='ltr'><strong>homacircumdatur,</strong></span> 
     </span>
    </p>
   </div>
   <div class='ocr_carea' id='block_1_56' title="bbox 349 5405 1944 5486">
    <p class='ocr_par' dir='ltr' id='par_1_56' title="bbox 349 5405 1944 5486">
     <span class='ocr_line' id='line_1_56' title="bbox 349 5405 1944 5486; baseline 0.009 -26"><span class='ocrx_word' id='word_1_426' title='bbox 349 5406 479 5473; x_wconf 83' lang='lat' dir='ltr'><strong>quia</strong></span> <span class='ocrx_word' id='word_1_427' title='bbox 502 5405 818 5475; x_wconf 60' lang='lat' dir='ltr'><strong>ignorantia</strong></span> <span class='ocrx_word' id='word_1_428' title='bbox 840 5426 952 5469; x_wconf 66' lang='lat' dir='ltr'><strong>sum</strong></span> <span class='ocrx_word' id='word_1_429' title='bbox 977 5414 1207 5485; x_wconf 78' lang='lat' dir='ltr'><strong>caligine</strong></span> <span class='ocrx_word' id='word_1_430' title='bbox 1252 5417 1534 5486; x_wconf 85' lang='lat' dir='ltr'><strong>premitur.</strong></span> <span class='ocrx_word' id='word_1_431' title='bbox 1583 5418 1665 5480; x_wconf 81' lang='lat' dir='ltr'><strong>An</strong></span> <span class='ocrx_word' id='word_1_432' title='bbox 1709 5418 1944 5475; x_wconf 88' lang='lat' dir='ltr'><strong>tenebris</strong></span> 
     </span>
    </p>
   </div>
   <div class='ocr_carea' id='block_1_57' title="bbox 426 5517 1944 5605">
    <p class='ocr_par' dir='ltr' id='par_1_57' title="bbox 426 5517 1944 5605">
     <span class='ocr_line' id='line_1_57' title="bbox 426 5517 1944 5605; baseline 0.001 -19"><span class='ocrx_word' id='word_1_433' title='bbox 426 5529 448 5605; x_wconf 72' lang='grc' dir='ltr'><strong>ζ’</strong></span> <span class='ocrx_word' id='word_1_434' title='bbox 700 5522 915 5605; x_wconf 46' lang='grc' dir='ltr'><strong>βψω.</strong></span> <span class='ocrx_word' id='word_1_435' title='bbox 944 5535 1001 5584; x_wconf 90' lang='lat' dir='ltr'><strong>et</strong></span> <span class='ocrx_word' id='word_1_436' title='bbox 1026 5528 1236 5601; x_wconf 84' lang='lat' dir='ltr'><strong>Remig.</strong></span> <span class='ocrx_word' id='word_1_437' title='bbox 1258 5573 1277 5601; x_wconf 86' lang='lat'><strong>,</strong></span> <span class='ocrx_word' id='word_1_438' title='bbox 1307 5530 1441 5603; x_wconf 81' lang='lat' dir='ltr'><strong>Reg.</strong></span> <span class='ocrx_word' id='word_1_439' title='bbox 1471 5539 1528 5587; x_wconf 89' lang='lat' dir='ltr'><strong>et</strong></span> <span class='ocrx_word' id='word_1_440' title='bbox 1564 5530 1745 5589; x_wconf 80' lang='lat' dir='ltr'><strong>Germ.</strong></span> <span class='ocrx_word' id='word_1_441' title='bbox 1768 5575 1782 5599; x_wconf 94' lang='lat'><strong>,</strong></span> <span class='ocrx_word' id='word_1_442' title='bbox 1830 5551 1944 5605; x_wconf 80' lang='lat' dir='ltr'><strong>qua:</strong></span> 
     </span>
    </p>
   </div>
   <div class='ocr_carea' id='block_1_58' title="bbox 348 5591 1050 5658">
    <p class='ocr_par' dir='ltr' id='par_1_58' title="bbox 348 5591 1050 5658">
     <span class='ocr_line' id='line_1_58' title="bbox 348 5591 1050 5658; baseline 0.014 -12"><span class='ocrx_word' id='word_1_443' title='bbox 348 5591 551 5647; x_wconf 66' lang='lat' dir='ltr'><strong>videtur</strong></span> <span class='ocrx_word' id='word_1_444' title='bbox 574 5594 865 5654; x_wconf 71' lang='lat' dir='ltr'><strong>hominibus</strong></span> <span class='ocrx_word' id='word_1_445' title='bbox 890 5607 1050 5658; x_wconf 79' lang='lat' dir='ltr'><strong>recta.</strong></span> 
     </span>
    </p>
   </div>
   <div class='ocr_carea' id='block_1_59' title="bbox 424 5662 1941 5746">
    <p class='ocr_par' dir='ltr' id='par_1_59' title="bbox 424 5662 1941 5746">
     <span class='ocr_line' id='line_1_59' title="bbox 424 5662 1941 5746; baseline 0.012 -28"><span class='ocrx_word' id='word_1_446' title='bbox 424 5662 450 5702; x_wconf 69' lang='grc' dir='ltr'>δ</span> <span class='ocrx_word' id='word_1_447' title='bbox 478 5662 557 5720; x_wconf 86' lang='lat' dir='ltr'><strong>Ita</strong></span> <span class='ocrx_word' id='word_1_448' title='bbox 579 5665 929 5746; x_wconf 65' lang='lat' dir='ltr'><strong>laudatibiss.</strong></span> <span class='ocrx_word' id='word_1_449' title='bbox 960 5671 1215 5746; x_wconf 48' lang='lat' dir='ltr'><strong>Vindgcu</strong></span> <span class='ocrx_word' id='word_1_450' title='bbox 1240 5674 1525 5744; x_wconf 70' lang='lat' dir='ltr'><strong>Narniam,</strong></span> <span class='ocrx_word' id='word_1_451' title='bbox 1547 5676 1710 5735; x_wconf 79' lang='lat' dir='ltr'><strong>Corb.</strong></span> <span class='ocrx_word' id='word_1_452' title='bbox 1734 5675 1941 5746; x_wconf 87' lang='lat' dir='ltr'><strong>Germ.,</strong></span> 
     </span>
    </p>
   </div>
   <div class='ocr_carea' id='block_1_60' title="bbox 349 5732 1947 5828">
    <p class='ocr_par' dir='ltr' id='par_1_60' title="bbox 349 5732 1947 5828">
     <span class='ocr_line' id='line_1_60' title="bbox 349 5732 1947 5828; baseline 0.013 -40"><span class='ocrx_word' id='word_1_453' title='bbox 349 5732 513 5819; x_wconf 44' lang='lat' dir='ltr'><strong>Reg”</strong></span> <span class='ocrx_word' id='word_1_454' title='bbox 542 5744 670 5803; x_wconf 86' lang='lat' dir='ltr'><strong>etc.,</strong></span> <span class='ocrx_word' id='word_1_455' title='bbox 702 5732 804 5796; x_wconf 83' lang='lat' dir='ltr'><strong>nec</strong></span> <span class='ocrx_word' id='word_1_456' title='bbox 831 5757 940 5796; x_wconf 92' lang='lat' dir='ltr'><strong>non</strong></span> <span class='ocrx_word' id='word_1_457' title='bbox 969 5751 1079 5828; x_wconf 71' lang='lat' dir='ltr'><strong>vet.</strong></span> <span class='ocrx_word' id='word_1_458' title='bbox 1102 5732 1643 5818; x_wconf 38' lang='lat' dir='ltr'><strong>VulgatifiifEditis</strong></span> <span class='ocrx_word' id='word_1_459' title='bbox 1665 5732 1947 5822; x_wconf 23' lang='lat' dir='ltr'><strong>posticae-&#39;-</strong></span> 
     </span>
    </p>
   </div>
   <div class='ocr_carea' id='block_1_61' title="bbox 350 5823 1056 5884">
    <p class='ocr_par' dir='ltr' id='par_1_61' title="bbox 350 5823 1056 5884">
     <span class='ocr_line' id='line_1_61' title="bbox 350 5823 1056 5884; baseline 0.014 -23"><span class='ocrx_word' id='word_1_460' title='bbox 350 5823 518 5884; x_wconf 63' lang='lat' dir='ltr'><strong>ctum,</strong></span> <span class='ocrx_word' id='word_1_461' title='bbox 554 5826 816 5884; x_wconf 76' lang='lat' dir='ltr'><strong>successus</strong></span> <span class='ocrx_word' id='word_1_462' title='bbox 842 5823 1056 5884; x_wconf 82' lang='lat' dir='ltr'><strong>appetit.</strong></span> 
     </span>
    </p>
   </div>
   <div class='ocr_carea' id='block_1_62' title="bbox 429 5878 1945 5964">
    <p class='ocr_par' dir='ltr' id='par_1_62' title="bbox 429 5878 1945 5964">
     <span class='ocr_line' id='line_1_62' title="bbox 429 5878 1945 5964; baseline 0.007 -20"><span class='ocrx_word' id='word_1_463' title='bbox 429 5891 450 5919; x_wconf 74' lang='grc' dir='ltr'><strong>ε</strong></span> <span class='ocrx_word' id='word_1_464' title='bbox 485 5878 809 5964; x_wconf 56' lang='lat' dir='ltr'><strong>Particulam</strong></span> <span class='ocrx_word' id='word_1_465' title='bbox 845 5878 932 5964; x_wconf 51' lang='lat' dir='ltr'><strong>vis</strong></span> <span class='ocrx_word' id='word_1_466' title='bbox 954 5900 991 5964; x_wconf 53' lang='lat' dir='ltr'><strong>at</strong></span> <span class='ocrx_word' id='word_1_467' title='bbox 1015 5884 1213 5964; x_wconf 74' lang='lat' dir='ltr'><strong>Coccjp</strong></span> <span class='ocrx_word' id='word_1_468' title='bbox 1257 5888 1491 5962; x_wconf 86' lang='lat' dir='ltr'><strong>primum</strong></span> <span class='ocrx_word' id='word_1_469' title='bbox 1539 5896 1627 5952; x_wconf 88' lang='lat' dir='ltr'><strong>hic</strong></span> <span class='ocrx_word' id='word_1_470' title='bbox 1680 5895 1945 5964; x_wconf 84' lang='lat' dir='ltr'><strong>adjectam</strong></span> 
     </span>
    </p>
   </div>
   <div class='ocr_carea' id='block_1_63' title="bbox 353 5954 1947 6039">
    <p class='ocr_par' dir='ltr' id='par_1_63' title="bbox 353 5954 1947 6039">
     <span class='ocr_line' id='line_1_63' title="bbox 353 5954 1947 6039; baseline 0.013 -34"><span class='ocrx_word' id='word_1_471' title='bbox 353 5954 733 6021; x_wconf 82' lang='lat' dir='ltr'><strong>supprimimus</strong></span> <span class='ocrx_word' id='word_1_472' title='bbox 784 5955 1107 6014; x_wconf 86' lang='lat' dir='ltr'><strong>auctoritate</strong></span> <span class='ocrx_word' id='word_1_473' title='bbox 1148 5954 1310 6030; x_wconf 62' lang='lat' dir='ltr'><strong>MssI,</strong></span> <span class='ocrx_word' id='word_1_474' title='bbox 1360 5975 1467 6022; x_wconf 91' lang='lat' dir='ltr'><strong>vet.</strong></span> <span class='ocrx_word' id='word_1_475' title='bbox 1500 5964 1640 6025; x_wconf 90' lang='lat' dir='ltr'><strong>Edit.</strong></span> <span class='ocrx_word' id='word_1_476' title='bbox 1686 5954 1763 6026; x_wconf 42' lang='lat' dir='ltr'><strong>et-</strong></span> <span class='ocrx_word' id='word_1_477' title='bbox 1779 5969 1947 6039; x_wconf 85' lang='lat' dir='ltr'><strong>ipsius</strong></span> 
     </span>
    </p>
   </div>
   <div class='ocr_carea' id='block_1_64' title="bbox 2062 626 3652 725">
    <p class='ocr_par' dir='ltr' id='par_1_64' title="bbox 2062 626 3652 725">
     <span class='ocr_line' id='line_1_64' title="bbox 2062 626 3652 725; baseline 0.014 -33"><span class='ocrx_word' id='word_1_478' title='bbox 2062 652 2169 693; x_wconf 88' lang='lat' dir='ltr'><strong>non</strong></span> <span class='ocrx_word' id='word_1_479' title='bbox 2199 630 2464 707; x_wconf 80' lang='lat' dir='ltr'><strong>meminit,</strong></span> <span class='ocrx_word' id='word_1_480' title='bbox 2484 626 2671 721; x_wconf 60' lang='lat' dir='ltr'><strong>futura</strong></span> <span class='ocrx_word' id='word_1_481' title='bbox 2700 626 2810 702; x_wconf 81' lang='lat' dir='ltr'><strong>non</strong></span> <span class='ocrx_word' id='word_1_482' title='bbox 2839 648 3081 720; x_wconf 88' lang='lat' dir='ltr'><strong>invenit,</strong></span> <span class='ocrx_word' id='word_1_483' title='bbox 3130 626 3413 725; x_wconf 47' lang='lat' dir='ltr'><strong>prses-entia</strong></span> <span class='ocrx_word' id='word_1_484' title='bbox 3443 659 3533 713; x_wconf 85' lang='lat' dir='ltr'><strong>vix</strong></span> <span class='ocrx_word' id='word_1_485' title='bbox 3554 674 3652 715; x_wconf 87' lang='lat' dir='ltr'><strong>co-</strong></span> 
     </span>
    </p>
   </div>
   <div class='ocr_carea' id='block_1_65' title="bbox 2052 722 3654 821">
    <p class='ocr_par' dir='ltr' id='par_1_65' title="bbox 2052 722 3654 821">
     <span class='ocr_line' id='line_1_65' title="bbox 2052 722 3654 821; baseline 0.013 -35"><span class='ocrx_word' id='word_1_486' title='bbox 2052 722 2304 800; x_wconf 48' lang='lat' dir='ltr'><strong>&#39;gnoscit?</strong></span> <span class='ocrx_word' id='word_1_487' title='bbox 2344 728 2604 819; x_wconf 68' lang='lat' dir='ltr'><strong>Tenebris</strong></span> <span class='ocrx_word' id='word_1_488' title='bbox 2640 750 2707 819; x_wconf 87' lang='lat' dir='ltr'><strong>se</strong></span> <span class='ocrx_word' id='word_1_489' title='bbox 2739 722 3144 821; x_wconf 21' lang='lat' dir='ltr'><strong>circumdatum-</strong></span> <span class='ocrx_word' id='word_1_490' title='bbox 3175 736 3390 820; x_wconf 81' lang='lat' dir='ltr'><strong>quidam</strong></span> <span class='ocrx_word' id='word_1_491' title='bbox 3438 750 3654 821; x_wconf 81' lang='lat' dir='ltr'><strong>sapiens</strong></span> 
     </span>
    </p>
   </div>
   <div class='ocr_carea' id='block_1_66' title="bbox 2058 814 3652 917">
    <p class='ocr_par' dir='ltr' id='par_1_66' title="bbox 2058 814 3652 917">
     <span class='ocr_line' id='line_1_66' title="bbox 2058 814 3652 917; baseline 0.012 -40"><span class='ocrx_word' id='word_1_492' title='bbox 2058 820 2288 906; x_wconf 84' lang='lat' dir='ltr'><strong>viderat,</strong></span> <span class='ocrx_word' id='word_1_493' title='bbox 2319 814 2439 880; x_wconf 87' lang='lat' dir='ltr'><strong>cum</strong></span> <span class='ocrx_word' id='word_1_494' title='bbox 2466 816 2723 883; x_wconf 82' lang='lat' dir='ltr'><strong>dicebat:</strong></span> <span class='ocrx_word' id='word_1_495' title='bbox 2762 828 2892 894; x_wconf 68' lang='lat' dir='ltr'><strong>Qua:</strong></span> <span class='ocrx_word' id='word_1_496' title='bbox 2914 818 2973 888; x_wconf 64' lang='lat' dir='ltr'><strong>in</strong></span> <span class='ocrx_word' id='word_1_497' title='bbox 2999 814 3268 909; x_wconf 77' lang='lat' dir='ltr'><strong>prospectu</strong></span> <span class='ocrx_word' id='word_1_498' title='bbox 3320 814 3521 917; x_wconf 38' lang='lat' dir='ltr'><strong>suum;</strong></span> <span class='ocrx_word' id='word_1_499' title='bbox 3564 842 3652 897; x_wconf 88' lang='lat' dir='ltr'><strong>in-</strong></span> 
     </span>
    </p>
   </div>
   <div class='ocr_carea' id='block_1_67' title="bbox 2058 902 3654 1008">
    <p class='ocr_par' dir='ltr' id='par_1_67' title="bbox 2058 902 3654 1008">
     <span class='ocr_line' id='line_1_67' title="bbox 2058 902 3654 1008; baseline 0.014 -40"><span class='ocrx_word' id='word_1_500' title='bbox 2058 902 2287 972; x_wconf 80' lang='lat' dir='ltr'><strong>venimus</strong></span> <span class='ocrx_word' id='word_1_501' title='bbox 2333 935 2452 972; x_wconf 87' lang='lat' dir='ltr'><strong>cum</strong></span> <span class='ocrx_word' id='word_1_502' title='bbox 2489 918 2696 987; x_wconf 85' lang='lat' dir='ltr'><strong>labore;</strong></span> <span class='ocrx_word' id='word_1_503' title='bbox 2760 932 2812 977; x_wconf 86' lang='lat' dir='ltr'><strong>et</strong></span> <span class='ocrx_word' id='word_1_504' title='bbox 2840 941 2954 993; x_wconf 71' lang='lat' dir='ltr'><strong>qua:</strong></span> <span class='ocrx_word' id='word_1_505' title='bbox 3003 928 3059 981; x_wconf 88' lang='lat' dir='ltr'><strong>in</strong></span> <span class='ocrx_word' id='word_1_506' title='bbox 3099 929 3240 985; x_wconf 67' lang='lat' dir='ltr'><strong>caelis</strong></span> <span class='ocrx_word' id='word_1_507' title='bbox 3277 908 3418 1001; x_wconf 80' lang='lat' dir='ltr'><strong>sunt,</strong></span> <span class='ocrx_word' id='word_1_508' title='bbox 3473 920 3499 970; x_wconf 68' lang='grc' dir='ltr'>ά</span> <span class='ocrx_word' id='word_1_509' title='bbox 3538 920 3654 1008; x_wconf 79' lang='lat' dir='ltr'><strong>quis</strong></span> 
     </span>
    </p>
   </div>
   <div class='ocr_carea' id='block_1_68' title="bbox 2056 1006 3648 1093">
    <p class='ocr_par' dir='ltr' id='par_1_68' title="bbox 2056 1006 3648 1093">
     <span class='ocr_line' id='line_1_68' title="bbox 2056 1006 3648 1093; baseline 0.013 -34"><span class='ocrx_word' id='word_1_510' title='bbox 2056 1006 2381 1091; x_wconf 85' lang='lat' dir='ltr'><strong>investigabit</strong></span> <span class='ocrx_word' id='word_1_511' title='bbox 2423 1009 2578 1081; x_wconf 85' lang='lat' dir='ltr'><strong>(Sap.</strong></span> <span class='ocrx_word' id='word_1_512' title='bbox 2600 1027 2677 1075; x_wconf 81' lang='lat' dir='ltr'><strong>lx,</strong></span> <span class='ocrx_word' id='word_1_513' title='bbox 2730 1009 2856 1083; x_wconf 74' lang='lat' dir='ltr'><strong>i6)?</strong></span> <span class='ocrx_word' id='word_1_514' title='bbox 2893 1012 2987 1070; x_wconf 84' lang='lat' dir='ltr'><strong>His</strong></span> <span class='ocrx_word' id='word_1_515' title='bbox 3014 1031 3073 1073; x_wconf 88' lang='lat' dir='ltr'><strong>se</strong></span> <span class='ocrx_word' id='word_1_516' title='bbox 3112 1021 3351 1076; x_wconf 76' lang='lat' dir='ltr'><strong>tenebris</strong></span> <span class='ocrx_word' id='word_1_517' title='bbox 3381 1006 3648 1093; x_wconf 81' lang='lat' dir='ltr'><strong>Propheta</strong></span> 
     </span>
    </p>
   </div>
   <div class='ocr_carea' id='block_1_69' title="bbox 2057 1097 3651 1184">
    <p class='ocr_par' dir='ltr' id='par_1_69' title="bbox 2057 1097 3651 1184">
     <span class='ocr_line' id='line_1_69' title="bbox 2057 1097 3651 1184; baseline 0.011 -31"><span class='ocrx_word' id='word_1_518' title='bbox 2057 1097 2442 1155; x_wconf 88' lang='lat' dir='ltr'><strong>circumdatum</strong></span> <span class='ocrx_word' id='word_1_519' title='bbox 2489 1102 2652 1168; x_wconf 90' lang='lat' dir='ltr'><strong>vidit,</strong></span> <span class='ocrx_word' id='word_1_520' title='bbox 2698 1118 2821 1159; x_wconf 91' lang='lat' dir='ltr'><strong>cum</strong></span> <span class='ocrx_word' id='word_1_521' title='bbox 2864 1105 3230 1177; x_wconf 80' lang='lat' dir='ltr'><strong>dispositionis</strong></span> <span class='ocrx_word' id='word_1_522' title='bbox 3258 1109 3456 1168; x_wconf 84' lang='lat' dir='ltr'><strong>intimae</strong></span> <span class='ocrx_word' id='word_1_523' title='bbox 3482 1130 3651 1184; x_wconf 88' lang='lat' dir='ltr'><strong>pene-</strong></span> 
     </span>
    </p>
   </div>
   <div class='ocr_carea' id='block_1_70' title="bbox 2058 1190 3650 1265">
    <p class='ocr_par' dir='ltr' id='par_1_70' title="bbox 2058 1190 3650 1265">
     <span class='ocr_line' id='line_1_70' title="bbox 2058 1190 3650 1265; baseline 0.011 -21"><span class='ocrx_word' id='word_1_524' title='bbox 2058 1195 2203 1246; x_wconf 82' lang='lat' dir='ltr'><strong>trare</strong></span> <span class='ocrx_word' id='word_1_525' title='bbox 2229 1190 2442 1247; x_wconf 88' lang='lat' dir='ltr'><strong>interna</strong></span> <span class='ocrx_word' id='word_1_526' title='bbox 2488 1207 2595 1249; x_wconf 91' lang='lat' dir='ltr'><strong>non</strong></span> <span class='ocrx_word' id='word_1_527' title='bbox 2650 1196 2865 1265; x_wconf 82' lang='lat' dir='ltr'><strong>potuit,</strong></span> <span class='ocrx_word' id='word_1_528' title='bbox 2918 1196 3104 1254; x_wconf 89' lang='lat' dir='ltr'><strong>dicens</strong></span> <span class='ocrx_word' id='word_1_529' title='bbox 3136 1219 3149 1253; x_wconf 88' lang='lat'><strong>:</strong></span> <span class='ocrx_word' id='word_1_530' title='bbox 3188 1196 3371 1258; x_wconf 78' lang='lat' dir='ltr'><strong>Posuit</strong></span> <span class='ocrx_word' id='word_1_531' title='bbox 3411 1205 3650 1263; x_wconf 80' lang='lat' dir='ltr'><strong>tenebras</strong></span> 
     </span>
    </p>
   </div>
   <div class='ocr_carea' id='block_1_71' title="bbox 2056 1278 3647 1365">
    <p class='ocr_par' dir='ltr' id='par_1_71' title="bbox 2056 1278 3647 1365">
     <span class='ocr_line' id='line_1_71' title="bbox 2056 1278 3647 1365; baseline 0.013 -31"><span class='ocrx_word' id='word_1_532' title='bbox 2056 1278 2326 1338; x_wconf 79' lang='lat' dir='ltr'><strong>latibulum</strong></span> <span class='ocrx_word' id='word_1_533' title='bbox 2363 1300 2510 1339; x_wconf 86' lang='lat' dir='ltr'><strong>suum</strong></span> <span class='ocrx_word' id='word_1_534' title='bbox 2540 1284 2711 1357; x_wconf 78' lang='lat' dir='ltr'><strong>(Psat.</strong></span> <span class='ocrx_word' id='word_1_535' title='bbox 2744 1303 2871 1355; x_wconf 82' lang='lat' dir='ltr'><strong>xvn,</strong></span> <span class='ocrx_word' id='word_1_536' title='bbox 2903 1286 3015 1359; x_wconf 72' lang='lat'><strong>12).</strong></span> <span class='ocrx_word' id='word_1_537' title='bbox 3044 1291 3247 1348; x_wconf 88' lang='lat' dir='ltr'><strong>Auctor</strong></span> <span class='ocrx_word' id='word_1_538' title='bbox 3270 1297 3412 1350; x_wconf 91' lang='lat' dir='ltr'><strong>enim</strong></span> <span class='ocrx_word' id='word_1_539' title='bbox 3444 1308 3647 1365; x_wconf 87' lang='lat' dir='ltr'><strong>noster,</strong></span> 
     </span>
    </p>
   </div>
   <div class='ocr_carea' id='block_1_72' title="bbox 2056 1373 3651 1453">
    <p class='ocr_par' dir='ltr' id='par_1_72' title="bbox 2056 1373 3651 1453">
     <span class='ocr_line' id='line_1_72' title="bbox 2056 1373 3651 1453; baseline 0.014 -27"><span class='ocrx_word' id='word_1_540' title='bbox 2056 1373 2181 1443; x_wconf 86' lang='lat' dir='ltr'><strong>quia</strong></span> <span class='ocrx_word' id='word_1_541' title='bbox 2209 1376 2364 1430; x_wconf 81' lang='lat' dir='ltr'><strong>nobis</strong></span> <span class='ocrx_word' id='word_1_542' title='bbox 2393 1378 2448 1430; x_wconf 91' lang='lat' dir='ltr'><strong>in</strong></span> <span class='ocrx_word' id='word_1_543' title='bbox 2468 1376 2575 1434; x_wconf 88' lang='lat' dir='ltr'><strong>hoc</strong></span> <span class='ocrx_word' id='word_1_544' title='bbox 2601 1378 2852 1437; x_wconf 82' lang='lat' dir='ltr'><strong>exsilium</strong></span> <span class='ocrx_word' id='word_1_545' title='bbox 2877 1380 3128 1453; x_wconf 75' lang='lat' dir='ltr'><strong>deiectis,</strong></span> <span class='ocrx_word' id='word_1_546' title='bbox 3149 1384 3325 1442; x_wconf 90' lang='lat' dir='ltr'><strong>lucem</strong></span> <span class='ocrx_word' id='word_1_547' title='bbox 3352 1390 3463 1444; x_wconf 70' lang='lat' dir='ltr'><strong>sna:</strong></span> <span class='ocrx_word' id='word_1_548' title='bbox 3488 1392 3651 1448; x_wconf 81' lang='lat' dir='ltr'><strong>visio-</strong></span> 
     </span>
    </p>
   </div>
   <div class='ocr_carea' id='block_1_73' title="bbox 2055 1466 3652 1549">
    <p class='ocr_par' dir='ltr' id='par_1_73' title="bbox 2055 1466 3652 1549">
     <span class='ocr_line' id='line_1_73' title="bbox 2055 1466 3652 1549; baseline 0.012 -29"><span class='ocrx_word' id='word_1_549' title='bbox 2055 1466 2140 1522; x_wconf 91' lang='lat' dir='ltr'><strong>nis</strong></span> <span class='ocrx_word' id='word_1_550' title='bbox 2166 1466 2386 1524; x_wconf 85' lang='lat' dir='ltr'><strong>abstulit</strong></span> <span class='ocrx_word' id='word_1_551' title='bbox 2402 1511 2416 1534; x_wconf 92' lang='lat'><strong>,</strong></span> <span class='ocrx_word' id='word_1_552' title='bbox 2449 1466 2569 1527; x_wconf 68' lang='lat' dir='ltr'><strong>sese</strong></span> <span class='ocrx_word' id='word_1_553' title='bbox 2614 1475 2812 1530; x_wconf 89' lang='lat' dir='ltr'><strong>nostris</strong></span> <span class='ocrx_word' id='word_1_554' title='bbox 2837 1470 3009 1532; x_wconf 84' lang='lat' dir='ltr'><strong>oculis</strong></span> <span class='ocrx_word' id='word_1_555' title='bbox 3033 1478 3191 1549; x_wconf 90' lang='lat' dir='ltr'><strong>quasi</strong></span> <span class='ocrx_word' id='word_1_556' title='bbox 3226 1474 3281 1536; x_wconf 88' lang='lat' dir='ltr'><strong>in</strong></span> <span class='ocrx_word' id='word_1_557' title='bbox 3301 1482 3652 1540; x_wconf 87' lang='lat' dir='ltr'><strong>tenebrarum</strong></span> 
     </span>
    </p>
   </div>
   <div class='ocr_carea' id='block_1_74' title="bbox 2054 1558 2628 1623">
    <p class='ocr_par' dir='ltr' id='par_1_74' title="bbox 2054 1558 2628 1623">
     <span class='ocr_line' id='line_1_74' title="bbox 2054 1558 2628 1623; baseline 0.017 -10"><span class='ocrx_word' id='word_1_558' title='bbox 2054 1558 2279 1616; x_wconf 84' lang='lat' dir='ltr'><strong>latibulo</strong></span> <span class='ocrx_word' id='word_1_559' title='bbox 2326 1561 2628 1623; x_wconf 85' lang='lat' dir='ltr'><strong>abscondit.</strong></span> 
     </span>
    </p>
   </div>
   <div class='ocr_carea' id='block_1_75' title="bbox 2128 1650 3652 1734">
    <p class='ocr_par' dir='ltr' id='par_1_75' title="bbox 2128 1650 3652 1734">
     <span class='ocr_line' id='line_1_75' title="bbox 2128 1650 3652 1734; baseline 0.012 -28"><span class='ocrx_word' id='word_1_560' title='bbox 2128 1650 2215 1708; x_wconf 82' lang='grc'><strong>15.</strong></span> <span class='ocrx_word' id='word_1_561' title='bbox 2248 1652 2388 1709; x_wconf 84' lang='lat' dir='ltr'><strong>Hinc</strong></span> <span class='ocrx_word' id='word_1_562' title='bbox 2426 1660 2621 1712; x_wconf 82' lang='lat' dir='ltr'><strong>sanctis</strong></span> <span class='ocrx_word' id='word_1_563' title='bbox 2649 1662 2870 1716; x_wconf 76' lang='lat' dir='ltr'><strong>materia</strong></span> <span class='ocrx_word' id='word_1_564' title='bbox 2913 1662 3098 1734; x_wconf 76' lang='lat' dir='ltr'><strong>ﬂendi.</strong></span> <span class='ocrx_word' id='word_1_565' title='bbox 3128 1698 3201 1710; x_wconf 97' lang='lat'><strong><em>—</em></strong></span> <span class='ocrx_word' id='word_1_566' title='bbox 3223 1664 3370 1734; x_wconf 83' lang='lat' dir='ltr'><strong>Quas</strong></span> <span class='ocrx_word' id='word_1_567' title='bbox 3395 1666 3652 1725; x_wconf 79' lang='lat' dir='ltr'><strong>nimirum</strong></span> 
     </span>
    </p>
   </div>
   <div class='ocr_carea' id='block_1_76' title="bbox 2054 1742 3652 1831">
    <p class='ocr_par' dir='ltr' id='par_1_76' title="bbox 2054 1742 3652 1831">
     <span class='ocr_line' id='line_1_76' title="bbox 2054 1742 3652 1831; baseline 0.011 -31"><span class='ocrx_word' id='word_1_568' title='bbox 2054 1747 2314 1802; x_wconf 68' lang='lat' dir='ltr'><strong>caecitatis</strong></span> <span class='ocrx_word' id='word_1_569' title='bbox 2335 1742 2532 1804; x_wconf 66' lang='lat' dir='ltr'><strong>nostra:</strong></span> <span class='ocrx_word' id='word_1_570' title='bbox 2557 1752 2809 1810; x_wconf 87' lang='lat' dir='ltr'><strong>tenebras</strong></span> <span class='ocrx_word' id='word_1_571' title='bbox 2835 1770 2959 1809; x_wconf 91' lang='lat' dir='ltr'><strong>cum</strong></span> <span class='ocrx_word' id='word_1_572' title='bbox 2995 1756 3238 1813; x_wconf 85' lang='lat' dir='ltr'><strong>studiose</strong></span> <span class='ocrx_word' id='word_1_573' title='bbox 3265 1757 3652 1831; x_wconf 83' lang='lat' dir='ltr'><strong>conspicimus,</strong></span> 
     </span>
    </p>
   </div>
   <div class='ocr_carea' id='block_1_77' title="bbox 2052 1836 3651 1911">
    <p class='ocr_par' dir='ltr' id='par_1_77' title="bbox 2052 1836 3651 1911">
     <span class='ocr_line' id='line_1_77' title="bbox 2052 1836 3651 1911; baseline 0.011 -23"><span class='ocrx_word' id='word_1_574' title='bbox 2052 1844 2287 1890; x_wconf 90' lang='lat' dir='ltr'><strong>mentem</strong></span> <span class='ocrx_word' id='word_1_575' title='bbox 2315 1836 2383 1893; x_wconf 91' lang='lat' dir='ltr'><strong>ad</strong></span> <span class='ocrx_word' id='word_1_576' title='bbox 2412 1836 2646 1896; x_wconf 84' lang='lat' dir='ltr'><strong>lamenta</strong></span> <span class='ocrx_word' id='word_1_577' title='bbox 2691 1858 3070 1911; x_wconf 89' lang='lat' dir='ltr'><strong>provocamus.</strong></span> <span class='ocrx_word' id='word_1_578' title='bbox 3100 1844 3221 1903; x_wconf 89' lang='lat' dir='ltr'><strong>Flet</strong></span> <span class='ocrx_word' id='word_1_579' title='bbox 3260 1848 3405 1904; x_wconf 91' lang='lat' dir='ltr'><strong>enim</strong></span> <span class='ocrx_word' id='word_1_580' title='bbox 3433 1850 3651 1906; x_wconf 69' lang='lat' dir='ltr'><strong>ctecita-</strong></span> 
     </span>
    </p>
   </div>
   <div class='ocr_carea' id='block_1_78' title="bbox 1982 1926 3650 2011">
    <p class='ocr_par' dir='ltr' id='par_1_78' title="bbox 1982 1926 3650 2011">
     <span class='ocr_line' id='line_1_78' title="bbox 1982 1926 3650 2011; baseline 0.012 -33"><span class='ocrx_word' id='word_1_581' title='bbox 1982 1937 2032 1998; x_wconf 77' lang='grc' dir='ltr'><strong>Β</strong></span> <span class='ocrx_word' id='word_1_582' title='bbox 2057 1926 2166 1981; x_wconf 87' lang='lat' dir='ltr'><strong>tem</strong></span> <span class='ocrx_word' id='word_1_583' title='bbox 2195 1936 2357 1996; x_wconf 85' lang='lat' dir='ltr'><strong>quam</strong></span> <span class='ocrx_word' id='word_1_584' title='bbox 2387 1927 2517 1986; x_wconf 83' lang='lat' dir='ltr'><strong>foris</strong></span> <span class='ocrx_word' id='word_1_585' title='bbox 2557 1933 2779 2001; x_wconf 84' lang='lat' dir='ltr'><strong>patitur,</strong></span> <span class='ocrx_word' id='word_1_586' title='bbox 2833 1935 2878 1990; x_wconf 87' lang='lat' dir='ltr'><strong>si</strong></span> <span class='ocrx_word' id='word_1_587' title='bbox 2908 1934 3184 1992; x_wconf 88' lang='lat' dir='ltr'><strong>humiliter</strong></span> <span class='ocrx_word' id='word_1_588' title='bbox 3222 1941 3470 1996; x_wconf 89' lang='lat' dir='ltr'><strong>meminit</strong></span> <span class='ocrx_word' id='word_1_589' title='bbox 3502 1940 3650 2011; x_wconf 92' lang='lat' dir='ltr'><strong>quod</strong></span> 
     </span>
    </p>
   </div>
   <div class='ocr_carea' id='block_1_79' title="bbox 2056 2015 3647 2099">
    <p class='ocr_par' dir='ltr' id='par_1_79' title="bbox 2056 2015 3647 2099">
     <span class='ocr_line' id='line_1_79' title="bbox 2056 2015 3647 2099; baseline 0.011 -30"><span class='ocrx_word' id='word_1_590' title='bbox 2056 2015 2110 2069; x_wconf 87' lang='lat' dir='ltr'><strong>in</strong></span> <span class='ocrx_word' id='word_1_591' title='bbox 2140 2015 2486 2075; x_wconf 81' lang='lat' dir='ltr'><strong>interieribus</strong></span> <span class='ocrx_word' id='word_1_592' title='bbox 2528 2020 2732 2079; x_wconf 91' lang='lat' dir='ltr'><strong>lumine</strong></span> <span class='ocrx_word' id='word_1_593' title='bbox 2779 2024 3041 2095; x_wconf 84' lang='lat' dir='ltr'><strong>privatur.</strong></span> <span class='ocrx_word' id='word_1_594' title='bbox 3070 2025 3317 2098; x_wconf 83' lang='lat' dir='ltr'><strong>Cumque</strong></span> <span class='ocrx_word' id='word_1_595' title='bbox 3363 2031 3647 2099; x_wconf 89' lang='lat' dir='ltr'><strong>tenebras,</strong></span> 
     </span>
    </p>
   </div>
   <div class='ocr_carea' id='block_1_80' title="bbox 2048 2105 3651 2189">
    <p class='ocr_par' dir='ltr' id='par_1_80' title="bbox 2048 2105 3651 2189">
     <span class='ocr_line' id='line_1_80' title="bbox 2048 2105 3651 2189; baseline 0.009 -29"><span class='ocrx_word' id='word_1_596' title='bbox 2048 2105 2242 2175; x_wconf 83' lang='lat' dir='ltr'><strong>quibus</strong></span> <span class='ocrx_word' id='word_1_597' title='bbox 2269 2108 2637 2167; x_wconf 84' lang='lat' dir='ltr'><strong>circumdatur</strong></span> <span class='ocrx_word' id='word_1_598' title='bbox 2657 2156 2674 2181; x_wconf 95' lang='lat'><strong>,</strong></span> <span class='ocrx_word' id='word_1_599' title='bbox 2699 2114 2958 2185; x_wconf 87' lang='lat' dir='ltr'><strong>respicit,</strong></span> <span class='ocrx_word' id='word_1_600' title='bbox 3000 2116 3307 2189; x_wconf 88' lang='lat' dir='ltr'><strong>splendoris</strong></span> <span class='ocrx_word' id='word_1_601' title='bbox 3354 2119 3531 2175; x_wconf 91' lang='lat' dir='ltr'><strong>intimi</strong></span> <span class='ocrx_word' id='word_1_602' title='bbox 3558 2136 3651 2175; x_wconf 87' lang='lat' dir='ltr'><strong>ar-</strong></span> 
     </span>
    </p>
   </div>
   <div class='ocr_carea' id='block_1_81' title="bbox 2048 2193 3653 2278">
    <p class='ocr_par' dir='ltr' id='par_1_81' title="bbox 2048 2193 3653 2278">
     <span class='ocr_line' id='line_1_81' title="bbox 2048 2193 3653 2278; baseline 0.011 -29"><span class='ocrx_word' id='word_1_603' title='bbox 2048 2193 2199 2251; x_wconf 72' lang='lat' dir='ltr'><strong>‘d‘enti</strong></span> <span class='ocrx_word' id='word_1_604' title='bbox 2215 2212 2276 2253; x_wconf 90' lang='lat' dir='ltr'><strong>se</strong></span> <span class='ocrx_word' id='word_1_605' title='bbox 2293 2196 2563 2258; x_wconf 88' lang='lat' dir='ltr'><strong>desiderio</strong></span> <span class='ocrx_word' id='word_1_606' title='bbox 2585 2200 2809 2273; x_wconf 77' lang='lat' dir='ltr'><strong>afﬂigit;</strong></span> <span class='ocrx_word' id='word_1_607' title='bbox 2833 2206 3093 2278; x_wconf 88' lang='lat' dir='ltr'><strong>omnique</strong></span> <span class='ocrx_word' id='word_1_608' title='bbox 3113 2207 3432 2266; x_wconf 88' lang='lat' dir='ltr'><strong>intentionis</strong></span> <span class='ocrx_word' id='word_1_609' title='bbox 3459 2204 3653 2268; x_wconf 79' lang='lat' dir='ltr'><strong>adnisa</strong></span> 
     </span>
    </p>
   </div>
   <div class='ocr_carea' id='block_1_82' title="bbox 2048 2289 3652 2373">
    <p class='ocr_par' dir='ltr' id='par_1_82' title="bbox 2048 2289 3652 2373">
     <span class='ocr_line' id='line_1_82' title="bbox 2048 2289 3652 2373; baseline 0.011 -29"><span class='ocrx_word' id='word_1_610' title='bbox 2048 2289 2393 2364; x_wconf 76' lang='lat' dir='ltr'><strong>semetipsum</strong></span> <span class='ocrx_word' id='word_1_611' title='bbox 2423 2295 2683 2364; x_wconf 89' lang='lat' dir='ltr'><strong>concutit,</strong></span> <span class='ocrx_word' id='word_1_612' title='bbox 2715 2306 2772 2353; x_wconf 92' lang='lat' dir='ltr'><strong>et</strong></span> <span class='ocrx_word' id='word_1_613' title='bbox 2787 2312 3079 2369; x_wconf 90' lang='lat' dir='ltr'><strong>supernam</strong></span> <span class='ocrx_word' id='word_1_614' title='bbox 3109 2301 3304 2369; x_wconf 90' lang='lat' dir='ltr'><strong>lucem,</strong></span> <span class='ocrx_word' id='word_1_615' title='bbox 3333 2318 3495 2373; x_wconf 89' lang='lat' dir='ltr'><strong>quam</strong></span> <span class='ocrx_word' id='word_1_616' title='bbox 3516 2320 3652 2361; x_wconf 86' lang='lat' dir='ltr'><strong>con-</strong></span> 
     </span>
    </p>
   </div>
   <div class='ocr_carea' id='block_1_83' title="bbox 2047 2374 3650 2464">
    <p class='ocr_par' dir='ltr' id='par_1_83' title="bbox 2047 2374 3650 2464">
     <span class='ocr_line' id='line_1_83' title="bbox 2047 2374 3650 2464; baseline 0.008 -26"><span class='ocrx_word' id='word_1_617' title='bbox 2186 2381 2445 2455; x_wconf 76' lang='lat' dir='ltr'><strong>des‘eruit,</strong></span> <span class='ocrx_word' id='word_1_618' title='bbox 2496 2374 2715 2459; x_wconf 86' lang='lat' dir='ltr'><strong>repulsa</strong></span> <span class='ocrx_word' id='word_1_619' title='bbox 2755 2391 2971 2460; x_wconf 60' lang='lat' dir='ltr'><strong>quaerit.</strong></span> <span class='ocrx_word' id='word_1_620' title='bbox 3017 2388 3172 2448; x_wconf 90' lang='lat' dir='ltr'><strong>Unde</strong></span> <span class='ocrx_word' id='word_1_621' title='bbox 3210 2390 3270 2447; x_wconf 80' lang='lat' dir='ltr'><strong>fit</strong></span> <span class='ocrx_word' id='word_1_622' title='bbox 3311 2394 3650 2464; x_wconf 85' lang='lat' dir='ltr'><strong>plerumque,</strong></span> 
     </span>
    </p>
   </div>
   <div class='ocr_carea' id='block_1_84' title="bbox 2048 2458 3653 2554">
    <p class='ocr_par' dir='ltr' id='par_1_84' title="bbox 2048 2458 3653 2554">
     <span class='ocr_line' id='line_1_84' title="bbox 2048 2458 3653 2554; baseline 0.011 -28"><span class='ocrx_word' id='word_1_623' title='bbox 2048 2458 2109 2527; x_wconf 68' lang='lat' dir='ltr'><strong>ut</strong></span> <span class='ocrx_word' id='word_1_624' title='bbox 2144 2474 2203 2529; x_wconf 82' lang='lat' dir='ltr'><strong>in</strong></span> <span class='ocrx_word' id='word_1_625' title='bbox 2234 2464 2367 2545; x_wconf 74' lang='lat' dir='ltr'><strong>ipsis</strong></span> <span class='ocrx_word' id='word_1_626' title='bbox 2407 2474 2510 2547; x_wconf 89' lang='lat' dir='ltr'><strong>piis</strong></span> <span class='ocrx_word' id='word_1_627' title='bbox 2552 2458 2790 2536; x_wconf 38' lang='lat' dir='ltr'><strong>lletibus&#39;</strong></span> <span class='ocrx_word' id='word_1_628' title='bbox 2811 2479 2905 2537; x_wconf 90' lang='lat' dir='ltr'><strong>illa</strong></span> <span class='ocrx_word' id='word_1_629' title='bbox 2950 2481 3151 2539; x_wconf 86' lang='lat' dir='ltr'><strong>interni</strong></span> <span class='ocrx_word' id='word_1_630' title='bbox 3201 2458 3384 2554; x_wconf 80' lang='lat' dir='ltr'><strong>gaudii</strong></span> <span class='ocrx_word' id='word_1_631' title='bbox 3429 2458 3653 2544; x_wconf 76' lang='lat' dir='ltr'><strong>claritas</strong></span> 
     </span>
    </p>
   </div>
   <div class='ocr_carea' id='block_1_85' title="bbox 2046 2566 3654 2646">
    <p class='ocr_par' dir='ltr' id='par_1_85' title="bbox 2046 2566 3654 2646">
     <span class='ocr_line' id='line_1_85' title="bbox 2046 2566 3654 2646; baseline 0.009 -28"><span class='ocrx_word' id='word_1_632' title='bbox 2046 2566 2333 2636; x_wconf 79' lang='lat' dir='ltr'><strong>erumpat;</strong></span> <span class='ocrx_word' id='word_1_633' title='bbox 2364 2566 2421 2622; x_wconf 79' lang='lat' dir='ltr'><strong>et</strong></span> <span class='ocrx_word' id='word_1_634' title='bbox 2439 2580 2613 2635; x_wconf 90' lang='lat' dir='ltr'><strong>mens,</strong></span> <span class='ocrx_word' id='word_1_635' title='bbox 2645 2585 2765 2640; x_wconf 68' lang='lat' dir='ltr'><strong>quae</strong></span> <span class='ocrx_word' id='word_1_636' title='bbox 2789 2568 2846 2626; x_wconf 88' lang='lat' dir='ltr'><strong>in</strong></span> <span class='ocrx_word' id='word_1_637' title='bbox 2874 2579 3095 2642; x_wconf 90' lang='lat' dir='ltr'><strong>torpore</strong></span> <span class='ocrx_word' id='word_1_638' title='bbox 3119 2572 3267 2643; x_wconf 89' lang='lat' dir='ltr'><strong>prius</strong></span> <span class='ocrx_word' id='word_1_639' title='bbox 3300 2588 3438 2631; x_wconf 56' lang='lat' dir='ltr'><strong>eatea</strong></span> <span class='ocrx_word' id='word_1_640' title='bbox 3462 2574 3654 2646; x_wconf 86' lang='lat' dir='ltr'><strong>jacue-</strong></span> 
     </span>
    </p>
   </div>
   <div class='ocr_carea' id='block_1_86' title="bbox 2046 2658 3649 2738">
    <p class='ocr_par' dir='ltr' id='par_1_86' title="bbox 2046 2658 3649 2738">
     <span class='ocr_line' id='line_1_86' title="bbox 2046 2658 3649 2738; baseline 0.006 -26"><span class='ocrx_word' id='word_1_641' title='bbox 2046 2663 2171 2725; x_wconf 90' lang='lat' dir='ltr'><strong>rat,</strong></span> <span class='ocrx_word' id='word_1_642' title='bbox 2219 2658 2289 2714; x_wconf 91' lang='lat' dir='ltr'><strong>ad</strong></span> <span class='ocrx_word' id='word_1_643' title='bbox 2314 2659 2705 2730; x_wconf 87' lang='lat' dir='ltr'><strong>inspectionem</strong></span> <span class='ocrx_word' id='word_1_644' title='bbox 2759 2661 2988 2735; x_wconf 73' lang='lat' dir='ltr'><strong>fulgoris</strong></span> <span class='ocrx_word' id='word_1_645' title='bbox 3035 2664 3211 2722; x_wconf 90' lang='lat' dir='ltr'><strong>intimi</strong></span> <span class='ocrx_word' id='word_1_646' title='bbox 3252 2666 3498 2738; x_wconf 90' lang='lat' dir='ltr'><strong>suspiriis</strong></span> <span class='ocrx_word' id='word_1_647' title='bbox 3552 2682 3649 2724; x_wconf 60' lang='grc' dir='ltr'><strong>νος</strong></span> 
     </span>
    </p>
   </div>
   <div class='ocr_carea' id='block_1_87' title="bbox 2046 2742 3325 2832">
    <p class='ocr_par' dir='ltr' id='par_1_87' title="bbox 2046 2742 3325 2832">
     <span class='ocr_line' id='line_1_87' title="bbox 2046 2742 3325 2832; baseline 0.012 -28"><span class='ocrx_word' id='word_1_648' title='bbox 2046 2759 2229 2819; x_wconf 85' lang='lat' dir='ltr'><strong>getata</strong></span> <span class='ocrx_word' id='word_1_649' title='bbox 2250 2752 2614 2810; x_wconf 87' lang='lat' dir='ltr'><strong>convalescat.</strong></span> <span class='ocrx_word' id='word_1_650' title='bbox 2651 2742 2804 2812; x_wconf 74' lang='lat' dir='ltr'><strong>Unde</strong></span> <span class='ocrx_word' id='word_1_651' title='bbox 2850 2756 2993 2816; x_wconf 82' lang='lat' dir='ltr'><strong>bene</strong></span> <span class='ocrx_word' id='word_1_652' title='bbox 3035 2762 3279 2832; x_wconf 86' lang='lat' dir='ltr'><strong>sequitur</strong></span> <span class='ocrx_word' id='word_1_653' title='bbox 3310 2780 3325 2817; x_wconf 86' lang='lat'><strong>:</strong></span> 
     </span>
    </p>
   </div>
   <div class='ocr_carea' id='block_1_88' title="bbox 2459 2885 3231 2965">
    <p class='ocr_par' dir='ltr' id='par_1_88' title="bbox 2459 2885 3231 2965">
     <span class='ocr_line' id='line_1_88' title="bbox 2459 2885 3231 2965; baseline 0.01 -24"><span class='ocrx_word' id='word_1_654' title='bbox 2459 2885 2691 2943; x_wconf 87' lang='lat' dir='ltr'><strong>CAPUT</strong></span> <span class='ocrx_word' id='word_1_655' title='bbox 2718 2886 2833 2944; x_wconf 84' lang='lat' dir='ltr'><strong>VIII</strong></span> <span class='ocrx_word' id='word_1_656' title='bbox 2880 2889 3029 2963; x_wconf 85' lang='lat' dir='ltr'><strong>[Rec.</strong></span> <span class='ocrx_word' id='word_1_657' title='bbox 3071 2892 3231 2965; x_wconf 84' lang='lat' dir='ltr'><strong>VII].</strong></span> 
     </span>
    </p>
   </div>
   <div class='ocr_carea' id='block_1_89' title="bbox 2118 2994 3394 3077">
    <p class='ocr_par' dir='ltr' id='par_1_89' title="bbox 2118 2994 3394 3077">
     <span class='ocr_line' id='line_1_89' title="bbox 2118 2994 3394 3077; baseline 0.009 -26"><span class='ocrx_word' id='word_1_658' title='bbox 2118 2994 2283 3053; x_wconf 75' lang='lat' dir='ltr'><strong>Vsus.</strong></span> <span class='ocrx_word' id='word_1_659' title='bbox 2310 2995 2400 3053; x_wconf 50' lang='grc'><strong>24)</strong></span> <span class='ocrx_word' id='word_1_660' title='bbox 2426 3030 2499 3049; x_wconf 85' lang='lat'><strong>—-.-</strong></span> <span class='ocrx_word' id='word_1_661' title='bbox 2524 3000 2823 3073; x_wconf 76' lang='lat' dir='ltr'><strong>Antequam</strong></span> <span class='ocrx_word' id='word_1_662' title='bbox 2834 3005 3123 3071; x_wconf 79' lang='lat' dir='ltr'><strong>comedam,</strong></span> <span class='ocrx_word' id='word_1_663' title='bbox 3169 3010 3394 3077; x_wconf 74' lang='lat' dir='ltr'><strong>suspiro.</strong></span> 
     </span>
    </p>
   </div>
   <div class='ocr_carea' id='block_1_90' title="bbox 2118 3086 3652 3172">
    <p class='ocr_par' dir='ltr' id='par_1_90' title="bbox 2118 3086 3652 3172">
     <span class='ocr_line' id='line_1_90' title="bbox 2118 3086 3652 3172; baseline 0.011 -31"><span class='ocrx_word' id='word_1_664' title='bbox 2118 3086 2207 3143; x_wconf 76' lang='grc'><strong>14.</strong></span> <span class='ocrx_word' id='word_1_665' title='bbox 2238 3086 2527 3160; x_wconf 78' lang='lat' dir='ltr'><strong>Lacrymas</strong></span> <span class='ocrx_word' id='word_1_666' title='bbox 2566 3108 2706 3161; x_wconf 68' lang='lat' dir='ltr'><strong>stupe</strong></span> <span class='ocrx_word' id='word_1_667' title='bbox 2744 3096 2937 3166; x_wconf 68' lang='lat' dir='ltr'><strong>excipit</strong></span> <span class='ocrx_word' id='word_1_668' title='bbox 2980 3098 3229 3168; x_wconf 76' lang='lat' dir='ltr'><strong>gaudium</strong></span> <span class='ocrx_word' id='word_1_669' title='bbox 3256 3101 3652 3172; x_wconf 81' lang='lat' dir='ltr'><strong>contemplatio-</strong></span> 
     </span>
    </p>
   </div>
   <div class='ocr_carea' id='block_1_91' title="bbox 2044 3177 3649 3262">
    <p class='ocr_par' dir='ltr' id='par_1_91' title="bbox 2044 3177 3649 3262">
     <span class='ocr_line' id='line_1_91' title="bbox 2044 3177 3649 3262; baseline 0.011 -29"><span class='ocrx_word' id='word_1_670' title='bbox 2044 3177 2525 3237; x_wconf 81' lang='lat' dir='ltr'><strong>nis.—Comedere</strong></span> <span class='ocrx_word' id='word_1_671' title='bbox 2550 3198 2781 3254; x_wconf 88' lang='lat' dir='ltr'><strong>namque</strong></span> <span class='ocrx_word' id='word_1_672' title='bbox 2809 3193 2895 3242; x_wconf 88' lang='lat' dir='ltr'><strong>est</strong></span> <span class='ocrx_word' id='word_1_673' title='bbox 2938 3188 3164 3256; x_wconf 64' lang='lat' dir='ltr'><strong>animae,</strong></span> <span class='ocrx_word' id='word_1_674' title='bbox 3216 3205 3466 3262; x_wconf 67' lang='lat' dir='ltr'><strong>superna)</strong></span> <span class='ocrx_word' id='word_1_675' title='bbox 3512 3192 3649 3250; x_wconf 87' lang='lat' dir='ltr'><strong>lucis</strong></span> 
     </span>
    </p>
   </div>
   <div class='ocr_carea' id='block_1_92' title="bbox 2049 3272 3652 3354">
    <p class='ocr_par' dir='ltr' id='par_1_92' title="bbox 2049 3272 3652 3354">
     <span class='ocr_line' id='line_1_92' title="bbox 2049 3272 3652 3354; baseline 0.008 -27"><span class='ocrx_word' id='word_1_676' title='bbox 2049 3272 2595 3344; x_wconf 87' lang='lat' dir='ltr'><strong>contemplationibus</strong></span> <span class='ocrx_word' id='word_1_677' title='bbox 2646 3277 2815 3347; x_wconf 83' lang='lat' dir='ltr'><strong>pasci.</strong></span> <span class='ocrx_word' id='word_1_678' title='bbox 2868 3277 3120 3350; x_wconf 89' lang='lat' dir='ltr'><strong>Suspirat</strong></span> <span class='ocrx_word' id='word_1_679' title='bbox 3176 3295 3306 3351; x_wconf 89' lang='lat' dir='ltr'><strong>ergo</strong></span> <span class='ocrx_word' id='word_1_680' title='bbox 3359 3290 3652 3354; x_wconf 87' lang='lat' dir='ltr'><strong>antequam</strong></span> 
     </span>
    </p>
   </div>
   <div class='ocr_carea' id='block_1_93' title="bbox 2052 3363 3654 3444">
    <p class='ocr_par' dir='ltr' id='par_1_93' title="bbox 2052 3363 3654 3444">
     <span class='ocr_line' id='line_1_93' title="bbox 2052 3363 3654 3444; baseline 0.008 -24"><span class='ocrx_word' id='word_1_681' title='bbox 2052 3363 2324 3432; x_wconf 84' lang='lat' dir='ltr'><strong>comedat,</strong></span> <span class='ocrx_word' id='word_1_682' title='bbox 2355 3365 2493 3436; x_wconf 87' lang='lat' dir='ltr'><strong>quia</strong></span> <span class='ocrx_word' id='word_1_683' title='bbox 2509 3366 2660 3437; x_wconf 87' lang='lat' dir='ltr'><strong>prius</strong></span> <span class='ocrx_word' id='word_1_684' title='bbox 2683 3368 2974 3436; x_wconf 83' lang='lat' dir='ltr'><strong>gemitibus</strong></span> <span class='ocrx_word' id='word_1_685' title='bbox 3014 3370 3377 3429; x_wconf 73' lang='lat' dir='ltr'><strong>tribulationis</strong></span> <span class='ocrx_word' id='word_1_686' title='bbox 3401 3372 3654 3444; x_wconf 74' lang='lat' dir='ltr'><strong>afﬁcitur,</strong></span> 
     </span>
    </p>
   </div>
   <div class='ocr_carea' id='block_1_94' title="bbox 2054 3456 3650 3530">
    <p class='ocr_par' dir='ltr' id='par_1_94' title="bbox 2054 3456 3650 3530">
     <span class='ocr_line' id='line_1_94' title="bbox 2054 3456 3650 3530; baseline 0.007 -19"><span class='ocrx_word' id='word_1_687' title='bbox 2054 3461 2110 3511; x_wconf 89' lang='lat' dir='ltr'><strong>et</strong></span> <span class='ocrx_word' id='word_1_688' title='bbox 2156 3456 2497 3526; x_wconf 85' lang='lat' dir='ltr'><strong>postmodum</strong></span> <span class='ocrx_word' id='word_1_689' title='bbox 2542 3459 3014 3530; x_wconf 87' lang='lat' dir='ltr'><strong>contemplationis</strong></span> <span class='ocrx_word' id='word_1_690' title='bbox 3060 3461 3361 3521; x_wconf 78' lang='lat' dir='ltr'><strong>refectione</strong></span> <span class='ocrx_word' id='word_1_691' title='bbox 3398 3466 3650 3522; x_wconf 84' lang='lat' dir='ltr'><strong>satiatur.</strong></span> 
     </span>
    </p>
   </div>
   <div class='ocr_carea' id='block_1_95' title="bbox 2049 3547 3656 3628">
    <p class='ocr_par' dir='ltr' id='par_1_95' title="bbox 2049 3547 3656 3628">
     <span class='ocr_line' id='line_1_95' title="bbox 2049 3547 3656 3628; baseline 0.007 -23"><span class='ocrx_word' id='word_1_692' title='bbox 2049 3547 2163 3606; x_wconf 85' lang='lat' dir='ltr'><strong>Nisi</strong></span> <span class='ocrx_word' id='word_1_693' title='bbox 2187 3550 2330 3621; x_wconf 82' lang='lat' dir='ltr'><strong>enim</strong></span> <span class='ocrx_word' id='word_1_694' title='bbox 2355 3552 2613 3622; x_wconf 86' lang='lat' dir='ltr'><strong>suspiret,</strong></span> <span class='ocrx_word' id='word_1_695' title='bbox 2644 3567 2755 3610; x_wconf 91' lang='lat' dir='ltr'><strong>non</strong></span> <span class='ocrx_word' id='word_1_696' title='bbox 2781 3554 3051 3622; x_wconf 81' lang='lat' dir='ltr'><strong>comedit;</strong></span> <span class='ocrx_word' id='word_1_697' title='bbox 3080 3557 3209 3626; x_wconf 81' lang='lat' dir='ltr'><strong>quia</strong></span> <span class='ocrx_word' id='word_1_698' title='bbox 3236 3559 3329 3628; x_wconf 89' lang='lat' dir='ltr'><strong>qui</strong></span> <span class='ocrx_word' id='word_1_699' title='bbox 3369 3572 3428 3614; x_wconf 90' lang='lat' dir='ltr'><strong>se</strong></span> <span class='ocrx_word' id='word_1_700' title='bbox 3463 3561 3520 3615; x_wconf 89' lang='lat' dir='ltr'><strong>in</strong></span> <span class='ocrx_word' id='word_1_701' title='bbox 3550 3561 3656 3616; x_wconf 92' lang='lat' dir='ltr'><strong>hoc</strong></span> 
     </span>
    </p>
   </div>
   <div class='ocr_carea' id='block_1_96' title="bbox 2050 3641 3657 3708">
    <p class='ocr_par' dir='ltr' id='par_1_96' title="bbox 2050 3641 3657 3708">
     <span class='ocr_line' id='line_1_96' title="bbox 2050 3641 3657 3708; baseline 0.007 -12"><span class='ocrx_word' id='word_1_702' title='bbox 2050 3641 2242 3698; x_wconf 80' lang='lat' dir='ltr'><strong>exsilio</strong></span> <span class='ocrx_word' id='word_1_703' title='bbox 2270 3656 2369 3708; x_wconf 82' lang='lat' dir='ltr'><strong>per</strong></span> <span class='ocrx_word' id='word_1_704' title='bbox 2406 3643 2795 3703; x_wconf 86' lang='lat' dir='ltr'><strong>desideriorum</strong></span> <span class='ocrx_word' id='word_1_705' title='bbox 2829 3646 3133 3703; x_wconf 62' lang='lat' dir='ltr'><strong>caelestium</strong></span> <span class='ocrx_word' id='word_1_706' title='bbox 3156 3649 3390 3705; x_wconf 84' lang='lat' dir='ltr'><strong>lamenta</strong></span> <span class='ocrx_word' id='word_1_707' title='bbox 3412 3666 3522 3707; x_wconf 88' lang='lat' dir='ltr'><strong>non</strong></span> <span class='ocrx_word' id='word_1_708' title='bbox 3551 3652 3657 3707; x_wconf 88' lang='lat' dir='ltr'><strong>hu-</strong></span> 
     </span>
    </p>
   </div>
   <div class='ocr_carea' id='block_1_97' title="bbox 2048 3732 3657 3809">
    <p class='ocr_par' dir='ltr' id='par_1_97' title="bbox 2048 3732 3657 3809">
     <span class='ocr_line' id='line_1_97' title="bbox 2048 3732 3657 3809; baseline 0.007 -24"><span class='ocrx_word' id='word_1_709' title='bbox 2048 3732 2246 3801; x_wconf 89' lang='lat' dir='ltr'><strong>miliat,</strong></span> <span class='ocrx_word' id='word_1_710' title='bbox 2280 3742 2302 3769; x_wconf 71' lang='grc' dir='ltr'><strong><em>θ</em></strong></span> <span class='ocrx_word' id='word_1_711' title='bbox 2332 3741 2551 3790; x_wconf 72' lang='lat' dir='ltr'><strong>:eternm</strong></span> <span class='ocrx_word' id='word_1_712' title='bbox 2576 3736 2762 3803; x_wconf 68' lang='lat' dir='ltr'><strong>patriai</strong></span> <span class='ocrx_word' id='word_1_713' title='bbox 2784 3736 2980 3803; x_wconf 83' lang='lat' dir='ltr'><strong>gaudia</strong></span> <span class='ocrx_word' id='word_1_714' title='bbox 3009 3753 3118 3793; x_wconf 90' lang='lat' dir='ltr'><strong>non</strong></span> <span class='ocrx_word' id='word_1_715' title='bbox 3142 3739 3408 3809; x_wconf 88' lang='lat' dir='ltr'><strong>degustat.</strong></span> <span class='ocrx_word' id='word_1_716' title='bbox 3437 3742 3486 3794; x_wconf 83' lang='lat' dir='ltr'><strong>A</strong></span> <span class='ocrx_word' id='word_1_717' title='bbox 3513 3742 3657 3796; x_wconf 91' lang='lat' dir='ltr'><strong>veri-</strong></span> 
     </span>
    </p>
   </div>
   <div class='ocr_carea' id='block_1_98' title="bbox 2048 3821 3656 3903">
    <p class='ocr_par' dir='ltr' id='par_1_98' title="bbox 2048 3821 3656 3903">
     <span class='ocr_line' id='line_1_98' title="bbox 2048 3821 3656 3903; baseline 0.007 -25"><span class='ocrx_word' id='word_1_718' title='bbox 2048 3824 2177 3878; x_wconf 85' lang='lat' dir='ltr'><strong>tatis</strong></span> <span class='ocrx_word' id='word_1_719' title='bbox 2205 3824 2347 3879; x_wconf 90' lang='lat' dir='ltr'><strong>enim</strong></span> <span class='ocrx_word' id='word_1_720' title='bbox 2378 3824 2578 3893; x_wconf 87' lang='lat' dir='ltr'><strong>pabulo</strong></span> <span class='ocrx_word' id='word_1_721' title='bbox 2614 3824 2786 3894; x_wconf 88' lang='lat' dir='ltr'><strong>jejuni</strong></span> <span class='ocrx_word' id='word_1_722' title='bbox 2811 3836 2957 3895; x_wconf 86' lang='lat' dir='ltr'><strong>sunt,</strong></span> <span class='ocrx_word' id='word_1_723' title='bbox 3001 3830 3094 3899; x_wconf 90' lang='lat' dir='ltr'><strong>qui</strong></span> <span class='ocrx_word' id='word_1_724' title='bbox 3125 3830 3179 3885; x_wconf 90' lang='lat' dir='ltr'><strong>in</strong></span> <span class='ocrx_word' id='word_1_725' title='bbox 3208 3831 3312 3888; x_wconf 88' lang='lat' dir='ltr'><strong>hac</strong></span> <span class='ocrx_word' id='word_1_726' title='bbox 3339 3821 3656 3903; x_wconf 85' lang='lat' dir='ltr'><strong>peregrina-</strong></span> 
     </span>
    </p>
   </div>
   <div class='ocr_carea' id='block_1_99' title="bbox 2049 3914 3650 3993">
    <p class='ocr_par' dir='ltr' id='par_1_99' title="bbox 2049 3914 3650 3993">
     <span class='ocr_line' id='line_1_99' title="bbox 2049 3914 3650 3993; baseline 0.009 -25"><span class='ocrx_word' id='word_1_727' title='bbox 2049 3915 2215 3970; x_wconf 91' lang='lat' dir='ltr'><strong>tionis</strong></span> <span class='ocrx_word' id='word_1_728' title='bbox 2260 3914 2753 3986; x_wconf 41' lang='lat' dir='ltr'><strong>inopialsetantura</strong></span> <span class='ocrx_word' id='word_1_729' title='bbox 2776 3916 3025 3988; x_wconf 85' lang='lat' dir='ltr'><strong>Suspirat</strong></span> <span class='ocrx_word' id='word_1_730' title='bbox 3069 3929 3250 3977; x_wconf 86' lang='lat' dir='ltr'><strong>autem</strong></span> <span class='ocrx_word' id='word_1_731' title='bbox 3276 3924 3369 3993; x_wconf 89' lang='lat' dir='ltr'><strong>qui</strong></span> <span class='ocrx_word' id='word_1_732' title='bbox 3392 3924 3650 3991; x_wconf 85' lang='lat' dir='ltr'><strong>comedit,</strong></span> 
     </span>
    </p>
   </div>
   <div class='ocr_carea' id='block_1_100' title="bbox 2049 4008 3656 4081">
    <p class='ocr_par' dir='ltr' id='par_1_100' title="bbox 2049 4008 3656 4081">
     <span class='ocr_line' id='line_1_100' title="bbox 2049 4008 3656 4081; baseline 0.01 -20"><span class='ocrx_word' id='word_1_733' title='bbox 2049 4008 2178 4076; x_wconf 89' lang='lat' dir='ltr'><strong>quia</strong></span> <span class='ocrx_word' id='word_1_734' title='bbox 2203 4023 2339 4079; x_wconf 90' lang='lat' dir='ltr'><strong>quos</strong></span> <span class='ocrx_word' id='word_1_735' title='bbox 2382 4024 2535 4066; x_wconf 85' lang='lat' dir='ltr'><strong>amor</strong></span> <span class='ocrx_word' id='word_1_736' title='bbox 2565 4010 2809 4069; x_wconf 82' lang='lat' dir='ltr'><strong>veritatis</strong></span> <span class='ocrx_word' id='word_1_737' title='bbox 2835 4010 3019 4081; x_wconf 73' lang='lat' dir='ltr'><strong>allicit,</strong></span> <span class='ocrx_word' id='word_1_738' title='bbox 3050 4014 3214 4071; x_wconf 86' lang='lat' dir='ltr'><strong>etiam</strong></span> <span class='ocrx_word' id='word_1_739' title='bbox 3264 4018 3492 4074; x_wconf 75' lang='lat' dir='ltr'><strong>reiectio</strong></span> <span class='ocrx_word' id='word_1_740' title='bbox 3520 4034 3656 4076; x_wconf 87' lang='lat' dir='ltr'><strong>con-</strong></span> 
     </span>
    </p>
   </div>
   <div class='ocr_carea' id='block_1_101' title="bbox 2050 4100 3648 4180">
    <p class='ocr_par' dir='ltr' id='par_1_101' title="bbox 2050 4100 3648 4180">
     <span class='ocr_line' id='line_1_101' title="bbox 2050 4100 3648 4180; baseline 0.009 -26"><span class='ocrx_word' id='word_1_741' title='bbox 2050 4100 2431 4171; x_wconf 22' lang='lat' dir='ltr'><strong>templationis.</strong></span> <span class='ocrx_word' id='word_1_742' title='bbox 2460 4102 2972 4175; x_wconf 40' lang='lat' dir='ltr'><strong>pascit..Suspirans</strong></span> <span class='ocrx_word' id='word_1_743' title='bbox 3001 4105 3275 4178; x_wconf 87' lang='lat' dir='ltr'><strong>Propheta</strong></span> <span class='ocrx_word' id='word_1_744' title='bbox 3305 4110 3648 4180; x_wconf 86' lang='lat' dir='ltr'><strong>comedebat,</strong></span> 
     </span>
    </p>
   </div>
   <div class='ocr_carea' id='block_1_102' title="bbox 2051 4196 3650 4275">
    <p class='ocr_par' dir='ltr' id='par_1_102' title="bbox 2051 4196 3650 4275">
     <span class='ocr_line' id='line_1_102' title="bbox 2051 4196 3650 4275; baseline 0.004 -22"><span class='ocrx_word' id='word_1_745' title='bbox 2051 4212 2172 4253; x_wconf 89' lang='lat' dir='ltr'><strong>cum</strong></span> <span class='ocrx_word' id='word_1_746' title='bbox 2212 4196 2416 4255; x_wconf 82' lang='lat' dir='ltr'><strong>diceret</strong></span> <span class='ocrx_word' id='word_1_747' title='bbox 2448 4214 2460 4252; x_wconf 90' lang='lat'><strong>:</strong></span> <span class='ocrx_word' id='word_1_748' title='bbox 2493 4197 2733 4253; x_wconf 83' lang='lat' dir='ltr'><strong>Fuerunt</strong></span> <span class='ocrx_word' id='word_1_749' title='bbox 2779 4198 2905 4254; x_wconf 82' lang='lat' dir='ltr'><strong>mihi</strong></span> <span class='ocrx_word' id='word_1_750' title='bbox 2942 4201 3190 4273; x_wconf 74' lang='lat' dir='ltr'><strong>lacrymaa</strong></span> <span class='ocrx_word' id='word_1_751' title='bbox 3228 4219 3359 4259; x_wconf 71' lang='lat' dir='ltr'><strong>mea:</strong></span> <span class='ocrx_word' id='word_1_752' title='bbox 3415 4202 3434 4241; x_wconf 73' lang='grc' dir='ltr'><em>τ</em></span> <span class='ocrx_word' id='word_1_753' title='bbox 3486 4221 3650 4275; x_wconf 78' lang='lat' dir='ltr'><strong>panes</strong></span> 
     </span>
    </p>
   </div>
   <div class='ocr_carea' id='block_1_103' title="bbox 2051 4288 3649 4365">
    <p class='ocr_par' dir='ltr' id='par_1_103' title="bbox 2051 4288 3649 4365">
     <span class='ocr_line' id='line_1_103' title="bbox 2051 4288 3649 4365; baseline 0.006 -23"><span class='ocrx_word' id='word_1_754' title='bbox 2051 4288 2227 4360; x_wconf 88' lang='lat' dir='ltr'><strong>(Psal.</strong></span> <span class='ocrx_word' id='word_1_755' title='bbox 2254 4305 2343 4345; x_wconf 80' lang='lat' dir='ltr'><strong>xiv</strong></span> <span class='ocrx_word' id='word_1_756' title='bbox 2364 4331 2378 4355; x_wconf 92' lang='lat'><strong>,</strong></span> <span class='ocrx_word' id='word_1_757' title='bbox 2410 4290 2487 4361; x_wconf 71' lang='lat'><strong>4).</strong></span> <span class='ocrx_word' id='word_1_758' title='bbox 2519 4289 2689 4349; x_wconf 62' lang='grc' dir='ltr'><strong>[Μαι]</strong></span> <span class='ocrx_word' id='word_1_759' title='bbox 2717 4290 2861 4347; x_wconf 89' lang='lat' dir='ltr'><strong>enim</strong></span> <span class='ocrx_word' id='word_1_760' title='bbox 2882 4306 2982 4349; x_wconf 91' lang='lat' dir='ltr'><strong>suo</strong></span> <span class='ocrx_word' id='word_1_761' title='bbox 3011 4292 3195 4349; x_wconf 90' lang='lat' dir='ltr'><strong>anima</strong></span> <span class='ocrx_word' id='word_1_762' title='bbox 3224 4295 3483 4365; x_wconf 86' lang='lat' dir='ltr'><strong>pascitur;</strong></span> <span class='ocrx_word' id='word_1_763' title='bbox 3525 4311 3649 4351; x_wconf 90' lang='lat' dir='ltr'><strong>cum</strong></span> 
     </span>
    </p>
   </div>
   <div class='ocr_carea' id='block_1_104' title="bbox 2050 4378 3648 4455">
    <p class='ocr_par' dir='ltr' id='par_1_104' title="bbox 2050 4378 3648 4455">
     <span class='ocr_line' id='line_1_104' title="bbox 2050 4378 3648 4455; baseline 0.004 -22"><span class='ocrx_word' id='word_1_764' title='bbox 2050 4378 2120 4434; x_wconf 92' lang='lat' dir='ltr'><strong>ad</strong></span> <span class='ocrx_word' id='word_1_765' title='bbox 2141 4393 2373 4450; x_wconf 87' lang='lat' dir='ltr'><strong>superna</strong></span> <span class='ocrx_word' id='word_1_766' title='bbox 2394 4379 2590 4451; x_wconf 90' lang='lat' dir='ltr'><strong>gaudia</strong></span> <span class='ocrx_word' id='word_1_767' title='bbox 2614 4378 2794 4441; x_wconf 81' lang='lat' dir='ltr'><strong>ﬂendo</strong></span> <span class='ocrx_word' id='word_1_768' title='bbox 2820 4381 3154 4450; x_wconf 86' lang='lat' dir='ltr'><strong>sublevatur,</strong></span> <span class='ocrx_word' id='word_1_769' title='bbox 3179 4392 3237 4440; x_wconf 90' lang='lat' dir='ltr'><strong>et</strong></span> <span class='ocrx_word' id='word_1_770' title='bbox 3254 4384 3401 4440; x_wconf 88' lang='lat' dir='ltr'><strong>intus</strong></span> <span class='ocrx_word' id='word_1_771' title='bbox 3427 4384 3648 4455; x_wconf 90' lang='lat' dir='ltr'><strong>quidem</strong></span> 
     </span>
    </p>
   </div>
   <div class='ocr_carea' id='block_1_105' title="bbox 2050 4469 3651 4546">
    <p class='ocr_par' dir='ltr' id='par_1_105' title="bbox 2050 4469 3651 4546">
     <span class='ocr_line' id='line_1_105' title="bbox 2050 4469 3651 4546; baseline 0.004 -20"><span class='ocrx_word' id='word_1_772' title='bbox 2050 4469 2257 4527; x_wconf 88' lang='lat' dir='ltr'><strong>doloris</strong></span> <span class='ocrx_word' id='word_1_773' title='bbox 2293 4470 2375 4527; x_wconf 90' lang='lat' dir='ltr'><strong>sui</strong></span> <span class='ocrx_word' id='word_1_774' title='bbox 2403 4472 2639 4542; x_wconf 86' lang='lat' dir='ltr'><strong>gemitus</strong></span> <span class='ocrx_word' id='word_1_775' title='bbox 2662 4473 2893 4542; x_wconf 81' lang='lat' dir='ltr'><strong>tolerat;</strong></span> <span class='ocrx_word' id='word_1_776' title='bbox 2918 4474 3015 4531; x_wconf 88' lang='lat' dir='ltr'><strong>sed</strong></span> <span class='ocrx_word' id='word_1_777' title='bbox 3040 4492 3107 4532; x_wconf 88' lang='lat' dir='ltr'><strong>eo</strong></span> <span class='ocrx_word' id='word_1_778' title='bbox 3136 4475 3448 4532; x_wconf 83' lang='lat' dir='ltr'><strong>refectionis</strong></span> <span class='ocrx_word' id='word_1_779' title='bbox 3472 4478 3651 4546; x_wconf 82' lang='lat' dir='ltr'><strong>pabu-</strong></span> 
     </span>
    </p>
   </div>
   <div class='ocr_carea' id='block_1_106' title="bbox 2052 4562 3649 4639">
    <p class='ocr_par' dir='ltr' id='par_1_106' title="bbox 2052 4562 3649 4639">
     <span class='ocr_line' id='line_1_106' title="bbox 2052 4562 3649 4639; baseline 0.004 -21"><span class='ocrx_word' id='word_1_780' title='bbox 2052 4562 2164 4625; x_wconf 88' lang='lat' dir='ltr'><strong>lum</strong></span> <span class='ocrx_word' id='word_1_781' title='bbox 2191 4564 2444 4635; x_wconf 88' lang='lat' dir='ltr'><strong>percipit,</strong></span> <span class='ocrx_word' id='word_1_782' title='bbox 2469 4580 2579 4635; x_wconf 90' lang='lat' dir='ltr'><strong>quo</strong></span> <span class='ocrx_word' id='word_1_783' title='bbox 2627 4566 2708 4622; x_wconf 85' lang='lat' dir='ltr'><strong>vis</strong></span> <span class='ocrx_word' id='word_1_784' title='bbox 2748 4568 2949 4624; x_wconf 90' lang='lat' dir='ltr'><strong>amoris</strong></span> <span class='ocrx_word' id='word_1_785' title='bbox 2988 4582 3089 4638; x_wconf 92' lang='lat' dir='ltr'><strong>per</strong></span> <span class='ocrx_word' id='word_1_786' title='bbox 3115 4568 3383 4639; x_wconf 85' lang='lat' dir='ltr'><strong>lacrymas</strong></span> <span class='ocrx_word' id='word_1_787' title='bbox 3410 4577 3649 4625; x_wconf 89' lang='lat' dir='ltr'><strong>emanat.</strong></span> 
     </span>
    </p>
   </div>
   <div class='ocr_carea' id='block_1_107' title="bbox 2053 4654 3654 4732">
    <p class='ocr_par' dir='ltr' id='par_1_107' title="bbox 2053 4654 3654 4732">
     <span class='ocr_line' id='line_1_107' title="bbox 2053 4654 3654 4732; baseline 0.003 -19"><span class='ocrx_word' id='word_1_788' title='bbox 2053 4654 2207 4721; x_wconf 87' lang='lat' dir='ltr'><strong>Unde</strong></span> <span class='ocrx_word' id='word_1_789' title='bbox 2234 4658 2563 4723; x_wconf 82' lang='lat' dir='ltr'><strong>eteamdem</strong></span> <span class='ocrx_word' id='word_1_790' title='bbox 2590 4658 2947 4732; x_wconf 82' lang='lat' dir='ltr'><strong>lacrymarum</strong></span> <span class='ocrx_word' id='word_1_791' title='bbox 2972 4659 3083 4716; x_wconf 91' lang='lat' dir='ltr'><strong>vim</strong></span> <span class='ocrx_word' id='word_1_792' title='bbox 3130 4659 3322 4716; x_wconf 77' lang='lat' dir='ltr'><strong>beatus</strong></span> <span class='ocrx_word' id='word_1_793' title='bbox 3344 4657 3448 4716; x_wconf 85' lang='lat' dir='ltr'><strong>Job</strong></span> <span class='ocrx_word' id='word_1_794' title='bbox 3477 4660 3654 4718; x_wconf 89' lang='lat' dir='ltr'><strong>adhuc</strong></span> 
     </span>
    </p>
   </div>
   <div class='ocr_carea' id='block_1_108' title="bbox 1971 4717 2644 4823">
    <p class='ocr_par' dir='ltr' id='par_1_108' title="bbox 1971 4717 2644 4823">
     <span class='ocr_line' id='line_1_108' title="bbox 1971 4717 2644 4823; baseline 0 -16"><span class='ocrx_word' id='word_1_795' title='bbox 1971 4717 2031 4785; x_wconf 70' lang='lat' dir='ltr'><strong>D</strong></span> <span class='ocrx_word' id='word_1_796' title='bbox 2052 4752 2317 4823; x_wconf 85' lang='lat' dir='ltr'><strong>sequitur,</strong></span> <span class='ocrx_word' id='word_1_797' title='bbox 2362 4720 2598 4810; x_wconf 84' lang='lat' dir='ltr'><strong>subdens</strong></span> <span class='ocrx_word' id='word_1_798' title='bbox 2614 4770 2644 4807; x_wconf 65' lang='grc' dir='ltr'>ις</span> 
     </span>
    </p>
   </div>
   <div class='ocr_carea' id='block_1_109' title="bbox 2663 4864 3040 4923">
    <p class='ocr_par' dir='ltr' id='par_1_109' title="bbox 2663 4864 3040 4923">
     <span class='ocr_line' id='line_1_109' title="bbox 2663 4864 3040 4923; baseline -0.005 -1"><span class='ocrx_word' id='word_1_799' title='bbox 2663 4864 2893 4923; x_wconf 75' lang='lat' dir='ltr'><strong>CAPUT-</strong></span> <span class='ocrx_word' id='word_1_800' title='bbox 2946 4864 3040 4921; x_wconf 79' lang='lat' dir='ltr'><strong>IX.</strong></span> 
     </span>
    </p>
   </div>
   <div class='ocr_carea' id='block_1_110' title="bbox 2123 4957 3638 5032">
    <p class='ocr_par' dir='ltr' id='par_1_110' title="bbox 2123 4957 3638 5032">
     <span class='ocr_line' id='line_1_110' title="bbox 2123 4957 3638 5032; baseline 0.001 -17"><span class='ocrx_word' id='word_1_801' title='bbox 2123 4958 2253 5015; x_wconf 76' lang='lat' dir='ltr'><strong>Isin.</strong></span> <span class='ocrx_word' id='word_1_802' title='bbox 2276 4987 2346 4998; x_wconf 94' lang='lat'><strong>—</strong></span> <span class='ocrx_word' id='word_1_803' title='bbox 2365 4957 2433 5011; x_wconf 83' lang='lat' dir='ltr'><strong>Et</strong></span> <span class='ocrx_word' id='word_1_804' title='bbox 2457 4957 2921 5028; x_wconf 72' lang='lat' dir='ltr'><strong>quasituunduntes</strong></span> <span class='ocrx_word' id='word_1_805' title='bbox 2946 4972 3125 5031; x_wconf 62' lang='lat' dir='ltr'><strong>aqua,</strong></span> <span class='ocrx_word' id='word_1_806' title='bbox 3151 4959 3227 5013; x_wconf 85' lang='lat' dir='ltr'><strong>sic</strong></span> <span class='ocrx_word' id='word_1_807' title='bbox 3249 4957 3451 5032; x_wconf 84' lang='lat' dir='ltr'><strong>rugitus</strong></span> <span class='ocrx_word' id='word_1_808' title='bbox 3472 4976 3638 5017; x_wconf 83' lang='lat' dir='ltr'><strong>meus.</strong></span> 
     </span>
    </p>
   </div>
   <div class='ocr_carea' id='block_1_111' title="bbox 2124 5047 3646 5123">
    <p class='ocr_par' dir='ltr' id='par_1_111' title="bbox 2124 5047 3646 5123">
     <span class='ocr_line' id='line_1_111' title="bbox 2124 5047 3646 5123; baseline 0.005 -20"><span class='ocrx_word' id='word_1_809' title='bbox 2124 5049 2212 5104; x_wconf 72' lang='lat' dir='ltr'><strong>iii;</strong></span> <span class='ocrx_word' id='word_1_810' title='bbox 2253 5047 2384 5116; x_wconf 69' lang='lat' dir='ltr'><strong>Quae</strong></span> <span class='ocrx_word' id='word_1_811' title='bbox 2423 5050 2616 5105; x_wconf 73' lang='lat' dir='ltr'><strong>sanctis</strong></span> <span class='ocrx_word' id='word_1_812' title='bbox 2669 5050 2879 5123; x_wconf 73' lang='lat' dir='ltr'><strong>lugendi</strong></span> <span class='ocrx_word' id='word_1_813' title='bbox 2922 5058 2974 5106; x_wconf 76' lang='lat' dir='ltr'><strong>et</strong></span> <span class='ocrx_word' id='word_1_814' title='bbox 3030 5051 3330 5123; x_wconf 78' lang='lat' dir='ltr'><strong>trep&#39;idandi</strong></span> <span class='ocrx_word' id='word_1_815' title='bbox 3382 5070 3646 5111; x_wconf 66' lang='lat' dir='ltr'><strong>cause.—</strong></span> 
     </span>
    </p>
   </div>
   <div class='ocr_carea' id='block_1_112' title="bbox 2052 5138 3689 5217">
    <p class='ocr_par' dir='ltr' id='par_1_112' title="bbox 2052 5138 3689 5217">
     <span class='ocr_line' id='line_1_112' title="bbox 2052 5138 3689 5217; baseline 0.004 -18"><span class='ocrx_word' id='word_1_816' title='bbox 2052 5142 2409 5213; x_wconf 43' lang='lat' dir='ltr'><strong>‘Aqn‘tepcum</strong></span> <span class='ocrx_word' id='word_1_817' title='bbox 2437 5143 2725 5210; x_wconf 86' lang='lat' dir='ltr'><strong>inundant,</strong></span> <span class='ocrx_word' id='word_1_818' title='bbox 2753 5152 2881 5201; x_wconf 79' lang='lat' dir='ltr'><strong>cum</strong></span> <span class='ocrx_word' id='word_1_819' title='bbox 2896 5138 3105 5217; x_wconf 75' lang='lat' dir='ltr'><strong>impetu</strong></span> <span class='ocrx_word' id='word_1_820' title='bbox 3147 5148 3401 5216; x_wconf 84' lang='lat' dir='ltr'><strong>veniunt;</strong></span> <span class='ocrx_word' id='word_1_821' title='bbox 3433 5157 3487 5203; x_wconf 93' lang='lat' dir='ltr'><strong>et</strong></span> <span class='ocrx_word' id='word_1_822' title='bbox 3533 5162 3689 5205; x_wconf 61' lang='lat' dir='ltr'><strong>cre-&#39;</strong></span> 
     </span>
    </p>
   </div>
   <div class='ocr_carea' id='block_1_113' title="bbox 2048 5232 3737 5308">
    <p class='ocr_par' dir='ltr' id='par_1_113' title="bbox 2048 5232 3737 5308">
     <span class='ocr_line' id='line_1_113' title="bbox 2048 5232 3737 5308; baseline 0.004 -17"><span class='ocrx_word' id='word_1_823' title='bbox 2048 5232 2327 5292; x_wconf 79' lang='lat' dir='ltr'><strong>scentibus</strong></span> <span class='ocrx_word' id='word_1_824' title='bbox 2346 5236 2713 5307; x_wconf 77' lang='lat' dir='ltr'><strong>muitipliCiter</strong></span> <span class='ocrx_word' id='word_1_825' title='bbox 2730 5236 3115 5308; x_wconf 85' lang='lat' dir='ltr'><strong>voluminibus,</strong></span> <span class='ocrx_word' id='word_1_826' title='bbox 3128 5239 3520 5295; x_wconf 82' lang='lat' dir='ltr'><strong>intumescunt.</strong></span> <span class='ocrx_word' id='word_1_827' title='bbox 3539 5238 3653 5296; x_wconf 84' lang='lat' dir='ltr'><strong>Eie-</strong></span> <span class='ocrx_word' id='word_1_828' title='bbox 3734 5268 3737 5273; x_wconf 38' lang='grc' dir='ltr'><em>γ</em></span> 
     </span>
    </p>
   </div>
   <div class='ocr_carea' id='block_1_114' title="bbox 2051 5322 3743 5404">
    <p class='ocr_par' dir='ltr' id='par_1_114' title="bbox 2051 5322 3743 5404">
     <span class='ocr_line' id='line_1_114' title="bbox 2051 5322 3743 5404; baseline -0.002 -15"><span class='ocrx_word' id='word_1_829' title='bbox 2051 5333 2122 5390; x_wconf 89' lang='lat' dir='ltr'><strong>cti</strong></span> <span class='ocrx_word' id='word_1_830' title='bbox 2142 5347 2275 5389; x_wconf 90' lang='lat' dir='ltr'><strong>vero</strong></span> <span class='ocrx_word' id='word_1_831' title='bbox 2301 5332 2429 5389; x_wconf 88' lang='lat' dir='ltr'><strong>dum</strong></span> <span class='ocrx_word' id='word_1_832' title='bbox 2460 5333 2658 5388; x_wconf 89' lang='lat' dir='ltr'><strong>mentis</strong></span> <span class='ocrx_word' id='word_1_833' title='bbox 2684 5330 2795 5390; x_wconf 67' lang='lat' dir='ltr'><strong>sua</strong></span> <span class='ocrx_word' id='word_1_834' title='bbox 2821 5333 2993 5390; x_wconf 74' lang='lat' dir='ltr'><strong>daulis</strong></span> <span class='ocrx_word' id='word_1_835' title='bbox 3013 5330 3195 5390; x_wconf 75' lang='lat' dir='ltr'><strong>divina“</strong></span> <span class='ocrx_word' id='word_1_836' title='bbox 3231 5330 3441 5404; x_wconf 71' lang='lat' dir='ltr'><strong>judicia</strong></span> <span class='ocrx_word' id='word_1_837' title='bbox 3484 5342 3506 5379; x_wconf 69' lang='grc' dir='ltr'><strong>ε</strong></span> <span class='ocrx_word' id='word_1_838' title='bbox 3552 5348 3651 5403; x_wconf 40' lang='lat' dir='ltr'><strong>op.</strong></span> <span class='ocrx_word' id='word_1_839' title='bbox 3729 5322 3743 5372; x_wconf 68' lang='grc' dir='ltr'><em>ἰ</em></span> 
     </span>
    </p>
   </div>
   <div class='ocr_carea' id='block_1_115' title="bbox 2050 5410 3646 5499">
    <p class='ocr_par' dir='ltr' id='par_1_115' title="bbox 2050 5410 3646 5499">
     <span class='ocr_line' id='line_1_115' title="bbox 2050 5410 3646 5499; baseline -0.003 -18"><span class='ocrx_word' id='word_1_840' title='bbox 2050 5433 2280 5497; x_wconf 90' lang='lat' dir='ltr'><strong>ponunt,</strong></span> <span class='ocrx_word' id='word_1_841' title='bbox 2309 5425 2433 5482; x_wconf 86' lang='lat' dir='ltr'><strong>dum</strong></span> <span class='ocrx_word' id='word_1_842' title='bbox 2463 5422 2530 5482; x_wconf 81' lang='lat' dir='ltr'><strong>de</strong></span> <span class='ocrx_word' id='word_1_843' title='bbox 2558 5410 2771 5482; x_wconf 65' lang='lat' dir='ltr'><strong>ecculta</strong></span> <span class='ocrx_word' id='word_1_844' title='bbox 2792 5410 2955 5499; x_wconf 81' lang='lat' dir='ltr'><strong>super</strong></span> <span class='ocrx_word' id='word_1_845' title='bbox 2981 5424 3325 5484; x_wconf 83' lang='lat' dir='ltr'><strong>sesententia</strong></span> <span class='ocrx_word' id='word_1_846' title='bbox 3357 5422 3646 5493; x_wconf 87' lang='lat' dir='ltr'><strong>trepidant,</strong></span> 
     </span>
    </p>
   </div>
   <div class='ocr_carea' id='block_1_116' title="bbox 2051 5542 3097 5619">
    <p class='ocr_par' dir='ltr' id='par_1_116' title="bbox 2051 5542 3097 5619">
     <span class='ocr_line' id='line_1_116' title="bbox 2051 5542 3097 5619; baseline 0.021 -24"><span class='ocrx_word' id='word_1_847' title='bbox 2051 5549 2230 5619; x_wconf 77' lang='lat' dir='ltr'><strong>tex_tu_s</strong></span> <span class='ocrx_word' id='word_1_848' title='bbox 2259 5558 2427 5619; x_wconf 63' lang='lat' dir='ltr'><strong>sacra:</strong></span> <span class='ocrx_word' id='word_1_849' title='bbox 2456 5542 2768 5619; x_wconf 54' lang='lat' dir='ltr'><strong>Scriptul&#39;m-</strong></span> <span class='ocrx_word' id='word_1_850' title='bbox 2930 5613 2941 5619; x_wconf 72' lang='grc'><em>,</em></span> <span class='ocrx_word' id='word_1_851' title='bbox 3000 5613 3013 5619; x_wconf 86' lang='lat'>_</span> <span class='ocrx_word' id='word_1_852' title='bbox 3064 5612 3097 5619; x_wconf 80' lang='grc'><strong>,,</strong></span> 
     </span>
    </p>
   </div>
   <div class='ocr_carea' id='block_1_117' title="bbox 2123 5607 3405 5689">
    <p class='ocr_par' dir='ltr' id='par_1_117' title="bbox 2123 5607 3405 5689">
     <span class='ocr_line' id='line_1_117' title="bbox 2123 5607 3405 5689; baseline -0.005 -19"><span class='ocrx_word' id='word_1_853' title='bbox 2123 5610 2149 5649; x_wconf 73' lang='grc' dir='ltr'>ἀ</span> <span class='ocrx_word' id='word_1_854' title='bbox 2174 5613 2336 5689; x_wconf 69' lang='grc' dir='ltr'><strong>ροιοι).</strong></span> <span class='ocrx_word' id='word_1_855' title='bbox 2366 5612 2549 5689; x_wconf 64' lang='lat' dir='ltr'><strong>Germ.</strong></span> <span class='ocrx_word' id='word_1_856' title='bbox 2578 5607 2826 5689; x_wconf 47' lang='lat'><strong>31393.,</strong></span> <span class='ocrx_word' id='word_1_857' title='bbox 2856 5613 2968 5689; x_wconf 76' lang='lat' dir='ltr'><strong>quis</strong></span> <span class='ocrx_word' id='word_1_858' title='bbox 2994 5607 3339 5689; x_wconf 45' lang='lat' dir='ltr'><strong>asangm.</strong></span> <span class='ocrx_word' id='word_1_859' title='bbox 3380 5684 3405 5689; x_wconf 15' lang='grc' dir='ltr'><em>Α</em></span> 
     </span>
    </p>
   </div>
   <div class='ocr_carea' id='block_1_118' title="bbox 2088 5677 3649 5753">
    <p class='ocr_par' dir='ltr' id='par_1_118' title="bbox 2088 5677 3649 5753">
     <span class='ocr_line' id='line_1_118' title="bbox 2088 5677 3649 5753; baseline -0.001 -14"><span class='ocrx_word' id='word_1_860' title='bbox 2088 5728 2091 5731; x_wconf 79' lang='lat'><strong>.</strong></span> <span class='ocrx_word' id='word_1_861' title='bbox 2125 5694 2150 5722; x_wconf 77' lang='grc' dir='ltr'><strong><em>ο</em></strong></span> <span class='ocrx_word' id='word_1_862' title='bbox 2180 5684 2378 5740; x_wconf 86' lang='lat' dir='ltr'><strong>Omnes</strong></span> <span class='ocrx_word' id='word_1_863' title='bbox 2423 5685 2612 5742; x_wconf 68' lang='lat' dir='ltr'><strong>Ehem.</strong></span> <span class='ocrx_word' id='word_1_864' title='bbox 2646 5690 2704 5741; x_wconf 81' lang='lat' dir='ltr'><strong>et</strong></span> <span class='ocrx_word' id='word_1_865' title='bbox 2731 5677 2936 5753; x_wconf 66' lang='lat' dir='ltr'><strong>Reisig.</strong></span> <span class='ocrx_word' id='word_1_866' title='bbox 2955 5724 2971 5750; x_wconf 91' lang='lat'><strong>,</strong></span> <span class='ocrx_word' id='word_1_867' title='bbox 3000 5682 3163 5739; x_wconf 87' lang='lat' dir='ltr'><strong>Corb.</strong></span> <span class='ocrx_word' id='word_1_868' title='bbox 3181 5677 3200 5682; x_wconf 66' lang='grc'>⁷</span> <span class='ocrx_word' id='word_1_869' title='bbox 3221 5678 3405 5753; x_wconf 64' lang='lat' dir='ltr'><strong>Germ;</strong></span> <span class='ocrx_word' id='word_1_870' title='bbox 3426 5718 3444 5746; x_wconf 91' lang='lat'><strong>,</strong></span> <span class='ocrx_word' id='word_1_871' title='bbox 3467 5677 3605 5747; x_wconf 72' lang='lat' dir='ltr'><strong>leg.</strong></span> <span class='ocrx_word' id='word_1_872' title='bbox 3632 5710 3649 5738; x_wconf 72' lang='grc' dir='ltr'><strong>ν</strong></span> 
     </span>
    </p>
   </div>
   <div class='ocr_carea' id='block_1_119' title="bbox 2052 5750 3404 5829">
    <p class='ocr_par' dir='ltr' id='par_1_119' title="bbox 2052 5750 3404 5829">
     <span class='ocr_line' id='line_1_119' title="bbox 2052 5750 3404 5829; baseline -0.003 -18"><span class='ocrx_word' id='word_1_873' title='bbox 2052 5756 2309 5829; x_wconf 46' lang='grc' dir='ltr'><strong>νημαι,</strong></span> <span class='ocrx_word' id='word_1_874' title='bbox 2332 5758 2549 5829; x_wconf 66' lang='lat' dir='ltr'><strong>internis</strong></span> <span class='ocrx_word' id='word_1_875' title='bbox 2572 5759 2755 5829; x_wconf 73' lang='lat' dir='ltr'><strong>patria:</strong></span> <span class='ocrx_word' id='word_1_876' title='bbox 2784 5772 2801 5809; x_wconf 91' lang='lat'><em>:</em></span> <span class='ocrx_word' id='word_1_877' title='bbox 2842 5750 2914 5810; x_wconf 79' lang='lat' dir='ltr'><strong>ita</strong></span> <span class='ocrx_word' id='word_1_878' title='bbox 2937 5755 3098 5811; x_wconf 90' lang='lat' dir='ltr'><strong>etiam</strong></span> <span class='ocrx_word' id='word_1_879' title='bbox 3125 5759 3233 5809; x_wconf 90' lang='lat' dir='ltr'><strong>vet.</strong></span> <span class='ocrx_word' id='word_1_880' title='bbox 3261 5750 3404 5809; x_wconf 85' lang='lat' dir='ltr'><strong>Edit.</strong></span> 
     </span>
    </p>
   </div>
   <div class='ocr_carea' id='block_1_120' title="bbox 2128 5826 2804 5899">
    <p class='ocr_par' dir='ltr' id='par_1_120' title="bbox 2128 5826 2804 5899">
     <span class='ocr_line' id='line_1_120' title="bbox 2128 5826 2804 5899; baseline 0 -17"><span class='ocrx_word' id='word_1_881' title='bbox 2128 5827 2148 5867; x_wconf 69' lang='grc' dir='ltr'>ί</span> <span class='ocrx_word' id='word_1_882' title='bbox 2173 5827 2335 5883; x_wconf 88' lang='lat' dir='ltr'><strong>Corb.</strong></span> <span class='ocrx_word' id='word_1_883' title='bbox 2365 5826 2588 5899; x_wconf 61' lang='lat' dir='ltr'><strong>Germ,</strong></span> <span class='ocrx_word' id='word_1_884' title='bbox 2633 5829 2804 5899; x_wconf 75' lang='lat' dir='ltr'><strong>panis.</strong></span> 
     </span>
    </p>
   </div>
   <div class='ocr_carea' id='block_1_121' title="bbox 2127 5897 2858 5969">
    <p class='ocr_par' dir='ltr' id='par_1_121' title="bbox 2127 5897 2858 5969">
     <span class='ocr_line' id='line_1_121' title="bbox 2127 5897 2858 5969; baseline -0.003 -15"><span class='ocrx_word' id='word_1_885' title='bbox 2127 5911 2151 5948; x_wconf 76' lang='grc' dir='ltr'><strong><em>κ</em></strong></span> <span class='ocrx_word' id='word_1_886' title='bbox 2180 5899 2325 5955; x_wconf 89' lang='lat' dir='ltr'><strong>Idem</strong></span> <span class='ocrx_word' id='word_1_887' title='bbox 2349 5897 2553 5967; x_wconf 77' lang='lat' dir='ltr'><strong>Codex,</strong></span> <span class='ocrx_word' id='word_1_888' title='bbox 2578 5897 2858 5969; x_wconf 75' lang='lat' dir='ltr'><strong>apponunt.</strong></span> 
     </span>
    </p>
   </div>
  </div>
