4180 6456
521 430 618 491 691

1739 423 1983 481 δΑΝοτι
2019 417 2360 482 GREGORH
2388 413 2606 480 MAGM

3463 343 3506 358 αλ

3709 426 3816 483 692

519 545 681 620 plicia
719 531 998 609 maneant,
1039 540 1086 597 si
1124 539 1288 596 etiam
1315 539 1491 610 iustos
1519 545 1628 595 tam
1657 539 1831 596 valida
1875 531 1970 597 hic
2012 537 2110 596 ll'a-
2133 541 2191 604 Α
2215 529 2370 611 justi,
2399 536 2502 592 nisi
2533 549 2666 592 arca
2689 535 3038 592 testamenti?
3065 536 3194 605 Quae
3222 533 3440 607 gestata
3455 535 3819 596 ahenum]-

517 635 661 706 geiia
713 632 1000 702 castigant.
1049 625 1189 685 Hinc
1235 627 1322 685 est
1365 628 1511 686 enim
1557 629 1707 701 quod
1750 629 1942 688 Petrus
1994 632 2111 688 ait:

518 727 742 800 Tempus
781 733 862 782 est
903 733 961 780 ut
982 725 1240 798 judicium
1266 723 1486 796 incipiat
1514 725 1578 780 de
1605 724 1758 780 domo
1788 721 1908 781 Dei.
1956 717 2034 780 Et
2069 725 2116 780 si

517 824 687 899 justus
712 821 799 876 via:
825 819 1109 876 salvabitu‘r
1129 861 1145 887 ,
1173 815 1362 890 impius
1400 823 1456 872 et
1487 825 1726 888 peccator
1751 817 1838 873 ubi
1866 815 2118 889 parebunt

519 911 583 988 (1,
597 913 716 969 Pet.
748 917 820 980 rv,
846 909 933 978 i7,
964 908 1096 982 18)?
1118 907 1255 964 Hinc
1282 905 1501 975 Paulus,
1530 907 1658 965 cuni
1676 899 1846 964 m‘ulta
1869 909 1920 963 in
1943 906 2116 964 Thes-

517 1005 939 1067 salonicensium
981 999 1195 1060 laudem
1241 999 1487 1069 dixisset,
1537 1003 1783 1074 protinus
1829 995 2114 1071 adjun‘iit‘:

518 1099 608 1157 Ita
633 1108 690 1155 ut
717 1111 765 1154 et
796 1116 890 1155 nos
918 1097 1023 1170 ipsi
1049 1089 1105 1152 in
1133 1095 1273 1152 vobis
1301 1095 1586 1169 gloriemur
1627 1095 1690 1149 in
1732 1089 1983 1148 Ec‘clesiis
2020 1090 2119 1148 Dei

518 1211 614 1266 pro
640 1193 895 1264 patientia
921 1199 1090 1246 vestra
1119 1187 1168 1244 et
1197 1187 1301 1260 ﬁde
1325 1232 1342 1258 ,
1396 1189 1451 1243 in
1480 1179 1717 1243 omnibus
1746 1179 2118 1258 persecutioni-

521 1285 614 1341 bus
643 1285 824 1342 vestris
854 1293 904 1340 et
933 1279 1374 1346 tribulationibus,
1406 1296 1534 1352 quas
1563 1279 1828 1334 sustinetis
1855 1279 1908 1337 in
1943 1274 2118 1330 exerit:-

514 1377 663 1450 plum
685 1377 817 1449 justi
841 1365 1031 1447 judicii
1059 1371 1160 1426 Dei
1189 1367 1278 1445 (II
1309 1369 1491 1426 Thess.
1519 1383 1559 1435 ι,
1590 1367 1666 1441 4).
1700 1367 1779 1422 ΑΟ
1803 1366 1855 1424 si
1875 1365 2115 1423 diceret:

519 1465 659 1524 Dum
690 1473 772 1523 tot
800 1461 932 1523 dura
961 1462 1240 1531 toleratis,
1270 1462 1362 1532 qui
1417 1468 1526 1516 tam
1580 1459 1732 1517 recta
1784 1458 1962 1529 agitis,
1991 1457 2120 1528 quid

521 1559 668 1616 aliud
695 1573 857 1630 quam
898 1553 1030 1628 justi
1058 1553 1154 1612 Dei
1181 1549 1370 1625 iudicii
1397 1551 1642 1622 exempla
1668 1547 1845 1607 datis?
1890 1547 2014 1619 quia
2052 1560 2121 1604 ex

516 1659 698 1710 vestra
730 1665 891 1722 paena
918 1646 1286 1720 colligendum
1314 1653 1400 1702 est
1428 1642 1699 1716 quomodo
1740 1639 1899 1697 feriat
1927 1640 2121 1711 qvibvs

517 1743 798 1812 iiascitur,
829 1743 871 1798 si
900 1731 979 1798 sic
1006 1756 1103 1798 vos
1127 1737 1289 1810 afﬂigi
1315 1739 1536 1810 patitur,
1568 1737 1623 1793 in
1653 1735 1850 1808 quibus
1877 1735 2116 1800 letatur;

518 1845 615 1891 aut
639 1833 914 1909 quomodo
960 1831 1083 1888 illos
1122 1841 1480 1904 percussurus
1523 1833 1627 1898 est,
1673 1827 1868 1899 quibus
1911 1827 2116 1898 justum

2215 629 2534 688 citi-antibus
2581 629 2906 697 inclinatur;
2959 629 3084 700 quia
3116 645 3501 701 nonnunqua
3529 633 3693 691 etiam
3721 639 3814 705 qui

2215 719 2358 780 bene
2373 719 3129 795 praesudumsubjectnrum
3147 722 3470 794 populorum
3497 722 3818 782 confusione

2216 813 2544 882 concutitur,
2590 811 2656 868 ad
2712 811 3138 883 dispensationis
3183 813 3709 871 condescensionerne
3745 831 3820 873 ex

2215 906 2334 962 sola
2379 904 2671 960 dilectione
2695 912 3062 976 permovetur.
3105 902 3220 960 Sed
3247 906 3300 960 in
3332 905 3471 971 hoc,
3511 906 3668 974 quod
3702 905 3817 963 dis-

2217 994 2534 1068 pensatoris:
2561 993 2771 1063 agitur,
2805 993 3090 1050 inclinatio
3123 993 3240 1064 ipsa
3267 992 3622 1064 fortiwdinis,
3659 1010 3817 1052 casus

2219 1093 2439 1160 putatur
2476 1085 2763 1158 imperitis.
2813 1083 2967 1141 Unde
3013 1093 3070 1141 et
3115 1085 3360 1142 nonnulli
3399 1086 3598 1142 subditi
3626 1097 3818 1143 contra

2219 1180 2379 1249 hanc,
2405 1194 2625 1235 manum
2650 1177 3090 1250 reprehensionis
3109 1179 3348 1247 mittunt,
3378 1180 3472 1235 sed
3497 1193 3536 1234 αι
3558 1180 3670 1234 vita
3691 1195 3818 1250 pro-

2221 1271 2369 1328 tinus
2410 1272 2536 1343 ipsa
2580 1283 2686 1327 sua
2731 1268 3042 1327 temeritate
3096 1268 3374 1328 deﬁciunt.
3427 1270 3652 1327 Levites
3687 1286 3820 1342 ergo

2222 1363 2380 1435 quasi
2419 1362 2701 1432 adiuvans,
2731 1373 2952 1418 manum
2980 1362 3232 1430 tetendit,
3264 1362 3364 1418 sed
3388 1361 3712 1433 delinquens
3733 1365 3818 1418 vi-

2218 1464 2333 1510 tam
2361 1453 2614 1529 perdidit,
2647 1453 2778 1527 quia
2801 1452 2928 1509 dum
2957 1452 3156 1510 inﬁrmi
3184 1453 3386 1524 quique
3410 1453 3632 1510 fortium
3673 1455 3814 1512 facta

2219 1546 2537 1617 corripiunt,
2583 1544 2684 1616 ipsi
2725 1559 2757 1600 a
2795 1545 3088 1602 viventium
3118 1553 3268 1601 sorte
3293 1534 3671 1617 reprobantur.
3702 1548 3818 1602 Ali-

2221 1638 2442 1709 quando
2466 1637 2630 1694 etiam
2657 1637 2834 1712 sancti
2862 1637 2964 1693 viri
2993 1633 3022 1675 ά
3049 1636 3296 1708 quadam
3341 1638 3582 1694 minimis
3615 1639 3818 1695 conde-

2221 1729 2541 1787 scendentes
2583 1728 2816 1797 dicunt,
2857 1728 3100 1800 quasdam
3151 1741 3281 1785 vero
3327 1747 3534 1787 summa
3578 1742 3820 1789 contem-

2220 1820 2436 1892 plantes
2461 1816 2782 1890 proferunt;
2813 1819 3050 1891 dumque
3076 1819 3194 1875 vim.
3213 1820 3302 1877 vel
3339 1821 3817 1878 condescensionis

515 1925 784 1998 judicium
813 1919 1055 1992 exhibet,
1083 1921 1128 1980 si
1157 1924 1321 1980 etiam
1347 1925 1447 1979 νος
1472 1921 1553 1979 sic
1579 1919 1821 1987 cruciat,
1868 1921 2004 1989 ques
2031 1917 2119 1989 pie
2147 1924 2198 1987 Β
2220 1911 2310 1969 vel
2351 1912 2653 1969 altitudinis
2689 1912 2960 1977 nesciunt,
3005 1912 3265 1969 audacter
3302 1913 3420 1970 hinc
3446 1914 3598 1970 stulti
3626 1929 3815 1986 repre-

518 2017 853 2086 redarguens
873 2015 1038 2071 fovet.
1245 2081 1250 2086 ο

584 2107 737 2184 [γει.
764 2106 870 2176 IX,
891 2103 1016 2162 Res.
1037 2101 1138 2180 Χ
1188 2097 1279 2162 25.
1341 2105 1637 2160 Amicorum
1664 2099 1771 2158 Job
1790 2101 2010 2158 intentio
2030 2101 2118 2173 pia

517 2202 639 2274 fuit,
653 2201 745 2256 sed
763 2201 974 2255 incauta
997 2197 1206 2255 locutio.
1229 2191 1367 2263 Quid
1386 2196 1512 2268 ipsis
1524 2195 1780 2269 agendum
1794 2191 2120 2250 έναι-Ρη-

517 2310 608 2350 ma
648 2293 811 2362 igitur
839 2287 984 2349 beati
1012 2291 1114 2348 ιοι)
1141 2287 1417 2348 locutione
1446 2290 1752 2356 terminata,
1795 2288 2029 2345 vicissim
2061 2293 2118 2343 se

517 2383 702 2452 amici,
727 2393 752 2420 ἰ
805 2381 898 2453 qui
927 2373 1258 2440 consolaturi
1285 2389 1548 2439 venerant
1574 2373 1662 2452 pie
1705 2381 1824 2452 ejus
1872 2381 2119 2454 increpa-

519 2477 656 2533 tioni
685 2450 1008 2547 subjiciunt;
1042 2471 1282 2546 dumque
1310 2475 1376 2531 ad
1406 2450 1772 2531 eon‘teutiOnis
1799 2450 1963 2530 verb’a
1993 2450 2117 2546 pru-

519 2570 728 2638 silium,
759 2586 881 2628 eam
912 2586 1012 2642 pro
1039 2585 1146 2643 qua
1175 2577 1438 2625 venerant
1465 2561 1685 2626 causam
1715 2563 1934 2639 pietatis
1962 2568 2121 2623 amit-

521 2671 663 2720 tunt.
695 2663 797 2731 Qui
825 2653 1044 2735 quidem
1074 2678 1181 2719 non
1217 2677 1383 2733 prava
1413 2660 1518 2717 hoc
1545 2651 1850 2717 intentione
1879 2656 2116 2727 faciunt;

523 2747 619 2810 sed
645 2753 893 2824 quamvis
911 2749 1162 2809 affectum
1186 2765 1446 2824 percusso
1467 2743 1778 2816 exhibeant,
1803 2755 2118 2822 percussum

519 2855 704 2902 tamen
736 2845 952 2902 nonnisi
981 2860 1082 2915 pro
1111 2844 1400 2914 iniquitate
1449 2844 1835 2913 crediderunt;
1884 2845 2120 2915 dumque

521 2936 878 2992 intentionem
923 2923 1124 2992 bonam
1173 2935 1517 3006 nequaquam
1568 2929 1771 2993 locutio
1801 2945 1959 2993 cauta
1987 2937 2116 2993 sub-

518 3028 784 3097 sequitur,
831 3025 949 3098 ipsa
993 3019 1210 3099 pietatis
1251 3025 1548 3098 propositio
1579 3026 1632 3083 in
1680 3026 2121 3097 transgressionis

397 3135 404 3142 ·
522 3120 708 3174 vitium
737 3119 982 3175 vertitur.
1025 3115 1369 3174 Pensandum
1401 3123 1632 3190 namque
1670 3115 1883 3184 fuerat,
1932 3119 2018 3176 cui
2065 3127 2121 3174 et

517 3209 735 3280 quando
785 3208 1154 3280 loquerentur.
1199 3207 1383 3266 Justus
1409 3209 1613 3281 quippe
1651 3213 1786 3279 erat,
1837 3211 1902 3265 ad
1954 3226 2112 3283 quem

2221 2001 2482 2059 bendunt.
2530 2005 2596 2058 Et
2632 2003 2759 2073 quid
2789 2011 2875 2059 est
2909 2004 3112 2074 justum
3141 2004 3208 2060 de
3234 2019 3331 2060 sua
3358 2004 3816 2063 condescensione

2219 2093 2362 2150 velle
2384 2093 2680 2164 corrigere,
2708 2094 2811 2151 nisi
2830 2093 3150 2151 inclinatam
3167 2111 3349 2152 arcam
3376 2097 3610 2166 superba
3634 2113 3814 2170 repre-

2220 2183 2500 2241 hensionis
2544 2199 2708 2240 manu
2751 2184 3039 2242 relevare?
3067 2184 3206 2253 Quid
3231 2193 3317 2243 est
3338 2185 3546 2257 justum
3575 2187 3642 2243 de
3666 2187 3788 2244 ineo

2219 2284 2366 2354 gnita
2396 2284 2666 2340 locutione
2691 2282 3113 2355 reprehendere,
3145 2278 3247 2340 nisi
3274 2289 3484 2340 motum
3509 2283 3624 2354 ejus
3652 2283 3808 2340 forti-

2220 2374 2444 2448 tudinis,
2473 2375 2673 2434 erroris
2692 2375 2900 2448 lapsum
2923 2377 3154 2447 putare?
3181 2374 3292 2433 Sed
3315 2375 3496 2447 perdit
3513 2375 3696 2444 vitam,
3719 2379 3816 2447 qui

2222 2481 2404 2527 arcam
2417 2469 2512 2526 Dei
2534 2469 2738 2525 tumide
2755 2469 3020 2535 sublevat,
3057 2468 3184 2539 quia
3199 2484 3537 2542 nemragiam
3548 2469 3668 2540 quis
3687 2483 3816 2524 san-

2221 2567 2432 2618 ctorum
2459 2561 2911 2630 eorrigererecta
2939 2565 3322 2632 pratulum-et,
3362 2562 3465 2618 nisi
3483 2562 3643 2618 dese
3668 2562 3816 2632 prius

2221 2654 2447 2710 meliora
2470 2653 2750 2711 sensisset.
2791 2652 2950 2710 Unde
2978 2661 3036 2710 et
3063 2652 3277 2711 Levites
3318 2653 3488 2710 isdem
3517 2662 3676 2711 recte
3708 2653 3815 2710 Ora

2221 2749 2440 2816 dicitur,
2474 2747 2616 2819 quod
2645 2747 2904 2804 videlicet
2935 2747 3192 2804 robustus
3231 2748 3452 2805 Domini
3488 2749 3813 2821 interpreta-

2220 2850 2310 2899 tur
2323 2843 2476 2913 ;quia
2489 2851 2912 2914 praesumptores
2923 2841 3126 2915 quique
3142 2841 3242 2899 nisi
3255 2841 3448 2898 audaci
3465 2851 3643 2899 mente
3661 2844 3817 2898 robu—

2221 2942 2334 2990 stos
2359 2948 2418 2990 se
2447 2934 2502 2989 in
2531 2934 2764 2989 Domino
2811 2933 3118 2999 crederent,
3161 2947 3504 3006 numquam
3529 2934 3811 2990 meliorum

2221 3023 2364 3082 facta
2393 3026 2480 3083 vel
2511 3025 2654 3080 dicta
2685 3025 2832 3081 velut
2860 3023 3069 3080 inﬁrma
3091 3025 3419 3096 iudicarent.
3454 3025 3630 3082 Amici
3656 3025 3815 3096 igitur

2221 3117 2344 3182 Job,
2375 3117 2500 3174 dum
2520 3126 2712 3174 contra
2728 3129 2849 3174 eum
2877 3117 3032 3190 quasi
3057 3117 3118 3173 in
3133 3117 3230 3173 Dei
3247 3115 3620 3174 defensionem
3645 3118 3813 3188 prosi-

2221 3211 2380 3279 liunt,
2412 3212 2578 3268 divini
2593 3212 2850 3283 praerepti
2866 3211 3108 3281 regulam
3127 3211 3500 3281 superbientes
3525 3212 3806 3268 eacedunt.

518 3309 803 3366 venerant,
836 3309 890 3357 et
917 3299 1111 3358 divinis
1138 3301 1456 3360 verberibus
1494 3303 1724 3359 cinctus.
1757 3301 1835 3359 Ex
1866 3305 2114 3360 anteacta
2146 3313 2192 3382 ε
2294 3301 2382 3359 25.
2428 3300 2492 3359 Si
2523 3304 2721 3377 aliquid
2749 3304 2803 3358 in
2838 3303 2918 3356 his
2945 3302 3216 3373 displicet,
3243 3317 3351 3358 non
3375 3309 3452 3357 est
3476 3303 3809 3367 reticeam,

520 3407 650 3462 ergo
695 3391 812 3461 ejus
855 3391 966 3447 vita
1010 3389 1310 3474 debuerant
1368 3405 1430 3449 ea
1479 3401 1600 3466 qure-
1653 3393 1953 3465 intelligere
2004 3397 2112 3452 rion

519 3484 774 3539 valebant
803 3482 945 3540 illius
971 3481 1136 3541 verba
1156 3486 1491 3557 perpendere
1516 3505 1531 3554 ;
1563 3493 1618 3544 et
1639 3505 1706 3544 ex
1727 3485 1951 3560 ﬂagellis
1981 3492 2115 3563 pra:-

520 3575 767 3634 sentibus
795 3592 906 3633 non
936 3575 1084 3660 illum
1112 3575 1460 3650 redarguere,
1508 3579 1602 3636 sed
1628 3579 1697 3636 de
1723 3581 1819 3638 sua
1846 3582 1954 3637 vita
2003 3581 2102 3638 to'r-

521 3669 763 3734 midare;
813 3669 980 3740 seqde
1023 3665 1294 3750 ﬂagellato
1334 3663 1503 3742 justo,
1539 3679 1644 3728 non
1691 3663 1846 3744 qu‘as’i
1893 3673 2116 3732 ratioci-

522 3759 700 3817 nando
728 3760 954 3830 erigere,
986 3749 1080 3817 sed
1113 3749 1295 3818 ﬂendo
1323 3761 1568 3832 sociare;
1601 3759 1661 3820 ut
1690 3759 2028 3838 nequaquam
2060 3783 2119 3824 se

519 3868 709 3909 eorum
732 3853 957 3910 scientia
988 3855 1085 3925 per
1115 3847 1278 3910 verba
1306 3837 1638 3923 ostenderet,
1669 3855 1764 3913 sed
1778 3837 1941 3930 loqui
1971 3857 2121 3915 recte

523 3946 761 4018 linguam
789 3943 1185 4002 consolantium
1210 3946 1236 3986 ι)
1264 3947 1522 4019 magister
1541 3935 1695 4006 dolor
1736 3947 1993 4006 erudiret.
2017 3949 2121 4019 Qui

521 4039 623 4096 etsi
664 4053 771 4110 qua
812 4037 1040 4094 forsitan
1066 4039 1278 4095 diversa
1307 4041 1590 4109 sentirent,
1632 4040 1848 4112 dignum
1877 4043 2121 4114 profecto

521 4137 641 4184 erat
665 4136 725 4183 ut
751 4125 865 4184 huic
908 4127 1186 4186 humiliter
1214 4127 1480 4200 dicerent,
1518 4149 1585 4188 ne
1615 4132 1871 4204 percusso
1899 4133 2120 4190 vulnera

520 4232 622 4288 per
645 4215 1000 4273 immoderata
1030 4203 1199 4284 verba
1224 4219 1582 4277 Cumularent.

597 4307 686 4362 24.
729 4303 1084 4364 Deterioribus
1113 4327 1250 4381 stupe
1279 4307 1557 4383 displicent
1580 4307 1722 4368 dicta
1750 4305 1829 4369 vel
1856 4315 1997 4387 facta
2022 4329 2125 4370 me-

520 4401 737 4468 liorum.
757 4433 827 4443 —
849 4393 1003 4472 Saepe
1046 4402 1211 4468 enim,
1248 4404 1370 4477 quia
1403 4395 1626 4476 intelligi
1657 4423 1760 4462 non
1791 4399 1993 4477 valent,
2024 4410 2121 4466 de-

523 4491 814 4550 terioribus
855 4481 1142 4566 displicent
1190 4495 1274 4552 vel
1321 4485 1463 4553 iacta
1494 4497 1579 4553 vei
1607 4496 1750 4555 dicta
1795 4497 2119 4557 meliorum:

2221 3397 2313 3453 sed
2340 3410 2538 3470 magna
2577 3396 2866 3452 humilitate
2890 3395 3250 3465 promendum.
3268 3394 3484 3450 --Cum
3512 3407 3646 3450 vero
3669 3409 3816 3464 qure-

2218 3489 2344 3546 dam
2371 3491 2511 3546 facta
2565 3490 2852 3546 meliorum
2896 3488 3260 3544 deterioribus
3275 3487 3580 3559 displicent,
3612 3501 3818 3558 nequa-

2220 3597 2383 3653 quam
2415 3582 2523 3638 hoc
2556 3581 2703 3653 quod
2731 3588 2968 3637 mentem
2997 3588 3204 3648 movet,
3230 3577 3556 3636 reticendum
3587 3586 3692 3643 est,
3718 3577 3815 3633 sed

2222 3691 2345 3730 eum
2373 3688 2565 3746 magna
2608 3675 2917 3731 humilitate
2953 3672 3366 3746 proferendum;
3412 3682 3677 3742 quatenus
3726 3671 3812 3725 in-

2223 3768 2397 3824 tentio
2420 3767 2508 3840 pie
2552 3767 2835 3824 sentientis
2871 3781 2941 3822 eo
2967 3779 3097 3824 vere
3124 3773 3305 3823 servet
3333 3762 3556 3820 formam
3585 3764 3812 3820 rectitu-

2221 3861 2383 3928 dinis,
2435 3874 2546 3931 quo
2590 3875 2687 3931 per
2717 3860 2820 3915 iter
2871 3859 3118 3930 graditur
3166 3858 3504 3914 humilitatis.
3546 3855 3615 3910 Et
3644 3855 3816 3912 libere

2222 3966 2354 4022 ergo
2396 3951 2627 4010 dicenda
2656 3961 2787 4008 sunt
2812 3967 2936 4023 qua:
2961 3952 3245 4017 sentimus,
3272 3959 3332 4008 et
3357 3949 3518 4006 valde
3543 3949 3815 4004 humiliter

2220 4045 2518 4117 promenda
2547 4059 2669 4116 quze
2693 4043 2938 4111 dicimus,
2962 4060 3032 4101 ne
3057 4053 3115 4101 et
3141 4059 3264 4115 qua:
3283 4051 3432 4100 recte
3453 4042 3800 4107 intendimus,

2223 4140 2338 4196 haec
2365 4139 2508 4195 elate
2533 4135 2857 4209 proferendo
2897 4152 3005 4193 non
3039 4147 3063 4175 ο
3112 4144 3264 4192 recta
3305 4134 3586 4191 faciamus.
3617 4131 3815 4188 Paulus

2224 4230 2564 4287 auditoribus
2609 4229 2721 4285 suis
2771 4229 2938 4284 multa
2989 4228 3268 4284 humiliter
3317 4226 3564 4293 dixerat;
3616 4225 3707 4283 sed
3748 4225 3817 4281 de

2224 4322 2340 4393 ipsa
2371 4320 2750 4378 exhortatione
2779 4319 2966 4376 humili
2992 4319 3210 4392 placare
3230 4335 3327 4378 eos
3349 4319 3529 4376 adhuc
3556 4319 3817 4375 humilius

2219 4412 2517 4483 satagebat,
2550 4411 2766 4467 dicens:
2807 4410 2956 4484 Rogo
2993 4421 3166 4468 autem
3194 4429 3304 4481 vos,
3335 4414 3549 4485 fratres,
3577 4421 3634 4466 ut
3661 4411 3822 4480 sulco

2223 4506 2354 4560 ratis
2398 4504 2605 4560 verbum
2643 4503 2849 4569 solatii;
2896 4505 3083 4560 etenim
3133 4505 3411 4577 perpaucis
3454 4504 3642 4577 scripsi
3679 4502 3818 4558 vobis

520 4583 619 4642 sed
648 4601 716 4644 eo
746 4579 815 4641 ab
838 4583 918 4642 eis
945 4602 1056 4642 non
1090 4597 1292 4644 temere
1321 4586 1767 4660 reprehendenda
1788 4600 1934 4658 sunt,
1969 4593 2126 4669 149
2229 4598 2417 4671 (Hebr.
2455 4615 2568 4664 ιιιιι,
2613 4597 2726 4670 22).
2760 4595 3006 4668 Ephesiis
3033 4613 3250 4668 quoque
3278 4596 3445 4653 Mileti
3486 4596 3819 4662 valedicens,

519 4677 631 4767 quo
662 4677 994 4750 apprehendi
1024 4679 1293 4736 veraciter
1319 4683 1660 4767 nequaquam
1687 4691 1931 4754 possunt.
1964 4679 2119 4758 Sche
2154 4707 2201 4767 ο
2229 4690 2442 4748 aliiictis
2470 4707 2533 4747 ac
2553 4691 2914 4761 gementibus,
2937 4691 3296 4747 humilitatem
3328 4706 3480 4747 suam
3509 4689 3578 4746 ad
3608 4706 3823 4747 memo-

522 4765 726 4838 aliquid
773 4784 805 4822 a
849 4767 1142 4839 majoribus
1172 4781 1196 4811 ο
1229 4765 1622 4843 dispensatur-ie
1666 4776 1862 4846 agitur,
1911 4777 2054 4847 quod
2086 4795 2115 4834 a

522 4859 826 4914 minoribus
854 4875 1008 4917 error
1034 4870 1272 4932 putatur.
1318 4863 1473 4938 Saepe
1515 4869 1685 4923 multa
1713 4883 1745 4924 a
1774 4861 1999 4926 fortibus
2033 4871 2116 4926 di-

523 4959 738 5016 cuntur.
768 4967 888 5022 qua:
913 4949 1109 5011 inﬁrmi
1134 4954 1336 5014 idcirco
1358 4947 1670 5030 dijudicant,
1694 4960 1819 5032 qu‘ia’
1845 4963 2112 5034 ignorant.

522 5039 681 5109 Quod
721 5039 859 5096 bene
896 5041 1068 5099 bobus
1110 5047 1511 5106 calcitrantibus
1553 5050 1802 5107 inclinata
1832 5051 1922 5108 illa
1954 5059 2118 5110 testa-

520 5133 691 5190 menti
739 5134 864 5191 arca‘
913 5133 1176 5206 signavit,
1227 5143 1386 5210 quam
1417 5139 1546 5213 quia
1594 5150 1838 5200 caSura'm
1887 5145 2118 5205 credens

479 5306 491 5315 _
519 5217 739 5284 Levites
767 5223 975 5298 erigere
997 5228 1190 5300 voluit,
1227 5231 1350 5287 mox
1381 5235 1706 5292 sententiam
1751 5239 1940 5296 mortis
1969 5256 2120 5298 acce-

519 5315 600 5392 pit
631 5316 720 5390 (II
753 5318 880 5394 Reg.
910 5329 992 5389 vr,
1014 5322 1091 5394 7).
1124 5315 1272 5398 [νει.
1303 5324 1405 5400 X.]
1432 5328 1568 5396 Quid
1595 5333 1679 5387 est
1705 5329 1938 5405 namque
1966 5352 2120 5395 mens

590 5469 618 5498 ι
655 5459 1046 5544 Νριιιιιιιιίηφιξὶ
1074 5463 1394 5530 consalutari
1431 5465 1694 5537 vendant,
1735 5463 1849 5544 ejus
1895 5474 1998 5543 pice
2035 5477 2118 5530 in-

590 5540 807 5587 snattom
834 5532 1132 5587 subiiciunt.

519 5541 807 5602 crepatiom'
834 5541 1132 5603 subjiciunt.
1761 5541 1771 5544 ⁷
1897 5541 1904 5543 ⁷

481 5665 488 5680 1
525 5601 616 5690 “ib
651 5601 817 5690 liuliti,
843 5605 1082 5690 magistri
1104 5603 1252 5690 dolor
1271 5606 1527 5690 erudiret,_
1547 5612 1961 5672 reclamantibus
1981 5615 2107 5674 Mss.

518 5669 787 5796 οωυξξυξν
820 5675 910 5732 ubi
931 5669 1136 5754 legitur
1162 5678 1410 5749 Magister
1439 5669 1630 5753 άοιοη
1842 5669 1888 5672 η
1908 5669 1956 5672 κε

596 5753 617 5782 c
700 5751 833 5815 "ml'
864 5743 1084 5815 Ehem"
1111 5744 1291 5814 οοῖὒον
1322 5743 1532 5815 Genu.
1564 5753 1722 5815 Reg“
1754 5765 1810 5813 et
1839 5760 2084 5815 nonnulli

481 5807 488 5816 ι
596 5759 617 5782 ο
650 5759 833 5866 anuli
865 5759 1084 5827 tinem,
1111 5759 1291 5824 Uolb.,
1322 5759 1532 5822 Gel-un,
1565 5759 1722 5838 Meg“
1754 5765 1810 5813 et
1839 5760 2106 5843 nonnulli,

523 5826 626 5895 nec
649 5829 764 5895 non.
830 5815 923 5895 dit.
957 5813 1196 5895 Βοῃιιίῃ.
1229 5834 1293 5873 ac
1321 5831 1428 5875 vet.
1454 5819 1630 5895 Paris.
1664 5839 1718 5895 et
1741 5821 1928 5895 Basni.,
1959 5829 2110 5886 dissi-

520 5882 794 5970 ntilatori‘e
820 5886 1101 5970 agitur.,ln
1131 5887 1346 5970 (ierint,
1374 5907 1408 5970 _a
1436 5891 1596 5952 manu
1625 5882 1931 5954 recentiore
1957 5882 2109 5956 addi-

523 5959 657 6019 tam,
697 5953 772 6006 vel
811 5953 1202 6025 dispensatorie.
1246 5957 1404 6026 Editi,
1448 5977 1569 6039 post
1589 5953 1968 6040 dispensatorie
1987 5953 2103 6041 άάἑ.

2225 4785 2359 4840 riam
2377 4791 2620 4851 revocat,
2648 4783 2834 4840 dicens
2865 4801 2877 4838 :
2921 4783 3162 4856 Vlgilate,
3195 4783 3217 4824 ί
3255 4783 3506 4840 memoria
3533 4781 3822 4838 retinentes

2225 4878 2469 4950 quoniam
2506 4893 2599 4945 per
2625 4877 2906 4932 triennium
2933 4885 3082 4932 nocte
3108 4891 3171 4930 ac
3214 4877 3298 4932 die
3326 4893 3430 4932 non
3477 4875 3672 4930 cessavi
3702 4891 3824 4928 cum

2227 4970 2473 5042 lacrymis
2493 4985 2706 5025 monens
2727 4986 3136 5044 unumquemque
3157 4979 3380 5026 vestrum
3409 4970 3546 5040 (Act.
3578 4982 3672 5033 xx,
3701 4966 3762 5020 3i
3777 4967 3823 5040 ).

2227 5062 2438 5119 Eisdem
2492 5080 2705 5120 rursum
2735 5079 2835 5136 per
2861 5063 3159 5134 Epistolam
3205 5063 3383 5121 dicit:
3432 5061 3659 5118 Obsecro
3711 5078 3824 5127 vos,

2227 5158 2439 5229 fratres,
2469 5175 2564 5230 ego
2594 5158 2792 5212 vinctus
2810 5159 2865 5213 in
2887 5156 3137 5224 Domino,
3168 5166 3225 5211 ut
3247 5155 3705 5228 digneambuletis
3737 5173 3829 5212 ro.

2225 5251 2448 5317 satione,
2497 5267 2598 5322 qua
2639 5250 2809 5305 vocati
2853 5250 2978 5306 estis
3021 5247 3239 5321 (Ephes.
3284 5263 3358 5314 tv,
3410 5248 3488 5319 1).
3519 5247 3657 5310 Hinc
3683 5262 3822 5315 ergo

2225 5341 2462 5413 colligat,
2493 5341 2538 5396 si
2566 5341 2786 5412 quando
2806 5341 3006 5414 aliquid
3034 5349 3186 5399 recte
3209 5341 3394 5409 sentit,
3424 5350 3628 5412 quanta
3663 5345 3743 5412 ιζ
3764 5342 3827 5412 ο

2228 5483 2330 5562 tur,
2341 5474 2654 5562 subjiciunt,
2676 5476 2754 5562 vel
2773 5476 3093 5560 praecipitur,
3111 5476 3256 5562 quod
3279 5475 3472 5562 melius
3484 5474 3822 5562 abes‘talMs-u

2300 5535 2327 5583 τί
2348 5535 2563 5614 Exéusi,
2589 5535 2825 5620 quasdam
2848 5535 3106 5602 minima;
3118 5535 3144 5602 .’
3155 5547 3351 5612 dicunt,
3376 5535 3657 5619 aliquando
3679 5537 3822 5600 vero.

2226 5615 2479 5685 Corrigen
2504 5619 2537 5671 li
2585 5635 2651 5674 cx
2693 5618 2820 5674 Mss.
2872 5619 3172 5685 p0tioribus
3201 5617 3363 5674 (ἔοι-δ.
3414 5618 3623 5685 Germ.,
3658 5615 3822 5685 Reg,

2226 5632 2536 5687 uorrrgenn
2585 5635 2651 5674 ex
2695 5632 2820 5674 Mss.
2872 5632 3172 5690 ponormus
3201 5632 3363 5674 uero.
3414 5632 3623 5685 uerm.,
3658 5632 3822 5685 neg.,

2219 5687 2656 5764 antiquoithem.
2689 5697 2746 5745 et
2771 5688 3028 5764 ﬂorman.
3177 5759 3180 5764 _
3434 5757 3471 5764 _
3513 5759 3546 5764 __
3712 5758 3723 5764 _

2291 5771 2314 5796 υ
2345 5757 2508 5815 Corb.
2537 5758 2748 5825 Germ.,
2781 5758 3039 5817 German.
3061 5805 3076 5825 ,
3129 5759 3233 5819 nec
3278 5765 3388 5818 non
3430 5757 3612 5826 Colb.,
3643 5758 3822 5830 prima

2216 5845 2398 5894 manu,
2430 5848 2535 5885 non
2555 5840 2712 5886 recte.

2291 5899 2312 5939 ι
2339 5893 2739 5974 ῼὸι-Ιιξϐὂιίιιη
2770 5901 2929 5971 Βθς.,
2959 5900 3171 5974 Germ,
3203 5919 3342 5974 unus
3367 5903 3564 5974 Rheni.
3594 5905 3650 5958 ει
3677 5914 3824 5958 unus

2217 5971 2450 6040 Remig.,
2482 5971 2670 6040 Corb.,
2701 5965 3003 6032 memoriam
3034 5971 3135 6038 inet
3157 5965 3459 6035 retinentei.
