4180 6448
310 452 313 455 _
378 376 482 439 693

1300 365 1659 426 tiOilALlilli
1696 364 1827 422 LIB.
1870 322 2108 418 v.—lu
2143 358 2297 415 car.
2342 358 2404 413 lv
2445 358 2503 412 Β.
2545 355 2684 413 JOB.

3525 343 3639 395 ’694

378 495 687 556 humilitate
714 490 912 546 debeat
938 486 1198 555 magistro
1223 484 1372 555 loqui
1395 481 1724 554 discipulus;
1769 480 1816 537 si
1845 480 1961 550 ipse
1988 482 2040 540 Α
2062 475 2321 538 buerunt;
2353 481 2408 528 et
2428 472 2623 528 Paulus
2646 472 2761 526 haec
2788 484 2858 525 ex
2876 469 3073 525 virtute
3100 460 3430 556 pensans,-in
3454 470 3643 515 aucto-

380 589 638 659 maglster
666 584 907 656 gentium
938 581 991 635 in
1019 579 1103 634 his
1124 592 1247 649 quae
1274 591 1399 634 cum
1420 573 1744 631 auctoritate
1766 569 1963 644 pradi-

381 690 470 739 cat
489 723 504 747 ,
545 688 651 734 tam
681 675 948 733 submisse
974 671 1266 743 discipulos
1302 677 1476 739 rogat.
1506 667 1643 724 illnc
1666 664 1957 735 unusquis-

378 786 487 845 que
507 768 744 836 colligat,
769 766 850 822 eis
878 779 910 820 a
935 763 1134 833 quibus
1160 762 1300 817 bene
1318 758 1535 815 vivendi
1563 756 1811 826 exempla
1838 768 1964 825 per-

381 844 549 936 cepit,
595 862 702 916 hoc
742 856 892 928 quod
923 857 1062 911 bene
1089 852 1357 922 intelligit,
1387 856 1551 921 quam
1579 847 1856 904 humiliter
1881 844 1964 901 di-

381 935 501 1022 cat;
530 954 575 1010 si
617 946 819 1007 Paulus
843 946 951 1004 illis
976 944 1169 1002 humili
1193 958 1253 999 se
1276 944 1413 999 voce
1433 938 1693 1004 subdidit,
1722 952 1860 1008 quos
1893 935 1961 991 ad

380 1050 543 1105 vitam
572 1045 692 1117 ipse
714 1041 1010 1098 suscitavit.

450 1139 538 1193 ξε.
585 1136 871 1192 Humiliter
898 1134 1038 1207 loqui
1061 1132 1296 1187 nesciens
1329 1126 1701 1184 consolationis
1727 1124 1963 1195 regulam

378 1234 607 1304 ignorat.
636 1260 710 1273 -
734 1224 956 1297 Eliphas
984 1230 1185 1287 autem,
1208 1220 1302 1291 qui
1334 1218 1537 1291 primus
1551 1216 1849 1271 amicorum
1876 1213 1961 1270 lo-

380 1325 583 1395 quitur,
606 1320 852 1393 quamvis
879 1318 945 1373 ad
966 1314 1356 1373 ccnsolandum
1377 1311 1581 1383 pietate
1605 1307 1822 1374 veniat,
1853 1305 1959 1360 hu-

377 1416 659 1470 militatem
680 1420 861 1467 tamen
878 1406 1169 1465 locutionis
1195 1402 1472 1467 deserens,
1496 1399 1736 1469 regulam
1765 1409 1962 1452 conso-

378 1506 595 1561 lationis
624 1505 857 1573 ignorat.
889 1500 991 1567 Qui
1021 1498 1148 1553 dum
1177 1492 1435 1565 loquendi
1464 1490 1765 1547 custodiam
1791 1485 1963 1555 negli-

376 1599 483 1666 git,
514 1606 685 1664 nsque
729 1593 797 1648 ad
827 1589 1010 1646 amicti
1037 1585 1395 1644 contumelias
1441 1582 1673 1647 excedit,
1727 1580 1913 1636 dicens
1943 1595 1957 1631 :

380 1688 550 1758 Tigris
579 1687 730 1757 periit
757 1701 815 1739 eo
854 1681 989 1755 quod
1029 1697 1134 1734 non
1188 1676 1396 1732 haberet
1439 1674 1692 1744 praedam.
1740 1668 1962 1742 Rugitils

376 1784 561 1849 leonis,
587 1791 634 1835 et
666 1796 762 1836 vos:
793 1782 989 1843 latente,
1021 1782 1070 1829 et
1098 1772 1275 1827 dentes
1302 1769 1588 1824 catulorum
1616 1767 1819 1821 leonum
1848 1763 1959 1817 dis-

2062 566 2224 623 ritate
2264 562 2540 636 proferat;
2571 570 2629 619 et
2651 561 2820 633 judex
2846 558 2974 631 quia
3011 559 3228 614 incaute
3257 550 3467 624 prolata
3492 556 3640 616 sunt,

2063 674 2132 715 ex
2155 672 2401 729 persona:
2429 655 2691 725 qualitate
2713 649 3091 724 reprehendat.

2132 751 2223 813 ‘28.
2251 750 2401 816 ιιιω,
2432 756 2488 803 ut
2516 746 2752 818 quadam
2780 744 2972 800 habent
2999 750 3142 799 recte
3168 748 3217 795 et
3246 737 3356 793 alia
3381 749 3642 808 peruersa,

2065 844 2320 901 Iurreticis
2339 850 2646 914 congruunt.
2670 872 2743 886 —
2763 837 2873 896 Sed
2891 837 3017 909 quia
3039 833 3261 892 eosdem
3281 830 3482 886 amicos
3500 827 3645 883 beati

2060 937 2163 994 Joh
2190 936 2570 992 hmreticornm
2619 940 2807 988 tenere
2834 929 3070 999 speciem
3097 924 3344 997 superius
3386 921 3645 986 diximus,

2064 1045 2207 1084 nunc
2236 1043 2427 1084 eorum
2454 1025 2622 1082 verba
2642 1019 2917 1093 quomodo
2949 1017 3214 1075 haereticis
3240 1021 3541 1085 congruant
3567 1013 3649 1068 in-

2069 1121 2351 1190 dagemus.
2377 1116 2636 1186 Quaedam
2662 1126 2896 1189 namque
2918 1109 3075 1169 valde
3096 1118 3246 1165 recta
3271 1107 3532 1172 sentiunt,
3555 1104 3653 1161 sed

2066 1223 2250 1268 tamen
2306 1212 2449 1266 inter
2498 1209 2615 1264 haec
2660 1207 2729 1262 ad
2756 1218 3010 1277 perversa
3061 1202 3387 1257 dilabuntur.
3440 1198 3655 1254 Habent

2076 1296 2231 1376 151
2264 1301 2464 1372 quippe
2502 1284 2608 1355 lloc
2632 1290 2868 1353 haeretici
2897 1282 3195 1366 proprium,
3223 1299 3284 1347 ut
3328 1289 3483 1346 malis
3510 1290 3653 1345 bona

2063 1394 2441 1466 permisceant,
2466 1399 2735 1462 quatenus
2752 1386 2905 1442 facile
2917 1386 3099 1443 sensui
3119 1383 3385 1439 audientis
3405 1381 3652 1438 illudant.

2064 1482 2121 1541 Si
2151 1480 2296 1539 enim
2337 1496 2551 1552 semper
2598 1493 2761 1550 prava
2788 1478 3047 1543 dicerent,
3088 1474 3245 1530 citius
3270 1473 3324 1527 in
3352 1484 3447 1528 sua
3474 1472 3656 1543 pravi-

2067 1583 2179 1632 tate
2230 1574 2453 1645 cogniti,
2509 1570 2655 1644 quod
2707 1570 2928 1637 vellent,
2978 1566 3199 1622 minime
3248 1564 3655 1636 persuaderent.

2064 1667 2318 1734 Rursum,
2351 1667 2395 1722 si
2421 1679 2635 1736 semper
2659 1669 2808 1720 recta
2837 1660 3125 1727 sentirent,
3149 1656 3393 1730 profecto
3418 1652 3658 1711 haeretici

2064 1776 2175 1815 non
2202 1757 2463 1817 fuissent.
2496 1754 2606 1811 Sed
2634 1754 2760 1809 dum
2791 1751 3010 1808 fallendi
3048 1758 3165 1804 arte
3203 1748 3271 1804 ad
3313 1756 3538 1815 utraque
3566 1744 3662 1799 de-

374 1836 681 1944 sipati’stmt
723 1870 865 1941 (Job.
914 1836 990 1936 lv,
1040 1866 1153 1935 ii).
1186 1863 1411 1918 Beatum
1455 1859 1708 1914 videlicet
1734 1857 1836 1912 iob
1864 1871 1964 1910 no-
1993 1853 2040 1916 B
2072 1850 2337 1917 serviunt,
2385 1858 2441 1905 et
2489 1864 2557 1903 ex
2602 1844 2758 1901 malis
2806 1844 2950 1899 bona
3000 1841 3265 1906 inliciunt,
3316 1848 3373 1894 et
3399 1854 3465 1894 ex
3502 1836 3660 1892 bonis

373 1966 518 2020 mine
559 1962 787 2032 tigridis,
819 1960 974 2030 quasi
1002 1958 1137 2012 vitio
1160 1952 1440 2010 varietatis
1471 1961 1686 2014 notans,
1715 1963 1812 2019 per
1847 1947 1959 2001 leo-
2066 1942 2229 2009 nlala,
2262 1950 2321 1997 ut
2350 1940 2704 2010 recipiantur,
2737 1936 3108 2001 abscondunt;
3140 1933 3281 1989 sicut
3323 1931 3416 2001 qui
3463 1928 3661 1985 veneni

371 2057 456 2111 nis
474 2020 708 2123 rogitant
736 2020 981 2121 ejusdem
999 2048 1104 2102 viri
1127 2055 1412 2109 terrorem,
1441 2056 1538 2113 per
1564 2041 1747 2096 leaenis
1767 2052 1958 2094 vocem
2065 2033 2327 2104 poculum
2354 2028 2603 2102 porrigit,
2635 2042 2730 2084 ora
2753 2025 2933 2097 poculi
2956 2022 3239 2080 dulcedine
3264 2020 3437 2077 mellis
3459 2020 3658 2088 tangit;

373 2108 1067 2215 iniquaEitatem'eonjugis,
1123 2152 1221 2209 per
1260 2108 1550 2205 dissipatos
1599 2147 1728 2188 vero
1771 2130 1962 2186 dentes
2065 2122 2305 2192 dumque
2331 2121 2437 2177 hoc
2466 2118 2611 2189 quod
2643 2116 2801 2171 dulce
2832 2123 2916 2215 est
2936 2113 3111 2184 primo
3139 2118 3344 2167 attactu
3373 2108 3657 2173 delibatur,

372 2198 926 2295 baiulorum‘leonun;
955 2198 1284 2286 destructam
1312 2198 1547 2285 ﬁliorum
1576 2223 1901 2280 edacitatem
1931 2229 1959 2258 ι
2062 2214 2225 2268 etiam
2255 2210 2385 2266 illud
2416 2207 2562 2281 quod
2598 2214 2683 2263 est
2710 2202 3050 2261 mortiferum
3082 2201 3447 2257 indubitanter
3470 2198 3659 2253 absor-

372 2329 613 2398 signans.
646 2324 801 2382 Unde
828 2334 886 2381 et
911 2325 1053 2380 bene
1078 2322 1376 2377 amicorum
1404 2333 1643 2384 sensum,
1673 2316 1767 2385 qui
1794 2315 1848 2369 in
1874 2324 1960 2369 tu-

374 2420 518 2476 mida
543 2416 888 2488 correptione
912 2429 972 2471 se
998 2413 1209 2479 extulit,
1261 2409 1530 2466 sententia
1559 2406 1741 2462 divina
1769 2418 1959 2474 repre-

375 2512 584 2577 hendit,
636 2510 861 2566 dicens:
895 2505 1021 2563 Non
1065 2507 1190 2562 estis
1216 2504 1374 2560 locuti
1418 2516 1596 2557 coram
1620 2514 1703 2555 me
1742 2505 1957 2563 rectum,

374 2607 508 2661 sicut
528 2620 704 2660 servus
718 2619 863 2658 meus
890 2600 989 2656 Job
1021 2599 1163 2672 (Job.
1184 2612 1353 2659 xxxii.
1384 2594 1462 2666 7).

446 2696 593 2771 [νει.
624 2694 676 2749 Χ
682 2693 862 2765 1.]2'1.
886 2692 1187 2749 Sententiae
1208 2690 1494 2745 amicorum
1515 2684 1617 2742 Job
1638 2700 1742 2756 qua
1761 2684 1963 2739 ratione

377 2788 522 2844 Deus
553 2794 760 2859 arguat,
793 2795 841 2839 et
873 2784 1071 2838 Paulus
1100 2780 1440 2837 commendet.
1470 2808 1542 2819 —
1577 2776 1685 2831 Sed
1710 2789 1961 2845 quaeren-

374 2881 504 2937 dum
528 2878 683 2934 video
704 2891 803 2932 cur
826 2873 1027 2930 Paulus
1056 2873 1273 2929 illorum
1293 2868 1581 2927 sententiis
1607 2876 1757 2923 tanta
1783 2873 1963 2921 aucto-

375 2973 537 3029 ritate
559 2971 747 3035 utitur,
784 2969 831 3023 si
876 2968 958 3023 hal
978 2982 1169 3022 eorum
1196 2965 1475 3021 sententia:
1495 2962 1770 3018 Dominica
1787 2974 1963 3030 reprc-

376 3059 636 3117 hensione
662 3057 982 3123 cassantur?
1008 3054 1228 3125 Eliphae
1247 3054 1450 3125 quippe
1472 3051 1637 3108 verba
1667 3059 1815 3117 sunt,
1841 3063 1962 3118 qua:

375 3149 670 3207 Corinthiis
714 3148 899 3205 intulit
931 3147 1139 3214 dicens,
1180 3146 1321 3202 sicut
1338 3145 1603 3214 scriptum
1639 3151 1722 3200 est
1758 3160 1771 3196 :
1805 3140 1960 3197 Com-

2058 2301 2240 2357 betlr.
2272 2299 2460 2370 itaque
2482 2295 2723 2353 haeretici
2749 2293 3080 2366 permiscent
3104 2300 3251 2347 recta
3281 2288 3567 2360 perversis,
3600 2295 3662 2342 ut

2061 2390 2398 2449 ostendendo
2429 2390 2593 2455 bona,
2625 2387 2905 2443 auditores
2949 2370 3051 2441 sibi
3081 2382 3394 2448 attraham;
3426 2388 3482 2436 et
3509 2379 3662 2435 exhi-

2062 2478 2263 2542 bendo”
2293 2483 2454 2549 mala,
2506 2480 2696 2536 latenti
2751 2493 2847 2534 eos
2902 2484 3056 2548 peste
3110 2480 3481 2544 corrumpant.
3550 2470 3663 2527 Ali-

2061 2578 2279 2651 quando
2308 2586 2491 2632 tamen
2528 2571 2931 2645 praedicatione
2975 2574 3176 2624 sancta:
3218 2563 3471 2621 Ecclesia:
3497 2570 3664 2632 atque

2070 2671 2451 2729 exhortatione
2479 2665 2736 2733 correcti,
2764 2663 2831 2719 ab
2861 2662 2966 2718 hac
3007 2674 3199 2717 sensus
3226 2658 3311 2714 sui
3348 2656 3665 2712 diversitate

2065 2764 2356 2821 salvantur.
2390 2758 2545 2815 Unde
2571 2766 2627 2813 et
2647 2755 2806 2811 amici
2832 2752 2934 2809 Joh
2957 2747 3416 2807 reconciliationis
3431 2761 3545 2804 suae
3568 2760 3660 2801 sa-

2065 2856 2326 2914 criﬁcium
2356 2852 2593 2923 ejusdem
2623 2849 2797 2905 sancti
2812 2846 2915 2901 viri
2941 2845 3191 2901 manibus
3216 2838 3469 2913 oderunt,
3500 2848 3665 2909 atque

2068 2948 2134 3004 ad
2184 2946 2401 3017 superni
2428 2942 2624 3012 jndicis
2663 2939 2893 3010 gratiam
2918 2936 3008 2993 vel
3028 2945 3053 2975 ο
3083 2933 3283 2990 addicti
3312 2939 3658 2989 revocantur.

2065 3038 2212 3107 Quos
2229 3038 2366 3092 bene
2381 3037 2433 3090 in
2452 3032 2745 3103 Evangelio
2760 3030 2851 3085 illa
2867 3029 3056 3085 decem
3080 3026 3417 3097 leprosorum
3434 3021 3660 3078 munda-

2067 3133 2143 3187 tio
2173 3130 2420 3199 designat
2456 3127 2607 3198 (Luc.
2658 3140 2781 3192 xvn,
2816 3121 2929 3194 15).
2963 3120 3022 3177 in
3052 3120 3204 3191 lepra
3234 3118 3434 3189 quippe
3459 3127 3513 3172 et
3542 3131 3685 3201 parse

378 3244 693 3317 prehendam
716 3243 973 3314 sapientes
1002 3242 1057 3296 in
1083 3207 1278 3296 astutia
1299 3207 1477 3294 eorum
1507 3236 1558 3309 (1
1589 3235 1710 3291 Cor.
1743 3252 1816 3298 lll,
1862 3232 1958 3300 i9;

2073 3222 2209 3277 cutis
2234 3222 2286 3275 in
2329 3218 2592 3287 fulgorem
2623 3216 2853 3281 ducitur,
2880 3225 2932 3269 et
2959 3227 3085 3284 pars
3098 3212 3152 3267 in
3181 3210 3365 3267 colore
3384 3223 3519 3264 sano
3534 3207 3666 3262 reli-

377 3336 498 3391 Job.
524 3352 578 3404 v,
630 3334 739 3405 15).
773 3332 1057 3401 Quomodo
1086 3347 1216 3403 ergo
1244 3331 1421 3403 quasi
1440 3346 1606 3402 prava
1636 3328 1958 3399 respuimus,

378 3443 499 3498 qua:
525 3426 724 3483 Paulus
748 3442 817 3483 ex
841 3427 1166 3483 auctoritate
1195 3426 1425 3482 astruit?
1464 3432 1558 3479 aut
1581 3421 1857 3494 quomodo
1878 3428 1963 3477 at-

380 3520 669 3575 testatione
708 3516 862 3575 Pauli
886 3528 1036 3576 reeta
1060 3519 1392 3590 putabimus,
1421 3533 1542 3589 qua:
1582 3531 1681 3588 per
1703 3511 1963 3583 semetip-

378 3632 498 3673 sum
531 3617 789 3672 Dominus
810 3632 919 3672 non
950 3624 1101 3672 recta
1129 3616 1409 3673 deﬁnivit?
1450 3616 1558 3672 Sed
1597 3624 1827 3686 utraque
1853 3614 1967 3669 haec

380 3709 539 3764 citius
566 3722 727 3778 quam
769 3722 881 3763 non
929 3708 1040 3763 sint
1067 3708 1283 3764 diversa
1316 3708 1712 3776 cognoscimus,
1744 3706 1789 3759 si
1820 3704 1967 3774 ejus-

379 3801 502 3855 deln
530 3800 821 3855 Dominicis
848 3800 1129 3854 sententia:
1155 3798 1407 3855 subtilius
1447 3798 1611 3853 verba
1639 3808 1967 3865 pensemus;

380 3906 499 3961 qua:
529 3890 780 3945 nimirum
825 3904 948 3945 cum
992 3889 1200 3945 diceret
1230 3908 1245 3944 :
1277 3887 1404 3944 Non
1433 3891 1557 3943 estis
1593 3890 1750 3944 locuti
1790 3898 1968 3942 eorum

380 4000 462 4036 me
508 3989 720 4045 rectum,
764 3981 909 4037 illico
947 3980 1237 4051 adjunxit:
1273 3979 1423 4036 Sicut
1453 3994 1628 4034 seruus
1652 3992 1797 4033 meus
1845 3976 1968 4033 Job.

382 4073 576 4144 Liquet
624 4080 754 4141 ergo
798 4074 924 4142 quia
973 4071 1221 4142 quaedam
1270 4072 1325 4127 in
1372 4084 1563 4125 eorum
1616 4067 1776 4123 dictis
1821 4074 1971 4124 recta

382 4172 526 4228 sunt,
571 4163 667 4219 sed
714 4162 955 4220 melioris
999 4161 1407 4231 comparatione
1444 4165 1790 4231 superantur.
1836 4157 1970 4213 Nam
2056 4232 2063 4237 ν

384 4258 526 4314 inter
547 4258 649 4314 alia
676 4272 797 4328 qua:
820 4254 1265 4312 irrationabiliter
1282 4254 1491 4322 dicunt,
1525 4251 1723 4307 multas
1746 4250 1815 4306 ad
1843 4250 1973 4305 bea-

384 4358 495 4406 tum
523 4349 626 4406 Job
653 4351 821 4407 fortes
848 4349 1150 4407 sententias
1184 4348 1487 4420 proferunt,
1519 4346 1616 4403 sed
1646 4352 1973 4414 comparatae

385 4440 542 4497 dictis
567 4441 880 4503 fortioribus
905 4441 1015 4497 vim
1044 4440 1375 4497 fortitudinis
1404 4439 1675 4497 amittunt.
1715 4435 1850 4492 Mira
1876 4451 1974 4491 au-

386 4544 496 4591 tem
526 4544 653 4591 sunt
673 4532 841 4590 multa
866 4550 987 4606 quae
1014 4534 1224 4601 dicunt,
1251 4533 1355 4589 nisi
1378 4533 1431 4588 in
1455 4533 1633 4587 sancti
1658 4530 1760 4586 viri
1782 4528 1974 4587 adver-

2072 3324 2252 3371 netur.
2277 3313 2498 3385 Leprosi
2529 3313 2711 3381 itaque
2729 3310 3016 3365 haereticos
3040 3307 3369 3379 exprimunt,
3386 3303 3514 3374 quia
3528 3302 3658 3358 dum

2065 3408 2232 3464 rectis
2246 3421 2411 3479 prava
2426 3402 3028 3477 permiscentgcolorenl
3040 3415 3231 3457 sanum
3244 3395 3470 3454 maculis
3489 3410 3669 3466 asper-

2068 3510 2220 3572 gunt.
2256 3499 2405 3555 Unde
2434 3507 2488 3554 et
2516 3498 2654 3552 bene
2680 3503 2737 3551 ut
2761 3496 3056 3559 salventur,
3088 3494 3346 3557 clamant,
3376 3490 3502 3545 Je‘su
3529 3504 3661 3559 prir-

2068 3603 2260 3664 ceptor.
2295 3591 2431 3659 Quia
2461 3590 2605 3644 enim
2632 3588 2686 3643 in
2705 3587 2822 3657 ejus
2839 3585 3015 3643 verbis
3028 3600 3088 3641 se
3102 3597 3317 3640 errasse
3337 3580 3667 3652 signiﬁcant,

2068 3686 2212 3741 hunc
2240 3683 2481 3738 salvandi
2521 3680 2798 3736 humiliter
2836 3686 3225 3749 praeceptorem
3251 3683 3480 3739 vocant;
3511 3688 3659 3728 cum-

2075 3792 2180 3846 que
2219 3776 2285 3829 ad
2329 3772 2691 3843 cognitionem
2738 3770 3087 3842 prmeeptoris
3131 3767 3381 3830 redeunt,
3432 3779 3563 3819 mox
3602 3762 3672 3818 ad
3766 3780 3773 3787 ·

2074 3868 2309 3922 formam
2331 3863 2521 3920 salutis
2550 3869 2856 3918 recurrunt.
2891 3860 2998 3915 Sed
3025 3860 3152 3928 quia
3177 3858 3231 3912 in
3271 3856 3569 3911 amicorum
3597 3852 3676 3908 di-

2074 3960 2175 4016 ctis
2202 3956 2573 4031 prmfationem
2593 3953 2950 4025 expositionis
2970 3951 3133 4023 paulo
3162 3949 3377 4019 longius
3395 3948 3667 4012 duximus,

2076 4053 2192 4126 ipsa
2210 4053 2321 4124 jam
2345 4066 2536 4109 eorum
2557 4049 2719 4106 verba
2744 4047 3016 4105 subtiliter
3036 4061 3344 4119 pensemus.
3370 4042 3664 4115 Sequitur:

2392 4208 2621 4267 CAPUT
2645 4208 2741 4266 xu
2770 4208 2918 4284 [γει.
2956 4207 3100 4279 x11,
3130 4208 3258 4269 nec.
3286 4206 3420 4281 x1].

2148 4326 2277 4382 CAP.
2310 4341 2388 4382 lv.-
2409 4324 2577 4383 Vsus.
2613 4325 2668 4389 i,
2699 4324 2751 4379 2.
2782 4355 2854 4373 -μ-
2884 4322 3222 4396 Respondeas
3243 4332 3417 4379 autem
3448 4320 3677 4393 Ellphas

2080 4420 2428 4487 Themanites,
2472 4420 2607 4476 dixit
2635 4436 2654 4475 :
2681 4418 2745 4477 Si
2789 4419 3090 4490 creperimus
3128 4417 3267 4489 loqui
3297 4414 3411 4484 tibi,
3440 4416 3667 4487 forsitan

2077 4512 2287 4567 moleste
2306 4512 2551 4583 accipies.

387 4628 599 4681 sitateul
628 4627 958 4683 dicerentur.
994 4626 1053 4684 in
1083 4626 1389 4697 semetipsis
1415 4625 1579 4697 igitur
1602 4637 1797 4693 magna
1824 4631 1973 4689 sunt,
2005 4610 2050 4688 ἰ)
2145 4622 2235 4679 Ξ9.
2262 4622 2642 4679 Ηωνειίοοηιπι
2661 4620 2813 4678 verba
2834 4620 3029 4677 blanda
3054 4620 3297 4692 primum,
3320 4624 3440 4689 post
3459 4632 3671 4689 aspera.

389 4718 483 4775 sed
512 4719 636 4788 quia
660 4719 863 4788 justum
884 4719 1059 4777 virum
1080 4717 1398 4787 transﬁgere
1421 4722 1706 4787 appetunt,
1733 4714 1977 4784 ejusdem

390 4810 769 4882 magnitudinis
815 4810 1026 4882 pondus
1074 4810 1333 4881 perdunt;
1381 4810 1508 4880 quia
1547 4818 1604 4864 et
1630 4811 1657 4847 ιι
1685 4800 1982 4877 quamlibet

356 4908 359 4909 ⁷
391 4903 549 4971 forte,
582 4903 781 4974 frustra
805 4903 1043 4974 iaculum
1072 4903 1327 4971 mittitur,
1358 4910 1418 4958 ut
1454 4903 1592 4961 dura
1620 4918 1754 4959 saxa
1780 4902 1979 4960 ferian-

395 5005 516 5064 tur;
546 5013 612 5053 eo
640 5011 873 5067 namque
908 4995 1161 5052 obtusum
1192 4994 1404 5066 longius
1427 4994 1638 5061 dissilit,
1670 5010 1781 5065 quo
1809 4995 1983 5052 intor-

392 5098 505 5145 tum
553 5089 767 5146 fortiter
812 5088 978 5145 venit.
1010 5087 1178 5158 igitur
1207 5086 1502 5143 amicorum
1553 5085 1660 5143 Job
1684 5085 1830 5143 dicta
1856 5086 1983 5143 licet

395 5185 447 5239 ill
494 5182 817 5254 quibusdam
847 5183 1002 5238 valde
1047 5182 1156 5238 sint
1202 5180 1399 5244 lci-tia,
1432 5196 1556 5236 cum
1597 5187 1779 5236 tamen
1808 5180 1981 5236 sancti

394 5277 492 5330 viri
513 5276 707 5341 fortem.
731 5277 900 5339 vitam
931 5275 1152 5343 feriunt,
1181 5280 1434 5331 cunctum
1459 5272 1544 5329 sui
1573 5272 1839 5329 acuminis
1868 5289 1985 5327 mu-

396 5382 615 5422 cronem
641 5368 956 5424 retundunt.
988 5367 1124 5434 Quia
1147 5380 1277 5435 ergo
1297 5373 1353 5418 et
1377 5364 1430 5419 in
1460 5363 1766 5434 semetipsis
1789 5378 1983 5432 magna

397 5465 539 5526 sunt,
569 5458 665 5514 sed
692 5470 879 5515 contra
910 5461 1126 5516 beatum
1156 5455 1258 5513 Job
1287 5453 1438 5511 nullo
1463 5452 1629 5511 modo
1658 5457 1859 5511 assumi
1890 5456 1986 5511 de-

473 5608 495 5633 ο
527 5594 742 5651 Addunt
772 5594 935 5660 Edlli,
964 5604 1014 5650 et
1035 5594 1331 5650 audaciam.
1364 5590 1497 5659 Qua:
1523 5591 1691 5647 verba
1731 5592 1786 5646 in
1832 5591 1991 5647 nullis

401 5667 527 5725 Mss.
562 5671 777 5735 reperta
803 5666 1122 5721 ileicvimus.

472 5738 500 5777 δ
530 5734 758 5804 Quidam
790 5736 939 5799 Mss,
989 5736 1265 5806 quamlibet
1316 5736 1474 5805 fortes
1522 5736 1717 5806 frustra
1758 5734 1993 5805 jaculusn

403 5810 634 5867 mittunt.
668 5806 829 5875 Reg,
856 5806 1119 5877 quodlibet
1150 5810 1303 5877 forte.

484 5891 507 5922 ο
539 5879 669 5939 Has.
701 5876 985 5949 Anglicani
1028 5887 1084 5934 et
1120 5876 1309 5934 omnes
1353 5877 1445 5933 alii
1483 5878 1557 5933 ita
1604 5876 1824 5943 habent,
1864 5886 1995 5943 non,

2078 4748 2161 4767 η-
2186 4713 2304 4771 iam
2330 4716 2579 4787 superius
2599 4715 2741 4770 dicta
2767 4721 2895 4769 sunt
2920 4726 3041 4781 quae
3072 4710 3155 4765 his
3178 4707 3565 4765 vocabulorum
3590 4708 3677 4764 in-

2090 4812 2568 4884 terpretationibus
2615 4806 3007 4880 exprimantur.
3061 4805 3199 4872 Quis
3230 4817 3361 4873 ergo
3390 4804 3582 4860 festiue
3609 4803 3679 4859 ad

2090 4906 2388 4962 indiscussa
2436 4904 2743 4968 tendimus,
2784 4901 2994 4972 prolata
3042 4898 3307 4969 replicare
3352 4897 3677 4954 devitamus.

2092 5000 2208 5057 Hoc
2230 5001 2411 5069 itaque
2432 5004 2516 5053 est
2536 4996 2766 5052 solerter
2792 4991 3127 5057 intuendum,
3157 4990 3301 5061 quod
3329 4989 3366 5045 ii
3396 4990 3486 5061 qui
3506 4990 3680 5045 haere-

2091 5094 2321 5149 ticorum
2348 5091 2585 5164 speciem
2614 5096 2822 5154 tenent,
2853 5086 3002 5157 loqui
3026 5086 3265 5140 molliter
3291 5084 3569 5148 inchoant,
3597 5082 3679 5137 di-

2084 5193 2273 5241 centes
2305 5203 2318 5237 :
2349 5184 2410 5239 Si
2438 5184 2741 5255 eruperimus
2762 5179 2901 5252 loqui
2928 5177 3037 5245 tibi,
3069 5179 3291 5251 forsitan
3312 5176 3525 5231 moleste
3545 5174 3686 5226 acci-

2088 5279 2217 5348 pies.
2249 5274 2583 5347 Exasperare
2630 5273 2831 5345 quippe
2860 5270 3095 5327 haeretici
3142 5269 3416 5324 auditores
3458 5279 3586 5320 suos
3629 5264 3683 5316 in

2089 5371 2317 5427 exordio
2372 5368 2659 5425 locutionis
2697 5380 2810 5422 suae
2847 5373 3116 5427 metuunt,
3166 5378 3233 5418 ne
3270 5358 3556 5428 vigilanter
3584 5370 3683 5408 au-

2091 5460 2334 5527 diantur,
2366 5474 2662 5530 eorumque
2688 5454 2844 5512 valde
2874 5452 3144 5511 tristitiam
3174 5446 3464 5511 declinant,
3496 5451 3555 5499 nt
3584 5457 3685 5497 ne-

2092 5594 2324 5660 adducti,
2357 5600 2419 5648 ut
2447 5592 2703 5649 exhibent
2727 5589 2865 5645 Editi
2887 5589 3049 5644 etiam
3080 5583 3421 5647 vetustiores,
3453 5592 3685 5660 quorum

2095 5656 2353 5736 pleraque
2382 5672 2558 5720 errata
2589 5663 2657 5736 ad
2683 5670 2911 5736 cancros
2940 5672 3130 5736 omnes
3171 5661 3356 5736 postea
3386 5656 3681 5736 propagata

2095 5724 2241 5861 stunt.
2266 5724 2482 5863 'rtadieti
2528 5734 2793 5805 majorem
2812 5730 2920 5787 vim
2943 5728 3126 5793 habet,
3151 5724 3542 5795 significatque,
3570 5735 3689 5776 cort-

2136 5825 2289 5863 emna
2314 5823 2351 5863 ι.
