4180 6442
342 398 444 456 697

1250 386 1609 447 MORALIUM
1648 387 1777 445 us.
1819 389 1887 444 v.
1919 409 1988 434 -α-
2033 365 2100 447 n'v
2136 387 2293 447 cur.
2319 391 2500 452 ειν-Β.
2539 393 2678 454 JOB.

3507 402 3613 459 698

339 520 516 572 tutum
543 514 746 565 narrat.
775 505 1017 576 Quatuor
1051 503 1252 577 quippe
1278 505 1531 575 gradibus
1567 505 1732 560 vitam
1771 505 1916 561 beati
1944 511 1994 572 Α
2019 521 2150 563 cens
2170 506 2454 580 :~Ternpusg
2473 521 2554 567 est
2592 522 2670 567 ut
2691 513 2932 586 imipiat-
2946 511 3202 586 judicium
3226 513 3304 570 2de
3323 514 3482 573 domo
3511 515 3610 574 Dei

336 607 440 664 .lob
463 615 492 644 ι
518 603 749 660 virtutes
774 599 1140 657 enumerando
1192 598 1464 665 distinxit,
1507 596 1636 653 dum
1662 605 1719 653 et
1744 596 1948 653 timori;

335 697 726 760 fortitudinem,
760 701 816 749 et
843 691 1142 748 fortitudini
1188 691 1531 762 patientiam,
1561 697 1619 746 et
1652 685 1954 761 patientius.

336 788 724 864 perfectionem
765 785 963 856 junxit.
1011 783 1070 838 In
1095 784 1180 839 via
1203 784 1404 839 etenim
1433 783 1528 837 Dei
1554 797 1584 837 a
1612 781 1811 838 timore
1837 782 1925 838 in-

335 883 564 954 cipitur,
600 886 672 945 ut:
701 878 773 942 ad
793 876 1182 942 ,fortitudinem
1214 875 1482 941 veniatur.
1513 872 1645 929 Nam
1692 875 1832 930 sicut
1871 874 1926 930 in

334 974 440 1038 via.
470 969 656 1044 saeculi
687 967 954 1047 _audacia‘
989 964 1358 1040 fortitudinem
1383 1004 1401 1030 ,
1457 964 1531 1019 ita
1585 964 1640 1020 in
1688 964 1774 1018 via
1827 963 1922 1020 Dei

335 1043 562 1124 audacia
608 1043 954 1133 debilitatem
993 1061 1180 1131 parit;
1231 1067 1286 1114 et
1322 1057 1462 1115 sicut
1512 1058 1567 1114 in
1613 1058 1698 1114 via
1743 1058 1925 1114 saeculi

335 1159 498 1228 timor
523 1155 880 1232 debilitatem,
911 1153 987 1209 ita
1026 1153 1078 1208 in
1109 1151 1197 1207 via
1244 1151 1338 1206 Dei
1369 1151 1531 1206 timor
1555 1149 1950 1222 fortitudinem

333 1251 522 1324 gignit,
533 1248 828 1314 Salomone
847 1252 1158 1310 attestante,
1173 1242 1264 1314 qui
1282 1243 1358 1297 ait
1381 1261 1393 1296 :
1421 1241 1487 1297 In
1510 1244 1690 1296 timore
1713 1240 1925 1297 Domini

333 1343 528 1415 ﬁducia
579 1339 900 1416 fortitudinis
957 1336 1158 1410 (Prov.
1199 1352 1310 1402 xw,
1339 1333 1700 1418 26)..Timori
1727 1335 1942 1406 quippe,

333 1434 545 1502 Domini
584 1433 760 1490 inesse
801 1430 995 1488 llducia
1040 1427 1370 1508 fortitudinis
1419 1427 1635 1494 dicitur,
1671 1426 1793 1502 quia
1839 1425 1942 1502 ni-_

268 1584 270 1586 ,
317 1513 526 1586 mirum
555 1542 708 1584 mens
757 1533 943 1584 nostra
989 1521 1703 1602 tantolvalentiusterrores
1745 1535 1926 1575 rerum

331 1622 707 1694 temporalium
753 1619 999 1692 despicit,
1030 1624 1234 1688 quanto
1278 1631 1337 1688 se
1369 1615 1578 1694 auctori
1609 1613 1924 1693 earumdem

331 1713 709 1785 temporalium
737 1710 984 1766 veracins
1032 1723 1128 1780 per
1166 1706 1507 1778 formidinem
1551 1704 1753 1778 subdit.
1795 1703 1925 1771 Qua:

329 1807 386 1863 in
415 1808 610 1863 timore
639 1803 1198 1871 Dominiconstituta,
1231 1818 1340 1865 non
1369 1802 1575 1864 invenit
1597 1808 1750 1874 extra
1778 1799 1939 1869 quod.

2029 595 2085 670 (Ι
2111 597 2228 654 Pet.
2259 616 2331 665 tv,
2356 599 2479 672 l7).
2531 601 2610 656 Illi
2659 617 2794 674 ergo
2832 605 3099 661 veraciter
3133 607 3266 662 recti
3323 614 3487 673 sunt,
3519 609 3613 678 qui

2026 706 2212 747 amore
2235 706 2480 762 super-nae
2508 694 2692 763 patriae
2719 696 2787 751 ad
2815 698 3007 752 cuncta
3033 697 3311 768 praesentis
3353 699 3479 754 vitai
3517 700 3613 754 ad-

2026 797 2180 838 versa
2208 793 2600 854 preparantur.
2629 785 2762 841 Nam
2789 789 2880 856 qui
2911 805 3009 859 pro
3036 791 3249 846 teternis
3276 791 3432 846 bonis
3470 792 3612 848 mala

2025 873 2114 930 hic
2135 876 2346 946 perpeti
2392 885 2674 947 metuunt,
2708 879 2958 936 videlicet
2979 883 3278 939 .recti'non
3327 891 3471 940 sunt.
3503 883 3610 940 Sed

2025 963 2246 1036 Eliphaz
2288 965 2375 1021 vel
2401 966 2568 1022 deleri
2598 978 2798 1036 rectos,
2824 970 2911 1025 vel
2962 972 3275 1030 innocentes
3309 974 3396 1028 hic
3434 974 3615 1045 perire

2024 1073 2134 1113 non
2158 1059 2410 1128 aestimat,
2438 1061 2562 1130 quia
2589 1076 2732 1132 saepe
2760 1062 2814 1116 hi
2842 1063 2935 1131 qui
2963 1078 3070 1118 non
3091 1080 3205 1136 vspe
3233 1065 3468 1122 cmlestis
3493 1067 3613 1136 glo-
3643 1087 3648 1090 ·

2025 1150 2138 1218 τίω,
2169 1151 2262 1206 sed
2305 1166 2404 1222 pro
2452 1159 2666 1207 terrena
2711 1151 2838 1209 Deo-
2868 1153 3225 1210 retributione
3271 1156 3647 1225 deserviunt,-

2023 1239 2126 1310 ipsi
2165 1241 2380 1297 sibimet
2409 1239 2634 1312 lingunt.
2666 1243 2810 1312 quod
2837 1253 3115 1314 quaerunt;
3157 1254 3212 1302 et
3237 1247 3434 1304 docere
3475 1265 3615 1319 prte-
3645 1273 3649 1278 ·

2025 1343 2329 1401 sumentes,
2390 1350 2511 1390 cum
2565 1345 2834 1391 terrenam
2884 1337 3231 1393 securitatem
3279 1339 3612 1410 praedicant,

2027 1426 2237 1480 cunctis
2274 1427 2388 1482 suis
2435 1427 2708 1483 laboribus
2743 1427 3036 1484 ostendunt
3079 1429 3208 1500 quid
3261 1441 3464 1488 amant.
3516 1430 3646 1488 Se-'

2023 1521 2209 1591 quitur
2237 1541 2251 1576 :
2513 1525 2515 1528 ‘
2594 1566 2600 1572 .
2691 1559 2694 1562 .
3071 1557 3076 1570 ς

2297 1611 2526 1669 CAPUT
2563 1612 2727 1671 xvm
2752 1617 2754 1620 '
2775 1615 2795 1686 ί
2811 1615 2925 1670 rec.
2955 1623 3005 1670 et
3031 1613 3343 1688 Rec.’XVj.

2052 1782 2059 1788 _
2093 1723 2261 1781 Vsus.
2289 1723 2342 1790 8,
2374 1724 2429 1779 9:
2458 1758 2530 1768 —-
2578 1725 2715 1791 Quin
2742 1728 2913 1798 potius
2949 1727 3053 1782 vidi
3082 1744 3170 1782 eos
3212 1728 3300 1798 qui
3339 1737 3620 1798 operantur

2022 1817 2368 1888 iniquitatem,
2396 1826 2446 1871 et
2472 1819 2730 1872 seminan‘t
2760 1816 2982 1884 dolores,
3014 1815 3071 1872 et:
3089 1826 3286 1873 metunt
3315 1835 3420 1886 eos,
3453 1821 3619 1890 flante

328 1906 564 1965 metuat,
613 1897 742 1968 quia
787 1897 918 1952 dum
965 1904 1117 1956 recto
1158 1904 1308 1951 metu
1355 1893 1624 1950 conditori
1679 1892 1920 1948 omnium

2024 1909 2139 1964 Deo
2163 1910 2374 1980 perisse,
2403 1920 2456 1964 et
2477 1912 2661 1980 spiritu
2689 1914 2786 1967 ine
2806 1913 2920 1983 ejus
2949 1928 3058 1966 esse
3084 1921 3434 1983 consumptos.

322 1992 584 2064 jungitur,
611 1999 882 2062 potestate
905 1990 1140 2062 quadam
1176 2004 1340 2061 supra
1381 1989 1560 2044 omnia
1586 1988 1914 2069 sublevatur.

325 2083 608 2140 Fortitudo
638 2090 820 2138 autem
854 2081 1072 2142 nonnisi
1115 2081 1172 2137 in
1220 2080 1552 2138 adversitate
1594 2079 1940 2148 ostenditur,

324 2173 470 2230 unde
497 2183 555 2230 et
580 2189 711 2230 mox
740 2181 866 2245 post
883 2172 1256 2230 fortitudinem
1284 2171 1546 2242 patientia
1573 2171 1914 2240 subrogatur.

326 2263 502 2322 Tanto
530 2265 675 2322 enim
708 2280 769 2323 se
797 2264 1179 2337 unusquisque,
1214 2263 1280 2318 ad
1333 2262 1702 2320 fortitudinem
1741 2263 1922 2333 profe-

326 2357 466 2414 cisse
481 2358 661 2414 verius
679 2357 1036 2424 demonstrat,
1051 2365 1258 2430 quanto
1279 2356 1454 2411 aliena
1483 2355 1624 2409 mala
1650 2354 1922 2410 robuStius

325 2449 542 2506 tolerat.
567 2449 702 2506 Nam
730 2451 910 2508 minus
936 2450 992 2507 in
1024 2464 1084 2505 se
1110 2449 1404 2515 convaluit,
1426 2463 1588 2519 quem
1616 2449 1790 2504 aliena
1820 2449 1922 2504 ini-

323 2539 502 2610 quitas
549 2540 764 2598 sternit.
814 2539 916 2608 Qui
947 2541 1000 2596 in
1031 2556 1098 2598 eo
1125 2541 1272 2611 quod
1306 2540 1448 2604 ferre
1476 2541 1920 2599 contrarietatem

322 2648 432 2688 non
454 2631 618 2700 valet,
636 2633 1095 2705 pusillanimitatis
1116 2650 1227 2691 sua:
1247 2635 1425 2705 gladio
1453 2635 1732 2694 confossus
1753 2635 1918 2705 jacet.

321 2723 457 2792 Quia
479 2739 609 2782 vero
637 2725 898 2797 perfectio
926 2725 993 2783 de
1014 2726 1274 2797 patientia
1305 2727 1558 2798 nascitur,
1587 2728 1771 2800 statim
1801 2739 1933 2798 post.

321 2813 657 2884 patientiam,
683 2815 886 2876 viarum
911 2816 1170 2885 perfectio
1186 2816 1539 2891 subinfertur.
1563 2819 1708 2892 [νει.
1726 2819 1778 2872 Χ
1783 2819 1813 2874 1
1829 2819 1869 2876 ν
1877 2819 1923 2892 .1

321 2903 415 2962 ille
435 2906 578 2972 enim
592 2921 720 2978 vere
741 2907 1025 2980 perfectus,
1041 2919 1145 2978 est,
1161 2911 1271 2986 _qui
1301 2925 1428 2985 erga
1457 2911 1916 2983 impenfectionem

323 2999 556 3068 proximi
585 2999 870 3070 impatiens
897 3017 1010 3058 non
1035 3010 1138 3058 est.
1181 3000 1316 3072 Nam
1344 3003 1436 3074 qui
1462 3004 1699 3074 alienam
1718 3007 1928 3076 impera.

323 3090 608 3148 lectionem
629 3093 792 3160 _ferre
818 3110 928 3150 non
956 3095 1146 3158 valens
1177 3095 1202 3138 δ
1225 3097 1601 3168 ὁθεθιιὶῐγὶρβθ
1638 3100 1740 3158 sibi
1767 3101 1920 3156 testis

323 3193 406 3240 est
448 3184 594 3254 quod
638 3185 880 3256 perfecte
907 3187 1136 3244 necdum
1195 3189 1427 3259 proficit.
1467 3190 1606 3248 Hinc
1649 3190 1703 3248 in
1743 3192 1920 3249 Evan-

2093 2003 2181 2060 55.
2223 2004 2443 2082 Dolores
2471 2009 2731 2063 seminant
2779 2026 2840 2062 ac
2879 2018 3096 2065 metunt.
3128 2007 3233 2064 Cur
3259 2011 3428 2066 malos
3476 2012 3620 2070 Deus

2021 2094 2301 2162 aliquando
2326 2092 2531 2160 toleret,
2557 2097 2839 2168 aliquando
2865 2101 3044 2153 statim
3087 2100 3264 2171 feriat.
3290 2109 3363 2142 4—-
3391 2089 3619 2161 Dolores

2020 2187 2308 2251 seminare;
2336 2195 2418 2242 est
2447 2187 2782 2244 fraudulenta
2805 2189 3018 2255 dicere;
3045 2190 3468 2247 doloresau'tem
3500 2183 3636 2250 me?

2025 2285 2138 2333 tere
2159 2320 2175 2345 ,
2210 2285 2294 2334 est
2321 2277 2550 2334 dicendo
2576 2279 2885 2349 praevalere.
2913 2280 3009 2334 Vel
3035 2288 3185 2336 certe
3214 2280 3430 2338 dolores
3451 2283 3614 2338 semi-

2022 2379 2172 2435 nant,
2191 2370 2279 2441 qui
2297 2379 2550 2439 perversa
2575 2377 2770 2439 agunt;
2799 2370 3012 2426 dolores
3039 2379 3269 2438 metunt,
3282 2387 3404 2428 cum
3424 2373 3494 2428 de
3515 2386 3618 2428 ea-

2022 2463 2141 2520 dem
2155 2463 2510 2535 perversitate
2526 2463 2840 2534 puniuntur;
2853 2463 3084 2519 Fructus
3096 2467 3298 2535 quippe
3307 2463 3514 2521 doloris
3534 2473 3620 2521 est

2023 2555 2311 2612 retributio
2341 2554 2725 2611 damnationis.
2768 2554 2877 2610 Sed
2902 2570 3027 2611 cum
3056 2557 3305 2627 protinus
3347 2556 3616 2612 subinfer-

2023 2655 2111 2702 tur
2150 2646 2276 2717 quia
2321 2646 2415 2716 qui
2443 2644 2660 2701 dolores
2677 2645 2945 2701 seminant
2971 2653 3028 2701 et
3054 2653 3286 2715 metunt,
3314 2643 3480 2701 ﬂante
3501 2646 3636 2702 Deo‘

2021 2745 2274 2808 pereunt,
2305 2743 2361 2791 et
2399 2736 2491 2791 ira:
2525 2735 2640 2806 ejus
2667 2737 2860 2807 spiritu
2889 2745 3311 2804 consumuntur,
3343 2737 3448 2793 hoc
3487 2738 3609 2793 loco
3689 2746 3696 2753 '

2021 2826 2225 2884 doloris
2251 2827 2469 2894 messio,
2493 2842 2604 2884 non
2624 2828 2736 2898 jam
2779 2841 2962 2900 poena,
2999 2827 3096 2884 sed
3123 2828 3314 2884 adhuc
3350 2828 3638 2900 perfectio

2023 2918 2322 2990 iniquitatis
2365 2917 2690 2984 ostenditur,
2721 2922 2847 2990 quia
2894 2934 2964 2974 ex
3008 2910 3340 2975 divinae-irae
3383 2919 3612 2990 spiritu,

2021 3009 2262 3080 ejusdem
2291 3010 2578 3066 messionis
2601 3025 2763 3082 pmna
2791 3011 3133 3079 subrogatur.
3172 3007 3456 3067 Seminant
3480 3023 3614 3081 ergo

2021 3101 2112 3158 hic
2139 3103 2357 3159 dolores
2385 3110 2440 3159 et
2467 3111 2700 3171 metunt,
2727 3104 2852 3176 quia
2878 3105 3060 3174 iniqua
3089 3095 3214 3159 sunt
3240 3118 3362 3175 quae
3390 3104 3615 3174 faciunt,

2021 3200 2076 3248 et
2103 3193 2156 3248 in
2185 3193 2299 3263 ipsa
2335 3193 2620 3263 iniquitate
2667 3201 3085 3265 prosperantur;
3141 3193 3280 3250 sicut
3313 3194 3392 3253 ,de
3432 3194 3618 3266 iniquo

323 3276 464 3347 gelio
508 3277 719 3334 Veritas
753 3279 884 3336 dicit
916 3299 946 3336 :-
965 3279 1032 3342 In
1081 3282 1332 3352 patientia
1379 3292 1546 3337 uestra
1597 3285 1920 3355 possidebitis
2024 3300 2123 3357 per
2147 3285 2488 3342 Psalmistam
2517 3287 2711 3344 dicitur
2745 3305 2759 3341 :
2788 3287 3104 3343 Polluuntur
3125 3289 3234 3343 vite
3258 3289 3369 3359 ejus
3390 3288 3447 3342 in
3476 3290 3620 3344 omni

325 3372 749 3445 animagvestras
783 3371 950 3443 (Luc.
982 3390 1098 3451 xxI,
1123 3373 1510 3444 l9)..Quid:est
1536 3376 1686 3434 enim.
1710 3377 1920 3434 animas

251 3492 270 3502 --
325 3463 639 3532 possidere,
679 3465 1054 3536 ,nisiperfeete
1099 3468 1160 3530 in
1202 3469 1453 3531 omnibus
1473 3469 1680 3536 .vivere,
1711 3470 1920 3528 cunctis

325 3554 520 3611 mentis
547 3557 786 3614 motibus
810 3573 880 3616 ex
905 3559 1126 3618 virtutis
1145 3575 1271 3620 arce
1301 3561 1604 3618 dominari?
1626 3562 1732 3630 Qui
1759 3563 1921 3634 igitur

323 3647 639 3716 patientiam
664 3657 829 3715 tenet,
857 3651 1099 3713 animam
1127 3651 1396 3723 possidet;
1423 3653 1548 3722 quia
1578 3654 1702 3712 inde
1731 3662 1922 3710 contra

325 3739 554 3804 adversa,
569 3741 758 3804 omnia
779 3742 935 3798 fortis
948 3742 1201 3809 efﬁcitur,
1215 3744 1358 3804 unde
1367 3745 1478 3802 sibi
1493 3753 1549 3800 et
1567 3746 1920 3814 semetipsum

323 3829 589 3884 vincendo
638 3830 964 3892 dominatur.
1007 3831 1077 3894 Et
1101 3848 1208 3902 quo
1233 3848 1300 3890 se
1327 3833 1672 3890 laudabiliter
1693 3833 1918 3903 frangit,

323 3920 613 3988 infractum
640 3939 698 3980 se
726 3923 936 3982 fortiter
960 3927 1172 3992 exerit;
1206 3926 1568 4002 quiscumin
1599 3927 1710 3984 suis
1739 3942 1798 3984 se
1825 3942 1921 3983 vo-

326 4014 620 4085 luptatibus
644 4026 882 4087 superat,
907 4033 1030 4074 sese
1057 4018 1125 4075 ad
1153 4018 1431 4080 Contraria,
1451 4019 1718 4076 invictum.
1745 4029 1919 4088 parat.

328 4105 434 4160 Sed
463 4106 586 4176 quia
632 4105 1196 4178 Eliphazsqinvehendo
1227 4109 1526 4180 corripuit,
1557 4125 1699 4166 nunc
1739 4111 1921 4182 aliqua

327 4198 477 4254 velut
497 4201 836 4264 exhortando
869 4201 1172 4272 subjungit,
1191 4202 1374 4258 dicens
1401 4220 1413 4256 :

598 4334 604 4341 ~
710 4313 938 4370 CAPUT
979 4312 1113 4368 xvu
1161 4313 1312 4387 [Rem
1344 4311 1531 4386 XIV].

395 4402 560 4460 Vsus.
576 4405 1028 4471 >7.—Recordare,
1051 4406 1280 4469 obsecro,
1303 4408 1416 4478 quis
1435 4423 1660 4479 unquam
1673 4408 1921 4464 innocens

327 4497 499 4569 perit?
526 4506 615 4550 aut
636 4498 843 4564 quando
873 4499 1000 4551 recti
1029 4497 1182 4551 deleti
1211 4498 1368 4552 sunt?

403 4586 562 4657 154
580 4585 671 4640 54.
696 4587 850 4656 Swpe
867 4588 1163 4642 innocentes
1179 4588 1262 4640 hic
1279 4589 1451 4657 perire
1469 4597 1518 4642 et
1534 4589 1713 4657 deleri,
1731 4599 1915 4645 rectos.

2026 3391 2252 3453 tempore
2263 3398 2283 3447 ;
2315 3383 2623 3453 auferuntur
2643 3382 2847 3453 judicia
2884 3390 2974 3435 tua
3003 3398 3036 3436 a
3073 3383 3207 3452 faeie
3232 3382 3366 3453 ejus,
3387 3382 3620 3435 omnium

2021 3473 2348 3529 inimicorum
2369 3489 2577 3528 suorum
2593 3473 2944 3528 dominabitur
2966 3473 3140 3542 (Psal.
3156 3490 3213 3543 x,
3228 3473 3284 3541 ὅ,
3301 3490 3405 3529 sec.
3427 3472 3613 3545 Heb.).

2023 3567 2100 3622 De
2126 3583 2234 3637 quo
2260 3566 2424 3644 paulo
2461 3575 2588 3638 post
2613 3567 2892 3623 subditur:
2927 3566 3034 3623 Sub
3082 3567 3261 3640 lingua
3304 3571 3419 3641 ejus
3465 3569 3619 3624 labor

2021 3668 2071 3713 et
2099 3659 2248 3714 dolor
2279 3657 2466 3730 (Ibid.,
2491 3657 2569 3728 7).
2599 3658 2824 3714 Dolores
2851 3659 3034 3729 itaque
3062 3651 3314 3728 seminat,
3343 3675 3466 3715 cum
3494 3675 3624 3730 pera

2022 3763 2178 3804 versa
2204 3749 2345 3817 agit;
2377 3748 2592 3804 dolores
2619 3750 2798 3817 metit,
2821 3764 2942 3804 cum
2969 3749 3268 3805 ex‘eisdem
3293 3745 3621 3820 perverSita-

2025 3839 2168 3895 tibus
2210 3840 2585 3909 temporaliter
2622 3841 2909 3896 excrescit.
2968 3833 3418 3912 Quumodo-ergo
3457 3844 3623 3901 ﬂante

2023 3929 2138 3986 Deo
2183 3931 2555 4001 pereunt,-qui
2601 3931 3055 4000 plerumque'diu
3099 3925 3538 4005 hic'subsistere,
3567 3944 3624 3992 et

2020 4022 2180 4093 justis
2214 4023 2422 4078 felicius
2446 4062 2462 4087 ,
2510 4025 2928 4094 permittuntur?
2973 4022 3111 4082 Hinc
3147 4033 3382 4098 namque
3407 4028 3477 4084 de
3517 4028 3622 4086 illis

2023 4116 2218 4172 iterum
2247 4130 2346 4187 per
2374 4115 2710 4171 Psalmistam
2754 4116 2990 4172 dicitur:
3037 4116 3116 4172 1η·
3145 4118 3406 4175 laboribus
3447 4120 3619 4175 nomi-

2025 4223 2150 4261 num
2191 4223 2297 4261 non
2323 4215 2463 4270 sunt,
2492 4216 2546 4261 "et
2585 4223 2701 4262 cum
2748 4197 3043 4265 hominibus
3070 4201 3175 4265 non
3216 4212 3620 4284 ﬂagellabantur

2026 4299 2204 4373 (Psal.
2223 4316 2388 4364 Lxxn,
2416 4299 2494 4372 5).
2528 4300 2951 4358 llincJerem’ias
2977 4303 3054 4358 ait
3079 4321 3092 4358 :
3124 4302 3300 4369 Quare
3324 4307 3406 4360 ria
3434 4307 3622 4377 impio-

2024 4407 2139 4447 rum
2189 4403 2525 4464 prosperatur
2572 4392 2798 4465 (Jerem.
2831 4409 2936 4462 xu,
2963 4395 3043 4468 i).
3092 4395 3226 4464 Quia
3273 4384 3450 4464 enim,
3479 4397 3620 4454 sicut

2025 4486 2285 4558 scriptum
2304 4494 2406 4551 est,
2421 4485 2678 4542 Dominus
2698 4489 2906 4558 patiens
2920 4489 3156 4544 redditur
3173 4498 3250 4545 est
3267 4489 3454 4560 (Eccli.
3471 4507 3521 4553 v,
3537 4477 3615 4560 4),

2024 4593 2168 4649 saepe
2197 4579 2290 4633 diu
2337 4579 2696 4650 tolerat-quos
2737 4579 3141 4650 inperpetuum
3187 4579 3436 4645 damnat;
3484 4594 3622 4635 non-

325 4676 548 4731 —-Sive
593 4678 866 4746 haeretici,
911 4694 1139 4746 quorum
1171 4678 1375 4735 aruit-os
1405 4680 1548 4734 beati
1593 4679 1695 4735 Job
1737 4690 1921 4738 tenere

2026 4687 2303 4744 nunquam
2332 4689 2462 4728 vero
2491 4674 2703 4729 concite
2737 4674 3028 4744 percutit,*
3057 4671 3164 4742 qui:
3192 4671 3620 4742 pusillanimitati

327 4769 564 4839 speciem
592 4768 846 4835 diximus,
864 4769 977 4823 sive
1000 4769 1238 4839 perversi
1257 4771 1501 4838 quizibet,
1525 4787 1686 4841 quam
1715 4772 1919 4828 inordi-

330 4872 455 4919 nate
483 4862 844 4930 redarguunt,
876 4870 984 4916 tam
1013 4863 1516 4932 reprehensibiliter
1541 4865 1916 4922 exhortantur.

327 4956 419 5012 Ait
444 4969 673 5022 namque
697 4973 709 5007 :
738 4951 867 5018 Quis
884 4970 1111 5018 unquam
1132 4955 1380 5009 innocens
1404 4957 1574 5026 periit,
1599 4966 1688 5010 aut
1713 4959 1920 5030 quando

331 5050 459 5104 recti
489 5047 641 5103 deleti
669 5048 839 5102 sunt?
865 5045 1021 5115 Saepe
1058 5047 1258 5116 quippe
1287 5047 1373 5103 hic
1399 5056 1454 5102 et
1479 5048 1796 5104 innocentes
1824 5065 1923 5118 pe-

331 5148 592 5206 reunt,.et
617 5138 750 5195 recti
769 5137 1011 5194 funditus
1036 5137 1314 5202 delentur;
1344 5137 1440 5194 sed
1460 5147 1642 5194 tamen
1668 5139 1735 5194 ad
1761 5150 1921 5196 aeter-

329 5249 453 5292 nam
497 5233 724 5302 gloriam
772 5230 1048 5302 pereundo
1100 5229 1510 5286 servantur.~-Si
1558 5231 1700 5285 enim
1740 5232 1920 5287 nullus

329 5326 590 5381 innocens
631 5323 856 5394 periret,
895 5321 1165 5393 lit-orbata
1209 5337 1319 5382 non
1347 5321 1551 5377 diceret
1578 5340 1590 5375 :
1619 5320 1803 5376 Justus
1832 5339 1920 5394 pe-

305 5416 440 5482 .riit,
471 5423 518 5470 et
540 5431 690 5469 nemo
725 5425 804 5470 est
822 5415 910 5486 qui
933 5415 1177 5486 recogitet
1202 5411 1359 5486 (Isai.
1391 5427 1516 5478 Lvu,
1545 5412 1621 5485 i).
1644 5412 1700 5468 Si
1740 5425 1920 5471 rectos

330 5509 474 5564 Deus
495 5507 830 5578 providendo
873 5524 982 5564 non
1025 5515 1277 5580 raperet,
1313 5514 1647 5576 nequaquam
1677 5507 1746 5562 de
1770 5509 1918 5577 justo

328 5599 605 5672 Sapientia
650 5599 919 5656 dixisset:
961 5601 1162 5673 Raptus
1208 5611 1312 5668 est,
1343 5613 1410 5655 ne
1454 5599 1656 5654 nolitis
1701 5609 1922 5655 mutaret

326 5694 644 5764 intellectum
676 5694 786 5766 ejus
817 5694 1224 5765 (Sap..tv,,ll).‘
1245 5692 1299 5756 Si
1323 5692 1500 5762 justus
1525 5690 1922 5755 animadversio

328 5786 474 5844 nulla
525 5794 862 5858 percuteret,
904 5784 1096 5841 Petrus
1128 5785 1346 5842 minime
1390 5783 1815 5856 praenuntiant,
1839 5783 1922 5838 di-

399 5912 428 5943 ι
457 5901 682 5959 Laudati
713 5900 863 5969 Mss.,
894 5909 1092 5972 printer
1131 5897 1337 5966 Norm.,
1368 5900 1710 5972 virtutibus._‘

399 5973 427 6012 ι
469 5973 633 6040 Εὸἰῑί,
663 5969 968 6042 patientiam
988 5971 1199 6040 deserit,
1230 5971 1617 6027 reluctantibus
1643 5969 1767 6027 Mss.

2027 4768 2397 4824 innocentium
2425 4779 2446 4805 π
2471 4755 2804 4822 consolando
2832 4764 3126 4820 concurrit.
3161 4763 3462 4834 Aliquando
3487 4780 3618 4835 ergo

2028 4861 2370 4932 omnipotens
2397 4859 2541 4915 Deus
2585 4859 2677 4914 diu
2717 4847 3010 4928 prtev‘aler‘e
3051 4856 3264 4926 iniquos
3293 4858 3514 4927 patitur,
3561 4867 3618 4915 ut

2023 4954 2290 5024 justorum
2339 4951 2589 5007 mundius
2620 4951 2750 5005 vita
2803 4954 3079 5021 purgetur.
3139 4949 3440 5020 Aliquando
3489 4967 3620 5008 vero

2025 5045 2258 5116 injustas
2286 5045 2537 5101 celeriter
2557 5041 2826 5110 trucidat,
2865 5049 3164 5114 eoran
3208 5041 3620 5099 interitu-inno—

2029 5135 2265 5192 centium
2299 5135 2461 5192 corda
2484 5130 2788 5188 conﬁrmat.
2820 5132 2890 5189 Si
2915 5133 3066 5188 enim
3091 5147 3234 5189 nunc
3261 5146 3449 5189 omnes
3477 5134 3622 5191 male

2021 5237 2253 5298 agentes
2280 5233 2620 5299 percuteret,
2645 5233 2949 5282 extremum
2989 5225 3103 5296 jam
3140 5224 3401 5294 judicium
3427 5225 3623 5294 quibus

2028 5321 2348 5378 exhiberet!
2369 5317 2632 5374 Siautetn
2663 5317 2867 5373 nullum
2894 5319 3118 5374 omnino
3147 5323 3476 5388 percuteret,
3500 5315 3622 5386 quis

2029 5413 2199 5469 Deum
2219 5427 2319 5467 res»
2336 5411 2598 5466 humanas
2618 5423 2811 5465 curare
2835 5409 3194 5465 credidisset?
3222 5407 3620 5477 Nonnunquam

2025 5520 2165 5576 ergo
2185 5505 2342 5578 155
2359 5505 2576 5574 iniquos
2591 5503 2744 5568 ferit,
2765 5508 2830 5558 ut
2847 5502 3098 5558 ostendat
3124 5501 3251 5572 quia
3283 5501 3450 5556 inulta
3480 5501 3622 5555 mala

2026 5598 2386 5654 non'deserit.
2427 5596 2838 5668 Nonnunquam.“
2853 5610 2986 5652 vero
3028 5595 3244 5666 iniquos
3269 5592 3364 5649 diu
3395 5592 3622 5662 tolerat,

2027 5700 2102 5762 ut.
2127 5691 2590 5767 cunsjdg‘antibus
2615 5689 2888 5769 insinuet,
2929 5689 2998 5744 ad
3035 5687 3181 5760 quod
3229 5701 3325 5744 eos
3357 5685 3622 5760 judicium

2025 5793 2286 5842 reservet.

2102 5908 2124 5937 ο
2171 5895 2315 5953 Unus
2337 5883 2554 5959 Rhem.,
2588 5895 2696 5952 duo
2719 5894 2953 5966 Remig.,
2985 5893 3121 5968 Reg.
3151 5897 3208 5954 et
3236 5894 3360 5966 alii,
3385 5896 3626 5954 maxime

2026 5966 2240 6040 Norm.,
2273 5969 2586 6026 consulendo
2609 5968 2888 6021 concurrit.
