4180 6456
544 376 649 435 699
1756 375 2001 434 SANCTl
2038 373 2372 432 GREGORII
2415 376 2630 434 IAGNI

3733 380 3849 434 700‘

620 496 710 556 36.
753 497 971 570 [siquos
1008 495 1171 553 deleri
1190 511 1290 566 quo
1312 509 1467 551 sensu
1495 492 1708 565 falsum,
1728 508 1828 564 quo
1851 506 2042 547 verum.
2068 520 2141 531 —
2167 493 2212 551 Α
2244 488 2498 545 exstincti
2525 500 2676 561 sunt,
2700 491 2944 549 dentium
2984 492 3335 563 expressione
3379 491 3679 560 signantur.
3709 490 3840 558 Qum

540 592 667 649 Hec
703 593 885 662 itaque
914 590 1183 646 sententia
1214 599 1239 626 ι
1270 586 1557 643 deletionis
1603 585 1934 655 iniquorum,
1957 584 2002 640 si
2029 598 2139 638 non
2244 588 2439 637 cuncta
2467 580 2594 637 dum
2623 584 2858 639 contrita
2899 583 3123 656 Eliphas
3171 583 3372 652 rigidus
3399 583 3661 648 exsultat,
3688 587 3844 653 quasi

540 702 665 743 cum
698 685 803 740 ﬂne
832 684 1114 755 praesentis
1145 682 1330 739 szcculi
1375 681 1445 737 de
1472 680 1682 737 cunctis
1707 678 2031 749 generaliter
2055 677 2140 733 di-
2238 668 2363 741 jure
2382 672 2637 730 damnata
2660 675 2962 731 denuntiat.
2992 675 3161 746 Cujus
3175 678 3351 733 adhuc
3382 677 3639 733 duritiam
3665 678 3841 733 incre-

540 778 700 845 citur,
731 792 800 833 ex
844 789 1038 846 magna
1066 782 1224 845 parte
1260 772 1446 843 procul
1479 772 1643 829 dubio
1671 770 1915 826 veritatis
1944 770 2145 825 virtute

541 877 852 927 evacuatur.
902 867 1011 924 Sed
1039 874 1168 924 tunc
1195 881 1324 922 vera
1363 867 1484 931 erit,
1516 881 1643 921 cum
1682 864 1793 935 jam
1842 861 2143 932 iniquitatis

541 961 731 1017 dilatio
778 976 882 1015 non
929 960 1051 1015 erit.
1097 958 1230 1027 Quze
1282 959 1388 1014 hoc
1437 959 1667 1014 fortasse
1704 956 1869 1012 modo
1916 954 2144 1025 intelligi

542 1052 742 1108 rectius
766 1059 966 1122 potest,
999 1050 1257 1121 quoniam
1286 1064 1391 1103 nec
1416 1048 1676 1104 innocens
1728 1045 1895 1116 perit,
1926 1060 2030 1101 nec
2057 1060 2143 1099 re-

543 1152 664 1201 ctus
680 1144 891 1200 deletur
906 1162 919 1204 :
943 1144 1069 1213 quia
1083 1144 1186 1198 etsi
1205 1158 1370 1198 carne
1390 1142 1478 1197 hic
1495 1141 1763 1204 atteritur,
1780 1139 1833 1193 in
1850 1148 2144 1209 conspectu

543 1237 729 1293 (sterni
756 1236 951 1305 judicis
976 1250 1103 1290 vera
1124 1237 1301 1289 salute
1330 1240 1636 1302 reparatur.
1673 1229 1737 1285 Et
1758 1230 1849 1301 qui
1876 1228 2147 1291 seminant

546 1331 764 1386 dolres
794 1338 849 1384 et
876 1336 1109 1395 metunt,
1139 1327 1303 1381 llante
1332 1326 1445 1380 Deo
1474 1332 1706 1394 pereunt
1730 1340 1745 1390 ;
1792 1321 1918 1392 quia
1940 1328 2145 1390 quanto

545 1422 636 1478 hic
664 1422 824 1477 altius
853 1434 1112 1491 perverse
1138 1417 1349 1490 agendo
1394 1416 1721 1487 proﬁciunt,
1769 1423 1920 1469 tanto
1960 1414 2144 1470 durius

544 1515 892 1586 subsequenti
938 1514 1284 1569 damnatione
1314 1511 1606 1566 feriuntur.
1656 1508 1766 1565 Sed
1811 1525 1936 1565 cum
1967 1508 2143 1564 eidem

544 1608 827 1663 sententia:
850 1606 1212 1678 tramittitur,
1241 1602 1559 1669 Recordare,
1579 1602 1832 1657 videlicet
1854 1609 1999 1671 patet
2020 1602 2143 1670 quia

546 1706 821 1763 transacta
844 1713 931 1761 res
953 1697 1020 1752 ad
1047 1705 1283 1753 mentem
1308 1694 1605 1757 reducitur,
1628 1708 1739 1749 non
1764 1702 1943 1748 autem
1966 1691 2143 1749 futura

547 1790 846 1849 nuntiatur.
878 1787 1031 1843 Tunc
1058 1800 1186 1856 ergo
1217 1784 1441 1856 Eliphaz
1471 1785 1654 1840 verius
1700 1783 1927 1847 diceret,
1958 1783 2003 1837 si
2032 1783 2147 1851 haec

553 1886 624 1941 de
651 1886 855 1957 iniquis
878 1884 1205 1955 generaliter
1253 1882 1368 1940 fieri
1406 1890 1650 1939 extrema
1678 1876 2151 1935 animadversione
2179 1877 2228 1938 B
2255 1876 2562 1964 mulatio'nis

550 1980 897 2049 credidisset.

623 2073 711 2130 57.
750 2071 799 2133 Ε
803 2072 913 2128 lare
947 2070 1090 2131 Deus
1118 2080 1238 2142 apte
1268 2070 1479 2135 dicitur,
1508 2084 1625 2123 cum
1667 2065 1948 2133 vindictam
1990 2062 2147 2135 retri-

551 2167 682 2221 buit.
708 2166 855 2221 Tunc
897 2164 987 2236 qui
1027 2166 1083 2218 in
1112 2181 1166 2218 se
1201 2160 1545 2233 tranquillus,
1580 2157 1909 2231 pereuntibus
1949 2146 2150 2211 videtur

548 2256 890 2312 turbulentus.
908 2253 1104 2319 -—-Se_d
1130 2254 1234 2309 hoc
1254 2252 1397 2321 quod
1428 2248 1560 2305 ﬂare
1585 2249 1725 2304 Deus
1752 2247 1970 2312 dicitur,
1999 2253 2153 2314 urget

548 2356 611 2403 ut
659 2346 908 2407 subtilius
950 2345 1307 2407 discernatur.
1358 2342 1468 2397 Nos
1510 2342 1712 2412 quippe
1750 2355 1871 2405 cum
1918 2337 2150 2409 ﬂamus,

550 2454 733 2496 aerem
752 2438 820 2501 ab
839 2436 1200 2497 exterioribus
1222 2436 1484 2499 introrsus
1509 2434 1793 2499 trahimus,
1810 2440 1867 2489 et
1888 2432 2153 2499 introrsus

553 2538 790 2589 tractum
821 2529 967 2584 hunc
989 2528 1227 2591 exterius
1254 2527 1550 2593 reddimus.l
1581 2525 1740 2593 Flore
1767 2537 1897 2595 ergo
1926 2523 2068 2579 Deus
2099 2522 2151 2576 in

554 2623 805 2681 vindicta:
856 2620 1217 2682 retributione
1266 2618 1485 2684 dicitur,
1524 2617 1653 2687 quia
1685 2616 1755 2672 ab
1794 2613 2155 2673 exterioribus

555 2714 732 2775 causis
760 2713 1031 2775 introrsus
1052 2709 1242 2780 judicii
1271 2708 1557 2767 consilium
1602 2705 1861 2775 concipit,
1894 2712 1948 2756 et
1976 2702 2044 2769 ab
2075 2703 2154 2757 in-

553 2815 713 2867 terno
738 2803 964 2861 consilio
1009 2810 1287 2869 extrorsus
1334 2798 1659 2869 sententiam
1710 2795 1935 2861 emittit.
1989 2792 2155 2867 Quasi

556 2895 722 2959 ﬂante
742 2896 879 2960 Deo,
905 2895 974 2953 ab
995 2892 1356 2961 exterioribus
1380 2890 1581 2960 aliquid
1614 2885 2155 2957 introrsustrahitur,

564 2994 781 3061 quando
808 2988 953 3049 foras
998 2988 1141 3045 mala
1185 2994 1371 3043 nostra
1408 2984 1693 3054 conspicit,
1723 2992 1778 3037 et
1804 2983 1948 3047 intus
1971 2982 1991 3015 ι’
2014 2978 2158 3048 judi-

557 3085 702 3145 cium
722 3084 974 3155 dispenit.
1006 3081 1073 3137 Et
1102 3096 1338 3146 rursum,
1380 3080 1534 3149 quasi
1565 3077 1730 3143 ﬂante
1761 3076 1895 3144 Deo,
1926 3074 1995 3135 ab
2021 3073 2160 3129 inte-

560 3178 794 3234 rioribus
839 3176 1059 3247 spiritus
1134 3182 1414 3231 extrorsus
1466 3170 1764 3236 emittitur,
1813 3166 2031 3237 quando
2091 3165 2160 3220 ab

561 3268 777 3325 interno
804 3278 823 3305 ο
849 3276 1119 3335 conceptu
1139 3262 1372 3329 consilii,
1394 3262 1634 3323 exterius
1650 3259 1907 3331 judicium
1939 3258 2159 3325 damna—
2188 3265 2237 3329 ο

564 3358 731 3415 tionis
760 3356 1003 3417 infertur.
1037 3355 1183 3410 Bene
1212 3356 1398 3423 itaque
1422 3352 1621 3415 dicitur
1649 3350 1797 3421 quod
1827 3348 1920 3421 qui
1946 3347 2163 3415 dolores

564 3449 853 3511 seminant,
879 3446 1046 3504 ﬂante
1093 3447 1206 3505 Deo
1234 3452 1463 3516 pereunt
1489 3461 1509 3510 ςη
1556 3442 1679 3512 quia
1713 3441 1854 3514 unde
1882 3438 2012 3495 foris
2040 3454 2169 3511 pere

564 3557 724 3600 versa
752 3538 978 3607 faciunt,
1009 3537 1136 3597 inde
1180 3538 1253 3594 ab
1295 3536 1497 3592 intimis
1541 3542 1691 3599 recte
1732 3532 2019 3599 feriuntur.
2069 3530 2167 3597 Vel

564 3644 715 3693 certe
741 3650 864 3693 cum
893 3632 1026 3690 ﬂare
1055 3632 1199 3688 Deus
1224 3631 1438 3695 dicitur,
1469 3630 1594 3701 quia
1626 3637 1682 3684 et
1710 3626 1893 3691 statim
1926 3626 2020 3693 ira:
2048 3624 2168 3697 ejus

566 3729 791 3801 spiritus
815 3726 1165 3789 subinfertur,
1209 3721 1576 3794 appellatione
1606 3718 1764 3783 ﬂatus
1811 3717 1952 3774 illius
1989 3726 2169 3787 potest

570 3821 688 3893 ipsa
742 3818 862 3889 ejus
907 3815 1300 3877 animadversio
1329 3813 1619 3883 designari.
1670 3811 1781 3868 Nos
1816 3811 2015 3883 quippe
2043 3825 2168 3871 cum

569 3913 872 3977 irascimur,
904 3909 1033 3965 ﬂatu
1063 3907 1260 3967 furoris
1287 3905 1313 3944 ά
1342 3903 1757 3971 inﬂammantur.
1790 3900 1861 3957 Ut
1890 3900 2168 3971 ergovin-

574 4005 777 4067 dictam
819 4002 1064 4073 cogitans
1106 3997 1365 4065 Dominus
1417 3997 1839 4061 demonstretur,
1885 3992 2017 4049 ﬂare
2062 3993 2169 4061 ira-

571 4095 775 4152 scendo
804 4094 1032 4159 dicitur;
1069 4108 1180 4153 non
1207 4105 1318 4160 quo
1346 4090 1461 4160 ipse
1488 4089 1542 4144 in
1575 4096 1766 4143 natura
1810 4102 1908 4151 sua
1937 4087 2171 4142 mutabie

575 4189 743 4246 litatis
768 4186 1195 4247 vicissitudinem
1242 4183 1487 4253 recipiat,
1519 4182 1612 4237 sed
1652 4197 1763 4252 quo
1803 4189 1927 4251 post
1953 4180 2169 4250 longam

575 4276 919 4348 patientiam,
950 4275 1165 4345 quando
1190 4275 1481 4335 vindictam
1506 4272 1805 4343 peccatoris
1834 4273 2167 4344 “sumitur,

574 4368 622 4429 is
648 4367 740 4438 qui
766 4367 821 4422 in
850 4367 1141 4435 semetipso
1172 4366 1495 4437 tranquillus
1524 4374 1625 4431 est,
1662 4364 2012 4436 pereuntibus
2053 4373 2170 4422 tur-

576 4460 831 4517 bulentus
860 4458 1094 4517 videtur.
1126 4458 1281 4523 Mens
1308 4459 1510 4529 quippe
1535 4457 1786 4529 reproba,
1818 4456 1944 4527 quia
1974 4456 2166 4513 adver-

574 4569 699 4615 sum
716 4554 831 4623 suis
859 4553 1071 4617 actibus
1091 4552 1329 4624 iudicem
1369 4552 1658 4624 conspicit,
1686 4550 1842 4623 quasi
1867 4560 2172 4609 commotus

2244 763 2479 834 pationis
2503 766 2820 835 ingeminat,
2848 784 2971 824 cum
2998 769 3272 839 subjungit
3297 787 3311 824 :

2528 876 2757 934 CAPUT
2798 880 2892 935 XX
2929 880 3075 955 [Vel.
3108 890 3156 936 et
3189 880 3335 936 Rect.
3367 878 3552 953 XVI].

2318 988 2485 1047 Vens.
2533 990 2623 1048 ll.
2656 1026 2726 1037 —
2756 994 2935 1065 Tigris
2965 996 3117 1065 periit
3142 1039 3156 1063 ,
3207 1013 3268 1052 eo
3313 982 3448 1067 quod
3499 1012 3603 1050 non
3634 993 3847 1050 haberet

2243 1082 2496 1153 prazdam,
2523 1090 2572 1137 et
2603 1083 2759 1159 156
2781 1087 2938 1140 catuli
2969 1087 3169 1141 leonum
3198 1087 3439 1158 dissipati
3464 1096 3602 1141 sunt.
3903 1072 3909 1075 I

2317 1174 2407 1229 '59.
2453 1174 2623 1248 Tigris
2648 1179 2793 1231 varia
2818 1194 2880 1230 ac
2902 1195 3070 1249 rapax
3092 1179 3385 1249 hypocritas
3412 1187 3530 1247 apte
3556 1178 3841 1250 signiﬁcat.

2244 1296 2315 1309 —-
2335 1265 2503 1335 Quem
2534 1269 2675 1323 enim
2707 1270 2924 1325 nomine
2952 1270 3174 1337 tigridis,
3207 1270 3309 1325 nisi
3340 1272 3555 1326 beatum
3587 1270 3687 1325 Job
3716 1274 3845 1325 nota

2248 1360 2524 1416 varietatis
2552 1363 2747 1430 signat,
2780 1363 2865 1417 vel
2886 1378 3166 1431 aspersum
3198 1362 3419 1417 maculis
3447 1362 3804 1418 simulationis
3822 1362 3848 1415 ἲ

2246 1449 2433 1507 Omnis
2474 1468 2709 1522 namque
2755 1452 3037 1507 simulator
3088 1453 3139 1507 in
3182 1462 3247 1508 eo
3276 1454 3419 1523 quod
3448 1453 3615 1507 videri
3662 1450 3847 1509 rectus

2247 1542 2472 1611 appetit,
2509 1541 2769 1596 mundum
2812 1557 2870 1597 se
2901 1558 2999 1613 per
3026 1541 3204 1598 omnia
3254 1558 3361 1597 non
3394 1542 3666 1610 ostendit;
3716 1542 3845 1613 quia

2248 1631 2376 1687 dum
2398 1633 2625 1688 virtutes
2667 1634 2926 1704 quasdam
2980 1636 3079 1704 per
3128 1633 3437 1705 hypocrisin
3479 1636 3737 1695 assumit,
3790 1644 3857 1690 et

2248 1724 2461 1781 occulte
2508 1724 2858 1796 semetipsum
2886 1725 3032 1781 vitiis
3068 1726 3300 1796 subiicit,
3333 1728 3573 1798 quaedam
3625 1727 3844 1783 latentia

2253 1817 2379 1871 vitia
2411 1825 2634 1888 repente
2680 1818 2731 1872 in
2761 1816 2951 1874 faciem
2981 1822 3291 1888 erumpunt,
3322 1826 3379 1874 et
3403 1818 3742 1888 superducta:
3768 1821 3845 1874 si-

2568 1950 2585 1976 ,
2614 1912 2764 1979 quasi
2794 1910 3017 1966 visionis
3046 1910 3273 1976 corium,
3306 1926 3374 1965 ex
3397 1910 3718 1966 admistione
3748 1926 3843 1966 sua

2251 1998 2460 2054 varium
2478 2000 2801 2067 ostendunt;
2826 2008 2884 2056 ut
2899 2001 3216 2071 plerumque
3236 2002 3305 2056 sit
3326 2002 3520 2056 mirum
3543 2018 3638 2057 cur
3659 2004 3842 2069 horno,

2251 2092 2343 2160 qui
2374 2092 2538 2147 tantis
2568 2092 2855 2147 virtutibus
2887 2092 3094 2162 pollere
3139 2092 3400 2159 cernitur,
3431 2093 3590 2147 etiam
3622 2101 3729 2146 tam
3761 2109 3845 2147 re-

2254 2185 2440 2255 probis
2470 2185 2679 2240 actibus
2726 2185 3052 2253 inquinetur.
3110 2185 3215 2239 Sed
3264 2185 3517 2239 nimirum
3550 2186 3723 2239 omnis
3749 2184 3848 2256 hy-

2254 2276 2464 2347 pocrita
2496 2276 2647 2345 tigris
2678 2285 2760 2331 est
2778 2319 2792 2341 ,
2821 2278 2946 2345 quia
2975 2278 3098 2332 dum
3130 2276 3362 2332 mundus
3407 2277 3563 2332 color
3588 2276 3655 2331 de
3681 2277 3850 2331 simn-

2254 2369 2459 2424 latione
2506 2370 2756 2435 ducitur,
2796 2370 3050 2425 vitiorum
3098 2369 3379 2438 nigredine
3424 2369 3851 2439 interrumpente

2255 2462 2513 2517 variatur.
2546 2460 2702 2531 Saepe
2731 2462 2874 2516 enim
2907 2462 3033 2516 dum
3065 2462 3131 2517 de
3157 2462 3419 2517 castitatis
3455 2460 3713 2516 munditia
3754 2477 3850 2516 ex-

2257 2553 2483 2619 tollitur,
2533 2552 2695 2608 sorde
2736 2554 2975 2608 avaritize
3028 2553 3275 2610 foedatur.
3306 2553 3464 2624 Saepe
3500 2554 3624 2608 dum
3658 2555 3852 2610 virtute

2256 2645 2521 2715 largitatis
2562 2645 2839 2716 speciosus
2886 2647 3207 2713 ostenditur,
3241 2646 3462 2702 luxuria:
3504 2647 3726 2703 maculis
3771 2648 3853 2702 in-

2258 2741 2534 2810 quinatur.
2565 2738 2724 2810 Saepe
2744 2740 2872 2795 dum
2896 2742 3160 2797 castitatis
3180 2749 3342 2811 atque
3371 2741 3636 2810 largitatis
3659 2741 3856 2797 decore

2258 2828 2506 2895 vestitur,
2539 2831 2689 2885 velut
2708 2846 2772 2886 ex
2801 2830 2919 2887 zelo
2943 2831 3182 2901 justitize,
3213 2832 3545 2889 crudelitatis
3571 2834 3858 2889 atrocitate

2260 2925 2517 2978 fuscatur.
2559 2922 2714 2993 Saepe
2770 2924 3036 2993 largitate,
3070 2925 3357 2990 castitate,
3409 2924 3614 2995 pietate
3645 2939 3709 2980 ex
3739 2926 3860 2994 pul-

2262 3013 2391 3067 chra
2409 3012 2616 3069 visione
2639 3012 2894 3081 induitur,
2919 3014 3013 3070 sed
3036 3014 3294 3069 interfusa
3319 3015 3649 3071 obscuritate
3670 3030 3860 3086 super—

2261 3104 2364 3158 bia:
2418 3113 2654 3161 notatur.
2709 3106 2907 3175 Sicque
2963 3103 3023 3159 tit
3073 3113 3133 3161 ut
3182 3106 3498 3163 intermistis
3548 3108 3690 3162 vitiis
3734 3107 3858 3163 dum

2268 3195 2523 3251 mundam
2553 3198 2607 3252 in
2635 3211 2696 3254 se
2720 3196 2958 3268 speciem
2982 3196 3264 3268 hypocrita
3290 3212 3396 3251 non
3426 3198 3681 3264 ostendit,
3713 3198 3863 3269 quasi

2270 3301 2435 3340 unum
2463 3287 2702 3343 colorem
2729 3288 2881 3356 tigris
2909 3286 3113 3342 habere
3142 3301 3481 3358 nequaquam
3510 3290 3698 3358 possit.
3732 3290 3864 3355 ουκ

2270 3379 2522 3435 videlicet
2552 3380 2702 3450 tigris
2724 3381 2868 3451 rapit
2895 3379 3153 3450 praedam,
3182 3382 3308 3450 quia
3338 3382 3553 3436 humani
3586 3382 3687 3440 sibi
3718 3383 3865 3437 favo-

2271 3470 2345 3525 ris
2373 3479 2597 3541 usurpat
2616 3471 2864 3541 gloriam.
2888 3471 2992 3539 Qui
3022 3472 3167 3528 enim
3196 3481 3349 3543 rapta
3381 3472 3535 3529 laude
3560 3474 3862 3540 extollitur,

2271 3562 2425 3630 quasi
2448 3562 2622 3631 praeda
2649 3562 2891 3617 satiatur.
2927 3563 3072 3617 Bene
3098 3573 3276 3617 autem
3306 3564 3707 3634 bypocritarum
3748 3565 3868 3619 laus

2271 3654 2451 3723 praeda
2473 3652 2689 3708 dicitur.
2714 3652 2901 3708 Praeda
2920 3656 3122 3725 quippe
3140 3663 3375 3721 est,cuin
3398 3654 3570 3709 aliena
3594 3654 3870 3709 violenter

2274 3744 2611 3801 auferuntur.
2644 3745 2832 3803 Omnis
2860 3756 3043 3804 autem
3073 3748 3384 3820 hypocrita,
3408 3749 3531 3819 quia
3552 3749 3718 3803 vitam
3746 3750 3867 3818 jus-

2273 3836 2404 3893 tilia:
2423 3838 2706 3903 simulans,
2733 3838 3003 3909 justorum
3024 3840 3129 3896 sibi
3160 3840 3372 3897 laudem
3397 3840 3607 3911 arripit,
3633 3840 3864 3895 alienum

2274 3930 2519 4000 profecto
2543 3940 2627 3987 est
2652 3932 2799 4003 quod
2822 3933 2983 3990 tollit.
3014 3933 3240 4004 Eliphaz
3268 3934 3471 4003 itaque,
3499 3935 3625 4003 quia
3653 3934 3866 3988 beatum

2271 4020 2374 4078 Job
2414 4023 2802 4080 incolumitatis
2830 4039 2939 4081 suae
2969 4034 3216 4097 tempore
3245 4026 3509 4081 laudanda
3538 4026 3710 4095 egisse
3740 4039 3866 4094 cog-

2273 4112 2444 4182 novit,
2475 4115 2823 4184 percussione
2868 4116 3251 4185 subsequente,
3281 4117 3396 4172 hzec
3436 4116 3584 4171 illum
3633 4115 3865 4171 tenuisse

2274 4224 2372 4279 per
2391 4211 2702 4281 hypocrisin
2728 4212 2974 4279 credidit,
2999 4213 3219 4271 dicens:
3256 4214 3427 4287 Tigris
3455 4216 3625 4286 periit,
3646 4232 3706 4270 eo
3735 4216 3869 4285 quod

2274 4317 2378 4356 non
2426 4300 2635 4357 haberet
2677 4306 2931 4374 pradam.
2968 4307 3059 4361 Ac
3106 4307 3149 4361 si
3200 4315 3388 4377 aperte
3416 4307 3599 4362 dicat:
3631 4308 3871 4363 Varietas

2275 4399 2380 4451 tute
2406 4392 2765 4451 simulationis
2792 4397 3057 4453 exstincta
3083 4406 3185 4461 est,
3214 4399 3339 4467 quia
3365 4407 3421 4454 et
3465 4398 3706 4454 adulatio
3754 4398 3871 4455 lau-

2273 4483 2353 4539 dis
2392 4484 2571 4539 ablata
2602 4494 2713 4554 est;
2761 4495 2816 4543 et
2854 4488 2967 4558 jam
3013 4497 3101 4543 tua
3140 4489 3441 4561 hypocrisis
3484 4490 3716 4560 praedam
3760 4506 3871 4546 non

2275 4576 2462 4643 habet,
2510 4578 2638 4647 quia
2684 4595 2939 4651 percussa
2978 4582 3263 4650 divinitus,
3292 4583 3542 4639 humanis
3592 4583 3871 4639 favoribus

574 4646 627 4702 ei
652 4648 974 4712 ostenditur.
1004 4647 1130 4721 quia
1159 4647 1213 4702 in
1244 4654 1541 4731 conspectu
1569 4646 1709 4709 illius
1746 4661 1846 4702 suo
1873 4654 2026 4713 reatu
2055 4645 2170 4717 ipsa
2207 4671 2255 4732 ι)
2281 4677 2451 4725 caret.

576 4737 842 4797 turbatur.
874 4741 983 4803 Sed
1010 4748 1298 4812 postquam
1326 4739 1481 4811 quasi
1522 4739 1818 4796 clementer
1852 4738 2131 4797 admonuit
2153 4778 2185 4807 μ
2210 4736 2213 4741 ’

577 4837 769 4901 aperte
789 4831 1177 4902 increpationis
1205 4832 1367 4891 verba
1397 4830 1696 4902 subjungit,
1726 4830 1913 4889 dicens
1942 4848 1957 4887 :

1162 4943 1391 5000 CAPUT
1434 4943 1575 5000 XIX.

649 5030 812 5088 Vens.
847 5033 935 5088 ω.
958 5033 1269 5106 -Βιιςίσιη
1292 5036 1477 5101 leonis,
1501 5045 1552 5091 et
1574 5051 1676 5093 una:
1701 5036 1900 5103 lem,
1923 5044 1971 5091 et
1993 5034 2174 5093 dentes

574 5125 867 5179 catulorum
891 5127 1097 5180 leonum
1121 5129 1330 5182 contriti
1357 5138 1499 5183 sunt.

648 5214 739 5272 58.
782 5216 1015 5272 Duravit:
1059 5218 1160 5273 Job
1193 5218 1417 5285 Elipltaz
1442 5218 1617 5274 verba.
1640 5250 1712 5267 σ-
1739 5216 1883 5285 Quid
1912 5218 2056 5274 enim
2081 5233 2173 5273 ru?

576 5309 747 5378 gitum
775 5309 949 5365 leonis
978 5310 1237 5381 appellat,
1270 5311 1395 5378 nisi,
1429 5320 1487 5365 ut
1536 5311 1698 5380 paulo
1745 5319 1873 5366 ante
1910 5310 2172 5381 pmmisi-

581 5417 724 5469 mus,
753 5402 1101 5457 severitatem
1127 5401 1261 5456 viri?
1291 5400 1419 5471 quid
1436 5415 1623 5457 vocem
1651 5401 1970 5468 leaenmmisi
1993 5400 2176 5471 loqua-

579 5492 798 5548 citatem
846 5492 1126 5563 conjugis?
1172 5491 1300 5562 quid
1347 5492 1536 5547 dentes
1588 5492 1889 5559 catulorum
1932 5491 2170 5556 iconum,

577 5586 680 5645 nisi
729 5586 1045 5642 edacitatem
1097 5585 1460 5657 prolileuia
1489 5586 1633 5649 enim
1683 5586 1774 5642 lilii
1824 5586 2174 5643 convivantes

653 5716 678 5745 ἰ
709 5705 932 5762 Coccius
961 5708 1023 5757 ac
1049 5702 1301 5774 deinceps
1324 5702 1482 5772 Editi,
1513 5704 1799 5762 dilationis.
1832 5703 2054 5762 Rectius
2081 5706 2171 5762 alii

580 5792 700 5849 cum
740 5776 889 5840 Mss.,
928 5776 1183 5849 sententia
1224 5776 1528 5849 deletionis,
1576 5794 1677 5849 qua
1726 5776 1934 5849 scilicet
1960 5776 2171 5835 dicebat

581 5845 803 5930 Elivhaz
834 5845 1256 5930 έξτρηθῖίίξίιιιιρε
1279 5844 1862 5930 βδξθιεςίὶςάρεείίεεεκ

655 5912 683 5956 5
722 5912 955 5985 Remig.,
983 5913 1151 5984 antiq.
1183 5914 1239 5969 in
1259 5914 1463 5989 judicio
1489 5912 1735 5992 disponit.

2352 4762 2442 4818 40.
2483 4761 2857 4835 Myrmicoleon
2907 4781 2995 4822 eos
3041 4766 3316 4822 adumbrat
3354 4770 3442 4840 qui
3471 4769 3639 4824 timidi
3666 4770 3721 4823 in
3762 4771 3875 4840 for-

2281 4854 2456 4921 tiores,
2481 4856 2704 4911 audaces
2734 4860 2789 4912 in
2816 4874 3004 4927 parvos
3032 4870 3172 4915 sunt.
3199 4891 3269 4902 —-
3292 4859 3662 4916 Translatione
3689 4872 3875 4916 autem

2278 4944 2632 5017 Septuaginta
2681 4949 3033 5021 interpretum
3083 4968 3420 5025 nequaquam
3468 4955 3615 5023 tigris
3652 4956 3875 5022 dicitur,

2283 5037 2397 5101 sed,
2429 5037 2812 5110 Myrmicoleon
2844 5043 3025 5112 periit,
3058 5058 3126 5100 eo
3155 5045 3298 5114 quod
3326 5061 3434 5100 non
3460 5046 3686 5101 haberet
3732 5062 3877 5116 prte-

2280 5126 2425 5185 dam.
2452 5130 2837 5201 Myrmicoleon
2865 5136 3065 5206 quippe
3109 5152 3333 5206 parvum
3360 5137 3517 5193 valde
3541 5146 3623 5193 est
3650 5139 3876 5206 animal,

2275 5218 2517 5278 formicis
2543 5223 2849 5295 adversum,
2872 5229 3016 5299 quod
3046 5243 3106 5284 se
3151 5228 3255 5284 sub
3302 5229 3523 5299 pulvere
3567 5230 3877 5303 abscondit,

2278 5323 2333 5371 et
2360 5315 2611 5373 formicas
2639 5316 2907 5376 frumenta
2930 5331 3205 5391 gestanus
3228 5321 3502 5392 interﬁcit,
3535 5324 3878 5383 interfectas-

2278 5418 2385 5474 que
2412 5408 2702 5465 consumit.
2723 5409 3111 5480 Myrmicoleon
3126 5421 3306 5469 autem
3330 5412 3525 5473 Latine
3547 5415 3767 5481 dicitur,
3788 5418 3879 5471 vel

2278 5494 2625 5553 formicarum
2656 5500 2761 5567 leo,
2789 5503 2874 5559 vel
2904 5514 3053 5560 certe
3077 5506 3385 5575 expressius
3414 5504 3639 5562 formica
3670 5506 3879 5576 pariter

2280 5598 2338 5645 et
2362 5590 2468 5647 leo.
2517 5591 2684 5649 Recte
2722 5604 2902 5651 autem
2932 5596 3154 5654 formica
3184 5606 3237 5653 et
3267 5599 3351 5653 leo
3379 5601 3716 5666 nominatur,
3746 5602 3874 5668 quia

2355 5722 2379 5792 ξ
2418 5712 2617 5792 libent.
2645 5716 2837 5792 antiq.,_
2867 5717 2932 5792 ab
2959 5720 3165 5792 interno
3190 5729 3433 5792 conrepta
3454 5723 3693 5777 consilia.

2349 5781 2378 5865 ξι
2416 5783 2543 5865 M_ss.
2573 5781 2797 5865 _Nerm.',_
2822 5790 3089 5865 inﬂamur.
3122 5791 3177 5848 In
3209 5781 3356 5849 Utic:
3383 5809 3479 5849 seu
3521 5794 3579 5850 S.
3612 5793 3875 5865 Ebrulphi

2277 5854 2426 5925 prius
2450 5855 2749 5928 legebatur,
2780 5854 3170 5923 inﬂamntamur
3198 5867 3333 5936 ipsa.
