4180 6456
595 392 703 450 705

1794 392 2041 453 SANC'I‘I
2078 389 2408 453 GRBGORII
2447 394 2663 455 MAGNI

3789 394 3900 452 70‘

592 508 771 571 studia
792 508 907 580 iatn
933 505 1113 573 victus
1135 505 1301 577 jacet.
1328 505 1746 573 Idcircoautem
1771 510 2191 582 myrmicoleon-
2218 510 2271 572 Α
2294 510 2495 579 quiad.
2516 507 2917 581 percipiendam
2941 506 3158 565 virtutis
3196 505 3315 578 ejus
3362 503 3612 564 notitiam
3633 546 3651 575 ,
3674 506 3900 570 deserto

595 606 661 660 tis
685 602 1057 674 appellatione
1085 602 1733 674 veltigridisrepetitur,
1755 611 1781 641 ι
1805 602 1900 673 qui
1918 602 2034 673 jam
2060 617 2191 659 cono

591 696 719 750 trito
758 694 931 750 leonis
959 694 1140 763 rugitu
1180 693 1358 750 fuerat
1397 694 1729 763 designatus,
1772 695 1899 765 quia
1927 693 2190 766 quidquid

589 805 688 862 per
713 789 966 858 gaudium
993 788 1210 853 dicitur,
1236 803 1389 861 saepe
1430 789 1745 861 replicatur.
1790 788 1967 845 Voces
1989 789 2192 860 quippe

590 882 888 951 ingeminat
912 880 1133 939 animus
1152 895 1279 940 cum
1296 880 1563 939 exsultat.
1593 879 1748 937 Unde
1774 887 1831 936 et
1857 879 2038 937 veraci
2058 878 2192 934 laeti-

590 976 665 1032 tia
700 974 988 1033 Psalmista
1017 974 1212 1030 crebro
1236 973 1439 1046 repetit
1464 974 1591 1039 hoc,
1619 972 1765 1043 quod
1793 987 1854 1029 se
1878 971 2191 1030 exauditum

593 1082 715 1123 esse
739 1068 1013 1136 cognovit,
1052 1066 1236 1123 dicens
1260 1084 1273 1120 :
1304 1064 1590 1121 Exaudivit
1614 1065 1875 1121 Dominus
1895 1080 2070 1120 vocem
2095 1066 2191 1135 ﬂe-

590 1169 671 1213 tus
727 1158 868 1223 mei;
918 1157 1183 1213 exaudivit
1229 1155 1484 1213 Dominus
1528 1156 1945 1227 deprecationem
1999 1172 2188 1223 meam,

590 1252 849 1309 Dominus
879 1254 1165 1308 orationem
1190 1268 1358 1306 meam
1381 1252 1663 1319 assumpsit
1692 1248 1865 1319 (Psal.
1890 1265 1963 1316 vt,
1987 1250 2040 1314 ll,
2072 1247 2188 1321 10).

654 1345 852 1420 [νει.Χ
872 1343 1063 1415 για]
1086 1343 1170 1399 84.
1191 1344 1375 1399 Sancti
1396 1343 1460 1397 de
1481 1343 1689 1397 domitis
1710 1344 1846 1396 vitiis
1868 1359 1985 1396 cum
2008 1343 2192 1397 timore

589 1441 837 1511 gaudent.
865 1440 1170 1512 Hypocrita:
1192 1443 1269 1495 vel
1290 1458 1396 1495 uno
1434 1449 1679 1511 superato
1719 1456 1772 1494 se
1793 1440 2066 1511 'perfectos
2094 1457 2191 1511 pu-

591 1542 725 1587 tant.
764 1564 835 1576 —
875 1532 1185 1588 Sedsancti
1214 1532 1317 1587 viri
1342 1548 1465 1588 cum
1493 1532 1562 1589 de
1597 1532 1917 1602 quibusdam
1946 1548 2006 1588 se
2045 1533 2192 1590 vitiis

590 1633 811 1695 ereptos
856 1625 1210 1688 hiiarescunt,
1258 1637 1456 1694 magno
1494 1639 1555 1680 se
1598 1634 1744 1679 metu
1776 1624 2029 1680 etiamin
2075 1624 2190 1695 ipsa

590 1716 963 1774 exsultatione
977 1716 1297 1787 concutiunt
1321 1733 1335 1781 ;
1385 1716 1511 1785 quia
1543 1716 1646 1771 etsi
1670 1715 1782 1784 jam
1807 1715 1874 1770 de
1903 1713 2193 1786 cujuslibet

593 1810 834 1882 procella
861 1809 1197 1880 tempestatis
1224 1808 1397 1879 erepti
1418 1817 1562 1872 sunt,
1587 1824 1707 1864 esse
1728 1823 1789 1863 se
1813 1816 1992 1864 tamen
2016 1807 2191 1864 adhuc

2296 603 2523 673 publica:
2540 604 2937 675 prmdicationis
2957 604 3123 670 ostio,
3141 618 3323 674 prava:
3342 603 3712 673 intelligentia
3726 605 3896 664 rimas

2291 697 2507 766 qumrit.
2536 696 2671 764 Quia
2698 711 2831 753 vero
2859 695 2945 751 fur
2966 705 3023 750 et
3040 694 3209 762 latro,
3252 695 3345 766 qui
3370 695 3538 750 intrat
3566 695 3805 763 aliunde,
3836 706 3898 754 et

2294 791 2557 848 tenebras
2576 790 2774 861 diligit,
2794 798 2861 859 et
2878 789 3197 846 claritatem
3247 787 3466 844 luminis
3504 787 3897 859 perhorrescit,

2291 882 2879 953 rectesubjungiturzt
3074 912 3081 927 .η
3138 924 3141 931 .
3358 908 3382 933 ,ι
3434 886 3439 917 ί

2524 1018 2529 1023 .
2634 1010 2645 1023 ,
2684 974 2917 1031 CAPUT
2942 974 3113 1030 xxw
3136 973 3509 1051 [Ven-XIX].

2370 1067 2530 1125 Vsus.
2562 1067 2755 1123 15η-
2791 1066 2859 1123 In
2888 1069 3103 1124 horrare
3130 1068 3659 1134 uisionistnocturnar,
3687 1070 3897 1142 quando

2293 1163 2422 1217 solet
2444 1178 2601 1233 sopor
2630 1177 2886 1233 occupare
2907 1162 3158 1216 homines.
3222 1198 3225 1201 γ

2298 1282 2301 1283 ν
2361 1253 2451 1309 ιθ.
2482 1254 2551 1309 Ut
2572 1254 2682 1308 alta
2728 1269 2841 1308 esse
2862 1254 3145 1311 ostendant
3164 1268 3279 1326 quia
3312 1253 3517 1320 docent,
3540 1271 3604 1309 ea
3622 1272 3681 1311 se
3700 1257 3789 1311 vix
3808 1274 3900 1313 ca-

2291 1361 2414 1416 pere
2440 1345 2732 1400 declarant.
2758 1343 2927 1399 lado
2954 1344 3019 1398 de
3038 1346 3317 1414 sapientiae
3343 1346 3713 1417 singularitate
3738 1349 3901 1404 aetol-

2291 1438 2490 1490 tuntur.
2510 1466 2584 1478 -—
2603 1434 2759 1506 Stepe
2781 1435 3023 1490 haeretici
3052 1435 3183 1489 dum
3198 1435 3392 1491 altiora
3409 1436 3590 1492 dicere
3606 1448 3893 1504 conantur,

2294 1529 2397 1599 ipsi
2446 1529 2547 1584 sibi
2595 1536 2761 1584 teStes
2807 1536 2933 1583 sunt
2969 1529 3098 1599 quia
3142 1543 3264 1598 qua:
3293 1527 3596 1600 proferunt,
3627 1545 3756 1585 vera
3785 1548 3896 1590 non

2294 1628 2439 1677 sunt.
2494 1622 2553 1676 ln
2598 1630 2865 1679 nocturna
2910 1623 3115 1692 quippe
3161 1622 3372 1678 visione
3412 1621 3577 1677 dubie
3629 1625 3891 1680 cernitur.

2296 1713 2484 1770 Rimas
2527 1728 2658 1784 ergo
2694 1714 2925 1770 susurrii
2968 1715 3021 1769 in
3052 1729 3255 1785 pavore
3281 1723 3560 1771 nocturnae
3584 1715 3810 1772 visionis
3834 1732 3894 1773 se

2294 1808 2607 1880 percepisse
2627 1818 2879 1864 asserunt
2904 1851 2919 1878 ,
2942 1809 3070 1881 quia
3085 1818 3146 1867 ut
3169 1824 3235 1865 ea
3261 1823 3381 1879 quae
3401 1809 3600 1866 docent
3638 1810 3746 1865 alta
3774 1811 3893 1866 aliis

593 1906 645 1960 in
692 1904 883 1960 incerti
930 1904 1094 1958 maris
1121 1901 1579 1959 dubiis'lluctibus
1617 1903 1833 1957 sciunt:
1889 1910 1943 1957 et
1974 1903 2051 1958 sic
2093 1917 2191 1973 spe
2222 1890 2266 1952 Β
2296 1902 2602 1967 ostendant,
2646 1901 2736 1956 vix
2783 1916 2848 1956 ea
2876 1916 2936 1957 se
2966 1917 3161 1973 capere
3188 1916 3350 1972 posse
3392 1901 3892 1957 denuntiant.-Sed

591 1998 884 2064 exsultant,
916 2004 977 2051 ut
1004 2010 1206 2066 pavore
1222 1995 1496 2065 trepident
1523 2013 1535 2060 ;
1566 1994 1643 2052 Sic
1668 2009 1871 2065 pavore
1897 1993 2185 2065 trepidant,

591 2098 652 2146 ut
671 2089 785 2160 spei
809 2088 1000 2144 liducia
1023 2086 1311 2142 exsultent.
1346 2085 1501 2141 Unde
1530 2102 1629 2156 per
1680 2086 1929 2141 eumdem
1958 2084 2190 2141 Psalmi-

592 2190 747 2237 stam.
782 2179 1015 2235 dicitur:
1048 2179 1250 2233 Servite
1289 2176 1515 2233 Domino
1544 2180 1600 2232 in
1623 2180 1824 2245 timore,
1849 2187 1897 2231 et
1934 2178 2192 2232 exsultate

593 2275 639 2327 ei
662 2289 779 2326 cum
808 2280 1028 2326 tremore
1053 2268 1231 2341 (Psal.
1255 2286 1315 2334 ιι,
1340 2269 1450 2339 ti).
1476 2270 1545 2322 At
1567 2279 1779 2337 contra,
1804 2270 1894 2340 qui
1918 2269 1986 2323 de
2011 2268 2193 2339 specie

596 2363 903 2419 sanctitatis
926 2363 1310 2426 intumescunt,
1343 2376 1463 2416 cum
1491 2376 1656 2415 unum
1685 2361 1963 2429 quodlibet
2000 2361 2190 2416 vitium

597 2461 857 2524 superant
886 2490 901 2517 ,
946 2466 1076 2507 mox
1119 2458 1357 2506 mentem
1414 2452 1469 2505 in
1517 2452 1824 2521 superbiam
1863 2452 2094 2521 erigunt,
2139 2460 2195 2508 et

596 2548 750 2619 quasi
777 2547 847 2603 de
876 2546 997 2602 vita:
1025 2560 1136 2602 sua:
1169 2543 1505 2616 perfectione
1534 2546 1835 2616 gloriantur
1862 2563 1877 2613 ;
1916 2554 1971 2600 et
1997 2561 2096 2617 pro
2126 2561 2193 2602 eo

597 2642 745 2712 quod
786 2641 1023 2699 fortasse
1071 2640 1303 2696 semela
1347 2640 1592 2710 periculo
1639 2640 1977 2710 tempestatis
2021 2641 2196 2711 erepti

596 2742 744 2799 sunt,
770 2734 882 2804 jam
903 2734 1031 2803 quia
1062 2732 1117 2788 in
1140 2732 1274 2787 mari
1306 2731 1581 2799 navigent,
1624 2731 2049 2787 obliviscuntur:
2079 2747 2195 2787 ma-

596 2842 732 2898 gnos
759 2842 819 2884 se
847 2827 899 2882 in
930 2825 1181 2882 omnibus
1207 2825 1509 2889 aestimant,
1540 2830 1597 2878 et
1618 2822 1811 2879 vicisse
1831 2838 1892 2878 se
1914 2822 2195 2893 antiquum

598 2916 967 2974 adversarium
1005 2915 1245 2971 funditus
1273 2922 1501 2986 putant;
1533 2913 1671 2969 intra
1694 2928 1753 2970 se
1774 2921 2000 2970 cunctos
2024 2915 2196 2985 respi-

598 3011 767 3076 ciunt,
814 3010 942 3082 quia
989 3024 1049 3066 se
1093 3025 1192 3080 per
1220 3008 1542 3080 sapientiam
1584 3007 1967 3065 transcendere
2008 3022 2197 3066 omnes

607 3102 958 3160 arbitrantur.
990 3100 1146 3157 Unde
1175 3101 1454 3157 subditur:

958 3216 1188 3274 CAPUT
1228 3214 1395 3271 xxut
1435 3215 1586 3288 [Rec.
1615 3212 1869 3287 XVIII].

2296 1993 2421 2049 hinc
2450 1984 2810 2063 colligendum
2840 1991 3230 2075 esttquomodo
3257 1992 3599 2047 audientibus
3625 2004 3771 2047 certa
3801 2008 3888 2049 es-

2292 2103 2354 2144 se
2381 2094 2658 2158 poterunt,
2691 2103 2811 2159 qua:
2846 2088 2948 2158 ipsi
2981 2088 3153 2143 dubie‘
3172 2087 3444 2143 viderunt.
3478 2086 3615 2142 Miro
3643 2101 3773 2156 ergo
3801 2104 3889 2142 or-

2292 2178 2420 2234 dine
2467 2194 2589 2235 cum
2642 2180 2748 2233 alta
2797 2180 3080 2250 loquentes
3121 2178 3417 2250 proﬂuunt,
3447 2179 3501 2233 in
3530 2180 3889 2249 patefactione

2295 2270 2557 2339 stultitiae,
2586 2270 2716 2341 ipsis
2735 2286 2847 2326 sua:
2869 2271 3169 2327 altitudinis
3192 2270 3415 2326 vocibus
3442 2270 3691 2339 ligantur.
3716 2270 3891 2337 Quan-

2295 2369 2409 2417 tum
2435 2378 2567 2419 vero
2594 2364 2662 2418 de
2683 2363 3055 2435 singularitate
3076 2363 3351 2433 sapientia:
3371 2363 3668 2419 elevantur.
3697 2370 3890 2418 osten-

2295 2455 2442 2511 ditur
2468 2472 2591 2512 cum
2619 2457 2869 2527 protinus
2895 2457 3077 2512 subdit
3104 2475 3117 2510 :
3139 2454 3360 2521 Quando
3398 2457 3529 2511 solet
3555 2472 3712 2526 sopor
3735 2472 3889 2510 occu-

2294 2566 2425 2621 pare
2468 2549 2720 2604 hoinines.
2768 2549 2848 2605 Ac
2877 2550 2924 2605 si
2967 2556 3159 2619 aperte
3186 2549 3255 2603 ab
3282 2549 3550 2605 haereticis
3577 2547 3886 2605 diceretur:

2297 2641 2431 2696 Cum
2481 2642 2726 2697 homines
2752 2641 2977 2698 inferius
3005 2643 3299 2709 dormiunt,
3331 2658 3432 2698 nos
3478 2642 3548 2698 ad
3586 2642 3889 2713 percipien-

2297 2735 2365 2789 da
2394 2749 2628 2806 superna
2656 2735 2940 2806 vigilamus
2970 2778 2985 2803 ,
3030 2736 3157 2806 quia
3187 2750 3253 2791 ea
3285 2736 3443 2791 nobis
3473 2746 3605 2791 nota
3634 2744 3782 2798 sunt,
3827 2734 3892 2790 ad

2298 2844 2417 2901 qum
2442 2828 2697 2885 videlicet
2723 2828 3100 2899 cognoscenda
3122 2838 3441 2885 czeterorum
3468 2828 3747 2884 hominum
3772 2842 3894 2884 cor-

2297 2923 2365 2978 da
2398 2922 2668 2993 torpentia
2694 2938 2803 2979 non
2851 2932 3159 2994 assurgunt.
3192 2924 3270 2977 Ac
3297 2923 3344 2978 si
3387 2924 3627 2993 apertius
3671 2922 3890 2977 dicant:

2298 3012 2358 3068 ln
2400 3012 2596 3083 quibus
2644 3013 3001 3083 intelligentia
3028 3022 3215 3069 nostra
3255 3027 3315 3068 se
3342 3013 3532 3083 erigit,
3563 3012 3892 3083 reliquorum

2298 3106 2577 3163 hominum
2602 3120 2796 3162 sensus
2816 3106 3039 3162 dormit.
3069 3109 3466 3177 Nonnunquam
3484 3122 3617 3163 vero
3641 3122 3763 3162 cum
3789 3105 3895 3162 hoc

2298 3200 2505 3273 despici
2532 3201 2601 3257 ab
2627 3200 2877 3257 auditore
2905 3198 2933 3239 ἀ
2964 3202 3325 3273 conspiciunt,
3362 3201 3686 3271 semetipsos
3727 3200 3894 3257 simu-

672 3315 837 3371 Vsns.
869 3313 957 3368 η.
990 3342 1060 3353 -
1080 3310 1253 3367 Porro
1293 3311 1362 3365 ad
1495 3311 1690 3365 dictum
1720 3319 1797 3365 est
1833 3274 2041 3365 verbum
2081 3311 2197 3365 abs—

2305 3294 2419 3350 lant
2445 3294 2637 3350 timere
2663 3293 2811 3366 quod
2838 3293 3044 3349 dicunt.
3079 3293 3231 3348 Unde
3259 3292 3537 3381 subditur:

605 3407 894 3461 conditum.
1686 3452 1689 3453 ν

675 3495 763 3552 45.
810 3494 1063 3552 Hceretici
1108 3510 1293 3548 novam
1335 3502 1386 3548 et
1425 3492 1683 3547 occultam
1738 3494 2031 3549 doctrinam
2074 3494 2205 3563 affe-

605 3600 767 3657 ctant,
813 3608 922 3646 cur.
968 3622 1039 3634 —
1071 3587 1305 3644 Verbum
1358 3587 1728 3643 absconditum
1774 3588 2015 3644 hmretici
2044 3586 2197 3643 audi-

605 3701 666 3740 re
712 3698 772 3739 se
820 3680 1097 3748 simulant,
1144 3689 1202 3735 ut
1244 3680 1549 3735 auditorum
1597 3680 1867 3735 mentibus
1909 3679 2198 3751 quamdam

608 3778 1006 3851 praedicationis
1053 3794 1165 3834 sua:
1205 3776 1561 3833 reverentiam
1606 3778 1892 3833 abducant.
1946 3776 2099 3833 Unde
2148 3786 2204 3833 et

606 3872 840 3927 latenter
861 3870 1177 3942 praedicant,
1201 3878 1469 3941 quatenus
1492 3884 1681 3925 eorum
1710 3868 2022 3937 prmdicatio
2052 3878 2203 3926 tanto

606 3976 818 4035 sancta,
847 3974 1052 4039 quanto
1094 3975 1149 4021 et
1179 3965 1390 4022 occulta
1421 3963 1688 4019 videatur.
1721 3963 2075 4018 Communem
2104 3978 2198 4017 au-

607 4068 716 4115 tem
746 4059 1026 4113 scientiam
1058 4058 1257 4113 habere
1297 4056 1588 4125 refugiunt,
1635 4070 1704 4109 ne
1735 4055 1943 4109 caeteris
1967 4055 2204 4126 azquales

608 4151 983 4217 mstime'ntur;
1033 4150 1058 4188 ιι
1099 4158 1154 4204 et
1185 4149 1432 4220 quaedam
1473 4162 1611 4202 nova
1642 4162 1855 4217 semper
1892 4147 2201 4217 exquirunt,

607 4256 727 4311 qua:
747 4242 873 4295 dum
896 4241 984 4295 alii
1006 4242 1274 4307 nesciunt,
1301 4240 1442 4309 apud
1462 4240 1836 4309 imperitorum
1864 4240 2021 4311 159
2050 4255 2204 4295 men-
2296 4260 2301 4269 ι

607 4340 689 4388 tes
730 4331 831 4401 ipsi
871 4329 940 4386 de
982 4331 1219 4386 scientiae
1247 4330 1618 4401 singularitate
1646 4330 1961 4399 gloriantur.
2010 4330 2200 4398 Quam,

606 4434 665 4480 ut
694 4423 949 4486 diximus,
976 4421 1241 4477 occultam
1273 4422 1569 4489 insinuant,
1593 4424 1718 4493 quia
1739 4421 1946 4477 scilicet
1971 4434 1993 4462 ε
2020 4432 2079 4477 ut
2103 4423 2206 4478 mi-

604 4536 718 4577 ram
768 4516 1054 4573 ostendere
1082 4515 1338 4581 valeant,
1369 4516 1510 4572 hanc
1540 4530 1598 4571 se
1628 4516 1859 4571 latenter
1900 4517 2204 4587 percepisse

603 4610 947 4669 confirmant.
1002 4607 1157 4665 Unde
1213 4607 1355 4680 apud
1406 4607 1753 4664 Salomonem
1817 4607 2199 4664 haereticorum

2890 3385 3119 3443 CAPUT
3153 3383 3318 3441 XXV.

2377 3480 2541 3537 Vens.
2573 3481 2662 3536 14.
2700 3509 2774 3522 --
2817 3481 2994 3536 Pavor
3022 3480 3186 3534 tenuit
3225 3494 3306 3532 me
3330 3486 3380 3532 et
3406 3487 3614 3541 tremor,
3644 3485 3696 3532 et
3720 3480 3902 3533 omnia

2304 3592 2425 3630 ossa
2447 3592 2560 3630 mea
2589 3576 2861 3646 perterrita
2882 3582 3024 3630 sunt.
3438 3568 3450 3580 ’
3506 3616 3507 3619 η

2377 3666 2468 3721 47.
2501 3665 2662 3721 Modo
2713 3666 2925 3737 pavidos
2954 3682 3010 3720 se
3048 3663 3312 3719 simulant.
3340 3692 3412 3705 -—
3441 3658 3578 3728 Quia
3619 3661 3771 3715 enim
3832 3661 3905 3717 de

2305 3760 2565 3818 doctrina:
2594 3774 2704 3815 sua:
2740 3758 3022 3813 altitudine
3051 3758 3171 3812 miri
3216 3754 3381 3811 videri
3410 3761 3690 3824 appetunt,
3745 3752 3904 3823 quasi

2306 3855 2697 3927 pertimescunt
2725 3866 2844 3919 quae
2887 3850 3136 3919 tingunt;
3183 3857 3240 3905 et
3280 3864 3401 3905 cum
3431 3847 3658 3902 minoris
3699 3847 3900 3904 laboris

2304 3949 2377 4003 sit
2423 3947 2611 4003 audire
2658 3961 2820 4015 quam
2864 3944 3046 4002 dicere
3069 3988 3086 4011 ,
3124 3944 3192 3999 ad
3221 3958 3286 3999 ea
3314 3940 3639 4013 proferenda
3667 3940 3899 3996 audaces

2305 4050 2451 4108 sunt,
2484 4056 2606 4111 quae
2634 4040 2842 4096 scilicet
2868 4046 3116 4094 astruunt
3144 4047 3168 4075 ο
3195 4035 3321 4107 quia
3344 4036 3448 4108 ipsi
3470 4035 3563 4091 vix
3587 4033 3772 4090 audire
3800 4050 3896 4106 po-

2307 4142 2545 4190 tuerunt.
2577 4131 2727 4188 Unde
2753 4131 2929 4187 adhuc
2957 4129 3241 4186 subditur:

2871 4222 3101 4281 CAPUT
3138 4221 3326 4279 XXVI.

2377 4320 2541 4376 Vens.
2571 4317 2660 4385 15,
2686 4318 2774 4374 16.
2789 4317 2945 4373 -Ει
2966 4336 3084 4374 cum
3104 4320 3319 4390 spiritus
3344 4333 3427 4372 me
3449 4323 3706 4388 prasente
3724 4322 3898 4368 trans—

2305 4420 2426 4487 iret,
2454 4418 2824 4473 inhorruerunt
2843 4417 2935 4489 pili
2956 4418 3129 4472 carnis
3157 4431 3328 4482 mete;
3379 4414 3519 4471 stetit
3546 4413 3778 4487 quidmst,
3809 4428 3900 4465 cu-

2300 4511 2391 4582 jus
2412 4529 2517 4567 non
2540 4512 2883 4584 agnoscebant
2900 4512 3117 4567 vultum.

2378 4603 2466 4659 48.
2492 4603 2653 4659 Modo
2674 4605 2876 4677 ﬁngunt
2894 4607 2949 4659 in
2972 4602 3575 4677 seincomprehensibilia
3595 4602 3818 4658 nouisse.
3833 4631 3904 4643 —

601 4706 838 4776 speciem
869 4703 1063 4760 mulier
1093 4672 1301 4768 tenens:
1328 4702 1493 4758 dicit:
1531 4704 1691 4776 Aqua:
1717 4704 1920 4775 furtiva:
1946 4703 2203 4761 dulciores
2230 4672 2283 4737 θ
2311 4697 2383 4753 Ut
2424 4672 2993 4769 incomprehensibilia
3037 4713 3097 4753 se
3143 4672 3462 4768 cognovisse
3501 4696 3762 4761 indicent,
3793 4711 3903 4751 non

601 4807 739 4863 sunt,
767 4807 813 4852 et
835 4799 986 4869 panis
1016 4796 1350 4851 absconditus
1372 4795 1785 4865 suavior‘(Prov.
1816 4813 1888 4863 ιχ,
1911 4797 2023 4869 l7).
2048 4796 2202 4855 Unde
2310 4793 2545 4859 stetisse,
2594 4791 2690 4847 sed
2731 4791 2987 4846 transisse
3023 4806 3205 4847 coram
3247 4806 3309 4847 se
3343 4790 3591 4861 spiritum
3636 4796 3900 4855 narrant;

604 4890 692 4945 hic
720 4904 937 4961 quoque
968 4890 1211 4945 subditur
1236 4908 1247 4943 :
1283 4887 1351 4943 Et
1379 4891 1529 4960 quasi
1566 4876 1751 4961 furtive
1791 4892 2015 4963 suscepit
2057 4893 2201 4948 auris
2309 4892 2365 4940 et
2391 4884 2597 4940 vultum
2626 4898 2687 4939 se
2707 4882 2904 4938 vidisse
2934 4884 3267 4954 incognitum
3298 4881 3573 4947 simulant,
3603 4888 3666 4934 ut
3694 4893 3817 4935 esse
3844 4893 3906 4933 se

602 4998 718 5037 mea
747 4999 902 5036 venas
931 4983 1151 5036 susurrii
1180 4983 1313 5054 ejus.
1331 4982 1549 5039 Furtive
1575 4984 1798 5039 susurrii
1826 4998 1991 5039 venas
2022 4984 2200 5055 perci-

598 5076 794 5148 piunt,
825 5074 950 5146 quia
977 5076 1193 5131 socialis
1222 5076 1462 5132 scientia:
1504 5078 1732 5147 gratiam
1772 5078 2103 5146 deserentee,
2132 5078 2202 5134 ad

599 5166 743 5223 hanc
782 5180 1118 5236 nequaquam
1167 5181 1265 5239 per
1290 5167 1493 5241 ostium
1521 5168 1912 5239 ingrediuntur,
1964 5168 2194 5224 Domino

600 5248 912 5324 attestante,
946 5257 1036 5328 qui
1057 5258 1130 5313 ait
1156 5260 1177 5313 ι
1206 5244 1307 5323 Qui
1327 5277 1431 5315 non
1455 5260 1619 5314 intrat
1646 5278 1737 5331 per
1763 5263 1951 5315 ostium
1979 5262 2034 5315 in
2063 5260 2195 5316 ovile

598 5351 787 5414 ovium,
819 5349 911 5404 sed
940 5349 1171 5404 ascendit
1190 5349 1426 5416 aliunde,
1449 5351 1539 5408 ille
1562 5352 1647 5421 fur
1674 5360 1751 5406 est
1772 5362 1818 5406 et
1848 5352 1983 5407 latro
2007 5350 2192 5422 (Joan.

599 5459 655 5509 χ,
679 5441 732 5508 1,
763 5441 843 5515 2).
873 5440 1052 5499 Venas
1078 5443 1263 5513 itaque
1282 5441 1447 5496 divini
1476 5443 1701 5521 susurrii
1724 5441 1919 5499 furtive
1946 5444 2191 5515 suscipit,

669 5562 695 5590 ι
728 5551 827 5610 Hic
872 5554 1194 5610 dissentiunt
1224 5551 1348 5608 Mss.
1381 5551 1679 5621 Compend.
1711 5552 1873 5609 Corb.
1906 5555 2093 5609 Germ.
2138 5562 2195 5611 et

597 5623 843 5696 _S_._Alb._~
876 5625 1096 5696 habent,
1125 5624 1267 5696 gain
1300 5624 1418 5694 jam
1462 5626 1712 5677 contritus
1757 5625 1921 5679 leonis
1967 5628 2192 5696 rugitus,

601 5692 743 5767 Utic.
776 5694 907 5767 olim
953 5692 1310 5767 itaﬁhab‘ebat,’
1335 5709 1477 5767 nunc
1505 5709 1655 5762 vero,
1688 5696 1809 5767 quia
1838 5700 1945 5761 iam
1967 5692 2191 5751 contrito

600 5766 762 5889 learns
791 5765 981 5838 rugitu.
1012 5762 1239 5820 Vindoc.
1273 5772 1328 5821 et
1351 5765 1633 5833 Genuam,
1664 5762 1753 5838 qui
1770 5768 1887 5839 jam
1915 5768 2193 5837 contritus,

675 5904 703 5943 ι)
732 5902 790 5959 In
814 5903 1082 5975 Vulgatis,
1108 5906 1312 5963 occulta
1337 5915 1388 5963 et
1408 5924 1560 5963 nova.

2307 4978 2359 5033 ei
2402 4977 2647 5046 cognitos
2676 4979 2766 5046 qui
2816 4975 2885 5031 ab
2912 4976 3142 5031 humana
3173 4982 3355 5031 mente
3383 4972 3635 5043 cognosci
3663 4987 3774 5026 non
3802 4985 3905 5025 va-

2309 5068 2384 5124 let
2411 5068 2716 5125 ostendant.
2748 5066 2851 5125 Ubi
2880 5068 3058 5123 adhuc
3084 5066 3331 5122 subditur
3355 5084 3370 5120 :
3844 5074 3851 5077 '

2858 5157 3088 5215 CAPUT
3135 5156 3348 5213 XXVII.

2372 5253 2538 5311 Vens.
2588 5253 2674 5308 16.
2708 5284 2783 5299 ——
2815 5251 3001 5324 Imago
3040 5268 3216 5307 coram
3243 5252 3408 5308 oculis
3452 5252 3604 5317 meis,
3648 5255 3700 5304 et
3726 5264 3903 5304 uocem

2298 5348 2446 5419 quasi
2475 5362 2619 5401 aura
2640 5347 2769 5401 lenis
2795 5345 2986 5401 audivi.

2371 5441 2459 5498 49.
2486 5441 2648 5499 Deum
2669 5439 2857 5496 intueri
2894 5438 3196 5511 spiritaliter
3237 5446 3508 5510 nequeunt,
3540 5451 3701 5508 neque
3728 5445 3905 5491 tamen

2371 5568 2394 5597 α
2421 5555 2584 5619 Editi.
2614 5566 2671 5609 ut
2700 5556 3099 5611 admirationem
3144 5554 3415 5609 ostendere
3452 5549 3677 5617 valeant,
3706 5564 3902 5605 corru-

2296 5636 2409 5699 pte.
2443 5627 2500 5683 ln
2533 5627 2758 5686 Vindoc.
2795 5628 3004 5699 legitur,
3036 5638 3093 5679 ut
3118 5627 3254 5699 mira
3281 5623 3484 5679 ostend.

2366 5698 2393 5737 ἀ
2416 5700 2532 5754 Huc
2554 5698 2773 5755 immisit
2786 5688 2972 5769 96cc,
2994 5688 3132 5769 guod
3154 5698 3353 5762 dicunt,
3376 5709 3497 5767 quae
3517 5693 3684 5750 verba
3695 5691 3751 5748 in
3765 5688 3901 5749 Mss.

2296 5778 2354 5826 et
2377 5770 2747 5828 superioribus
2777 5768 2876 5825 Ed.
2910 5768 3226 5826 reticentur.

2369 5852 2394 5881 ε
2425 5832 2723 5910 Compend.
2758 5834 3021 5911 eiiGerm.
3048 5881 3064 5908 ,
3093 5841 3215 5911 quia
3254 5840 3392 5911 ipsa.
3441 5838 3641 5911 Sicque
3682 5834 3815 5893 olim
3842 5832 3910 5894 in

2298 5914 2439 5970 Utlc.
2474 5913 2773 5980 legebatur.
2804 5910 2963 5980 Rec.,
2989 5915 3075 5983 qui
3098 5920 3148 5966 et
3170 5910 3291 5979 ipsi.
