4180 6452
621 420 727 475 707

1869 418 2110 499 SANCTI
2149 424 2479 493 cnscoan
2515 412 2732 497 moui

3804 424 3913 488 708

615 549 673 587 se
693 523 1057 587 admirandum
1080 529 1293 604 praebet.
1325 564 1394 573 —
1422 531 1678 601 Quamvis
1704 533 1885 592 adhuc
1912 518 2000 611 vel
2028 518 2210 619 susurf
2237 545 2289 604 Α
2314 544 2372 592 ut
2399 536 2697 594 illuminata
2727 537 2847 611 plus
2874 547 3102 608 metuat,
3128 538 3453 615 quiamagis
3482 541 3673 615 aSpicit
3699 558 3731 600 a
3761 548 3911 604 veri-

613 623 790 690 rium,
841 623 926 679 vel
970 639 1136 682 venas
1174 625 1399 709 susurrii
1437 626 1735 697 intelligere
1763 628 1919 705 aliter
1947 616 2205 711 valemus.

611 716 714 784 Qui
745 717 889 773 enim
917 727 1190 803 susurrat,
1218 702 1435 795 occulte
1478 720 1720 801 loquitur
1740 759 1756 786 ,
1798 729 1855 803 et
1882 702 2070 803 vocem
2100 702 2208 779 non

611 814 899 883 exprimit,
932 800 1039 872 sed
1081 815 1344 885 imitatur.
1383 800 1494 891 Nos
1531 817 1695 889 igitur
1719 800 2002 895 quousque
2030 823 2208 891 carnis

609 904 957 975 corruptione
980 907 1293 985 premimur,
1323 908 1473 973 nullo
1498 909 1661 983 modo
1686 910 1989 968 claritatem
2011 912 2207 971 divina:

598 999 888 1069 potentiae,
912 1000 1054 1075 sicut
1073 1000 1128 1056 in
1141 1017 1200 1058 se
1222 1002 1678 1077 incommutabilis
1697 1013 1898 1072 manet,
1919 1005 2163 1075 videmus
2186 1025 2201 1061 :

608 1091 732 1164 quia
749 1091 908 1156 ,acies
936 1091 1263 1167 inﬁrmitatis
1291 1105 1492 1171 nostra}
1520 1112 1630 1161 non
1658 1097 1893 1168 sustinet
1927 1096 2034 1154 hoc
2062 1098 2206 1169 quod

606 1179 675 1236 de
725 1180 842 1251 ejus
879 1184 1196 1261 aeternitatis
1241 1186 1394 1261 radio
1439 1203 1604 1260 super
1645 1203 1748 1245 nos
1790 1188 2207 1259 intolerabiliter

602 1274 793 1345 fulget.
824 1274 961 1351 Cum
981 1292 1113 1351 ergo
1133 1293 1195 1335 se
1220 1280 1377 1338 nobis
1400 1282 1746 1353 omnipotens
1765 1279 1909 1341 Deus
1927 1298 2028 1355 per
2043 1284 2206 1355 rimas

605 1369 1079 1447 contemplationis
1107 1370 1345 1443 indicat,
1383 1388 1725 1445 nequaquam
1752 1373 1911 1443 nobis
1940 1373 2203 1449 loquitur,

605 1461 701 1517 sed
728 1474 1002 1541 susurrat,
1048 1468 1176 1538 quia
1212 1470 1317 1541 etsi
1345 1484 1405 1525 se
1432 1469 1595 1541 plene
1623 1489 1732 1539 non
1763 1475 2002 1542 intimat,
2050 1472 2205 1541 quid-

488 1595 503 1604 .
603 1554 729 1611 dam
770 1563 950 1629 tamen
992 1557 1062 1615 de
1105 1575 1166 1615 se
1205 1560 1455 1625 humanae
1493 1564 1658 1618 menti
1688 1563 2021 1627 manifestat.
2053 1560 2204 1618 Tunc

604 1656 785 1703 autem
814 1665 1156 1727 nequaquam
1182 1653 1297 1725 jam
1324 1665 1597 1729 susurrat,
1638 1657 1733 1713 sed
1771 1657 2039 1727 loquitur,
2078 1672 2200 1713 cum

603 1739 722 1809 ejus
770 1742 927 1802 nobis
972 1746 1185 1815 species
1233 1759 1383 1803 certa
1430 1750 1721 1805 revelatur.
1769 1749 1907 1807 Hinc
1935 1759 2022 1808 est
2057 1750 2199 1806 enim

604 1832 751 1903 quod
778 1834 831 1891 in
860 1832 1158 1911 Evangelio
1195 1834 1409 1911 Veritas
1447 1839 1577 1911 dicit
1610 1857 1622 1892 :
1659 1849 1684 1877 ι
1710 1840 1900 1905 Palam
1938 1841 2001 1895 de
2037 1839 2201 1896 Patre

2312 618 2439 685 tatis
2466 631 2648 700 regula
2672 646 2771 703 per
2789 641 2989 704 quanta
3016 620 3321 702 discordat;
3362 649 3593 705 eamque
3620 636 3770 706 gravi
3801 638 3912 697 for-

2310 716 2512 782 midine
2539 741 2667 782 suus
2697 726 2811 798 ipse
2840 728 3112 798 profectus
3153 727 3351 805 quatit,
3382 744 3501 800 quae
3530 730 3677 800 prius
3700 743 3722 770 ε
3753 735 3909 802 quasi

2309 816 2550 871 securius
2591 815 2721 872 nihil
2760 817 2995 874 videbat.
3035 804 3289 891 Quamvis
3327 819 3664 888 quantalibet
3706 822 3909 879 virtute

2310 906 2626 979 profecerit,
2659 924 2765 964 non
2784 909 2895 981 jam
2920 908 3265 983 manifestum
3289 907 3489 981 aliquid
3513 910 3578 966 de
3604 914 3909 969 aeternitate

2307 984 2739 1072 cemprehendit,
2772 1001 2865 1057 sed
2891 988 3067 1057 adhuc
3089 1001 3189 1058 sub
3210 1002 3486 1072 cujusdam
3516 1003 3742 1073 caligine
3770 1004 3908 1058 ima-

2302 1089 2598 1171 ginationis
2640 1092 2925 1163 conspicit.
2958 1089 3111 1148 Unde
3138 1100 3192 1175 et
3221 1093 3335 1149 haec
3365 1093 3551 1173 eadem
3576 1134 3594 1163 ,
3640 1104 3909 1152 nocturna

2308 1179 2442 1238 visio
2466 1182 2680 1239 dicitur.
2707 1183 2764 1238 ln
2794 1193 2952 1241 nocte
2975 1184 3175 1258 quippe
3192 1227 3210 1257 ,
3251 1185 3392 1243 sicut
3414 1194 3471 1243 et
3497 1181 3745 1261 superius
3767 1188 3910 1244 dixi-

2306 1288 2449 1344 mus,
2480 1274 2672 1341 dubie;
2717 1266 2767 1332 in
2799 1276 2886 1335 die
2914 1284 3093 1334 autem
3122 1272 3436 1335 constanter
3463 1279 3727 1353 videmus.
3767 1280 3909 1349 Quia

2306 1365 2469 1435 igitur
2497 1368 2562 1423 ad
2591 1370 3065 1445 contemplandum
3089 1371 3285 1445 interni
3313 1372 3444 1431 solis
3472 1373 3699 1440 radium,
3733 1373 3910 1439 nubes

2304 1472 2425 1514 sese
2467 1468 2667 1515 nostra:
2695 1460 3062 1531 corruptionis
3086 1461 3392 1527 interserit,
3412 1458 3524 1519 nec
3562 1461 3631 1517 ad
3661 1462 3909 1520 infirmos

2304 1560 2505 1606 nostra:
2536 1551 2729 1608 mentis
2759 1551 2946 1609 oculos
2978 1552 3130 1620 illud,
3158 1552 3303 1611 sicut
3333 1561 3435 1620 est,
3465 1551 3909 1621 incommutabile

2302 1636 2487 1721 lumen
2525 1642 2804 1714 erumpit;
2845 1642 3022 1700 adhuc
3049 1641 3218 1699 Deum
3255 1643 3411 1715 quasi
3441 1643 3495 1699 in
3527 1652 3792 1700 nocturna
3821 1644 3906 1699 vi-

2304 1720 2458 1807 sione
2483 1734 2753 1791 cernimus
2772 1777 2786 1804 ,
2835 1752 2959 1792 cum
2991 1736 3181 1808 procul
3210 1737 3375 1809 dubio
3404 1737 3505 1795 sub
3532 1724 3740 1793 incerta
3766 1751 3905 1792 con-

2305 1826 2660 1897 templatione
2690 1824 3009 1901 caligamus.
3059 1827 3167 1886 Sed
3210 1830 3457 1900 quamvis
3494 1839 3794 1886 extremum
3839 1828 3905 1885 de

596 1909 924 2001 ‘annunﬁa'bo
966 1927 1105 1984 ηοω,
1133 1927 1315 2001 (Jun,
1360 1906 1481 1996 'm;
1500 1930 1614 2003 εδ),
1656 1931 1794 2001 ωηο
1812 1931 2051 1993 Joannes
2078 1933 2155 1988 ait
2183 1951 2198 1987 ε
2232 1923 2277 1987 Β
2302 1906 2398 1971 illo
2423 1916 2626 1989 aliquid
2646 1934 2798 1991 mens
2818 1922 3148 1992 conceperit,
3181 1921 3236 1977 in
3259 1921 3694 1979 consideratione
3721 1930 3902 1976 tamen

614 2016 909 2074 Videbimus
931 2037 1044 2076 eum
1066 2023 1222 2089 sicuti
1248 2014 1326 2093 est
1348 2004 1406 2096 (Ι
1426 2023 1589 2079 Joan.
1619 2042 1699 2093 ut,
1726 2025 1803 2096 2).
1835 2025 1972 2081 Hinc
2004 2024 2203 2083 Paulus

602 2108 735 2165 dicit
763 2127 777 2165 :
815 2109 956 2173 Tunc
986 2129 1317 2186 cognoscam,
1346 2117 1478 2185 sicut
1502 2128 1552 2172 et
1580 2119 1818 2189 cognitus
1848 2135 1961 2174 sum
1986 2117 2048 2189 (Ι
2077 2116 2197 2174 Cor.

602 2215 720 2275 xui,
747 2201 859 2273 12).
900 2201 1053 2271 Nunc
1081 2216 1265 2273 autem
1293 2206 1535 2275 divinum
1565 2210 1866 2273 susurrium
1897 2216 1977 2266 tot
2003 2209 2074 2264 ad
2102 2224 2202 2267 nos

602 2304 771 2363 venas
793 2293 974 2361 habet,
994 2304 1132 2365 quot
1157 2296 1353 2367 creatis
1374 2298 1630 2369 operibus
1653 2299 1769 2370 ipsa
1796 2298 2051 2357 divinitas
2072 2316 2201 2372 pra:-

602 2378 761 2461 sidet.
792 2383 932 2461 pum
962 2386 1108 2441 enim
1133 2401 1256 2456 quas
1281 2397 1409 2457 sunt
1449 2398 1646 2446 cuncta
1682 2398 1867 2447 creata
1906 2392 2198 2461 cernimus,

602 2472 659 2528 in
712 2477 974 2543 creatoris
1021 2478 1383 2551 admiratione
1435 2481 1805 2549 sublevamur.
1869 2482 2005 2549 Nam
2059 2484 2202 2551 sicut

601 2583 742 2639 aqua
771 2569 967 2628 leuiter
1005 2572 1204 2645 fluens,
1254 2576 1449 2641 rimata
1488 2590 1589 2646 per
1613 2591 1783 2633 venas
1810 2577 2101 2648 quaeritur,
2142 2586 2201 2635 ut

601 2670 893 2731 augeatur,
936 2671 1200 2734 tantoque
1228 2680 1286 2720 se
1314 2667 1518 2723 vastius
1547 2664 1751 2736 fundit,
1799 2675 2005 2737 quanto
2033 2683 2199 2727 venas

600 2754 903 2821 apertiores
933 2754 1230 2822 invenerit;
1260 2756 1335 2825 ita
1363 2772 1462 2811 nos
1487 2756 1614 2812 dum
1640 2758 1881 2817 studiose
1905 2756 2199 2814 divinitatis

606 2844 761 2915 162
789 2844 1038 2905 notitiam
1066 2860 1136 2905 ex
1163 2860 1428 2905 creatum
1454 2849 1572 2919 ejus
1601 2850 2043 2919 consideratione
2082 2852 2198 2908 col-

597 2936 831 3005 ligimus,
865 2939 1019 3011 quasi
1041 2941 1266 2995 susurrii
1294 2941 1436 2997 illius
1462 2940 1529 2996 ad
1560 2958 1659 2998 nos
1688 2958 1854 2998 venas
1882 2944 2191 3013 aperimus;

599 3028 727 3097 quia
756 3043 855 3099 per
878 3029 988 3088 hoc
1014 3032 1160 3101 quod
1190 3030 1391 3089 factm
1420 3034 1711 3101 cernimus,
1748 3035 2001 3090 virtutem
2025 3034 2198 3093 facto-

598 3120 675 3179 ris
704 3119 1066 3191 admiramur;
1096 3132 1153 3180 et
1180 3136 1277 3195 per
1305 3140 1368 3182 ea
1392 3140 1517 3197 quae
1544 3136 1671 3182 sunt
1697 3126 1751 3181 in
1781 3125 1998 3196 publico
2018 3167 2037 3196 ,
2065 3126 2195 3183 illud

2305 2006 2423 2077 ejus
2446 2008 2830 2078 magnitudinis
2850 2009 3178 2069 inhorrescit
3200 2056 3217 2083 ,
3246 2021 3302 2069 et
3331 2014 3499 2089 magis
3527 2014 3748 2083 metuit,
3777 2012 3901 2083 quia

2300 2100 2435 2171 ipsis
2460 2103 2936 2174 contemplationis
2955 2105 3075 2178 ejus
3095 2107 3333 2179 vestigiis
3354 2088 3415 2164 se
3436 2107 3698 2180 imparem
3718 2106 3899 2171 sentit,

2303 2204 2466 2265 atque
2494 2197 2562 2252 ad
2589 2211 2650 2253 se
2674 2197 2906 2270 relapsa,
2940 2206 3062 2255 eum
3084 2200 3285 2255 arctius
3306 2198 3495 2270 diligit,
3528 2200 3680 2271 cujus
3709 2202 3900 2256 miram

2302 2286 2645 2344 dulcedinem
2674 2288 2816 2347 ferre
2851 2307 2961 2348 non
3006 2278 3194 2348 valens
3212 2331 3230 2359 ,
3281 2280 3372 2347 vix
3399 2291 3541 2348 hanc
3566 2294 3663 2348 sub
3692 2294 3902 2349 incerta

2300 2378 2508 2437 visione
2533 2383 2787 2452 gustavit.
2819 2382 2927 2440 Sed
2948 2370 3076 2455 quia
3098 2372 3164 2441 ad
3190 2382 3349 2456 hujus
3377 2384 3760 2443 sublevationis
3779 2385 3904 2440 cul-

2300 2485 2424 2525 men
2476 2471 2697 2530 minime
2742 2474 3102 2546 pertingitur,
3152 2474 3257 2532 nisi
3308 2468 3456 2549 prius
3502 2462 3895 2533 desideriorum

2300 2562 2594 2620 carnalium
2638 2566 2946 2637 importune
2986 2576 3331 2653 perstrepens
3363 2566 3522 2626 turba
3548 2568 3897 2647 reprimatur,

2298 2658 2448 2712 recte
2476 2654 2818 2727 subjungitur
2844 2676 2855 2713 :
2988 2656 2995 2669 '

2664 2768 2895 2827 CAPUT
2924 2768 3092 2827 XXXI
3123 2771 3275 2846 [Rec.
3302 2770 3529 2846 XXII].

2368 2855 2495 2913 Isin.
2524 2892 2595 2902 —
2619 2858 2841 2926 Quando
2862 2864 2991 2917 solet
3012 2879 3167 2935 sopor
3186 2879 3441 2935 occupare
3463 2864 3717 2923 homines.

2369 2945 2457 3004 54.
2498 2951 2579 3005 Ad
2610 2954 3095 3024 contemplationem
3125 2971 3230 3009 non
3254 2956 3551 3027 pervenitur
3583 2958 3685 3037 nisi
3714 2958 3894 3026 sopitis

2296 3036 2591 3099 carnalibus
2622 3043 2914 3101 desideriis.
2955 3045 3183 3102 Somnus
3224 3045 3387 3103 tribus
3415 3049 3583 3105 modis
3612 3051 3887 3122 accipitur.

2294 3122 2363 3177 4—
2380 3135 2632 3207 Quisquis
2646 3152 2709 3192 ea
2726 3153 2847 3209 quae
2864 3138 3049 3201 mundi
3071 3149 3199 3198 sunt
3216 3155 3378 3221 agere
3394 3144 3623 3223 appetit,
3648 3145 3798 3219 quasi
3816 3144 3893 3198 vi-

599 3216 670 3275 ad
694 3232 796 3273 nos
814 3225 1055 3287 emanat,
1081 3219 1231 3289 quod
1250 3218 1385 3277 latet
1405 3220 1462 3275 in
1481 3221 1715 3277 occulto.
1746 3218 1909 3287 Quasi
1932 3221 2075 3276 enim
2097 3237 2193 3291 per
2297 3226 2460 3294 gilat;
2484 3226 2726 3301 quisquis
2747 3246 2877 3286 vero
2898 3230 3167 3288 internam
3185 3218 3426 3305 quietem
3446 3216 3712 3306 quaerens,
3734 3234 3892 3303 hujus

599 3309 889 3405 quemdam
909 3311 978 3368 ad
990 3327 1095 3368 nos
1112 3313 1348 3405 sonitum
1370 3315 1623 3405 erumpit,
1651 3313 1778 3367 dum
1801 3312 2194 3405 consideranda
2219 3306 2262 3368 C
2297 3312 2482 3375 mundi
2508 3321 2795 3405 strepitum
2823 3306 2991 3393 fugit,
3023 3322 3170 3380 velut
3199 3310 3570 3391 obdormiScit.
3610 3325 3718 3381 Sed
3745 3326 3890 3399 prius

604 3400 759 3459 nobis
784 3416 885 3461 sua
907 3417 1076 3473 opera
1104 3403 1374 3473 ostendit,
1403 3403 1458 3458 in
1486 3419 1594 3473 quo
1622 3404 1975 3475 semetipsum
2003 3413 2196 3460 utcun-

601 3509 709 3566 que
734 3496 953 3565 indicat,
980 3495 1114 3551 dum
1140 3510 1306 3566 quam
1331 3497 1405 3552 sit
1430 3496 1989 3567 incomprehensibilis
2017 3499 2193 3554 mani-

599 3587 783 3649 festat.
813 3586 950 3656 Quia
977 3587 1142 3659 igitur
1162 3587 1508 3645 considerare
1532 3602 1660 3644 eum
1681 3588 1838 3659 digne
1866 3603 1976 3644 non
1996 3604 2195 3659 possu-

604 3698 756 3749 mus,
803 3696 911 3739 non
949 3681 1067 3752 ejtm
1094 3696 1315 3749 vocem,
1362 3681 1456 3739 sed
1486 3681 1577 3738 vix
1603 3682 1900 3739 susurrium
1926 3682 2193 3740 audimus.

605 3773 772 3831 Plene
815 3776 960 3832 enim
1004 3775 1130 3845 quia
1174 3775 1509 3846 perpendere
1552 3791 1728 3847 neque
1769 3776 1884 3847 ipsa
1928 3791 2049 3847 qua:
2075 3786 2201 3833 sunt

600 3877 782 3941 creata
804 3868 1119 3938 sufficimus,
1146 3876 1296 3926 recte
1321 3868 1553 3926 dicitur:
1585 3867 1749 3936 Quasi
1771 3872 1957 3943 furtive
1976 3874 2199 3943 suscepit

598 3963 747 4020 auris
775 3981 891 4020 mea
911 3981 1069 4020 venas
1094 3965 1316 4020 susurrii
1342 3963 1475 4037 ejus.
1505 3962 1741 4034 Projecti
1764 3965 1966 4036 quippe
1987 3979 2019 4020 a
2042 3980 2200 4037 para-

602 4054 707 4111 disi
735 4056 975 4125 gaudiis,
1023 4064 1081 4113 et
1107 4056 1367 4113 cacitatis
1391 4070 1554 4128 pana
1581 4055 1826 4122 multati,
1857 4055 1948 4111 vix
1975 4051 2201 4111 susurrii

603 4160 774 4204 venas
800 4148 1282 4218 apprehendimus,
1326 4147 1455 4217 quia
1495 4146 1613 4219 ipse
1648 4158 1865 4219 quoque
1904 4148 2042 4202 mira
2082 4146 2201 4215 ejus

609 4256 779 4313 opera
823 4244 1018 4313 raptim
1066 4245 1411 4313 tenuiterque
1452 4252 1763 4313 pensamus.
1816 4242 1963 4317 [γει.
2009 4239 2197 4313 ΧΧ1.]

601 4334 899 4391 Sciendum
922 4350 1052 4392 vero
1078 4345 1183 4403 est,
1212 4337 1339 4407 quia
1366 4344 1570 4406 quanto
1592 4337 1847 4391 virtutem
1876 4335 2018 4391 illius
2044 4349 2199 4391 mens

599 4428 881 4486 sublevata
923 4430 1260 4496 considerat,
1312 4436 1463 4486 tanto
1492 4424 1609 4501 ejus
1639 4430 1665 4469 δ
1697 4429 2082 4487 rectitudinem
2110 4446 2195 4486 re-

598 4536 784 4593 pressa
810 4521 1081 4579 formidat.
1115 4520 1268 4578 Unde
1286 4532 1343 4578 et
1364 4530 1512 4578 recte
1537 4521 1876 4593 subiungitur
1908 4540 1920 4577 :

995 4630 1225 4691 CAPUT
1252 4632 1396 4690 XXX
1432 4634 1579 4708 [Rea
1611 4626 1797 4708 XXI].

673 4726 833 4783 Vitas.
862 4727 949 4783 1'5.
978 4759 1049 4770 —
1082 4726 1147 4782 In
1177 4727 1390 4783 horrore
1416 4727 1627 4782 visionis
1655 4736 1939 4782 nocturnae.

568 4832 569 4839 ‘
674 4818 760 4877 53.
790 4820 940 4875 Mens
968 4836 1028 4874 eo
1056 4820 1279 4891 amplius
1309 4820 1374 4875 de
1401 4820 1506 4875 suis
1538 4821 1690 4893 factis
1717 4818 1960 4891 trepidat,
1992 4837 2090 4892 quo
2111 4821 2194 4875 al-

604 4915 703 4968 tius
724 4914 777 4967 in
801 4911 968 4969 Deum
992 4911 1236 4967 elevatur.
1270 4912 1413 4968 Hinc
1442 4912 1608 4969 Deum
1636 4916 1804 4986 magis
1827 4915 2005 4968 metuit
2032 4920 2082 4969 et
2109 4904 2194 4984 di-

602 5002 738 5073 liyit.
767 5032 836 5044 —
856 5001 1063 5058 Horror
1089 5011 1367 5059 nocturna:
1390 5002 1633 5069 visibnis,
1666 5012 1749 5062 est
1780 5020 1951 5076 pavor
1972 5006 2195 5062 occultae

602 5090 1093 5163 contemplationis.
1144 5089 1391 5148 Humana
1430 5095 1632 5150 etenim
1682 5109 1834 5151 mens
1881 5106 1990 5167 quo
2034 5096 2194 5154 altius

602 5184 841 5258 elevata,"
856 5201 979 5259 qua:
1002 5188 1108 5243 sint
1126 5197 1327 5245 :eterna
1352 5188 1678 5254 considerat,
1703 5204 1769 5245 eo
1791 5189 1861 5246 de
1882 5190 2035 5247 factis
2057 5199 2198 5247 tem-

602 5280 876 5352 poralibus
903 5280 1115 5351 gravius
1154 5281 1469 5339 tremefacta
1494 5279 1781 5349 formidat;
1815 5282 1936 5353 quia
1958 5290 2110 5340 tanto
2136 5297 2197 5341 se

600 5390 749 5431 ream
775 5374 954 5431 verius
981 5374 1182 5440 cernit,
1211 5380 1419 5445 quanto
1447 5372 1511 5428 se
1536 5372 1605 5428 ab
1634 5368 1726 5428 illo
1755 5372 1959 5431 lumine
1987 5372 2193 5431 discre-

600 5483 757 5539 passe
782 5469 925 5540 quod
963 5483 1125 5540 super
1154 5484 1213 5524 se
1245 5465 1553 5541 intermicat
1588 5465 1885 5539 conspicit;
1916 5468 2103 5541 sicque
2133 5464 2193 5524 ﬁt

676 5566 1181 5655 f‘Edili»ralmde
1214 5579 1530 5655 E“"‘"‘"°'
1633 5646 1671 5655 --
1838 5651 1850 5655 -
1988 5576 1989 5579 Ν

678 5652 705 5691 ιι
733 5646 1177 5719 Turon'.‘,'Corh.,
1206 5649 1415 5718 Germ.,
1443 5646 1699 5707 secundis
1737 5651 1915 5717 curis,
1967 5657 2023 5708 et
2069 5651 2193 5720 alii,

604 5725 977 5794 fortitudinem.
1330 5791 1346 5794 _
1360 5790 1376 5794 _
1500 5790 1539 5794 _
1563 5792 1573 5794 _
1626 5746 1629 5751 ·

680 5806 700 5832 ε
734 5796 811 5865 ita
848 5811 970 5851 cum
1014 5794 1296 5865 plerisque
1329 5790 1452 5865 Mss.
1499 5790 1599 5855 Ed.
1644 5792 1812 5865 antiq.
1860 5794 1991 5850 Alia
2043 5809 2192 5865 vero,

605 5864 753 5932 quasi
772 5881 977 5932 secura,
1008 5852 1066 5920 ut
1092 5852 1255 5919 etiam
1283 5852 1589 5919 habeturin
1616 5879 1724 5919 uno
1757 5852 1979 5921 Vindoc.

678 5930 702 5967 ⁶
747 5932 800 5987 In
831 5930 1057 5991 Vindoc.
1100 5941 1155 5989 et
1196 5932 1360 6002 plur.,
1410 5934 1527 5990 nolo
1566 5943 1738 5990 autem
1786 5952 1889 5990 vos.
1925 5935 1981 5990 In
2022 5935 2189 5993 duob.

2221 4696 2276 4757 D

2298 3417 2572 3474 sciendum
2597 3429 2682 3477 est
2727 3422 2853 3493 quia
2876 3412 2931 3478 in
2951 3422 3230 3495 Scriptura
3257 3440 3412 3480 sacra
3438 3424 3665 3495 ﬁgurate
3686 3424 3894 3496 positus

2298 3514 2470 3569 tribus
2522 3515 2702 3571 modis
2759 3532 2981 3573 somnus
3038 3519 3316 3591 accipitur.
3383 3518 3687 3587 Aliquando
3744 3520 3894 3573 enim

2298 3623 2490 3665 somno
2531 3624 2678 3671 mors
2720 3613 2925 3679 carnis,
2972 3611 3260 3689 aliquando
3299 3616 3483 3681 torpor
3524 3610 3893 3680 negligentiae.

2302 3700 2593 3770 aliquando
2620 3715 2752 3757 vero
2781 3702 3135 3773 exprimitur,
3166 3702 3384 3759 calcatis
3410 3701 3641 3757 terrenis
3669 3699 3894 3754 deside-

2299 3790 2393 3846 riis
2411 3831 2427 3858 ,
2472 3791 2626 3862 quies
2655 3792 2795 3857 vita).
2838 3792 3027 3850 Somni
3058 3809 3290 3865 namque
3318 3795 3402 3850 vel
3427 3793 3763 3850 dormitionis
3788 3809 3890 3849 no-

2300 3885 2446 3941 mine
2473 3888 2650 3942 carnis
2678 3903 2825 3944 mors
2847 3888 3139 3955 intimatur,
3170 3889 3313 3943 sicut
3336 3886 3533 3943 Paulus
3562 3882 3635 3941 ait
3660 3905 3671 3939 :
3704 3885 3728 3923 ά
3747 3883 3890 3940 Nolo

2302 3994 2389 4033 vos
2416 3980 2659 4050 ignorare
2690 3980 2880 4050 fratres
2909 3979 2972 4035 de
2997 3964 3386 4034 dormientibus.
3428 3970 3496 4032 Et
3536 3977 3692 4047 paulo
3719 3984 3843 4049 post
3872 3994 3886 4029 :

2303 4074 2388 4128 Ita
2410 4084 2459 4129 et
2482 4074 2622 4130 Deus
2644 4092 2729 4130 eos
2752 4076 2839 4147 qui
2866 4074 3182 4131 dormierunt
3203 4092 3294 4146 per
3314 4072 3517 4144 Iesum,
3540 4071 3757 4126 adducet
3778 4087 3890 4124 cum

2301 4184 2361 4221 eo
2404 4164 2465 4238 (Ι
2498 4166 2676 4222 Thess.
2708 4184 2779 4231 ιν,
2813 4165 2934 4249 12-).
2984 4166 3186 4223 Somno
3240 4166 3394 4238 163
3442 4181 3655 4245 rursum
3703 4170 3891 4233 torpor

2303 4262 2638 4331 negligentiae
2659 4261 2989 4335 designatur,
3014 4261 3151 4317 sicut
3172 4261 3239 4315 ab
3256 4260 3446 4335 eodem
3469 4256 3637 4313 Paulo
3657 4257 3851 4313 dicitur
3872 4272 3888 4310 :

2302 4352 2451 4408 Hora
2474 4360 2547 4407 est
2568 4352 2685 4423 jam
2714 4332 2806 4406 nos
2834 4352 2899 4407 de
2924 4369 3104 4408 somno
3132 4368 3341 4425 surgere
3369 4332 3557 4425 (Rom.
3590 4365 3714 4417 xm,
3764 4347 3825 4402 ll
3844 4349 3883 4418 ).

2301 4443 2369 4499 Et
2395 4459 2607 4499 rursum
2642 4461 2654 4495 :
2688 4440 2965 4515 Evigilate,
2984 4444 3151 4515 justi,
3176 4449 3226 4495 et
3249 4440 3406 4496 nolite
3431 4456 3644 4515 peccare
3670 4436 3738 4510 (ι
3764 4436 3887 4492 Cor.

2300 4553 2391 4601 xv,
2443 4533 2568 4606 54).
2620 4533 2824 4589 Somno
2858 4549 3074 4607 quoque
3119 4524 3339 4588 calcatis
3384 4531 3563 4587 carnis
3611 4527 3893 4607 desideriis

2300 4631 2453 4700 quies
2481 4630 2604 4685 vitae
2634 4628 2909 4698 figuratur,
2943 4628 3085 4683 sicut
3111 4642 3323 4699 sponsae
3349 4641 3483 4682 voce
3514 4625 3569 4680 in
3594 4633 3618 4661 °
3647 4621 3895 4678 cantico.

2298 4739 2418 4777 rum
2447 4720 2672 4778 Cantico
2695 4708 2889 4775 dicitur
2916 4737 2928 4773 :
2960 4717 3073 4792 Ego
3096 4718 3315 4784 dormio,
3338 4727 3388 4772 et
3415 4733 3503 4772 cor
3522 4731 3690 4770 meum
3709 4712 3893 4785 vigilat

2299 4813 2483 4886 (Cant.
2514 4830 2574 4878 v,
2607 4811 2712 4883 2);
2750 4812 2877 4882 quia
2904 4810 3156 4866 videlicet
3192 4818 3377 4865 sancta
3416 4823 3573 4899 mensl
3596 4821 3704 4877 quo
3732 4819 3795 4861 se
3825 4804 3895 4859 ab

2298 4908 2529 4978 strepitu
2581 4904 2892 4976 temporalis
2937 4902 3388 4975 concupiscentiae
3428 4891 3771 4973 comprimit,
3827 4913 3896 4954 eo
3962 4891 3983 4959 ξ

2297 5000 2480 5055 verius
2502 4999 2712 5055 interna
2741 4995 3055 5066 cognoscit;
3086 5002 3143 5052 et
3170 4994 3321 5052 tanto
3351 4984 3583 5050 alacrius
3611 4990 3677 5047 ad
3700 4991 3896 5073 intima

2298 5091 2505 5161 vigilat,
2536 5098 2740 5162 quanto
2763 5105 2822 5148 se
2849 5091 2918 5146 ab
2946 5088 3203 5166 exteriori
3232 5086 3601 5159 inquietudine
3629 5080 3893 5169 occultat.

2300 5183 2454 5251 Quod
2480 5184 2620 5241 bene
2648 5198 2743 5255 per
2768 5182 2939 5259 Jacobs
2979 5182 3031 5237 in
3070 5181 3265 5238 itinere
3290 5178 3651 5236 dormientem
3688 5175 3895 5243 figura-

2301 5285 2390 5332 tur
2419 5273 2626 5349 (Genes.
2660 5280 2846 5341 xxviii,
2876 5268 2989 5345 ll),
3021 5273 3112 5345 qui
3141 5273 3217 5329 ad
3230 5282 3394 5345 caput
3422 5268 3655 5345 lapidem
3687 5268 3893 5353 posuit,

2300 5379 2356 5429 et
2381 5354 2703 5428 obdormivit
2736 5388 2750 5425 ε
2780 5356 2811 5425 a
2839 5377 2985 5426 terra
3013 5369 3211 5426 scalam
3240 5367 3379 5425 coelo
3408 5356 3781 5433 inhaerentem,
3808 5367 3894 5424 in-

2301 5465 2485 5520 nixum
2514 5453 2682 5519 scalai
2702 5462 3025 5530 Dominum,
3075 5450 3426 5518 aecendentes
3463 5463 3763 5547 quoquest
3790 5454 3898 5509 de-

2300 5578 2819 5651 Compend.,Cor_'b.
2850 5579 3060 5645 Germ.,
3092 5576 3269 5651 Coll)”
3302 5574 3460 5651 Reg?
3493 5573 3614 5645 Val.
3645 5570 3750 5637 Cl.,
3805 5585 3905 5624 no-

2299 5644 2467 5706 lumus
2498 5644 2617 5723 vos.
2637 5650 2694 5705 ln
2722 5648 2911 5723 Graeco
2939 5660 3087 5723 testu
3115 5644 3327 5723 ad_lltt_.,
3361 5644 3481 5723 nolo
3508 5662 3641 5723 nos.“
3692 5710 3744 5723 ἢ.

2373 5732 2397 5761 ε
2438 5723 2511 5777 Ita
2538 5722 2702 5778 Corb.
2730 5720 2939 5787 Germ.,
2982 5720 3147 5792 Reg;
3436 5715 3549 5792 νᾳι,
3580 5712 3663 5792 (ξι.
3691 5710 3903 5792 Sicque

2298 5793 2494 5850 melius
2536 5782 2954 5856 repraesentatur
2982 5782 3142 5856 huius
3170 5789 3310 5845 sacri
3358 5782 3479 5843 libri
3510 5782 3714 5847 titulus,
3764 5782 3901 5856 ξίν-

2298 5850 2548 5930 Itesisim,
2577 5850 2846 5919 Canticum
2866 5850 3209 5919 abnuerim;
3240 5859 3387 5917 sum;
3402 5856 3635 5923 habent,
3666 5856 3735 5937 at
3751 5850 3913 5910 Can-

2298 5937 2413 5992 ticis
2436 5937 2771 5992 canticorum.
3646 5938 3655 5963 ν
