4180 6456
310 429 414 489 709
1256 422 1612 483 MORALIUM
1653 418 1781 481 LIB.
1821 420 1885 478 ν.

2027 421 2093 483 IN
2133 420 2285 511 cst).
2326 420 2393 503 Iv
2431 420 2495 479 ιι.
2534 423 2670 479 .IOB.
3480 420 3587 483 710

306 540 635 600 scendentes
662 538 882 615 angelos
908 536 1062 593 vidit.
1092 536 1151 593 In
1177 537 1371 595 itinere
1407 539 1609 610 quippe
1636 536 1895 604 dormire,
1922 538 1976 598 Α
2001 550 2119 605 quae
2157 535 2394 591 exterius
2432 535 2709 606 implicant
2756 532 2996 591 studiose
3045 531 3409 591 subtrahatur.
3450 533 3589 592 Hinc

308 643 391 689 est
422 634 474 687 in
500 632 604 687 hoc
633 631 914 701 praesentis
943 630 1066 684 vita:
1095 629 1322 685 transitu
1351 645 1381 684 a
1412 646 1592 686 rerum
1625 638 1895 700 tempora-
1962 618 1965 629 ’
1999 636 2080 682 est
2106 624 2248 683 enim
2284 626 2430 696 quod
2460 642 2556 697 per
2583 628 2925 698 semetipsam
2952 625 3165 681 Veritas
3201 624 3333 680 dicit
3365 642 3381 680 :
3415 624 3588 683 Nemo

308 725 437 780 lium
464 738 652 778 amore
681 722 979 792 quiescere.
1010 719 1069 775 In
1091 722 1284 778 itinere
1306 722 1561 789 dormire,
1596 731 1681 778 est
1705 721 1758 778 in
1785 722 1897 778 diec
1999 728 2165 790 potest
2205 717 2404 774 duobus
2433 717 2654 773 dominis
2703 722 2894 774 servire
2936 716 3159 789 (Matth.
3186 734 3267 787 vl,
3297 716 3417 787 24).
3453 718 3589 776 Hinc

309 834 426 872 rum
457 814 753 889 labentium
783 829 941 870 cursu
986 815 1053 870 ab
1097 814 1337 885 appetitu
1379 814 1665 870 visibilium
1704 816 1900 877 mentis

309 907 497 962 oculos
538 905 791 961 claudere
834 923 847 959 :
892 921 1030 975 quos
1074 905 1263 975 primis
1306 903 1613 963 hominibus
1640 900 1901 964 ‘seductor

311 999 539 1070 aperuit,
572 998 664 1066 qui
691 996 828 1051 dixit
852 1014 864 1050 :
899 996 1013 1052 Scit
1039 997 1177 1052 enim
1203 995 1340 1052 Deus
1362 998 1497 1071 quod
1525 999 1577 1053 in
1606 1016 1902 1073 quocunque

310 1091 393 1144 die
421 1087 741 1144 comederitis
771 1103 836 1142 ex
865 1104 924 1142 eo
944 1131 959 1157 ,
991 1088 1287 1159 aperientur
1315 1090 1451 1144 oculi
1481 1091 1631 1145 vestri
1676 1090 1898 1162 (Cenes.

309 1196 385 1241 in,
412 1179 463 1244 5,
488 1178 563 1250 6).
600 1177 751 1233 Unde
773 1189 827 1234 et
847 1179 1009 1249 paulo
1031 1185 1153 1249 post
1177 1179 1460 1234 subditur:
1488 1179 1627 1235 Tulit
1647 1180 1710 1234 de
1732 1184 1901 1253 fructu

313 1272 477 1337 illius,
522 1280 571 1324 et
601 1270 855 1335 comedit;
899 1270 1138 1340 deditque
1166 1272 1274 1326 viro
1306 1274 1537 1344 suo,.qui
1564 1271 1805 1337 comedit,
1854 1280 1904 1325 et

313 1364 479 1432 aperti
509 1371 627 1416 sunt
657 1364 791 1417 oculi
818 1362 1104 1419 amborum.
1134 1364 1301 1434 Culpa
1334 1365 1532 1435 quippe
1560 1365 1747 1421 oculos
1774 1380 1905 1420 con-

313 1455 657 1524 cupiscentia:
677 1457 907 1525 aperuit,
936 1472 1073 1526 quos
1099 1456 1405 1513 innocentia
1427 1459 1639 1514 clausos
1662 1460 1902 1514 tenebat.

315 1545 550 1615 Angelos
592 1561 722 1601 vero
762 1547 1115 1604 ascendentes
1153 1556 1208 1603 et
1234 1546 1630 1605 descendentes
1658 1544 1906 1620 cernere,

314 1646 399 1693 est
445 1638 591 1694 cives
636 1652 882 1709 superna:
910 1639 1098 1710 patriae
1144 1641 1534 1712 contemplari,
1587 1641 1667 1696 vel
1703 1651 1906 1713 quanto

315 1743 500 1784 amore
532 1740 553 1764 θ
583 1728 791 1785 auctori
845 1745 944 1786 suo
991 1746 1157 1802 super
1203 1732 1524 1803 semetipsos
1570 1733 1904 1799 inhaereant,

317 1819 401 1875 vel
428 1829 629 1893 quanta
671 1822 1047 1894 compassione
1089 1823 1366 1880 charitatis
1397 1826 1595 1880 nostris
1622 1824 1906 1881 inﬁrmita-

318 1911 458 1965 tibus
484 1910 942 1968 condescendant.

388 2000 475 2055 55.
511 2003 591 2056 Ad
619 2004 1104 2076 contemplationem
1132 2022 1235 2060 non
1262 2007 1447 2079 suﬁicit
1473 2024 1505 2060 α
1533 2007 1712 2061 mundi
1740 2008 1907 2062 actio-

316 2093 466 2146 nibus
503 2094 790 2165 quiescere,
844 2096 946 2148 nisi
994 2104 1043 2151 et
1092 2097 1301 2151 virtutes
1349 2106 1703 2152 exerceantur.
1744 2129 1815 2141 —
1844 2092 1913 2153 Et

316 2183 615 2239 notandum
643 2185 798 2240 valde
828 2194 911 2242 est
936 2187 1083 2256 quod
1113 2187 1203 2242 ille
1230 2188 1506 2244 dormiens
1533 2189 1753 2259 angelos
1780 2204 1912 2245 con-

318 2276 503 2347 spicit,
537 2277 631 2348 qui
661 2278 713 2331 in
741 2278 919 2348 lapide
946 2286 1113 2349 caput
1147 2280 1333 2350 ponit;
1364 2283 1490 2351 quia
1521 2280 1768 2336 nimirum
1795 2279 1911 2352 ipse

316 2366 384 2422 ab
412 2368 768 2423 exterioribus
797 2369 1052 2439 operibus
1080 2360 1333 2438 cessans,
1382 2373 1591 2426 interna
1639 2379 1907 2442 penetrat,

316 2460 408 2529 qui
430 2460 845 2527 lntentamente,
865 2463 1385 2535 quteprincipaleest
1410 2464 1632 2538 [ϐπ-αισα,
1656 2468 1715 2520 τὸ
1730 2468 1912 2538 ἡγεμο-

315 2552 467 2623 νικὸν]
493 2552 745 2617 hominis,
774 2553 1129 2609 imitationem
1153 2555 1236 2611 sui
1258 2556 1614 2626 redemptoris
1635 2557 1907 2613 observat.

319 2641 494 2713 Caput
521 2645 723 2715 quippe
771 2646 826 2700 in
872 2646 1053 2717 lapide
1091 2663 1327 2718 ponere,
1377 2655 1461 2704 est
1488 2659 1669 2705 mente
1693 2647 1908 2706 Christo

320 2736 605 2792 inhaerere.
647 2736 750 2805 Qui
780 2739 926 2795 enim
952 2756 982 2794 a
1010 2743 1291 2811 praesentis
1318 2744 1441 2799 vitae
1470 2746 1686 2802 actione
1714 2745 1909 2801 remoti

317 2835 464 2895 sunt,
488 2829 583 2884 sed
608 2830 676 2885 ad
702 2846 939 2902 superna
966 2834 1114 2889 nullo
1134 2850 1322 2892 amore
1342 2838 1646 2908 rapiuntur,
1671 2839 1909 2895 dormire

318 2927 564 2990 possunt,
594 2921 689 2985 sed
716 2923 900 2979 videre
927 2926 1148 2995 angelos
1178 2936 1480 2996 nequeunt;
1512 2929 1637 2999 quia
1666 2936 1829 2999 caput
1853 2928 1909 2984 in

316 3010 494 3083 lapide
532 3022 721 3071 tenere
762 3025 1134 3075 contemnunt.
1168 3018 1311 3091 [νει.
1342 3018 1564 3097 ΧΧ11.]
1594 3022 1730 3080 Sunt
1754 3038 1910 3079 nam-

318 3118 424 3175 que
451 3106 697 3162 nonnulli
724 3108 816 3178 qui
836 3110 1020 3165 mundi
1047 3111 1261 3181 quidem
1287 3114 1528 3170 actiones
1554 3115 1782 3184 fugiunt,
1813 3115 1909 3171 sed

320 3194 481 3253 nullis
501 3198 786 3255 virtutibus
801 3210 1144 3258 exercentur.
1172 3201 1237 3258 Hi
1260 3205 1512 3261 nimirum
1539 3217 1778 3277 torpore,
1801 3222 1908 3262 non

2002 812 2199 868 Paulus
2229 810 2302 867 ait
2336 830 2349 866 :
2402 809 2574 868 Nemo
2603 813 2834 867 militans
2864 810 3005 877 Deo,
3037 812 3267 883 implicat
3295 827 3349 865 se
3375 815 3593 883 negotiis

2000 902 2355 971 swcularibus,
2387 912 2441 957 ut
2470 904 2515 958 ei
2542 904 2765 975 placeat,
2796 902 2876 957 cui
2906 900 2961 958 se
2980 902 3213 973 probavit
3241 901 3330 975 (ΙΙ
3364 902 3497 957 Tim.
3532 921 3593 973 ιι,

2002 997 2079 1069 4).
2115 997 2251 1055 Hinc
2291 1013 2387 1069 per
2424 996 2751 1068 Prophetam
2801 994 3060 1051 Dominus
3088 998 3385 1052 admonens
3416 998 3545 1052 dicit
3577 1015 3591 1051 :

2011 1089 2225 1156 Vacate,
2257 1102 2304 1145 et
2335 1090 2521 1158 videte,
2551 1076 2792 1163 quoniam
2822 1105 2915 1160 ego
2944 1106 3057 1142 sum
3091 1089 3224 1142 Deus
3262 1088 3432 1159 (Psal.
3468 1106 3593 1154 XLV,

2004 1180 2115 1251 ll).
2148 1178 2283 1248 Quia
2314 1181 2475 1250 igitur
2502 1194 2839 1251 nequaquam
2874 1179 3063 1233 notitia
3091 1178 3299 1234 interna
3326 1178 3354 1217 δ
3379 1181 3597 1250 conspi-

2006 1274 2167 1339 citur,
2211 1275 2314 1330 nisi
2361 1274 2427 1329 ab
2476 1282 2699 1331 externa
2743 1272 3108 1343 implicatione
3141 1282 3402 1338 cessetur,
3450 1284 3598 1329 recte

2008 1382 2151 1421 nunc
2179 1367 2329 1421 verbi
2370 1364 2675 1422 absconditi
2704 1377 2759 1421 et
2787 1365 2952 1420 divini
2986 1363 3209 1419 susurrii
3248 1374 3463 1435 tempus
3503 1383 3600 1423 ex-

2011 1457 2288 1525 primitur,
2319 1473 2440 1511 cum
2465 1444 2664 1512 dicitur
2695 1476 2708 1510 :
2741 1460 2796 1511 in
2827 1458 3040 1511 horrore
3066 1455 3279 1511 visionis
3309 1465 3599 1525 nocturnae,

2009 1547 2216 1618 quando
2245 1547 2377 1602 solet
2404 1565 2560 1613 sopor
2588 1565 2841 1620 occupare
2871 1540 3133 1615 homines,
3183 1547 3309 1616 quia
3352 1547 3600 1602 nimirum

2011 1655 2163 1694 mens
2193 1650 2379 1695 nostra
2410 1640 2559 1696 nullo
2593 1634 2753 1697 medo
2783 1640 2847 1695 ad
2877 1640 2986 1695 vim
3027 1640 3227 1695 intimae
3268 1641 3604 1711 contempla-

2014 1731 2178 1788 tionis
2206 1731 2435 1802 rapitur,
2466 1731 2567 1787 nisi
2588 1732 2832 1789 studiose
2862 1732 3010 1804 prius
3036 1748 3066 1786 a
3096 1742 3430 1788 terrenorum
3458 1733 3603 1787 desi-

2012 1822 2283 1881 deriorum
2326 1824 2554 1881 tumultu
2606 1825 2871 1896 SOpiatur.
2925 1824 3032 1881 Sed
3081 1827 3346 1881 humanus
3396 1827 3606 1883 animus

1940 1915 2245 1985 Bquadam
2296 1933 2408 1972 sua:
2454 1918 2926 1987 contemplationis
2975 1918 3224 1972 machina
3270 1919 3602 1984 sublevatus,

2011 2020 2120 2073 quo
2144 2020 2305 2076 super
2332 2022 2391 2062 se
2420 2006 2614 2061 altiora
2638 2006 2922 2076 conspicit,
2954 2023 3020 2061 eo
3044 2007 3095 2061 in
3124 2008 3414 2079 semetipso
3447 2009 3607 2063 terri-

2008 2096 2170 2152 bilius
2192 2097 2578 2153 contremiscit.
2610 2095 2762 2152 Unde
2788 2108 2843 2152 et
2863 2107 2987 2169 apte
3008 2097 3254 2153 subditur
3280 2117 3295 2153 :

2346 2185 2578 2243 CAPUT
2607 2186 2794 2242 XXXII
2825 2186 2975 2262 [Rea
3006 2186 3264 2260 XXIII].

2082 2277 2246 2334 Vens.
2281 2278 2368 2333 Μ.
2397 2311 2466 2322 —-
2492 2276 2667 2333 Pavor
2688 2280 2847 2332 tenuit
2872 2295 2984 2345 me,
3014 2282 3064 2333 et
3095 2289 3315 2346 tremor,
3351 2288 3400 2335 et
3428 2283 3603 2336 omnia

2009 2386 2127 2427 ossa
2148 2387 2261 2424 mea
2292 2369 2565 2441 perterrita
2595 2382 2732 2424 sunt.

2079 2460 2168 2516 56.
2197 2458 2310 2526 Quo
2331 2460 2487 2515 altius
2510 2459 2606 2515 Dei
2626 2462 2982 2516 rectitudinem
3002 2461 3430 2531 contemplamur,
3452 2478 3512 2518 eo
3538 2468 3603 2518 de

2010 2563 2189 2608 nostra
2226 2554 2392 2625 magis
2430 2553 2790 2626 formidamus.
2841 2586 2913 2596 —
2955 2553 3093 2621 Quid
3151 2570 3248 2625 per
3292 2570 3443 2621 ossa,
3498 2553 3599 2610 nisi

2010 2646 2166 2701 fortia
2198 2653 2317 2701 acta
2345 2646 2653 2715 signantur?
2694 2646 2770 2702 De
2806 2645 3000 2718 quibus
3047 2656 3101 2703 et
3144 2662 3241 2718 per
3270 2647 3597 2718 Prophetam

2010 2737 2205 2793 dicitur
2234 2756 2247 2791 :
2280 2736 2531 2793 Dominus
2563 2740 2782 2794 custodit
2830 2741 3005 2795 omnia
3047 2757 3166 2796 ossa
3202 2759 3380 2797 eorum
3411 2739 3595 2808 (Psal.

2010 2844 2200 2894 χχχιιι,
2228 2826 2340 2898 21).
2373 2826 2441 2881 Et
2468 2844 2612 2898 stepe
2635 2844 2699 2905 ea
2720 2845 2838 2901 quae
2866 2840 3032 2901 agunt
3050 2832 3325 2898 homines,
3356 2848 3475 2888 esse
3503 2832 3599 2886 ali-

2009 2917 2163 2986 cujus
2206 2918 2464 2973 momenti
2505 2906 2803 2984 :estimant,
2846 2921 2969 2988 quia
3010 2921 3359 2981 districtionis
3404 2923 3602 2981 intimae

2000 3022 2171 3081 quam
2219 3010 2290 3065 sit
2330 3010 2529 3069 subtile
2568 3013 2830 3084 judicium
2877 3016 3148 3085 ignorant.
3199 3017 3305 3074 Sed
3343 3035 3465 3075 cum
3505 3036 3603 3091 per

2011 3105 2523 3176 contemplationem
2552 3106 2692 3177 rapti
2720 3122 2953 3177 superna
2982 3111 3347 3179 conspiciunt,
3389 3113 3457 3166 ab
3485 3111 3601 3177 ipsa

2011 3195 2191 3264 aliquo
2212 3194 2378 3252 modo
2402 3197 2836 3269 praesumptionis
2856 3213 2967 3254 suae
2981 3201 3269 3256 securitate
3286 3200 3599 3271 liqueﬁunt;

319 3286 497 3343 studio
519 3281 821 3356 dormiimt;
853 3306 905 3346 et
935 3291 1137 3349 idcirco
1164 3293 1375 3350 interna
1405 3312 1513 3352 non
1543 3297 1903 3368 conspiciunt,
1933 3310 1983 3375 ο
2014 3296 2069 3342 ει
2093 3294 2242 3343 tanto
2265 3288 2438 3357 ωδεῑε
2467 3288 2521 3342 in
2551 3289 2733 3345 diVino
2759 3299 3051 3362 conspectu
3082 3292 3366 3359 ll‘t'l'idalll.
3400 3302 3602 3363 quanto

319 3377 443 3449 quia
472 3389 633 3451 caput
659 3396 767 3437 non
793 3382 848 3437 in
879 3382 1057 3454 lapide
1077 3385 1173 3442 sed
1200 3384 1251 3440 in
1274 3394 1420 3442 terra
1442 3397 1757 3458 posuerunt.
1783 3388 1915 3457 Qui-
2012 3393 2114 3434 nec
2141 3380 2280 3435 bona
2310 3395 2405 3434 sua
2427 3379 2587 3450 δίεπε
2616 3381 2731 3451 eius
2757 3386 3025 3450 examine»
3056 3401 3214 3455 quem
3242 3388 3602 3459 εοηερίοίυηῑν

319 3471 421 3526 bus
442 3472 759 3544 plerumque
780 3477 1044 3548 contingit
1065 3487 1123 3533 ut
1149 3489 1350 3550 quanto
1379 3482 1622 3538 securius
1643 3482 1710 3538 ab
1731 3492 1913 3539 exter-

322 3566 407 3621 nis
451 3566 755 3624 actionibus
783 3580 1023 3638 cessant,
1075 3579 1226 3627 tanto
1252 3573 1411 3631 latius
1447 3575 1502 3630 in
1539 3589 1599 3631 se
1627 3575 1915 3631 immundae

322 3657 662 3724 cogitationis
708 3662 989 3731 strepitum
1036 3678 1133 3732 per
1173 3665 1340 3719 otium
1390 3676 1710 3737 congerant.
1762 3665 1918 3723 Unde

322 3746 421 3801 sub
450 3746 645 3803 Judzeae
673 3753 856 3820 specie
884 3768 980 3821 per
994 3752 1320 3823 Prophetam
1346 3764 1568 3827 torpens
1596 3759 1709 3813 otio
1737 3759 1916 3813 anima

324 3837 568 3905 deﬂetur,
598 3856 719 3895 cum
742 3842 937 3898 dicitur
960 3862 972 3896 :
1015 3844 1269 3900 Viderunt
1295 3864 1409 3901 eam
1431 3850 1621 3912 hostes,
1647 3859 1695 3903 et
1718 3850 1915 3905 derise-

321 3940 441 3984 runt
488 3930 721 3987 Sabbata
766 3935 879 4006 ejus
928 3934 1149 4007 (Thren.
1182 3954 1229 4004 ι,
1265 3938 1353 4008 7).
1396 3938 1674 4010 Praecepto
1712 3942 1911 3997 etenim

324 4021 455 4092 legis
485 4025 551 4080 ab
582 4026 841 4081 exteriori
872 4042 1037 4097 opere
1066 4029 1119 4084 in
1164 4029 1389 4085 sabbato
1413 4042 1671 4087 cessatur.
1719 4031 1918 4090 Hostes

324 4127 453 4182 ergo
481 4115 704 4171 sabbata
734 4117 978 4174 videntes
1009 4119 1261 4187 irrident,
1302 4135 1422 4176 cum
1452 4121 1671 4192 maligni
1700 4124 1920 4194 spiritus

326 4204 441 4275 ipsa
484 4208 782 4264 vacationis
826 4210 936 4264 otia
982 4211 1049 4265 ad
1080 4211 1438 4282 cogitationes
1464 4213 1677 4271 illicitas
1707 4225 1919 4285 pertra-

327 4295 491 4364 hunt;
523 4308 582 4353 ut
608 4315 944 4371 unaquaeque
972 4302 1149 4358 anima
1178 4318 1286 4375 quo
1316 4314 1527 4361 remota
1570 4306 1639 4362 ab
1678 4308 1921 4364 externis

327 4387 629 4446 actionibus
659 4392 863 4448 servire
886 4392 999 4448 Deo
1027 4393 1286 4461 creditur,
1314 4411 1381 4451 eo
1407 4398 1577 4467 magis
1604 4414 1793 4455 eorum
1836 4408 1922 4472 ty-

2013 3478 2263 3541 pensant.
2298 3468 2433 3525 Hinc
2460 3482 2542 3527 est
2562 3476 2763 3529 etenim
2787 3475 2931 3544 quod
2955 3476 3000 3532 is
3019 3476 3109 3545 qui
3132 3476 3292 3533 fortia
3328 3481 3603 3549 operando

2015 3561 2334 3632 profecerat,
2360 3578 2458 3633 per
2478 3563 2726 3633 spiritum
2746 3564 3054 3621 sublevatus
3079 3567 3346 3623 clamabat
3372 3586 3384 3622 :
3411 3569 3604 3625 Omnia

2016 3671 2133 3709 ossa
2164 3671 2276 3707 mea
2306 3655 2515 3709 dicent:
2546 3654 2804 3722 Domine,
2848 3658 2961 3727 quis
3004 3658 3192 3712 similis
3236 3658 3326 3713 tibi
3365 3660 3384 3729 (
3406 3659 3603 3715 Psalm.

2018 3762 2209 3813 xxxiv,
2243 3746 2384 3816 10)?
2431 3747 2509 3800 Ac
2547 3748 2591 3801 si
2619 3748 2829 3802 diceret
2858 3764 2870 3801 :
2904 3747 3103 3803 Carnes
3132 3764 3267 3804 meae
3306 3750 3468 3805 verba
3497 3768 3606 3823 non

2016 3838 2246 3902 habent,
2285 3838 2411 3905 quia
2460 3835 2670 3890 inﬁma
2713 3852 2833 3891 mea
2863 3838 3003 3908 apud
3044 3846 3093 3893 te
3135 3838 3373 3896 funditus
3412 3841 3605 3907 silent;

2020 3944 2142 3984 ossa
2190 3938 2371 3983 autem
2416 3943 2537 3983 mea
2576 3937 2679 3983 tua:
2719 3928 3103 3997 magnitudinis
3144 3930 3356 3987 laudem
3398 3932 3608 4002 dicunt,

2019 4025 2141 4093 quia
2174 4024 2287 4093 ipsa
2316 4037 2557 4093 quoque,
2586 4037 2707 4094 quae
2731 4036 2851 4078 esse
2881 4023 2935 4078 in
2962 4039 3047 4078 me
3076 4024 3235 4080 fortia
3264 4026 3486 4091 credidi,
3521 4034 3613 4081 tua

2021 4114 2456 4171 consideratione
2484 4116 2925 4172 coinremiscunt.
2958 4114 3095 4173 Hinc
3119 4125 3201 4171 est
3227 4119 3371 4187 quod
3400 4110 3612 4184 Manue,

2019 4208 2136 4266 viso
2152 4210 2343 4280 angelo
2364 4211 2773 4279 pertimescens,
2803 4209 2927 4266 dicit
2950 4228 2963 4264 :
2988 4210 3161 4266 Morte
3182 4213 3478 4279 moriemur,
3494 4216 3614 4286 quia

2021 4301 2239 4359 vidimus
2262 4302 2545 4359 Dominum
2573 4304 2720 4376 (Jud.
2742 4320 2856 4370 xm,
2886 4303 3001 4377 2‘2).
3026 4304 3195 4373 Quem
3218 4322 3347 4361 uxor
3369 4308 3617 4377 protinus

2023 4392 2356 4459 consolatur,
2386 4394 2605 4451 dicens:
2632 4394 2693 4451 Si
2718 4394 2972 4451 Dominus
2990 4410 3087 4452 nos
3109 4398 3256 4452 vellet
3276 4398 3529 4465 occidere,
3554 4398 3620 4452 de

327 4479 536 4534 ranuidi
586 4476 771 4538 illicita
814 4484 1109 4553 cogitando
1153 4484 1460 4543 famulatur.
1511 4488 1697 4547 Sancti
1738 4500 1920 4547 autem
2024 4487 2259 4545 manibus
2288 4488 2486 4545 nostris
2516 4489 2872 4545 holocaustum
2910 4498 2959 4543 et
2988 4490 3267 4545 libamenta
3314 4507 3416 4543 non
3446 4507 3620 4543 susce-

330 4570 458 4636 viri,
490 4572 582 4641 qui
609 4588 641 4627 a
669 4574 853 4630 mundi
882 4578 1137 4647 operibus
1164 4594 1272 4635 non
1301 4588 1552 4651 torpore,
1599 4583 1695 4638 sed
1724 4585 1923 4642 virtute
2024 4589 2181 4659 pisset
2210 4583 2405 4657 (lbid.,
2432 4581 2557 4653 23).
2590 4582 2727 4648 Quid
2777 4588 2859 4636 est
2888 4590 3063 4636 autem
3094 4580 3241 4652 quod
3270 4580 3336 4635 ad
3360 4580 3620 4637 visionem

330 4662 631 4732 sopiuntur,
675 4665 991 4722 laboriosius
1018 4668 1326 4737 dormiunt,
1374 4685 1534 4740 quam
1562 4673 1786 4741 vigilare
1814 4690 1917 4745 ρο·
1952 4707 2000 4766 ο
2028 4676 2201 4747 angeli
2232 4675 2315 4730 vir
2341 4673 2399 4726 ﬁt
2427 4672 2671 4737 timidus,
2702 4679 2761 4726 et
2788 4671 2983 4726 mulier
3004 4671 3197 4737 audax,
3228 4670 3330 4725 nisi
3354 4671 3495 4740 quod
3522 4686 3623 4728 no-

332 4762 580 4821 tuerunt,
611 4758 736 4829 quia
758 4758 811 4813 in
839 4774 906 4814 eo
934 4760 1079 4829 quod
1108 4763 1350 4818 actiones
1373 4761 1532 4832 hujus
1557 4766 1738 4820 saeculi
1763 4766 1922 4822 dese-

334 4858 516 4907 rentes
561 4860 846 4922 superant,
897 4853 1121 4909 robusto
1165 4852 1417 4913 conﬂictu
1460 4856 1701 4927 quotidie
1730 4868 1921 4917 contra

332 4942 653 5013 semetipsos
678 4951 947 5015 pugnant,
980 4960 1050 5001 ne
1078 4959 1231 5002 mens
1258 4961 1355 5017 pa-
1396 4949 1774 5020 negligentiam
1804 4959 1922 5006 tor-

330 5042 479 5105 peat,
504 5048 573 5091 ne
598 5035 820 5091 subacta
843 5036 954 5091 otio
980 5037 1047 5091 ad
1069 5036 1333 5094 desideria
1354 5039 1627 5097 immunda
1652 5041 1920 5113 frigescat,

334 5143 401 5183 ne
421 5129 472 5185 in
497 5128 625 5199 ipsis
647 5130 805 5186 bonis
825 5130 1105 5187 desideriis
1126 5130 1244 5202 plus
1260 5131 1408 5202 justo
1422 5132 1703 5201 inlerveat,
1736 5151 1806 5192 ne
1824 5135 1926 5191 sub

342 5222 499 5293 165.
526 5222 868 5281 discretionis
914 5225 1098 5296 specie
1134 5225 1350 5281 sibimet
1377 5226 1676 5297 parcendo,
1725 5244 1755 5283 a
1794 5244 1924 5299 per-

336 5309 571 5369 fectione
617 5314 951 5386 languescat.
1002 5316 1127 5387 Agit
1166 5317 1311 5380 haec,
1354 5325 1417 5371 et
1455 5317 1521 5372 ab
1548 5318 1925 5390 ‘hujus'mundi

338 5404 575 5474 inquieta
605 5411 1045 5482 concupiscentia
1072 5426 1132 5468 se
1158 5411 1376 5483 penitus
1400 5411 1694 5479 subtrahit,
1724 5428 1790 5471 ac
1814 5421 1928 5470 ter-

338 5513 588 5555 renarum
620 5505 892 5562 actionum
922 5507 1202 5577 strepitum
1234 5505 1460 5571 deserit,
1509 5514 1564 5562 et
1601 5520 1697 5577 per
1728 5504 1926 5578 quietis

336 5590 569 5647 studium
608 5594 896 5653 virtutibus
926 5598 1157 5665 intenta,
1206 5598 1436 5669 vigilans
1472 5598 1689 5655 dormit.
1740 5600 1926 5671 Neque

335 5683 479 5740 enim
502 5682 571 5741 ad
591 5689 1006 5759 contemplanda
1030 5690 1243 5746 interna
1268 5690 1598 5760 perducitur,
1630 5691 1730 5747 nisi
1752 5693 1819 5748 ah
1839 5691 1926 5749 his

410 5832 433 5859 ει
466 5824 541 5879 Ita
567 5840 757 5882 omnes
785 5828 957 5883 nostri
982 5827 1109 5884 Mss.
1136 5841 1189 5883 et
1213 5838 1323 5886 vet.
1358 5830 1458 5887 Ed.
1489 5832 1616 5889 Coc.
1643 5840 1698 5889 et
1717 5840 1922 5890 recent.

335 5893 501 5970 Edit.,
531 5900 844 5970 auctorisuo
863 5900 1158 5970 semctipsos
1183 5904 1592 5957 transcendendo
1616 5905 1922 5960 inhmeant.

409 5967 435 6005 δ
470 5968 525 6022 lu
552 5969 693 6040 plur.
726 5968 883 6039 Mss.,
914 5967 1219 6041 concipitur.
1255 5973 1307 6026 In
1340 5974 1450 6027 Val.
1485 5975 1564 6030 Cl.
1601 5978 1918 6048 concupitur.

2029 4768 2110 4823 bis
2141 4768 2353 4838 quoties
2381 4764 2621 4821 coelestia
2650 4762 3122 4828 demonstrantur,
3154 4762 3374 4831 spiritus
3404 4762 3621 4830 quidem

2029 4873 2229 4931 pavore
2257 4871 2317 4912 se
2344 4854 2617 4920 concutit,
2661 4852 2755 4906 sed
2797 4858 2981 4905 tamen
3008 4862 3134 4921 spes
3160 4854 3467 4922 ιιι-ωδυωίιῖ
3498 4854 3623 4912 lude

2030 4962 2261 5017 namque
2290 4961 2413 5017 spes
2444 4944 2508 4999 ad
2536 4942 2740 5011 majora
2769 4952 2791 4981 ο
2822 4941 3065 4997 audenda
3093 4949 3213 4999 sese
3244 4945 3429 5015 erigit,
3480 4948 3623 5003 unde

2033 5040 2276 5096 turbatur
2304 5037 2544 5109 spiritus,
2572 5035 2695 5105 quia
2718 5049 2785 5090 ea
2804 5042 2924 5105 qua
2944 5048 3177 5106 superna
3194 5046 3344 5107 sunt,
3366 5040 3513 5111 prior
3538 5042 3622 5095 vi-

2034 5134 2143 5189 det.
2180 5132 2197 5206 [
2222 5132 2335 5188 Vet.
2366 5129 2468 5186 XX
2476 5127 2630 5202 1H,]
2658 5129 2795 5197 Quia
2823 5129 2987 5198 igitur
3008 5145 3135 5186 cum
3164 5132 3356 5189 altiora
3388 5144 3623 5190 secreto-

2030 5244 2153 5285 rum
2175 5226 2472 5285 cmlestium
2494 5224 2777 5282 sublevate
2804 5234 2959 5281 mens
2984 5226 3274 5297 conspicit,
3302 5236 3494 5284 cuncta
3523 5228 3623 5283 hu-

2032 5332 2312 5376 manarum
2352 5318 2547 5376 virium
2574 5314 2823 5373 soliditas
2847 5316 3248 5383 contremiscit,
3294 5325 3442 5372 recte
3481 5332 3623 5373 nunc

2031 5408 2229 5470 dicitur
2252 5427 2266 5467 :
2292 5409 2471 5466 Pavor
2488 5408 2651 5465 tenuit
2672 5424 2774 5476 me,
2800 5417 2852 5463 et
2873 5417 3084 5474 tremor,
3106 5416 3160 5463 et
3176 5407 3355 5463 omnia
3379 5423 3496 5462 ossa
3512 5424 3625 5463 inea

2033 5506 2308 5577 perterrita
2351 5512 2488 5561 sunt.
2541 5504 2619 5559 Ae
2656 5504 2701 5558 si
2743 5510 2931 5573 aperte
2954 5502 3229 5558 diceretur
3260 5500 3626 5559 :Subtilitatis

2032 5603 2234 5658 intimae
2273 5615 2470 5656 arcana
2499 5598 2805 5670 percipiens
2821 5637 2839 5665 ,
2867 5596 3013 5653 unde
3030 5609 3125 5651 me
3147 5593 3291 5665 apud
3316 5610 3407 5650 me
3430 5592 3626 5651 lbrtem

2004 5694 2256 5764 credidi,
2284 5701 2415 5750 ante
2436 5697 2785 5763 conspectum
2801 5687 3000 5759 judicis
3020 5684 3145 5744 inde
3162 5686 3413 5757 timavi.
3436 5686 3626 5744 Distri-

2030 5832 2086 5889 ln
2117 5829 2281 5887 Corb.
2304 5826 2516 5900 Germ”
2547 5825 2706 5901 Reg”
2738 5824 2916 5892 Colb.,
2947 5824 3122 5898 prima
3150 5840 3333 5895 manu,
3364 5827 3625 5901 conspici-

2031 5913 2132 5968 tur,
2164 5917 2325 5973 quam
2349 5897 2486 5973 lect.
2499 5897 2847 5973 pratulimus.

2106 5967 2126 6013 ε
2156 5967 2321 6030 Corb.
2349 5967 2559 6040 Germ"
2589 5984 2713 6028 cum
2735 5985 2844 6028 uno
2873 5967 3030 6041 Reg,
3062 5970 3339 6027 audienda.
