  <div class='ocr_page' id='page_1' title='image "/cluster/home/n/w/nwhite01/storage/ocr_20150623/75/hvd.32044015469380/361.png"; bbox 0 0 4180 6454; ppageno 0'>
   <div class='ocr_carea' id='block_1_1' title="bbox 569 457 670 517">
    <p class='ocr_par' dir='ltr' id='par_1_1' title="bbox 569 457 670 517">
     <span class='ocr_line' id='line_1_1' title="bbox 569 457 670 517; baseline 0.01 -2"><span class='ocrx_word' id='word_1_1' title='bbox 569 457 670 517; x_wconf 73' lang='grc'><strong>711</strong></span> 
     </span>
    </p>
   </div>
   <div class='ocr_carea' id='block_1_2' title="bbox 1777 456 2638 516">
    <p class='ocr_par' dir='ltr' id='par_1_2' title="bbox 1777 456 2638 516">
     <span class='ocr_line' id='line_1_2' title="bbox 1777 456 2638 516; baseline -0.001 -3"><span class='ocrx_word' id='word_1_2' title='bbox 1777 456 2020 514; x_wconf 83' lang='lat' dir='ltr'><strong>SANCTI</strong></span> <span class='ocrx_word' id='word_1_3' title='bbox 2059 457 2384 516; x_wconf 78' lang='lat' dir='ltr'><strong>GREGORII</strong></span> <span class='ocrx_word' id='word_1_4' title='bbox 2423 457 2638 514; x_wconf 81' lang='lat' dir='ltr'><strong>MAGNI</strong></span> 
     </span>
    </p>
   </div>
   <div class='ocr_carea' id='block_1_3' title="bbox 3738 465 3850 520">
    <p class='ocr_par' dir='ltr' id='par_1_3' title="bbox 3738 465 3850 520">
     <span class='ocr_line' id='line_1_3' title="bbox 3738 465 3850 520; baseline -0.018 0"><span class='ocrx_word' id='word_1_5' title='bbox 3738 465 3850 520; x_wconf 71' lang='grc'><strong>’112</strong></span> 
     </span>
    </p>
   </div>
   <div class='ocr_carea' id='block_1_4' title="bbox 568 548 3854 656">
    <p class='ocr_par' dir='ltr' id='par_1_4' title="bbox 568 548 3854 656">
     <span class='ocr_line' id='line_1_4' title="bbox 568 548 3854 656; baseline 0.002 -28"><span class='ocrx_word' id='word_1_6' title='bbox 568 570 803 628; x_wconf 85' lang='lat' dir='ltr'><strong>ctionem</strong></span> <span class='ocrx_word' id='word_1_7' title='bbox 829 573 1028 643; x_wconf 78' lang='lat' dir='ltr'><strong>quippe</strong></span> <span class='ocrx_word' id='word_1_8' title='bbox 1055 570 1248 628; x_wconf 66' lang='lat' dir='ltr'><strong>divinae</strong></span> <span class='ocrx_word' id='word_1_9' title='bbox 1270 571 1494 642; x_wconf 56' lang='lat' dir='ltr'><strong>justitite</strong></span> <span class='ocrx_word' id='word_1_10' title='bbox 1516 574 1962 644; x_wconf 75' lang='lat' dir='ltr'><strong>contemplantes,</strong></span> <span class='ocrx_word' id='word_1_11' title='bbox 1985 573 2150 630; x_wconf 89' lang='lat' dir='ltr'><strong>etiam</strong></span> <span class='ocrx_word' id='word_1_12' title='bbox 2179 578 2228 635; x_wconf 80' lang='grc' dir='ltr'><strong>Δ</strong></span> <span class='ocrx_word' id='word_1_13' title='bbox 2253 573 2392 630; x_wconf 89' lang='lat' dir='ltr'><strong>vitas</strong></span> <span class='ocrx_word' id='word_1_14' title='bbox 2420 588 2605 629; x_wconf 62' lang='lat' dir='ltr'><strong>omnes</strong></span> <span class='ocrx_word' id='word_1_15' title='bbox 2636 572 2773 644; x_wconf 76' lang='lat' dir='ltr'><strong>pilos</strong></span> <span class='ocrx_word' id='word_1_16' title='bbox 2795 572 2992 656; x_wconf 65' lang='lat' dir='ltr'><strong>carnis</strong></span> <span class='ocrx_word' id='word_1_17' title='bbox 3021 572 3228 639; x_wconf 87' lang='lat' dir='ltr'><strong>radere,</strong></span> <span class='ocrx_word' id='word_1_18' title='bbox 3257 574 3382 645; x_wconf 82' lang='lat' dir='ltr'><strong>quia</strong></span> <span class='ocrx_word' id='word_1_19' title='bbox 3404 575 3450 630; x_wconf 88' lang='lat' dir='ltr'><strong>is</strong></span> <span class='ocrx_word' id='word_1_20' title='bbox 3488 548 3583 649; x_wconf 88' lang='lat' dir='ltr'><strong>qui</strong></span> <span class='ocrx_word' id='word_1_21' title='bbox 3611 577 3664 633; x_wconf 92' lang='lat' dir='ltr'><strong>in</strong></span> <span class='ocrx_word' id='word_1_22' title='bbox 3693 578 3854 635; x_wconf 84' lang='lat' dir='ltr'><strong>obse-</strong></span> 
     </span>
    </p>
   </div>
   <div class='ocr_carea' id='block_1_5' title="bbox 567 663 2152 736">
    <p class='ocr_par' dir='ltr' id='par_1_5' title="bbox 567 663 2152 736">
     <span class='ocr_line' id='line_1_5' title="bbox 567 663 2152 736; baseline -0.001 -17"><span class='ocrx_word' id='word_1_23' title='bbox 567 664 632 719; x_wconf 88' lang='lat' dir='ltr'><strong>de</strong></span> <span class='ocrx_word' id='word_1_24' title='bbox 663 664 788 734; x_wconf 63' lang='lat' dir='ltr'><strong>ipsis</strong></span> <span class='ocrx_word' id='word_1_25' title='bbox 820 665 1073 734; x_wconf 86' lang='lat' dir='ltr'><strong>operibus</strong></span> <span class='ocrx_word' id='word_1_26' title='bbox 1095 663 1218 734; x_wconf 85' lang='lat' dir='ltr'><strong>jure</strong></span> <span class='ocrx_word' id='word_1_27' title='bbox 1247 664 1696 735; x_wconf 90' lang='lat' dir='ltr'><strong>pertimescimus,</strong></span> <span class='ocrx_word' id='word_1_28' title='bbox 1728 681 1846 736; x_wconf 79' lang='lat' dir='ltr'><strong>quae</strong></span> <span class='ocrx_word' id='word_1_29' title='bbox 1869 680 1966 720; x_wconf 90' lang='lat' dir='ltr'><strong>nos</strong></span> <span class='ocrx_word' id='word_1_30' title='bbox 1997 664 2152 721; x_wconf 72' lang='lat' dir='ltr'><strong>fortia</strong></span> 
     </span>
    </p>
   </div>
   <div class='ocr_carea' id='block_1_6' title="bbox 567 741 2154 827">
    <p class='ocr_par' dir='ltr' id='par_1_6' title="bbox 567 741 2154 827">
     <span class='ocr_line' id='line_1_6' title="bbox 567 741 2154 827; baseline 0.001 -19"><span class='ocrx_word' id='word_1_31' title='bbox 567 754 738 824; x_wconf 87' lang='lat' dir='ltr'><strong>egisse</strong></span> <span class='ocrx_word' id='word_1_32' title='bbox 771 741 1111 824; x_wconf 79' lang='lat' dir='ltr'><strong>putabamus.</strong></span> <span class='ocrx_word' id='word_1_33' title='bbox 1154 756 1319 811; x_wconf 84' lang='lat' dir='ltr'><strong>Ducta</strong></span> <span class='ocrx_word' id='word_1_34' title='bbox 1350 743 1579 827; x_wconf 85' lang='lat' dir='ltr'><strong>namque</strong></span> <span class='ocrx_word' id='word_1_35' title='bbox 1610 757 1675 810; x_wconf 88' lang='lat' dir='ltr'><strong>ad</strong></span> <span class='ocrx_word' id='word_1_36' title='bbox 1703 757 1964 822; x_wconf 84' lang='lat' dir='ltr'><strong>in&#39;ernam</strong></span> <span class='ocrx_word' id='word_1_37' title='bbox 1993 770 2154 824; x_wconf 60' lang='lat' dir='ltr'><strong>regu-</strong></span> 
     </span>
    </p>
   </div>
   <div class='ocr_carea' id='block_1_7' title="bbox 571 845 2154 918">
    <p class='ocr_par' dir='ltr' id='par_1_7' title="bbox 571 845 2154 918">
     <span class='ocr_line' id='line_1_7' title="bbox 571 845 2154 918; baseline 0.001 -20"><span class='ocrx_word' id='word_1_38' title='bbox 571 848 674 900; x_wconf 89' lang='lat' dir='ltr'><strong>lam</strong></span> <span class='ocrx_word' id='word_1_39' title='bbox 717 854 900 902; x_wconf 69' lang='lat' dir='ltr'><strong>no~tra</strong></span> <span class='ocrx_word' id='word_1_40' title='bbox 950 846 1248 915; x_wconf 88' lang='lat' dir='ltr'><strong>rectitudo,</strong></span> <span class='ocrx_word' id='word_1_41' title='bbox 1294 847 1339 902; x_wconf 93' lang='lat' dir='ltr'><strong>si</strong></span> <span class='ocrx_word' id='word_1_42' title='bbox 1376 846 1528 918; x_wconf 78' lang='lat'><strong>165</strong></span> <span class='ocrx_word' id='word_1_43' title='bbox 1561 847 1856 906; x_wconf 86' lang='lat' dir='ltr'><strong>districtum</strong></span> <span class='ocrx_word' id='word_1_44' title='bbox 1894 845 2154 917; x_wconf 87' lang='lat' dir='ltr'><strong>judicium</strong></span> 
     </span>
    </p>
   </div>
   <div class='ocr_carea' id='block_1_8' title="bbox 567 935 2153 1001">
    <p class='ocr_par' dir='ltr' id='par_1_8' title="bbox 567 935 2153 1001">
     <span class='ocr_line' id='line_1_8' title="bbox 567 935 2153 1001; baseline -0.001 -10"><span class='ocrx_word' id='word_1_45' title='bbox 567 935 805 1001; x_wconf 89' lang='lat' dir='ltr'><strong>invenit,</strong></span> <span class='ocrx_word' id='word_1_46' title='bbox 829 937 1016 990; x_wconf 83' lang='lat' dir='ltr'><strong>multis</strong></span> <span class='ocrx_word' id='word_1_47' title='bbox 1049 937 1418 992; x_wconf 87' lang='lat' dir='ltr'><strong>tortitudinum</strong></span> <span class='ocrx_word' id='word_1_48' title='bbox 1454 954 1673 992; x_wconf 84' lang='lat' dir='ltr'><strong>suarum</strong></span> <span class='ocrx_word' id='word_1_49' title='bbox 1710 938 1915 993; x_wconf 79' lang='lat' dir='ltr'><strong>sinibus</strong></span> <span class='ocrx_word' id='word_1_50' title='bbox 1944 938 1995 991; x_wconf 81' lang='lat' dir='ltr'><strong>in</strong></span> <span class='ocrx_word' id='word_1_51' title='bbox 2026 937 2153 992; x_wconf 88' lang='lat' dir='ltr'><strong>inti-</strong></span> 
     </span>
    </p>
   </div>
   <div class='ocr_carea' id='block_1_9' title="bbox 567 1026 2155 1099">
    <p class='ocr_par' dir='ltr' id='par_1_9' title="bbox 567 1026 2155 1099">
     <span class='ocr_line' id='line_1_9' title="bbox 567 1026 2155 1099; baseline -0.001 -17"><span class='ocrx_word' id='word_1_52' title='bbox 567 1044 710 1082; x_wconf 88' lang='lat' dir='ltr'><strong>mam</strong></span> <span class='ocrx_word' id='word_1_53' title='bbox 746 1027 1122 1084; x_wconf 80' lang='lat' dir='ltr'><strong>rectitudinem</strong></span> <span class='ocrx_word' id='word_1_54' title='bbox 1153 1029 1417 1099; x_wconf 86' lang='lat' dir='ltr'><strong>impingit.</strong></span> <span class='ocrx_word' id='word_1_55' title='bbox 1455 1027 1606 1084; x_wconf 85' lang='lat' dir='ltr'><strong>Unde</strong></span> <span class='ocrx_word' id='word_1_56' title='bbox 1642 1034 1780 1083; x_wconf 88' lang='lat' dir='ltr'><strong>bene</strong></span> <span class='ocrx_word' id='word_1_57' title='bbox 1809 1026 2006 1084; x_wconf 84' lang='lat' dir='ltr'><strong>Paulus</strong></span> <span class='ocrx_word' id='word_1_58' title='bbox 2033 1044 2155 1082; x_wconf 85' lang='lat' dir='ltr'><strong>cum</strong></span> 
     </span>
    </p>
   </div>
   <div class='ocr_carea' id='block_1_10' title="bbox 568 1119 2154 1186">
    <p class='ocr_par' dir='ltr' id='par_1_10' title="bbox 568 1119 2154 1186">
     <span class='ocr_line' id='line_1_10' title="bbox 568 1119 2154 1186; baseline 0 -14"><span class='ocrx_word' id='word_1_59' title='bbox 568 1128 623 1174; x_wconf 74' lang='grc' dir='ltr'><strong>(ιῑ</strong></span> <span class='ocrx_word' id='word_1_60' title='bbox 649 1136 785 1175; x_wconf 74' lang='grc' dir='ltr'><strong>νει-ευ</strong></span> <span class='ocrx_word' id='word_1_61' title='bbox 815 1135 902 1174; x_wconf 92' lang='lat' dir='ltr'><strong>um</strong></span> <span class='ocrx_word' id='word_1_62' title='bbox 924 1136 1044 1174; x_wconf 83' lang='lat' dir='ltr'><strong>ossa</strong></span> <span class='ocrx_word' id='word_1_63' title='bbox 1067 1121 1266 1176; x_wconf 87' lang='lat' dir='ltr'><strong>habere</strong></span> <span class='ocrx_word' id='word_1_64' title='bbox 1295 1135 1354 1175; x_wconf 88' lang='lat' dir='ltr'><strong>se</strong></span> <span class='ocrx_word' id='word_1_65' title='bbox 1379 1132 1642 1186; x_wconf 71' lang='lat' dir='ltr'><strong>eerneret,</strong></span> <span class='ocrx_word' id='word_1_66' title='bbox 1675 1131 1731 1174; x_wconf 93' lang='lat' dir='ltr'><strong>et</strong></span> <span class='ocrx_word' id='word_1_67' title='bbox 1753 1134 1930 1174; x_wconf 77' lang='lat' dir='ltr'><strong>tamen</strong></span> <span class='ocrx_word' id='word_1_68' title='bbox 1953 1119 2050 1175; x_wconf 88' lang='lat' dir='ltr'><strong>sub</strong></span> <span class='ocrx_word' id='word_1_69' title='bbox 2071 1119 2154 1172; x_wconf 91' lang='lat' dir='ltr'><strong>di-</strong></span> 
     </span>
    </p>
   </div>
   <div class='ocr_carea' id='block_1_11' title="bbox 566 1213 2151 1284">
    <p class='ocr_par' dir='ltr' id='par_1_11' title="bbox 566 1213 2151 1284">
     <span class='ocr_line' id='line_1_11' title="bbox 566 1213 2151 1284; baseline -0.001 -16"><span class='ocrx_word' id='word_1_70' title='bbox 566 1214 758 1269; x_wconf 84' lang='lat' dir='ltr'><strong>stricto</strong></span> <span class='ocrx_word' id='word_1_71' title='bbox 779 1215 1025 1270; x_wconf 63' lang='lat' dir='ltr'><strong>examine</strong></span> <span class='ocrx_word' id='word_1_72' title='bbox 1043 1217 1157 1271; x_wconf 76' lang='lat' dir='ltr'><strong>hmc</strong></span> <span class='ocrx_word' id='word_1_73' title='bbox 1174 1217 1362 1270; x_wconf 72' lang='lat' dir='ltr'><strong>eadem</strong></span> <span class='ocrx_word' id='word_1_74' title='bbox 1385 1216 1500 1284; x_wconf 76' lang='lat' dir='ltr'><strong>ejus</strong></span> <span class='ocrx_word' id='word_1_75' title='bbox 1528 1231 1649 1270; x_wconf 90' lang='lat' dir='ltr'><strong>ossa</strong></span> <span class='ocrx_word' id='word_1_76' title='bbox 1674 1213 2022 1283; x_wconf 89' lang='lat' dir='ltr'><strong>trepidarent,</strong></span> <span class='ocrx_word' id='word_1_77' title='bbox 2046 1213 2151 1266; x_wconf 87' lang='lat' dir='ltr'><strong>ait:</strong></span> 
     </span>
    </p>
   </div>
   <div class='ocr_carea' id='block_1_12' title="bbox 568 1303 2156 1378">
    <p class='ocr_par' dir='ltr' id='par_1_12' title="bbox 568 1303 2156 1378">
     <span class='ocr_line' id='line_1_12' title="bbox 568 1303 2156 1378; baseline -0.002 -16"><span class='ocrx_word' id='word_1_78' title='bbox 568 1307 704 1362; x_wconf 80' lang='lat' dir='ltr'><strong>Mihi</strong></span> <span class='ocrx_word' id='word_1_79' title='bbox 729 1326 822 1378; x_wconf 88' lang='lat' dir='ltr'><strong>pro</strong></span> <span class='ocrx_word' id='word_1_80' title='bbox 844 1309 1058 1364; x_wconf 87' lang='lat' dir='ltr'><strong>minimo</strong></span> <span class='ocrx_word' id='word_1_81' title='bbox 1078 1319 1176 1378; x_wconf 86' lang='lat' dir='ltr'><strong>est,</strong></span> <span class='ocrx_word' id='word_1_82' title='bbox 1207 1319 1310 1362; x_wconf 90' lang='lat' dir='ltr'><strong>uta</strong></span> <span class='ocrx_word' id='word_1_83' title='bbox 1330 1307 1468 1362; x_wconf 80' lang='lat' dir='ltr'><strong>vobis</strong></span> <span class='ocrx_word' id='word_1_84' title='bbox 1481 1307 1708 1377; x_wconf 85' lang='lat' dir='ltr'><strong>judicer,</strong></span> <span class='ocrx_word' id='word_1_85' title='bbox 1737 1315 1825 1359; x_wconf 88' lang='lat' dir='ltr'><strong>aut</strong></span> <span class='ocrx_word' id='word_1_86' title='bbox 1848 1303 1910 1358; x_wconf 89' lang='lat' dir='ltr'><strong>ab</strong></span> <span class='ocrx_word' id='word_1_87' title='bbox 1933 1303 2156 1359; x_wconf 84' lang='lat' dir='ltr'><strong>humano</strong></span> 
     </span>
    </p>
   </div>
   <div class='ocr_carea' id='block_1_13' title="bbox 565 1391 2158 1471">
    <p class='ocr_par' dir='ltr' id='par_1_13' title="bbox 565 1391 2158 1471">
     <span class='ocr_line' id='line_1_13' title="bbox 565 1391 2158 1471; baseline -0.004 -18"><span class='ocrx_word' id='word_1_88' title='bbox 565 1400 670 1454; x_wconf 87' lang='lat' dir='ltr'><strong>die.</strong></span> <span class='ocrx_word' id='word_1_89' title='bbox 725 1400 829 1454; x_wconf 78' lang='lat' dir='ltr'><strong>Sed</strong></span> <span class='ocrx_word' id='word_1_90' title='bbox 869 1391 1028 1471; x_wconf 87' lang='lat' dir='ltr'><strong>neque</strong></span> <span class='ocrx_word' id='word_1_91' title='bbox 1079 1417 1159 1453; x_wconf 87' lang='lat' dir='ltr'><strong>me</strong></span> <span class='ocrx_word' id='word_1_92' title='bbox 1199 1401 1364 1468; x_wconf 85' lang='lat' dir='ltr'><strong>ipsum</strong></span> <span class='ocrx_word' id='word_1_93' title='bbox 1394 1408 1416 1434; x_wconf 79' lang='lat'><strong><em>°</em></strong></span> <span class='ocrx_word' id='word_1_94' title='bbox 1442 1397 1659 1468; x_wconf 84' lang='lat' dir='ltr'><strong>judico;</strong></span> <span class='ocrx_word' id='word_1_95' title='bbox 1700 1396 1828 1450; x_wconf 81' lang='lat' dir='ltr'><strong>nihil</strong></span> <span class='ocrx_word' id='word_1_96' title='bbox 1866 1395 2004 1448; x_wconf 86' lang='lat' dir='ltr'><strong>enim</strong></span> <span class='ocrx_word' id='word_1_97' title='bbox 2031 1394 2158 1446; x_wconf 81' lang='lat' dir='ltr'><strong>mihi</strong></span> 
     </span>
    </p>
   </div>
   <div class='ocr_carea' id='block_1_14' title="bbox 564 1487 2159 1564">
    <p class='ocr_par' dir='ltr' id='par_1_14' title="bbox 564 1487 2159 1564">
     <span class='ocr_line' id='line_1_14' title="bbox 564 1487 2159 1564; baseline -0.005 -18"><span class='ocrx_word' id='word_1_98' title='bbox 564 1492 799 1547; x_wconf 84' lang='lat' dir='ltr'><strong>conscius</strong></span> <span class='ocrx_word' id='word_1_99' title='bbox 841 1508 952 1546; x_wconf 85' lang='lat' dir='ltr'><strong>sum</strong></span> <span class='ocrx_word' id='word_1_100' title='bbox 984 1491 1047 1564; x_wconf 89' lang='grc' dir='ltr'><strong>(Ι</strong></span> <span class='ocrx_word' id='word_1_101' title='bbox 1073 1491 1193 1546; x_wconf 86' lang='lat' dir='ltr'><strong>Cor.</strong></span> <span class='ocrx_word' id='word_1_102' title='bbox 1228 1507 1300 1555; x_wconf 80' lang='grc' dir='ltr'><strong>ιν,</strong></span> <span class='ocrx_word' id='word_1_103' title='bbox 1335 1491 1421 1561; x_wconf 84' lang='grc'><strong>5).</strong></span> <span class='ocrx_word' id='word_1_104' title='bbox 1472 1489 1579 1545; x_wconf 86' lang='lat' dir='ltr'><strong>Sed</strong></span> <span class='ocrx_word' id='word_1_105' title='bbox 1621 1489 1743 1559; x_wconf 86' lang='lat' dir='ltr'><strong>quia</strong></span> <span class='ocrx_word' id='word_1_106' title='bbox 1784 1487 1976 1542; x_wconf 78' lang='lat' dir='ltr'><strong>auditis</strong></span> <span class='ocrx_word' id='word_1_107' title='bbox 2008 1487 2159 1541; x_wconf 82' lang='lat' dir='ltr'><strong>venis</strong></span> 
     </span>
    </p>
   </div>
   <div class='ocr_carea' id='block_1_15' title="bbox 564 1580 2156 1650">
    <p class='ocr_par' dir='ltr' id='par_1_15' title="bbox 564 1580 2156 1650">
     <span class='ocr_line' id='line_1_15' title="bbox 564 1580 2156 1650; baseline -0.006 -12"><span class='ocrx_word' id='word_1_108' title='bbox 564 1583 726 1638; x_wconf 89' lang='lat' dir='ltr'><strong>divini</strong></span> <span class='ocrx_word' id='word_1_109' title='bbox 754 1583 1004 1650; x_wconf 74' lang='lat' dir='ltr'><strong>susurrii,</strong></span> <span class='ocrx_word' id='word_1_110' title='bbox 1038 1582 1152 1638; x_wconf 76' lang='lat' dir='ltr'><strong>lucc</strong></span> <span class='ocrx_word' id='word_1_111' title='bbox 1184 1582 1372 1637; x_wconf 88' lang='lat' dir='ltr'><strong>eadem</strong></span> <span class='ocrx_word' id='word_1_112' title='bbox 1402 1580 1519 1650; x_wconf 85' lang='lat' dir='ltr'><strong>ejus</strong></span> <span class='ocrx_word' id='word_1_113' title='bbox 1547 1596 1668 1635; x_wconf 89' lang='lat' dir='ltr'><strong>ossa</strong></span> <span class='ocrx_word' id='word_1_114' title='bbox 1697 1584 2156 1640; x_wconf 70' lang='lat' dir='ltr'><strong>contremuerunt,</strong></span> 
     </span>
    </p>
   </div>
   <div class='ocr_carea' id='block_1_16' title="bbox 564 1667 2158 1740">
    <p class='ocr_par' dir='ltr' id='par_1_16' title="bbox 564 1667 2158 1740">
     <span class='ocr_line' id='line_1_16' title="bbox 564 1667 2158 1740; baseline -0.006 -12"><span class='ocrx_word' id='word_1_115' title='bbox 564 1671 707 1728; x_wconf 84' lang='lat' dir='ltr'><strong>illico</strong></span> <span class='ocrx_word' id='word_1_116' title='bbox 736 1671 980 1740; x_wconf 76' lang='lat' dir='ltr'><strong>adjunxit</strong></span> <span class='ocrx_word' id='word_1_117' title='bbox 1014 1689 1026 1724; x_wconf 90' lang='lat'><strong>:</strong></span> <span class='ocrx_word' id='word_1_118' title='bbox 1062 1670 1168 1725; x_wconf 82' lang='lat' dir='ltr'><strong>Sed</strong></span> <span class='ocrx_word' id='word_1_119' title='bbox 1194 1687 1296 1724; x_wconf 88' lang='lat' dir='ltr'><strong>non</strong></span> <span class='ocrx_word' id='word_1_120' title='bbox 1329 1672 1382 1723; x_wconf 85' lang='lat' dir='ltr'><strong>in</strong></span> <span class='ocrx_word' id='word_1_121' title='bbox 1412 1670 1508 1724; x_wconf 81' lang='lat' dir='ltr'><strong>hoc</strong></span> <span class='ocrx_word' id='word_1_122' title='bbox 1530 1668 1851 1740; x_wconf 85' lang='lat' dir='ltr'><strong>justiﬁcatus</strong></span> <span class='ocrx_word' id='word_1_123' title='bbox 1880 1683 1994 1719; x_wconf 84' lang='lat' dir='ltr'><strong>sum</strong></span> <span class='ocrx_word' id='word_1_124' title='bbox 2025 1681 2040 1719; x_wconf 89' lang='lat'><strong><em>:</em></strong></span> <span class='ocrx_word' id='word_1_125' title='bbox 2073 1667 2158 1735; x_wconf 90' lang='lat' dir='ltr'><strong>qui</strong></span> 
     </span>
    </p>
   </div>
   <div class='ocr_carea' id='block_1_17' title="bbox 566 1760 2158 1836">
    <p class='ocr_par' dir='ltr' id='par_1_17' title="bbox 566 1760 2158 1836">
     <span class='ocr_line' id='line_1_17' title="bbox 566 1760 2158 1836; baseline -0.006 -16"><span class='ocrx_word' id='word_1_126' title='bbox 566 1775 739 1821; x_wconf 87' lang='lat' dir='ltr'><strong>autem</strong></span> <span class='ocrx_word' id='word_1_127' title='bbox 759 1765 966 1836; x_wconf 83' lang='lat' dir='ltr'><strong>judicat</strong></span> <span class='ocrx_word' id='word_1_128' title='bbox 997 1781 1105 1832; x_wconf 88' lang='lat' dir='ltr'><strong>me,</strong></span> <span class='ocrx_word' id='word_1_129' title='bbox 1137 1763 1390 1819; x_wconf 82' lang='lat' dir='ltr'><strong>Dominus</strong></span> <span class='ocrx_word' id='word_1_130' title='bbox 1420 1773 1517 1818; x_wconf 84' lang='lat' dir='ltr'><strong>est.</strong></span> <span class='ocrx_word' id='word_1_131' title='bbox 1550 1761 1629 1817; x_wconf 90' lang='lat' dir='ltr'><strong>Ac</strong></span> <span class='ocrx_word' id='word_1_132' title='bbox 1656 1760 1938 1831; x_wconf 80' lang='lat' dir='ltr'><strong>sidiceiet</strong></span> <span class='ocrx_word' id='word_1_133' title='bbox 1965 1777 1977 1811; x_wconf 89' lang='lat'>:</span> <span class='ocrx_word' id='word_1_134' title='bbox 2010 1768 2158 1812; x_wconf 89' lang='lat' dir='ltr'><strong>recta</strong></span> 
     </span>
    </p>
   </div>
   <div class='ocr_carea' id='block_1_18' title="bbox 564 1845 2157 1925">
    <p class='ocr_par' dir='ltr' id='par_1_18' title="bbox 564 1845 2157 1925">
     <span class='ocr_line' id='line_1_18' title="bbox 564 1845 2157 1925; baseline -0.006 -15"><span class='ocrx_word' id='word_1_135' title='bbox 564 1857 738 1925; x_wconf 77' lang='lat' dir='ltr'><strong>egiSse</strong></span> <span class='ocrx_word' id='word_1_136' title='bbox 767 1872 851 1910; x_wconf 78' lang='lat' dir='ltr'><strong>m:</strong></span> <span class='ocrx_word' id='word_1_137' title='bbox 884 1849 1086 1924; x_wconf 82' lang='lat' dir='ltr'><strong>recolo,</strong></span> <span class='ocrx_word' id='word_1_138' title='bbox 1121 1865 1177 1910; x_wconf 91' lang='lat' dir='ltr'><strong>et</strong></span> <span class='ocrx_word' id='word_1_139' title='bbox 1205 1849 1382 1909; x_wconf 86' lang='lat' dir='ltr'><strong>tamen</strong></span> <span class='ocrx_word' id='word_1_140' title='bbox 1405 1845 1470 1909; x_wconf 86' lang='lat' dir='ltr'><strong>de</strong></span> <span class='ocrx_word' id='word_1_141' title='bbox 1500 1852 1706 1908; x_wconf 88' lang='lat' dir='ltr'><strong>meritis</strong></span> <span class='ocrx_word' id='word_1_142' title='bbox 1735 1867 1842 1906; x_wconf 88' lang='lat' dir='ltr'><strong>non</strong></span> <span class='ocrx_word' id='word_1_143' title='bbox 1873 1863 2157 1920; x_wconf 53' lang='lat' dir='ltr'><strong>praesumo,</strong></span> 
     </span>
    </p>
   </div>
   <div class='ocr_carea' id='block_1_19' title="bbox 2255 667 3850 738">
    <p class='ocr_par' dir='ltr' id='par_1_19' title="bbox 2255 667 3850 738">
     <span class='ocr_line' id='line_1_19' title="bbox 2255 667 3850 738; baseline 0.004 -17"><span class='ocrx_word' id='word_1_144' title='bbox 2255 667 2396 738; x_wconf 90' lang='lat' dir='ltr'><strong>quiis</strong></span> <span class='ocrx_word' id='word_1_145' title='bbox 2451 667 2644 723; x_wconf 84' lang='lat' dir='ltr'><strong>divinis</strong></span> <span class='ocrx_word' id='word_1_146' title='bbox 2694 667 3008 736; x_wconf 87' lang='lat' dir='ltr'><strong>assumitur,</strong></span> <span class='ocrx_word' id='word_1_147' title='bbox 3050 667 3211 723; x_wconf 86' lang='lat' dir='ltr'><strong>debet</strong></span> <span class='ocrx_word' id='word_1_148' title='bbox 3259 677 3384 724; x_wconf 91' lang='lat' dir='ltr'><strong>ante</strong></span> <span class='ocrx_word' id='word_1_149' title='bbox 3431 669 3528 723; x_wconf 62' lang='lat' dir='ltr'><strong>Dei</strong></span> <span class='ocrx_word' id='word_1_150' title='bbox 3578 671 3768 726; x_wconf 87' lang='lat' dir='ltr'><strong>oculos</strong></span> <span class='ocrx_word' id='word_1_151' title='bbox 3817 687 3850 726; x_wconf 88' lang='lat' dir='ltr'><strong>a</strong></span> 
     </span>
    </p>
   </div>
   <div class='ocr_carea' id='block_1_20' title="bbox 2254 753 3854 836">
    <p class='ocr_par' dir='ltr' id='par_1_20' title="bbox 2254 753 3854 836">
     <span class='ocr_line' id='line_1_20' title="bbox 2254 753 3854 836; baseline 0.003 -21"><span class='ocrx_word' id='word_1_152' title='bbox 2254 761 2462 815; x_wconf 90' lang='lat' dir='ltr'><strong>cunctis</strong></span> <span class='ocrx_word' id='word_1_153' title='bbox 2511 761 2688 816; x_wconf 89' lang='lat' dir='ltr'><strong>carnis</strong></span> <span class='ocrx_word' id='word_1_154' title='bbox 2722 760 3138 832; x_wconf 70' lang='lat' dir='ltr'><strong>cogitationibus</strong></span> <span class='ocrx_word' id='word_1_155' title='bbox 3167 753 3398 816; x_wconf 83' lang='lat' dir='ltr'><strong>mundus</strong></span> <span class='ocrx_word' id='word_1_156' title='bbox 3447 777 3735 836; x_wconf 85' lang='lat' dir='ltr'><strong>apparere,</strong></span> <span class='ocrx_word' id='word_1_157' title='bbox 3781 779 3854 821; x_wconf 81' lang='lat' dir='ltr'><strong>ne</strong></span> 
     </span>
    </p>
   </div>
   <div class='ocr_carea' id='block_1_21' title="bbox 2255 852 3848 928">
    <p class='ocr_par' dir='ltr' id='par_1_21' title="bbox 2255 852 3848 928">
     <span class='ocr_line' id='line_1_21' title="bbox 2255 852 3848 928; baseline 0.005 -22"><span class='ocrx_word' id='word_1_158' title='bbox 2255 852 2466 908; x_wconf 87' lang='lat' dir='ltr'><strong>illicitas</strong></span> <span class='ocrx_word' id='word_1_159' title='bbox 2521 854 2877 922; x_wconf 77' lang='lat' dir='ltr'><strong>cogitationes</strong></span> <span class='ocrx_word' id='word_1_160' title='bbox 2929 870 3080 910; x_wconf 83' lang='lat' dir='ltr'><strong>mens</strong></span> <span class='ocrx_word' id='word_1_161' title='bbox 3132 853 3408 924; x_wconf 89' lang='lat' dir='ltr'><strong>proferat,</strong></span> <span class='ocrx_word' id='word_1_162' title='bbox 3465 866 3521 912; x_wconf 88' lang='lat' dir='ltr'><strong>et</strong></span> <span class='ocrx_word' id='word_1_163' title='bbox 3563 857 3848 928; x_wconf 82' lang='lat' dir='ltr'><strong>pulchram</strong></span> 
     </span>
    </p>
   </div>
   <div class='ocr_carea' id='block_1_22' title="bbox 2256 943 3856 1014">
    <p class='ocr_par' dir='ltr' id='par_1_22' title="bbox 2256 943 3856 1014">
     <span class='ocr_line' id='line_1_22' title="bbox 2256 943 3856 1014; baseline 0.005 -20"><span class='ocrx_word' id='word_1_164' title='bbox 2256 943 2449 996; x_wconf 77' lang='lat' dir='ltr'><strong>anima:</strong></span> <span class='ocrx_word' id='word_1_165' title='bbox 2477 945 2709 1013; x_wconf 86' lang='lat' dir='ltr'><strong>speciem</strong></span> <span class='ocrx_word' id='word_1_166' title='bbox 2748 945 2897 1014; x_wconf 88' lang='lat' dir='ltr'><strong>quasi</strong></span> <span class='ocrx_word' id='word_1_167' title='bbox 2935 944 3058 1014; x_wconf 87' lang='lat' dir='ltr'><strong>pilis</strong></span> <span class='ocrx_word' id='word_1_168' title='bbox 3081 943 3114 982; x_wconf 68' lang='grc' dir='ltr'><strong>’δ</strong></span> <span class='ocrx_word' id='word_1_169' title='bbox 3140 943 3514 1001; x_wconf 83' lang='lat' dir='ltr'><strong>fruticantibus</strong></span> <span class='ocrx_word' id='word_1_170' title='bbox 3555 945 3856 1004; x_wconf 86' lang='lat' dir='ltr'><strong>deformem</strong></span> 
     </span>
    </p>
   </div>
   <div class='ocr_carea' id='block_1_23' title="bbox 2253 1021 3860 1112">
    <p class='ocr_par' dir='ltr' id='par_1_23' title="bbox 2253 1021 3860 1112">
     <span class='ocr_line' id='line_1_23' title="bbox 2253 1021 3860 1112; baseline 0.002 -19"><span class='ocrx_word' id='word_1_171' title='bbox 2253 1037 2464 1093; x_wconf 80' lang='lat' dir='ltr'><strong>reddat.</strong></span> <span class='ocrx_word' id='word_1_172' title='bbox 2497 1037 2603 1093; x_wconf 87' lang='lat' dir='ltr'><strong>Sed</strong></span> <span class='ocrx_word' id='word_1_173' title='bbox 2633 1037 2985 1108; x_wconf 89' lang='lat' dir='ltr'><strong>quantalibet,</strong></span> <span class='ocrx_word' id='word_1_174' title='bbox 3027 1048 3086 1110; x_wconf 86' lang='lat' dir='ltr'><strong>ut</strong></span> <span class='ocrx_word' id='word_1_175' title='bbox 3125 1023 3380 1112; x_wconf 81' lang='lat' dir='ltr'><strong>diximus,</strong></span> <span class='ocrx_word' id='word_1_176' title='bbox 3411 1021 3722 1112; x_wconf 75' lang='lat' dir='ltr'><strong>quempiam</strong></span> <span class='ocrx_word' id='word_1_177' title='bbox 3751 1043 3860 1096; x_wconf 84' lang='lat' dir='ltr'><strong>vir-</strong></span> 
     </span>
    </p>
   </div>
   <div class='ocr_carea' id='block_1_24' title="bbox 2257 1111 3858 1210">
    <p class='ocr_par' dir='ltr' id='par_1_24' title="bbox 2257 1111 3858 1210">
     <span class='ocr_line' id='line_1_24' title="bbox 2257 1111 3858 1210; baseline 0.005 -31"><span class='ocrx_word' id='word_1_178' title='bbox 2257 1135 2343 1184; x_wconf 91' lang='lat' dir='ltr'><strong>tus</strong></span> <span class='ocrx_word' id='word_1_179' title='bbox 2371 1136 2571 1184; x_wconf 75' lang='lat' dir='ltr'><strong>sancta:</strong></span> <span class='ocrx_word' id='word_1_180' title='bbox 2600 1129 3033 1210; x_wconf 80' lang='lat' dir='ltr'><strong>conversationis</strong></span> <span class='ocrx_word' id='word_1_181' title='bbox 3073 1111 3560 1210; x_wconf 30' lang='lat' dir='ltr'><strong>erexerit,&#39;_adhuc</strong></span> <span class='ocrx_word' id='word_1_182' title='bbox 3592 1140 3774 1187; x_wconf 88' lang='lat' dir='ltr'><strong>tamen</strong></span> <span class='ocrx_word' id='word_1_183' title='bbox 3805 1133 3858 1188; x_wconf 91' lang='lat' dir='ltr'><strong>ei</strong></span> 
     </span>
    </p>
   </div>
   <div class='ocr_carea' id='block_1_25' title="bbox 2257 1195 3857 1304">
    <p class='ocr_par' dir='ltr' id='par_1_25' title="bbox 2257 1195 3857 1304">
     <span class='ocr_line' id='line_1_25' title="bbox 2257 1195 3857 1304; baseline 0.001 -30"><span class='ocrx_word' id='word_1_184' title='bbox 2257 1220 2324 1274; x_wconf 92' lang='lat' dir='ltr'><strong>de</strong></span> <span class='ocrx_word' id='word_1_185' title='bbox 2369 1229 2637 1275; x_wconf 83' lang='lat' dir='ltr'><strong>vetustate</strong></span> <span class='ocrx_word' id='word_1_186' title='bbox 2661 1201 2799 1275; x_wconf 38' lang='lat' dir='ltr'><strong>&#39;vitaz</strong></span> <span class='ocrx_word' id='word_1_187' title='bbox 2847 1221 3087 1276; x_wconf 88' lang='lat' dir='ltr'><strong>nascitur</strong></span> <span class='ocrx_word' id='word_1_188' title='bbox 3114 1205 3262 1294; x_wconf 16' lang='lat' dir='ltr'><strong>quod.</strong></span> <span class='ocrx_word' id='word_1_189' title='bbox 3305 1195 3592 1304; x_wconf 58' lang='lat' dir='ltr'><strong>inieretur.</strong></span> <span class='ocrx_word' id='word_1_190' title='bbox 3619 1220 3776 1278; x_wconf 89' lang='lat' dir='ltr'><strong>Unde</strong></span> <span class='ocrx_word' id='word_1_191' title='bbox 3804 1233 3857 1277; x_wconf 93' lang='lat' dir='ltr'><strong>et</strong></span> 
     </span>
    </p>
   </div>
   <div class='ocr_carea' id='block_1_26' title="bbox 2259 1305 3857 1386">
    <p class='ocr_par' dir='ltr' id='par_1_26' title="bbox 2259 1305 3857 1386">
     <span class='ocr_line' id='line_1_26' title="bbox 2259 1305 3857 1386; baseline 0.003 -22"><span class='ocrx_word' id='word_1_192' title='bbox 2259 1311 2359 1380; x_wconf 82' lang='lat' dir='ltr'><strong>ipsi</strong></span> <span class='ocrx_word' id='word_1_193' title='bbox 2392 1312 2693 1368; x_wconf 89' lang='lat' dir='ltr'><strong>Levitarum</strong></span> <span class='ocrx_word' id='word_1_194' title='bbox 2727 1305 2817 1382; x_wconf 86' lang='lat' dir='ltr'><strong>pili</strong></span> <span class='ocrx_word' id='word_1_195' title='bbox 2867 1312 2984 1368; x_wconf 91' lang='lat' dir='ltr'><strong>radi</strong></span> <span class='ocrx_word' id='word_1_196' title='bbox 3038 1315 3295 1386; x_wconf 70' lang='lat' dir='ltr'><strong>praecepti</strong></span> <span class='ocrx_word' id='word_1_197' title='bbox 3342 1324 3486 1379; x_wconf 91' lang='lat' dir='ltr'><strong>sunt,</strong></span> <span class='ocrx_word' id='word_1_198' title='bbox 3513 1310 3628 1369; x_wconf 83' lang='lat' dir='ltr'><strong>non</strong></span> <span class='ocrx_word' id='word_1_199' title='bbox 3673 1315 3857 1370; x_wconf 81' lang='lat' dir='ltr'><strong>evelli.</strong></span> 
     </span>
    </p>
   </div>
   <div class='ocr_carea' id='block_1_27' title="bbox 2262 1389 3864 1474">
    <p class='ocr_par' dir='ltr' id='par_1_27' title="bbox 2262 1389 3864 1474">
     <span class='ocr_line' id='line_1_27' title="bbox 2262 1389 3864 1474; baseline 0.003 -20"><span class='ocrx_word' id='word_1_200' title='bbox 2262 1401 2415 1457; x_wconf 80' lang='lat' dir='ltr'><strong>Rasis</strong></span> <span class='ocrx_word' id='word_1_201' title='bbox 2466 1404 2664 1458; x_wconf 89' lang='lat' dir='ltr'><strong>etenim</strong></span> <span class='ocrx_word' id='word_1_202' title='bbox 2712 1403 2833 1474; x_wconf 89' lang='lat' dir='ltr'><strong>pilis</strong></span> <span class='ocrx_word' id='word_1_203' title='bbox 2883 1404 2936 1458; x_wconf 90' lang='lat' dir='ltr'><strong>in</strong></span> <span class='ocrx_word' id='word_1_204' title='bbox 2987 1419 3148 1459; x_wconf 89' lang='lat' dir='ltr'><strong>carne</strong></span> <span class='ocrx_word' id='word_1_205' title='bbox 3187 1391 3412 1460; x_wconf 75' lang='lat' dir='ltr'><strong>radices</strong></span> <span class='ocrx_word' id='word_1_206' title='bbox 3457 1389 3759 1469; x_wconf 82' lang='lat' dir='ltr'><strong>remanent,</strong></span> <span class='ocrx_word' id='word_1_207' title='bbox 3806 1413 3864 1460; x_wconf 89' lang='lat' dir='ltr'><strong>et</strong></span> 
     </span>
    </p>
   </div>
   <div class='ocr_carea' id='block_1_28' title="bbox 2259 1483 3859 1573">
    <p class='ocr_par' dir='ltr' id='par_1_28' title="bbox 2259 1483 3859 1573">
     <span class='ocr_line' id='line_1_28' title="bbox 2259 1483 3859 1573; baseline 0.001 -25"><span class='ocrx_word' id='word_1_208' title='bbox 2259 1504 2510 1548; x_wconf 88' lang='lat' dir='ltr'><strong>crescunt</strong></span> <span class='ocrx_word' id='word_1_209' title='bbox 2557 1485 2750 1550; x_wconf 86' lang='lat' dir='ltr'><strong>iterum</strong></span> <span class='ocrx_word' id='word_1_210' title='bbox 2782 1503 2840 1548; x_wconf 93' lang='lat' dir='ltr'><strong>ut</strong></span> <span class='ocrx_word' id='word_1_211' title='bbox 2886 1487 3214 1563; x_wconf 85' lang='lat' dir='ltr'><strong>recidantur,</strong></span> <span class='ocrx_word' id='word_1_212' title='bbox 3243 1496 3368 1566; x_wconf 83' lang='lat' dir='ltr'><strong>quia</strong></span> <span class='ocrx_word' id='word_1_213' title='bbox 3415 1483 3859 1573; x_wconf 80' lang='lat' dir='ltr'><strong>magnoquidem</strong></span> 
     </span>
    </p>
   </div>
   <div class='ocr_carea' id='block_1_29' title="bbox 2260 1577 3861 1676">
    <p class='ocr_par' dir='ltr' id='par_1_29' title="bbox 2260 1577 3861 1676">
     <span class='ocr_line' id='line_1_29' title="bbox 2260 1577 3861 1676; baseline 0.001 -34"><span class='ocrx_word' id='word_1_214' title='bbox 2260 1589 2438 1642; x_wconf 88' lang='lat' dir='ltr'><strong>studio</strong></span> <span class='ocrx_word' id='word_1_215' title='bbox 2484 1587 2768 1658; x_wconf 78' lang='lat' dir='ltr'><strong>superﬂua:</strong></span> <span class='ocrx_word' id='word_1_216' title='bbox 2816 1577 3174 1670; x_wconf 66' lang='lat' dir='ltr'><strong>cogitationes</strong></span> <span class='ocrx_word' id='word_1_217' title='bbox 3203 1589 3543 1676; x_wconf 54' lang='lat' dir='ltr'><strong>amputanda:</strong></span> <span class='ocrx_word' id='word_1_218' title='bbox 3587 1596 3732 1652; x_wconf 90' lang='lat' dir='ltr'><strong>sunt,</strong></span> <span class='ocrx_word' id='word_1_219' title='bbox 3762 1587 3861 1643; x_wconf 86' lang='lat' dir='ltr'><strong>sed</strong></span> 
     </span>
    </p>
   </div>
   <div class='ocr_carea' id='block_1_30' title="bbox 2263 1674 3858 1752">
    <p class='ocr_par' dir='ltr' id='par_1_30' title="bbox 2263 1674 3858 1752">
     <span class='ocr_line' id='line_1_30' title="bbox 2263 1674 3858 1752; baseline 0.001 -22"><span class='ocrx_word' id='word_1_220' title='bbox 2263 1685 2442 1732; x_wconf 89' lang='lat' dir='ltr'><strong>tamen</strong></span> <span class='ocrx_word' id='word_1_221' title='bbox 2472 1679 2738 1750; x_wconf 88' lang='lat' dir='ltr'><strong>amputari</strong></span> <span class='ocrx_word' id='word_1_222' title='bbox 2787 1674 3672 1752; x_wconf 28' lang='lat' dir='ltr'><strong>funditusnequaquam—possunt.</strong></span> <span class='ocrx_word' id='word_1_223' title='bbox 3699 1677 3858 1734; x_wconf 86' lang='lat' dir='ltr'><strong>Sem-</strong></span> 
     </span>
    </p>
   </div>
   <div class='ocr_carea' id='block_1_31' title="bbox 2262 1755 3860 1844">
    <p class='ocr_par' dir='ltr' id='par_1_31' title="bbox 2262 1755 3860 1844">
     <span class='ocr_line' id='line_1_31' title="bbox 2262 1755 3860 1844; baseline 0.001 -21"><span class='ocrx_word' id='word_1_224' title='bbox 2262 1784 2359 1839; x_wconf 87' lang='lat' dir='ltr'><strong>per</strong></span> <span class='ocrx_word' id='word_1_225' title='bbox 2383 1769 2526 1824; x_wconf 90' lang='lat' dir='ltr'><strong>enim</strong></span> <span class='ocrx_word' id='word_1_226' title='bbox 2548 1785 2674 1825; x_wconf 88' lang='lat' dir='ltr'><strong>caro</strong></span> <span class='ocrx_word' id='word_1_227' title='bbox 2704 1768 2976 1839; x_wconf 79' lang='lat' dir='ltr'><strong>superflua</strong></span> <span class='ocrx_word' id='word_1_228' title='bbox 2999 1779 3224 1840; x_wconf 78' lang='lat' dir='ltr'><strong>generat</strong></span> <span class='ocrx_word' id='word_1_229' title='bbox 3250 1786 3370 1840; x_wconf 65' lang='lat' dir='ltr'><strong>quas</strong></span> <span class='ocrx_word' id='word_1_230' title='bbox 3397 1755 3615 1844; x_wconf 78' lang='lat' dir='ltr'><strong>semper</strong></span> <span class='ocrx_word' id='word_1_231' title='bbox 3638 1769 3860 1841; x_wconf 86' lang='lat' dir='ltr'><strong>spiritus</strong></span> 
     </span>
    </p>
   </div>
   <div class='ocr_carea' id='block_1_32' title="bbox 2264 1847 3859 1918">
    <p class='ocr_par' dir='ltr' id='par_1_32' title="bbox 2264 1847 3859 1918">
     <span class='ocr_line' id='line_1_32' title="bbox 2264 1847 3859 1918; baseline 0.002 -5"><span class='ocrx_word' id='word_1_232' title='bbox 2264 1859 2407 1914; x_wconf 88' lang='lat' dir='ltr'><strong>ferro</strong></span> <span class='ocrx_word' id='word_1_233' title='bbox 2445 1859 2818 1915; x_wconf 87' lang='lat' dir='ltr'><strong>sollicitudinis</strong></span> <span class='ocrx_word' id='word_1_234' title='bbox 2847 1862 3069 1916; x_wconf 87' lang='lat' dir='ltr'><strong>recidat.</strong></span> <span class='ocrx_word' id='word_1_235' title='bbox 3099 1859 3206 1916; x_wconf 87' lang='lat' dir='ltr'><strong>Sed</strong></span> <span class='ocrx_word' id='word_1_236' title='bbox 3236 1871 3417 1918; x_wconf 90' lang='lat' dir='ltr'><strong>tamen</strong></span> <span class='ocrx_word' id='word_1_237' title='bbox 3462 1847 3584 1916; x_wconf 79' lang='lat' dir='ltr'><strong>haec</strong></span> <span class='ocrx_word' id='word_1_238' title='bbox 3624 1861 3678 1915; x_wconf 93' lang='lat' dir='ltr'><strong>in</strong></span> <span class='ocrx_word' id='word_1_239' title='bbox 3704 1853 3859 1916; x_wconf 85' lang='lat' dir='ltr'><strong>nobis</strong></span> 
     </span>
    </p>
   </div>
   <div class='ocr_carea' id='block_1_33' title="bbox 562 1941 3859 2034">
    <p class='ocr_par' dir='ltr' id='par_1_33' title="bbox 562 1941 3859 2034">
     <span class='ocr_line' id='line_1_33' title="bbox 562 1941 3859 2034; baseline 0.001 -31"><span class='ocrx_word' id='word_1_240' title='bbox 562 1949 692 2025; x_wconf 82' lang='lat' dir='ltr'><strong>quia</strong></span> <span class='ocrx_word' id='word_1_241' title='bbox 736 1947 804 2003; x_wconf 86' lang='lat' dir='ltr'><strong>ad</strong></span> <span class='ocrx_word' id='word_1_242' title='bbox 847 1947 963 2020; x_wconf 90' lang='lat' dir='ltr'><strong>ejns</strong></span> <span class='ocrx_word' id='word_1_243' title='bbox 1005 1963 1231 2004; x_wconf 69' lang='lat' dir='ltr'><strong>examen</strong></span> <span class='ocrx_word' id='word_1_244' title='bbox 1273 1947 1382 2001; x_wconf 90' lang='lat' dir='ltr'><strong>vita</strong></span> <span class='ocrx_word' id='word_1_245' title='bbox 1411 1955 1596 2002; x_wconf 86' lang='lat' dir='ltr'><strong>nostra</strong></span> <span class='ocrx_word' id='word_1_246' title='bbox 1628 1944 1869 2010; x_wconf 85' lang='lat' dir='ltr'><strong>ducitur,</strong></span> <span class='ocrx_word' id='word_1_247' title='bbox 1914 1941 2013 1996; x_wconf 76' lang='lat' dir='ltr'><strong>sub</strong></span> <span class='ocrx_word' id='word_1_248' title='bbox 2051 1954 2157 2011; x_wconf 84' lang='lat' dir='ltr'><strong>qu0</strong></span> <span class='ocrx_word' id='word_1_249' title='bbox 2187 1949 2235 2009; x_wconf 83' lang='grc' dir='ltr'><strong>Β</strong></span> <span class='ocrx_word' id='word_1_250' title='bbox 2262 1957 2391 2004; x_wconf 87' lang='lat' dir='ltr'><strong>tunc</strong></span> <span class='ocrx_word' id='word_1_251' title='bbox 2433 1951 2680 2005; x_wconf 89' lang='lat' dir='ltr'><strong>subtilius</strong></span> <span class='ocrx_word' id='word_1_252' title='bbox 2711 1951 3105 2034; x_wconf 65' lang='lat' dir='ltr'><strong>conspicimus,</strong></span> <span class='ocrx_word' id='word_1_253' title='bbox 3133 1941 3256 2006; x_wconf 85' lang='lat' dir='ltr'><strong>cum</strong></span> <span class='ocrx_word' id='word_1_254' title='bbox 3286 1951 3672 2030; x_wconf 86' lang='lat' dir='ltr'><strong>speculationis</strong></span> <span class='ocrx_word' id='word_1_255' title='bbox 3705 1954 3859 2022; x_wconf 80' lang='lat'><strong>166</strong></span> 
     </span>
    </p>
   </div>
   <div class='ocr_carea' id='block_1_34' title="bbox 564 2039 1670 2116">
    <p class='ocr_par' dir='ltr' id='par_1_34' title="bbox 564 2039 1670 2116">
     <span class='ocr_line' id='line_1_34' title="bbox 564 2039 1670 2116; baseline -0.003 -20"><span class='ocrx_word' id='word_1_256' title='bbox 564 2049 762 2096; x_wconf 76' lang='lat' dir='ltr'><strong>nostra:</strong></span> <span class='ocrx_word' id='word_1_257' title='bbox 785 2039 1115 2116; x_wconf 80' lang='lat' dir='ltr'><strong>fortitudinis</strong></span> <span class='ocrx_word' id='word_1_258' title='bbox 1144 2049 1199 2096; x_wconf 90' lang='lat' dir='ltr'><strong>et</strong></span> <span class='ocrx_word' id='word_1_259' title='bbox 1218 2056 1339 2094; x_wconf 89' lang='lat' dir='ltr'><strong>ossa</strong></span> <span class='ocrx_word' id='word_1_260' title='bbox 1368 2039 1670 2093; x_wconf 86' lang='lat' dir='ltr'><strong>turbantur.</strong></span> 
     </span>
    </p>
   </div>
   <div class='ocr_carea' id='block_1_35' title="bbox 638 2123 2165 2203">
    <p class='ocr_par' dir='ltr' id='par_1_35' title="bbox 638 2123 2165 2203">
     <span class='ocr_line' id='line_1_35' title="bbox 638 2123 2165 2203; baseline -0.004 -19"><span class='ocrx_word' id='word_1_261' title='bbox 638 2130 725 2186; x_wconf 85' lang='lat'><strong>57.</strong></span> <span class='ocrx_word' id='word_1_262' title='bbox 758 2130 1220 2202; x_wconf 85' lang='lat' dir='ltr'><strong>Contemplationis</strong></span> <span class='ocrx_word' id='word_1_263' title='bbox 1249 2133 1421 2203; x_wconf 85' lang='lat' dir='ltr'><strong>gratia</strong></span> <span class='ocrx_word' id='word_1_264' title='bbox 1445 2147 1550 2185; x_wconf 89' lang='lat' dir='ltr'><strong>non</strong></span> <span class='ocrx_word' id='word_1_265' title='bbox 1580 2138 1657 2184; x_wconf 90' lang='lat' dir='ltr'><strong>est</strong></span> <span class='ocrx_word' id='word_1_266' title='bbox 1691 2123 2165 2182; x_wconf 86' lang='lat' dir='ltr'><strong>diuturna.—Sed</strong></span> 
     </span>
    </p>
   </div>
   <div class='ocr_carea' id='block_1_36' title="bbox 567 2221 2163 2298">
    <p class='ocr_par' dir='ltr' id='par_1_36' title="bbox 567 2221 2163 2298">
     <span class='ocr_line' id='line_1_36' title="bbox 567 2221 2163 2298; baseline -0.007 -16"><span class='ocrx_word' id='word_1_267' title='bbox 567 2241 692 2282; x_wconf 90' lang='lat' dir='ltr'><strong>cum</strong></span> <span class='ocrx_word' id='word_1_268' title='bbox 723 2226 962 2298; x_wconf 80' lang='lat' dir='ltr'><strong>mensin</strong></span> <span class='ocrx_word' id='word_1_269' title='bbox 991 2223 1449 2298; x_wconf 82' lang='lat' dir='ltr'><strong>contemplatione</strong></span> <span class='ocrx_word' id='word_1_270' title='bbox 1488 2221 1856 2293; x_wconf 86' lang='lat' dir='ltr'><strong>suspenditur,</strong></span> <span class='ocrx_word' id='word_1_271' title='bbox 1888 2235 2008 2275; x_wconf 92' lang='lat' dir='ltr'><strong>cum</strong></span> <span class='ocrx_word' id='word_1_272' title='bbox 2041 2234 2163 2276; x_wconf 88' lang='lat' dir='ltr'><strong>car-</strong></span> 
     </span>
    </p>
   </div>
   <div class='ocr_carea' id='block_1_37' title="bbox 565 2308 2166 2385">
    <p class='ocr_par' dir='ltr' id='par_1_37' title="bbox 565 2308 2166 2385">
     <span class='ocr_line' id='line_1_37' title="bbox 565 2308 2166 2385; baseline -0.006 -13"><span class='ocrx_word' id='word_1_273' title='bbox 565 2319 650 2372; x_wconf 89' lang='lat' dir='ltr'><strong>nis</strong></span> <span class='ocrx_word' id='word_1_274' title='bbox 678 2316 953 2384; x_wconf 82' lang='lat' dir='ltr'><strong>angustias</strong></span> <span class='ocrx_word' id='word_1_275' title='bbox 967 2331 1252 2385; x_wconf 89' lang='lat' dir='ltr'><strong>superaus,</strong></span> <span class='ocrx_word' id='word_1_276' title='bbox 1271 2331 1366 2384; x_wconf 90' lang='lat' dir='ltr'><strong>per</strong></span> <span class='ocrx_word' id='word_1_277' title='bbox 1385 2313 1768 2384; x_wconf 86' lang='lat' dir='ltr'><strong>speculationis</strong></span> <span class='ocrx_word' id='word_1_278' title='bbox 1797 2313 1901 2367; x_wconf 90' lang='lat' dir='ltr'><strong>vim</strong></span> <span class='ocrx_word' id='word_1_279' title='bbox 1927 2311 1994 2366; x_wconf 90' lang='lat' dir='ltr'><strong>de</strong></span> <span class='ocrx_word' id='word_1_280' title='bbox 2016 2308 2166 2365; x_wconf 88' lang='lat' dir='ltr'><strong>liber-</strong></span> 
     </span>
    </p>
   </div>
   <div class='ocr_carea' id='block_1_38' title="bbox 563 2403 2166 2478">
    <p class='ocr_par' dir='ltr' id='par_1_38' title="bbox 563 2403 2166 2478">
     <span class='ocr_line' id='line_1_38' title="bbox 563 2403 2166 2478; baseline -0.004 -15"><span class='ocrx_word' id='word_1_281' title='bbox 563 2414 679 2464; x_wconf 86' lang='lat' dir='ltr'><strong>tate</strong></span> <span class='ocrx_word' id='word_1_282' title='bbox 707 2405 909 2478; x_wconf 90' lang='lat' dir='ltr'><strong>aliquid</strong></span> <span class='ocrx_word' id='word_1_283' title='bbox 940 2407 1142 2462; x_wconf 66' lang='lat' dir='ltr'><strong>intima:</strong></span> <span class='ocrx_word' id='word_1_284' title='bbox 1165 2407 1468 2476; x_wconf 74' lang='lat' dir='ltr'><strong>securitatis</strong></span> <span class='ocrx_word' id='word_1_285' title='bbox 1497 2407 1741 2472; x_wconf 75' lang='lat' dir='ltr'><strong>rimatur,</strong></span> <span class='ocrx_word' id='word_1_286' title='bbox 1772 2415 1918 2460; x_wconf 87' lang='lat' dir='ltr'><strong>stare</strong></span> <span class='ocrx_word' id='word_1_287' title='bbox 1951 2403 2042 2458; x_wconf 91' lang='lat' dir='ltr'><strong>diu</strong></span> <span class='ocrx_word' id='word_1_288' title='bbox 2075 2419 2166 2458; x_wconf 77' lang='lat' dir='ltr'><strong>su~</strong></span> 
     </span>
    </p>
   </div>
   <div class='ocr_carea' id='block_1_39' title="bbox 565 2496 2166 2575">
    <p class='ocr_par' dir='ltr' id='par_1_39' title="bbox 565 2496 2166 2575">
     <span class='ocr_line' id='line_1_39' title="bbox 565 2496 2166 2575; baseline -0.005 -17"><span class='ocrx_word' id='word_1_289' title='bbox 565 2516 666 2575; x_wconf 87' lang='lat' dir='ltr'><strong>per</strong></span> <span class='ocrx_word' id='word_1_290' title='bbox 694 2500 1037 2570; x_wconf 89' lang='lat' dir='ltr'><strong>semetipsam</strong></span> <span class='ocrx_word' id='word_1_291' title='bbox 1083 2516 1188 2556; x_wconf 90' lang='lat' dir='ltr'><strong>non</strong></span> <span class='ocrx_word' id='word_1_292' title='bbox 1232 2500 1588 2570; x_wconf 85' lang='lat' dir='ltr'><strong>potest;qnia</strong></span> <span class='ocrx_word' id='word_1_293' title='bbox 1630 2499 1730 2554; x_wconf 87' lang='lat' dir='ltr'><strong>etsi</strong></span> <span class='ocrx_word' id='word_1_294' title='bbox 1778 2499 1918 2553; x_wconf 90' lang='lat' dir='ltr'><strong>banc</strong></span> <span class='ocrx_word' id='word_1_295' title='bbox 1948 2496 2166 2567; x_wconf 83' lang='lat' dir='ltr'><strong>Spiritus</strong></span> 
     </span>
    </p>
   </div>
   <div class='ocr_carea' id='block_1_40' title="bbox 567 2591 2167 2662">
    <p class='ocr_par' dir='ltr' id='par_1_40' title="bbox 567 2591 2167 2662">
     <span class='ocr_line' id='line_1_40' title="bbox 567 2591 2167 2662; baseline -0.005 -11"><span class='ocrx_word' id='word_1_296' title='bbox 567 2594 638 2651; x_wconf 85' lang='lat' dir='ltr'><strong>ad</strong></span> <span class='ocrx_word' id='word_1_297' title='bbox 695 2608 906 2650; x_wconf 88' lang='lat' dir='ltr'><strong>summa</strong></span> <span class='ocrx_word' id='word_1_298' title='bbox 929 2594 1129 2658; x_wconf 87' lang='lat' dir='ltr'><strong>evehit,</strong></span> <span class='ocrx_word' id='word_1_299' title='bbox 1161 2609 1290 2649; x_wconf 88' lang='lat' dir='ltr'><strong>caro</strong></span> <span class='ocrx_word' id='word_1_300' title='bbox 1333 2601 1513 2648; x_wconf 89' lang='lat' dir='ltr'><strong>tamen</strong></span> <span class='ocrx_word' id='word_1_301' title='bbox 1541 2592 1660 2662; x_wconf 89' lang='lat' dir='ltr'><strong>ipso</strong></span> <span class='ocrx_word' id='word_1_302' title='bbox 1712 2591 1887 2646; x_wconf 90' lang='lat' dir='ltr'><strong>adhuc</strong></span> <span class='ocrx_word' id='word_1_303' title='bbox 1938 2605 2167 2658; x_wconf 88' lang='lat' dir='ltr'><strong>corrup-</strong></span> 
     </span>
    </p>
   </div>
   <div class='ocr_carea' id='block_1_41' title="bbox 569 2677 2167 2756">
    <p class='ocr_par' dir='ltr' id='par_1_41' title="bbox 569 2677 2167 2756">
     <span class='ocr_line' id='line_1_41' title="bbox 569 2677 2167 2756; baseline -0.004 -16"><span class='ocrx_word' id='word_1_304' title='bbox 569 2684 734 2740; x_wconf 85' lang='lat' dir='ltr'><strong>tionis</strong></span> <span class='ocrx_word' id='word_1_305' title='bbox 783 2697 893 2740; x_wconf 70' lang='lat' dir='ltr'><strong>sua:</strong></span> <span class='ocrx_word' id='word_1_306' title='bbox 939 2684 1180 2756; x_wconf 89' lang='lat' dir='ltr'><strong>pondere</strong></span> <span class='ocrx_word' id='word_1_307' title='bbox 1205 2683 1458 2738; x_wconf 89' lang='lat' dir='ltr'><strong>deorsum</strong></span> <span class='ocrx_word' id='word_1_308' title='bbox 1485 2681 1701 2753; x_wconf 88' lang='lat' dir='ltr'><strong>premit.</strong></span> <span class='ocrx_word' id='word_1_309' title='bbox 1736 2678 1888 2736; x_wconf 87' lang='lat' dir='ltr'><strong>Unde</strong></span> <span class='ocrx_word' id='word_1_310' title='bbox 1936 2687 1992 2736; x_wconf 89' lang='lat' dir='ltr'><strong>et</strong></span> <span class='ocrx_word' id='word_1_311' title='bbox 2039 2677 2167 2734; x_wconf 87' lang='lat' dir='ltr'><strong>sub-</strong></span> 
     </span>
    </p>
   </div>
   <div class='ocr_carea' id='block_1_42' title="bbox 567 2763 1109 2832">
    <p class='ocr_par' dir='ltr' id='par_1_42' title="bbox 567 2763 1109 2832">
     <span class='ocr_line' id='line_1_42' title="bbox 567 2763 1109 2832; baseline -0.002 0"><span class='ocrx_word' id='word_1_312' title='bbox 567 2763 716 2832; x_wconf 87' lang='lat' dir='ltr'><strong>ditur</strong></span> <span class='ocrx_word' id='word_1_313' title='bbox 746 2792 760 2830; x_wconf 92' lang='lat'><strong>:</strong></span> <span class='ocrx_word' id='word_1_314' title='bbox 1088 2817 1109 2831; x_wconf 92' lang='lat'><strong>.</strong></span> 
     </span>
    </p>
   </div>
   <div class='ocr_carea' id='block_1_43' title="bbox 837 2859 1628 2922">
    <p class='ocr_par' dir='ltr' id='par_1_43' title="bbox 837 2859 1628 2922">
     <span class='ocr_line' id='line_1_43' title="bbox 837 2859 1628 2922; baseline -0.006 1"><span class='ocrx_word' id='word_1_315' title='bbox 837 2859 842 2864; x_wconf 63' lang='grc'><strong>’</strong></span> <span class='ocrx_word' id='word_1_316' title='bbox 1112 2862 1340 2922; x_wconf 86' lang='lat' dir='ltr'><strong>CAPUT</strong></span> <span class='ocrx_word' id='word_1_317' title='bbox 1391 2861 1628 2920; x_wconf 87' lang='lat' dir='ltr'><strong>XXXIII.</strong></span> 
     </span>
    </p>
   </div>
   <div class='ocr_carea' id='block_1_44' title="bbox 641 2976 2165 3050">
    <p class='ocr_par' dir='ltr' id='par_1_44' title="bbox 641 2976 2165 3050">
     <span class='ocr_line' id='line_1_44' title="bbox 641 2976 2165 3050; baseline -0.006 -12"><span class='ocrx_word' id='word_1_318' title='bbox 641 2982 808 3039; x_wconf 71' lang='lat' dir='ltr'><strong>Vens.</strong></span> <span class='ocrx_word' id='word_1_319' title='bbox 841 2979 927 3037; x_wconf 83' lang='grc'><strong>15.</strong></span> <span class='ocrx_word' id='word_1_320' title='bbox 952 3013 1025 3025; x_wconf 89' lang='grc'><strong><em>-</em></strong></span> <span class='ocrx_word' id='word_1_321' title='bbox 1041 2979 1112 3036; x_wconf 86' lang='lat' dir='ltr'><strong>Et</strong></span> <span class='ocrx_word' id='word_1_322' title='bbox 1141 2997 1256 3035; x_wconf 87' lang='lat' dir='ltr'><strong>cum</strong></span> <span class='ocrx_word' id='word_1_323' title='bbox 1278 2980 1491 3050; x_wconf 84' lang='lat' dir='ltr'><strong>spiritus</strong></span> <span class='ocrx_word' id='word_1_324' title='bbox 1511 2993 1593 3032; x_wconf 91' lang='lat' dir='ltr'><strong>me</strong></span> <span class='ocrx_word' id='word_1_325' title='bbox 1613 2985 1869 3048; x_wconf 75' lang='lat' dir='ltr'><strong>prasente</strong></span> <span class='ocrx_word' id='word_1_326' title='bbox 1897 2976 2165 3045; x_wconf 75' lang='lat' dir='ltr'><strong>transiret,</strong></span> 
     </span>
    </p>
   </div>
   <div class='ocr_carea' id='block_1_45' title="bbox 567 3075 1807 3146">
    <p class='ocr_par' dir='ltr' id='par_1_45' title="bbox 567 3075 1807 3146">
     <span class='ocr_line' id='line_1_45' title="bbox 567 3075 1807 3146; baseline -0.006 -14"><span class='ocrx_word' id='word_1_327' title='bbox 567 3076 940 3142; x_wconf 70' lang='lat' dir='ltr'><strong>inhorruerunt</strong></span> <span class='ocrx_word' id='word_1_328' title='bbox 963 3076 1056 3146; x_wconf 82' lang='lat' dir='ltr'><strong>pili</strong></span> <span class='ocrx_word' id='word_1_329' title='bbox 1085 3075 1259 3128; x_wconf 87' lang='lat' dir='ltr'><strong>carnis</strong></span> <span class='ocrx_word' id='word_1_330' title='bbox 1289 3088 1435 3127; x_wconf 67' lang='lat' dir='ltr'><strong>mete.</strong></span> <span class='ocrx_word' id='word_1_331' title='bbox 1473 3125 1476 3130; x_wconf 82' lang='grc'><strong>,</strong></span> <span class='ocrx_word' id='word_1_332' title='bbox 1805 3117 1807 3124; x_wconf 93' lang='grc'><strong>.</strong></span> 
     </span>
    </p>
   </div>
   <div class='ocr_carea' id='block_1_46' title="bbox 644 3164 2169 3239">
    <p class='ocr_par' dir='ltr' id='par_1_46' title="bbox 644 3164 2169 3239">
     <span class='ocr_line' id='line_1_46' title="bbox 644 3164 2169 3239; baseline -0.004 -18"><span class='ocrx_word' id='word_1_333' title='bbox 644 3166 734 3221; x_wconf 74' lang='grc'><strong>58.</strong></span> <span class='ocrx_word' id='word_1_334' title='bbox 768 3166 1060 3222; x_wconf 84' lang='lat' dir='ltr'><strong>Inuisibilia</strong></span> <span class='ocrx_word' id='word_1_335' title='bbox 1089 3167 1292 3239; x_wconf 84' lang='lat' dir='ltr'><strong>quidem</strong></span> <span class='ocrx_word' id='word_1_336' title='bbox 1312 3167 1692 3238; x_wconf 77' lang='lat' dir='ltr'><strong>cognoscimus,</strong></span> <span class='ocrx_word' id='word_1_337' title='bbox 1737 3164 1828 3220; x_wconf 86' lang='lat' dir='ltr'><strong>sed</strong></span> <span class='ocrx_word' id='word_1_338' title='bbox 1856 3164 2065 3234; x_wconf 80' lang='lat' dir='ltr'><strong>raptim.</strong></span> <span class='ocrx_word' id='word_1_339' title='bbox 2096 3189 2169 3205; x_wconf 71' lang='grc' dir='ltr'><strong>ι-ο</strong></span> 
     </span>
    </p>
   </div>
   <div class='ocr_carea' id='block_1_47' title="bbox 572 3255 2166 3330">
    <p class='ocr_par' dir='ltr' id='par_1_47' title="bbox 572 3255 2166 3330">
     <span class='ocr_line' id='line_1_47' title="bbox 572 3255 2166 3330; baseline -0.004 -14"><span class='ocrx_word' id='word_1_340' title='bbox 572 3260 736 3316; x_wconf 82' lang='lat' dir='ltr'><strong>Nobis</strong></span> <span class='ocrx_word' id='word_1_341' title='bbox 765 3261 1123 3330; x_wconf 63' lang='lat' dir='ltr'><strong>praesentibus</strong></span> <span class='ocrx_word' id='word_1_342' title='bbox 1149 3259 1368 3328; x_wconf 85' lang='lat' dir='ltr'><strong>spiritus</strong></span> <span class='ocrx_word' id='word_1_343' title='bbox 1399 3260 1610 3328; x_wconf 87' lang='lat' dir='ltr'><strong>transit,</strong></span> <span class='ocrx_word' id='word_1_344' title='bbox 1641 3258 1855 3328; x_wconf 87' lang='lat' dir='ltr'><strong>quando</strong></span> <span class='ocrx_word' id='word_1_345' title='bbox 1881 3255 2166 3311; x_wconf 83' lang='lat' dir='ltr'><strong>invisibilia</strong></span> 
     </span>
    </p>
   </div>
   <div class='ocr_carea' id='block_1_48' title="bbox 2266 2031 3856 2120">
    <p class='ocr_par' dir='ltr' id='par_1_48' title="bbox 2266 2031 3856 2120">
     <span class='ocr_line' id='line_1_48' title="bbox 2266 2031 3856 2120; baseline 0.001 -24"><span class='ocrx_word' id='word_1_346' title='bbox 2266 2042 2372 2097; x_wconf 88' lang='lat' dir='ltr'><strong>alta</strong></span> <span class='ocrx_word' id='word_1_347' title='bbox 2413 2055 2775 2114; x_wconf 61' lang='lat' dir='ltr'><strong>penetrantus.</strong></span> <span class='ocrx_word' id='word_1_348' title='bbox 2811 2041 2960 2098; x_wconf 89' lang='lat' dir='ltr'><strong>Unde</strong></span> <span class='ocrx_word' id='word_1_349' title='bbox 2990 2031 3137 2100; x_wconf 83' lang='lat' dir='ltr'><strong>recte</strong></span> <span class='ocrx_word' id='word_1_350' title='bbox 3167 2038 3308 2120; x_wconf 81' lang='lat' dir='ltr'><strong>nunc</strong></span> <span class='ocrx_word' id='word_1_351' title='bbox 3331 2031 3565 2099; x_wconf 82' lang='lat' dir='ltr'><strong>dicitur:</strong></span> <span class='ocrx_word' id='word_1_352' title='bbox 3597 2041 3723 2120; x_wconf 85' lang='lat' dir='ltr'><strong>Cum</strong></span> <span class='ocrx_word' id='word_1_353' title='bbox 3745 2045 3856 2114; x_wconf 86' lang='lat' dir='ltr'><strong>spi-</strong></span> 
     </span>
    </p>
   </div>
   <div class='ocr_carea' id='block_1_49' title="bbox 2267 2119 3854 2206">
    <p class='ocr_par' dir='ltr' id='par_1_49' title="bbox 2267 2119 3854 2206">
     <span class='ocr_line' id='line_1_49' title="bbox 2267 2119 3854 2206; baseline 0.001 -20"><span class='ocrx_word' id='word_1_354' title='bbox 2267 2134 2396 2187; x_wconf 89' lang='lat' dir='ltr'><strong>ritus</strong></span> <span class='ocrx_word' id='word_1_355' title='bbox 2424 2150 2505 2188; x_wconf 88' lang='lat' dir='ltr'><strong>me</strong></span> <span class='ocrx_word' id='word_1_356' title='bbox 2534 2145 2788 2206; x_wconf 65' lang='lat' dir='ltr'><strong>praesente</strong></span> <span class='ocrx_word' id='word_1_357' title='bbox 2819 2129 3098 2205; x_wconf 70' lang='lat' dir='ltr'><strong>transiret,</strong></span> <span class='ocrx_word' id='word_1_358' title='bbox 3131 2119 3518 2189; x_wconf 67' lang='lat' dir='ltr'><strong>~inhorruerunt</strong></span> <span class='ocrx_word' id='word_1_359' title='bbox 3558 2121 3658 2205; x_wconf 23' lang='lat' dir='ltr'><strong>pili.</strong></span> <span class='ocrx_word' id='word_1_360' title='bbox 3686 2119 3854 2188; x_wconf 77' lang='lat' dir='ltr'><strong>carnis</strong></span> 
     </span>
    </p>
   </div>
   <div class='ocr_carea' id='block_1_50' title="bbox 2267 2241 2414 2281">
    <p class='ocr_par' dir='ltr' id='par_1_50' title="bbox 2267 2241 2414 2281">
     <span class='ocr_line' id='line_1_50' title="bbox 2267 2241 2414 2281; baseline 0.02 -3"><span class='ocrx_word' id='word_1_361' title='bbox 2267 2241 2414 2281; x_wconf 74' lang='lat' dir='ltr'><strong>mete.</strong></span> 
     </span>
    </p>
   </div>
   <div class='ocr_carea' id='block_1_51' title="bbox 2342 2341 3861 2415">
    <p class='ocr_par' dir='ltr' id='par_1_51' title="bbox 2342 2341 3861 2415">
     <span class='ocr_line' id='line_1_51' title="bbox 2342 2341 3861 2415; baseline -0.003 -17"><span class='ocrx_word' id='word_1_362' title='bbox 2342 2343 2487 2415; x_wconf 76' lang='grc' dir='ltr'><strong>[γει.</strong></span> <span class='ocrx_word' id='word_1_363' title='bbox 2515 2341 2658 2398; x_wconf 78' lang='lat' dir='ltr'><strong>XXI</strong></span> <span class='ocrx_word' id='word_1_364' title='bbox 2670 2341 2762 2414; x_wconf 83' lang='lat' dir='ltr'><strong>V.]</strong></span> <span class='ocrx_word' id='word_1_365' title='bbox 2792 2342 3021 2400; x_wconf 72' lang='lat' dir='ltr'><strong>(50.ch</strong></span> <span class='ocrx_word' id='word_1_366' title='bbox 3049 2343 3320 2410; x_wconf 75' lang='lat' dir='ltr'><strong>sollicitius</strong></span> <span class='ocrx_word' id='word_1_367' title='bbox 3347 2350 3544 2396; x_wconf 75' lang='lat' dir='ltr'><strong>resecat</strong></span> <span class='ocrx_word' id='word_1_368' title='bbox 3566 2357 3706 2396; x_wconf 83' lang='lat' dir='ltr'><strong>mens</strong></span> <span class='ocrx_word' id='word_1_369' title='bbox 3734 2356 3861 2394; x_wconf 82' lang='lat' dir='ltr'><strong>con—</strong></span> 
     </span>
    </p>
   </div>
   <div class='ocr_carea' id='block_1_52' title="bbox 2270 2435 3863 2508">
    <p class='ocr_par' dir='ltr' id='par_1_52' title="bbox 2270 2435 3863 2508">
     <span class='ocr_line' id='line_1_52' title="bbox 2270 2435 3863 2508; baseline -0.003 -19"><span class='ocrx_word' id='word_1_370' title='bbox 2270 2437 2588 2508; x_wconf 81' lang='lat' dir='ltr'><strong>temptationi</strong></span> <span class='ocrx_word' id='word_1_371' title='bbox 2610 2437 2806 2501; x_wconf 82' lang='lat' dir='ltr'><strong>dedita,</strong></span> <span class='ocrx_word' id='word_1_372' title='bbox 2854 2438 3029 2508; x_wconf 80' lang='lat' dir='ltr'><strong>sicque</strong></span> <span class='ocrx_word' id='word_1_373' title='bbox 3055 2437 3312 2508; x_wconf 82' lang='lat' dir='ltr'><strong>Spiritum</strong></span> <span class='ocrx_word' id='word_1_374' title='bbox 3353 2452 3481 2508; x_wconf 79' lang='lat' dir='ltr'><strong>pene:</strong></span> <span class='ocrx_word' id='word_1_375' title='bbox 3511 2435 3643 2505; x_wconf 78' lang='lat' dir='ltr'><strong>ﬁgit,</strong></span> <span class='ocrx_word' id='word_1_376' title='bbox 3669 2449 3763 2487; x_wconf 87' lang='lat' dir='ltr'><strong>nec</strong></span> <span class='ocrx_word' id='word_1_377' title='bbox 3788 2442 3863 2485; x_wconf 87' lang='lat' dir='ltr'><strong>ta-</strong></span> 
     </span>
    </p>
   </div>
   <div class='ocr_carea' id='block_1_53' title="bbox 2268 2527 3861 2595">
    <p class='ocr_par' dir='ltr' id='par_1_53' title="bbox 2268 2527 3861 2595">
     <span class='ocr_line' id='line_1_53' title="bbox 2268 2527 3861 2595; baseline -0.001 -13"><span class='ocrx_word' id='word_1_378' title='bbox 2268 2545 2385 2583; x_wconf 84' lang='lat' dir='ltr'><strong>men</strong></span> <span class='ocrx_word' id='word_1_379' title='bbox 2403 2529 2494 2583; x_wconf 83' lang='lat' dir='ltr'><strong>diu</strong></span> <span class='ocrx_word' id='word_1_380' title='bbox 2515 2537 2675 2584; x_wconf 84' lang='lat' dir='ltr'><strong>tenet.</strong></span> <span class='ocrx_word' id='word_1_381' title='bbox 2691 2562 2765 2573; x_wconf 93' lang='lat'><strong><em>—</em></strong></span> <span class='ocrx_word' id='word_1_382' title='bbox 2782 2528 3031 2586; x_wconf 88' lang='lat' dir='ltr'><strong>Humana</strong></span> <span class='ocrx_word' id='word_1_383' title='bbox 3078 2531 3284 2592; x_wconf 86' lang='lat' dir='ltr'><strong>etenim</strong></span> <span class='ocrx_word' id='word_1_384' title='bbox 3319 2543 3476 2584; x_wconf 84' lang='lat' dir='ltr'><strong>mens</strong></span> <span class='ocrx_word' id='word_1_385' title='bbox 3493 2527 3581 2595; x_wconf 69' lang='lat' dir='ltr'><strong>_,in</strong></span> <span class='ocrx_word' id='word_1_386' title='bbox 3601 2533 3861 2586; x_wconf 78' lang='lat' dir='ltr'><strong>.contem-</strong></span> 
     </span>
    </p>
   </div>
   <div class='ocr_carea' id='block_1_54' title="bbox 2270 2617 3859 2692">
    <p class='ocr_par' dir='ltr' id='par_1_54' title="bbox 2270 2617 3859 2692">
     <span class='ocr_line' id='line_1_54' title="bbox 2270 2617 3859 2692; baseline -0.004 -16"><span class='ocrx_word' id='word_1_387' title='bbox 2270 2619 2523 2691; x_wconf 88' lang='lat' dir='ltr'><strong>plationis</strong></span> <span class='ocrx_word' id='word_1_388' title='bbox 2549 2636 2675 2677; x_wconf 85' lang='lat' dir='ltr'><strong>arce</strong></span> <span class='ocrx_word' id='word_1_389' title='bbox 2702 2621 3005 2690; x_wconf 83' lang='lat' dir='ltr'><strong>sublevata,</strong></span> <span class='ocrx_word' id='word_1_390' title='bbox 3022 2629 3181 2686; x_wconf 85' lang='lat' dir='ltr'><strong>tanto</strong></span> <span class='ocrx_word' id='word_1_391' title='bbox 3205 2621 3556 2692; x_wconf 74' lang='lat' dir='ltr'><strong>semetipsam</strong></span> <span class='ocrx_word' id='word_1_392' title='bbox 3575 2617 3768 2684; x_wconf 84' lang='lat' dir='ltr'><strong>durius</strong></span> <span class='ocrx_word' id='word_1_393' title='bbox 3797 2617 3859 2670; x_wconf 89' lang='lat' dir='ltr'><strong>de</strong></span> 
     </span>
    </p>
   </div>
   <div class='ocr_carea' id='block_1_55' title="bbox 2268 2711 3863 2788">
    <p class='ocr_par' dir='ltr' id='par_1_55' title="bbox 2268 2711 3863 2788">
     <span class='ocr_line' id='line_1_55' title="bbox 2268 2711 3863 2788; baseline -0.005 -15"><span class='ocrx_word' id='word_1_394' title='bbox 2268 2716 2559 2788; x_wconf 83' lang='lat' dir='ltr'><strong>superﬂuis</strong></span> <span class='ocrx_word' id='word_1_395' title='bbox 2613 2717 2837 2784; x_wconf 86' lang='lat' dir='ltr'><strong>cruciat,</strong></span> <span class='ocrx_word' id='word_1_396' title='bbox 2891 2727 3104 2786; x_wconf 85' lang='lat' dir='ltr'><strong>quanto.</strong></span> <span class='ocrx_word' id='word_1_397' title='bbox 3142 2717 3304 2780; x_wconf 84' lang='lat' dir='ltr'><strong>nimis</strong></span> <span class='ocrx_word' id='word_1_398' title='bbox 3337 2714 3568 2780; x_wconf 44' lang='lat' dir='ltr'><strong>subtile,</strong></span> <span class='ocrx_word' id='word_1_399' title='bbox 3601 2711 3863 2782; x_wconf 85' lang='lat' dir='ltr'><strong>conspicit</strong></span> 
     </span>
    </p>
   </div>
   <div class='ocr_carea' id='block_1_56' title="bbox 2269 2802 3860 2882">
    <p class='ocr_par' dir='ltr' id='par_1_56' title="bbox 2269 2802 3860 2882">
     <span class='ocr_line' id='line_1_56' title="bbox 2269 2802 3860 2882; baseline -0.006 -14"><span class='ocrx_word' id='word_1_400' title='bbox 2269 2825 2391 2868; x_wconf 80' lang='lat' dir='ltr'><strong>esse</strong></span> <span class='ocrx_word' id='word_1_401' title='bbox 2416 2811 2563 2882; x_wconf 84' lang='lat' dir='ltr'><strong>quod</strong></span> <span class='ocrx_word' id='word_1_402' title='bbox 2582 2819 2756 2878; x_wconf 88' lang='lat' dir='ltr'><strong>amat;</strong></span> <span class='ocrx_word' id='word_1_403' title='bbox 2785 2819 2843 2876; x_wconf 85' lang='lat' dir='ltr'><strong>et</strong></span> <span class='ocrx_word' id='word_1_404' title='bbox 2867 2826 2991 2866; x_wconf 90' lang='lat' dir='ltr'><strong>cum</strong></span> <span class='ocrx_word' id='word_1_405' title='bbox 3021 2809 3302 2880; x_wconf 80' lang='lat' dir='ltr'><strong>pulchrum</strong></span> <span class='ocrx_word' id='word_1_406' title='bbox 3331 2808 3570 2868; x_wconf 83' lang='lat' dir='ltr'><strong>intuetur</strong></span> <span class='ocrx_word' id='word_1_407' title='bbox 3589 2806 3696 2862; x_wconf 88' lang='lat' dir='ltr'><strong>hoc</strong></span> <span class='ocrx_word' id='word_1_408' title='bbox 3719 2802 3860 2874; x_wconf 88' lang='lat' dir='ltr'><strong>quod</strong></span> 
     </span>
    </p>
   </div>
   <div class='ocr_carea' id='block_1_57' title="bbox 2269 2895 3860 2975">
    <p class='ocr_par' dir='ltr' id='par_1_57' title="bbox 2269 2895 3860 2975">
     <span class='ocr_line' id='line_1_57' title="bbox 2269 2895 3860 2975; baseline -0.007 -15"><span class='ocrx_word' id='word_1_409' title='bbox 2269 2919 2434 2974; x_wconf 86' lang='lat' dir='ltr'><strong>super</strong></span> <span class='ocrx_word' id='word_1_410' title='bbox 2495 2902 2804 2975; x_wconf 82' lang='lat' dir='ltr'><strong>seappetit,</strong></span> <span class='ocrx_word' id='word_1_411' title='bbox 2861 2901 3105 2958; x_wconf 79' lang='lat' dir='ltr'><strong>districte</strong></span> <span class='ocrx_word' id='word_1_412' title='bbox 3145 2899 3354 2970; x_wconf 82' lang='lat' dir='ltr'><strong>judieat</strong></span> <span class='ocrx_word' id='word_1_413' title='bbox 3398 2896 3657 2974; x_wconf 79' lang='lat' dir='ltr'><strong>quidquid</strong></span> <span class='ocrx_word' id='word_1_414' title='bbox 3701 2895 3758 2964; x_wconf 76' lang='lat' dir='ltr'><strong>in</strong></span> <span class='ocrx_word' id='word_1_415' title='bbox 3799 2908 3860 2960; x_wconf 82' lang='lat' dir='ltr'><strong>se</strong></span> 
     </span>
    </p>
   </div>
   <div class='ocr_carea' id='block_1_58' title="bbox 2270 2988 3859 3064">
    <p class='ocr_par' dir='ltr' id='par_1_58' title="bbox 2270 2988 3859 3064">
     <span class='ocr_line' id='line_1_58' title="bbox 2270 2988 3859 3064; baseline -0.004 -14"><span class='ocrx_word' id='word_1_416' title='bbox 2270 2995 2712 3064; x_wconf 81' lang='lat' dir='ltr'><strong>intinnumprius</strong></span> <span class='ocrx_word' id='word_1_417' title='bbox 2729 2992 3025 3062; x_wconf 76' lang='lat' dir='ltr'><strong>tranquille</strong></span> <span class='ocrx_word' id='word_1_418' title='bbox 3057 2991 3344 3048; x_wconf 87' lang='lat' dir='ltr'><strong>tolerabat.</strong></span> <span class='ocrx_word' id='word_1_419' title='bbox 3369 2988 3709 3060; x_wconf 70' lang='lat' dir='ltr'><strong>Transeupte</strong></span> <span class='ocrx_word' id='word_1_420' title='bbox 3734 2998 3859 3056; x_wconf 76' lang='lat' dir='ltr'><strong>ergo</strong></span> 
     </span>
    </p>
   </div>
   <div class='ocr_carea' id='block_1_59' title="bbox 2271 3076 3860 3154">
    <p class='ocr_par' dir='ltr' id='par_1_59' title="bbox 2271 3076 3860 3154">
     <span class='ocr_line' id='line_1_59' title="bbox 2271 3076 3860 3154; baseline -0.003 -15"><span class='ocrx_word' id='word_1_421' title='bbox 2271 3084 2465 3154; x_wconf 85' lang='lat' dir='ltr'><strong>spiritu</strong></span> <span class='ocrx_word' id='word_1_422' title='bbox 2512 3083 2603 3154; x_wconf 88' lang='lat' dir='ltr'><strong>pili</strong></span> <span class='ocrx_word' id='word_1_423' title='bbox 2648 3081 3057 3153; x_wconf 84' lang='lat' dir='ltr'><strong>pertimescunt,</strong></span> <span class='ocrx_word' id='word_1_424' title='bbox 3085 3079 3223 3152; x_wconf 73' lang='lat' dir='ltr'><strong>quia</strong></span> <span class='ocrx_word' id='word_1_425' title='bbox 3259 3092 3412 3146; x_wconf 54' lang='lat' dir='ltr'><strong>ante</strong></span> <span class='ocrx_word' id='word_1_426' title='bbox 3437 3076 3860 3154; x_wconf 72' lang='lat' dir='ltr'><strong>compunctionis</strong></span> 
     </span>
    </p>
   </div>
   <div class='ocr_carea' id='block_1_60' title="bbox 2272 3153 3858 3242">
    <p class='ocr_par' dir='ltr' id='par_1_60' title="bbox 2272 3153 3858 3242">
     <span class='ocr_line' id='line_1_60' title="bbox 2272 3153 3858 3242; baseline -0.003 -14"><span class='ocrx_word' id='word_1_427' title='bbox 2272 3153 2380 3228; x_wconf 86' lang='lat' dir='ltr'><strong>vim</strong></span> <span class='ocrx_word' id='word_1_428' title='bbox 2408 3173 2765 3242; x_wconf 76' lang='lat' dir='ltr'><strong>cogitationes</strong></span> <span class='ocrx_word' id='word_1_429' title='bbox 2803 3171 3087 3242; x_wconf 62' lang='lat' dir='ltr'><strong>superfluae</strong></span> <span class='ocrx_word' id='word_1_430' title='bbox 3113 3168 3344 3240; x_wconf 80' lang='lat' dir='ltr'><strong>fugiunt,</strong></span> <span class='ocrx_word' id='word_1_431' title='bbox 3376 3178 3435 3223; x_wconf 92' lang='lat' dir='ltr'><strong>ut</strong></span> <span class='ocrx_word' id='word_1_432' title='bbox 3475 3168 3612 3236; x_wconf 80' lang='lat' dir='ltr'><strong>nihil</strong></span> <span class='ocrx_word' id='word_1_433' title='bbox 3637 3153 3858 3234; x_wconf 77' lang='lat' dir='ltr'><strong>ﬂuxum,</strong></span> 
     </span>
    </p>
   </div>
   <div class='ocr_carea' id='block_1_61' title="bbox 2275 3259 3860 3336">
    <p class='ocr_par' dir='ltr' id='par_1_61' title="bbox 2275 3259 3860 3336">
     <span class='ocr_line' id='line_1_61' title="bbox 2275 3259 3860 3336; baseline -0.006 -15"><span class='ocrx_word' id='word_1_434' title='bbox 2275 3264 2406 3322; x_wconf 89' lang='lat' dir='ltr'><strong>nihil</strong></span> <span class='ocrx_word' id='word_1_435' title='bbox 2427 3264 2541 3336; x_wconf 87' lang='lat' dir='ltr'><strong>jam</strong></span> <span class='ocrx_word' id='word_1_436' title='bbox 2567 3265 2848 3322; x_wconf 86' lang='lat' dir='ltr'><strong>remissum</strong></span> <span class='ocrx_word' id='word_1_437' title='bbox 2886 3262 3082 3333; x_wconf 56' lang='lat' dir='ltr'><strong>libeat,</strong></span> <span class='ocrx_word' id='word_1_438' title='bbox 3097 3261 3223 3331; x_wconf 89' lang='lat' dir='ltr'><strong>quia</strong></span> <span class='ocrx_word' id='word_1_439' title='bbox 3277 3271 3299 3298; x_wconf 71' lang='grc' dir='ltr'>ε</span> <span class='ocrx_word' id='word_1_440' title='bbox 3629 3269 3860 3318; x_wconf 85' lang='lat' dir='ltr'><strong>mentem</strong></span> 
     </span>
    </p>
   </div>
   <div class='ocr_carea' id='block_1_62' title="bbox 571 3330 3864 3425">
    <p class='ocr_par' dir='ltr' id='par_1_62' title="bbox 571 3330 3864 3425">
     <span class='ocr_line' id='line_1_62' title="bbox 571 3330 3864 3425; baseline -0.002 -16"><span class='ocrx_word' id='word_1_441' title='bbox 571 3352 968 3420; x_wconf 80' lang='lat' dir='ltr'><strong>cognoscimus,</strong></span> <span class='ocrx_word' id='word_1_442' title='bbox 1011 3361 1063 3406; x_wconf 90' lang='lat' dir='ltr'><strong>et</strong></span> <span class='ocrx_word' id='word_1_443' title='bbox 1110 3359 1290 3406; x_wconf 88' lang='lat' dir='ltr'><strong>tamen</strong></span> <span class='ocrx_word' id='word_1_444' title='bbox 1319 3351 1434 3406; x_wconf 68' lang='lat' dir='ltr'><strong>tunc</strong></span> <span class='ocrx_word' id='word_1_445' title='bbox 1472 3367 1584 3406; x_wconf 90' lang='lat' dir='ltr'><strong>non</strong></span> <span class='ocrx_word' id='word_1_446' title='bbox 1629 3350 1824 3414; x_wconf 86' lang='lat' dir='ltr'><strong>solide,</strong></span> <span class='ocrx_word' id='word_1_447' title='bbox 1853 3348 1945 3404; x_wconf 89' lang='lat' dir='ltr'><strong>sed</strong></span> <span class='ocrx_word' id='word_1_448' title='bbox 1974 3348 2166 3417; x_wconf 88' lang='lat' dir='ltr'><strong>raptim</strong></span> <span class='ocrx_word' id='word_1_449' title='bbox 2197 3330 2243 3394; x_wconf 63' lang='grc' dir='ltr'><strong>(ἶ</strong></span> <span class='ocrx_word' id='word_1_450' title='bbox 2274 3330 2444 3411; x_wconf 48' lang='lat' dir='ltr'><strong>etiam</strong></span> <span class='ocrx_word' id='word_1_451' title='bbox 2467 3330 2657 3424; x_wconf 68' lang='lat' dir='ltr'><strong>contra</strong></span> <span class='ocrx_word' id='word_1_452' title='bbox 2705 3353 3053 3424; x_wconf 58' lang='lat' dir='ltr'><strong>semetipsam</strong></span> <span class='ocrx_word' id='word_1_453' title='bbox 3073 3330 3440 3425; x_wconf 52' lang='lat' dir='ltr'><strong>uisitationis</strong></span> <span class='ocrx_word' id='word_1_454' title='bbox 3464 3350 3668 3420; x_wconf 59' lang='lat' dir='ltr'><strong>intima:</strong></span> <span class='ocrx_word' id='word_1_455' title='bbox 3711 3364 3864 3422; x_wconf 81' lang='lat' dir='ltr'><strong>seve-</strong></span> 
     </span>
    </p>
   </div>
   <div class='ocr_carea' id='block_1_63' title="bbox 573 3437 2170 3509">
    <p class='ocr_par' dir='ltr' id='par_1_63' title="bbox 573 3437 2170 3509">
     <span class='ocr_line' id='line_1_63' title="bbox 573 3437 2170 3509; baseline -0.001 -15"><span class='ocrx_word' id='word_1_456' title='bbox 573 3441 836 3495; x_wconf 87' lang='lat' dir='ltr'><strong>videmus.</strong></span> <span class='ocrx_word' id='word_1_457' title='bbox 867 3439 1053 3509; x_wconf 84' lang='lat' dir='ltr'><strong>Neque</strong></span> <span class='ocrx_word' id='word_1_458' title='bbox 1091 3440 1237 3496; x_wconf 88' lang='lat' dir='ltr'><strong>enim</strong></span> <span class='ocrx_word' id='word_1_459' title='bbox 1287 3440 1344 3500; x_wconf 79' lang='lat' dir='ltr'><strong>in</strong></span> <span class='ocrx_word' id='word_1_460' title='bbox 1392 3440 1658 3495; x_wconf 83' lang='lat' dir='ltr'><strong>suavitate</strong></span> <span class='ocrx_word' id='word_1_461' title='bbox 1701 3437 2170 3508; x_wconf 86' lang='lat' dir='ltr'><strong>contemplationis</strong></span> 
     </span>
    </p>
   </div>
   <div class='ocr_carea' id='block_1_64' title="bbox 575 3528 2169 3601">
    <p class='ocr_par' dir='ltr' id='par_1_64' title="bbox 575 3528 2169 3601">
     <span class='ocr_line' id='line_1_64' title="bbox 575 3528 2169 3601; baseline 0.001 -16"><span class='ocrx_word' id='word_1_462' title='bbox 575 3530 782 3586; x_wconf 70' lang='lat' dir='ltr'><strong>intima:</strong></span> <span class='ocrx_word' id='word_1_463' title='bbox 809 3528 902 3588; x_wconf 90' lang='lat' dir='ltr'><strong>diu</strong></span> <span class='ocrx_word' id='word_1_464' title='bbox 927 3545 1083 3586; x_wconf 87' lang='lat' dir='ltr'><strong>mens</strong></span> <span class='ocrx_word' id='word_1_465' title='bbox 1111 3528 1310 3600; x_wconf 79' lang='lat' dir='ltr'><strong>ﬁgitur,</strong></span> <span class='ocrx_word' id='word_1_466' title='bbox 1330 3531 1456 3601; x_wconf 85' lang='lat' dir='ltr'><strong>quia</strong></span> <span class='ocrx_word' id='word_1_467' title='bbox 1469 3529 1538 3586; x_wconf 89' lang='lat' dir='ltr'><strong>ad</strong></span> <span class='ocrx_word' id='word_1_468' title='bbox 1561 3530 1907 3600; x_wconf 88' lang='lat' dir='ltr'><strong>semetipsam</strong></span> <span class='ocrx_word' id='word_1_469' title='bbox 1932 3530 2049 3599; x_wconf 90' lang='lat' dir='ltr'><strong>ipsa</strong></span> <span class='ocrx_word' id='word_1_470' title='bbox 2065 3530 2169 3586; x_wconf 89' lang='lat' dir='ltr'><strong>im-</strong></span> 
     </span>
    </p>
   </div>
   <div class='ocr_carea' id='block_1_65' title="bbox 577 3621 2174 3692">
    <p class='ocr_par' dir='ltr' id='par_1_65' title="bbox 577 3621 2174 3692">
     <span class='ocr_line' id='line_1_65' title="bbox 577 3621 2174 3692; baseline 0 -16"><span class='ocrx_word' id='word_1_471' title='bbox 577 3621 862 3680; x_wconf 82' lang='lat' dir='ltr'><strong>mensitate</strong></span> <span class='ocrx_word' id='word_1_472' title='bbox 891 3621 1149 3686; x_wconf 48' lang='lat' dir='ltr'><strong>,luminis,</strong></span> <span class='ocrx_word' id='word_1_473' title='bbox 1178 3621 1523 3690; x_wconf 67' lang='lat' dir='ltr'><strong>reverberata</strong></span> <span class='ocrx_word' id='word_1_474' title='bbox 1568 3629 1879 3679; x_wconf 85' lang='lat' dir='ltr'><strong>revocatur.</strong></span> <span class='ocrx_word' id='word_1_475' title='bbox 1929 3621 2174 3692; x_wconf 79' lang='lat' dir='ltr'><strong>Cumque</strong></span> 
     </span>
    </p>
   </div>
   <div class='ocr_carea' id='block_1_66' title="bbox 577 3713 2174 3785">
    <p class='ocr_par' dir='ltr' id='par_1_66' title="bbox 577 3713 2174 3785">
     <span class='ocr_line' id='line_1_66' title="bbox 577 3713 2174 3785; baseline 0.002 -15"><span class='ocrx_word' id='word_1_476' title='bbox 577 3715 842 3779; x_wconf 75' lang='lat' dir='ltr'><strong>internata</strong></span> <span class='ocrx_word' id='word_1_477' title='bbox 891 3713 1231 3778; x_wconf 73' lang='lat' dir='ltr'><strong>dulcedinem</strong></span> <span class='ocrx_word' id='word_1_478' title='bbox 1285 3714 1553 3785; x_wconf 76' lang='lat' dir='ltr'><strong>degustat,</strong></span> <span class='ocrx_word' id='word_1_479' title='bbox 1607 3730 1795 3772; x_wconf 87' lang='lat' dir='ltr'><strong>amore</strong></span> <span class='ocrx_word' id='word_1_480' title='bbox 1841 3724 2052 3782; x_wconf 68' lang='lat' dir='ltr'><strong>mstuat,</strong></span> <span class='ocrx_word' id='word_1_481' title='bbox 2096 3715 2174 3773; x_wconf 86' lang='lat' dir='ltr'><strong>ire</strong></span> 
     </span>
    </p>
   </div>
   <div class='ocr_carea' id='block_1_67' title="bbox 576 3805 2174 3877">
    <p class='ocr_par' dir='ltr' id='par_1_67' title="bbox 576 3805 2174 3877">
     <span class='ocr_line' id='line_1_67' title="bbox 576 3805 2174 3877; baseline 0 -15"><span class='ocrx_word' id='word_1_482' title='bbox 576 3822 740 3877; x_wconf 85' lang='lat' dir='ltr'><strong>super</strong></span> <span class='ocrx_word' id='word_1_483' title='bbox 765 3805 1113 3876; x_wconf 84' lang='lat' dir='ltr'><strong>semetipsam</strong></span> <span class='ocrx_word' id='word_1_484' title='bbox 1149 3807 1355 3872; x_wconf 88' lang='lat' dir='ltr'><strong>nititur,</strong></span> <span class='ocrx_word' id='word_1_485' title='bbox 1385 3807 1482 3866; x_wconf 82' lang='lat' dir='ltr'><strong>sed</strong></span> <span class='ocrx_word' id='word_1_486' title='bbox 1509 3807 1576 3862; x_wconf 89' lang='lat' dir='ltr'><strong>ad</strong></span> <span class='ocrx_word' id='word_1_487' title='bbox 1607 3806 1934 3862; x_wconf 75' lang='lat' dir='ltr'><strong>inﬁrmitatis</strong></span> <span class='ocrx_word' id='word_1_488' title='bbox 1955 3822 2066 3862; x_wconf 70' lang='lat' dir='ltr'><strong>sua:</strong></span> <span class='ocrx_word' id='word_1_489' title='bbox 2092 3816 2174 3863; x_wconf 90' lang='lat' dir='ltr'><strong>te-</strong></span> 
     </span>
    </p>
   </div>
   <div class='ocr_carea' id='block_1_68' title="bbox 576 3898 2171 3972">
    <p class='ocr_par' dir='ltr' id='par_1_68' title="bbox 576 3898 2171 3972">
     <span class='ocr_line' id='line_1_68' title="bbox 576 3898 2171 3972; baseline -0.001 -17"><span class='ocrx_word' id='word_1_490' title='bbox 576 3899 771 3956; x_wconf 87' lang='lat' dir='ltr'><strong>nebras</strong></span> <span class='ocrx_word' id='word_1_491' title='bbox 803 3898 978 3963; x_wconf 74' lang='lat' dir='ltr'><strong>fracta</strong></span> <span class='ocrx_word' id='word_1_492' title='bbox 1004 3899 1296 3968; x_wconf 80' lang='lat' dir='ltr'><strong>relabitur;</strong></span> <span class='ocrx_word' id='word_1_493' title='bbox 1321 3906 1380 3956; x_wconf 89' lang='lat' dir='ltr'><strong>et</strong></span> <span class='ocrx_word' id='word_1_494' title='bbox 1409 3914 1602 3972; x_wconf 80' lang='lat' dir='ltr'><strong>magna</strong></span> <span class='ocrx_word' id='word_1_495' title='bbox 1624 3899 1824 3956; x_wconf 88' lang='lat' dir='ltr'><strong>virtute</strong></span> <span class='ocrx_word' id='word_1_496' title='bbox 1865 3899 2171 3968; x_wconf 89' lang='lat' dir='ltr'><strong>proliciens,</strong></span> 
     </span>
    </p>
   </div>
   <div class='ocr_carea' id='block_1_69' title="bbox 579 3990 2174 4064">
    <p class='ocr_par' dir='ltr' id='par_1_69' title="bbox 579 3990 2174 4064">
     <span class='ocr_line' id='line_1_69' title="bbox 579 3990 2174 4064; baseline -0.001 -17"><span class='ocrx_word' id='word_1_497' title='bbox 579 3992 726 4047; x_wconf 87' lang='lat' dir='ltr'><strong>videt</strong></span> <span class='ocrx_word' id='word_1_498' title='bbox 765 3991 891 4060; x_wconf 85' lang='lat' dir='ltr'><strong>quia</strong></span> <span class='ocrx_word' id='word_1_499' title='bbox 915 3991 1099 4048; x_wconf 88' lang='lat' dir='ltr'><strong>videre</strong></span> <span class='ocrx_word' id='word_1_500' title='bbox 1125 4008 1234 4048; x_wconf 93' lang='lat' dir='ltr'><strong>non</strong></span> <span class='ocrx_word' id='word_1_501' title='bbox 1275 3992 1444 4062; x_wconf 86' lang='lat' dir='ltr'><strong>possit</strong></span> <span class='ocrx_word' id='word_1_502' title='bbox 1469 3992 1576 4049; x_wconf 88' lang='lat' dir='ltr'><strong>hoc</strong></span> <span class='ocrx_word' id='word_1_503' title='bbox 1601 3992 1746 4064; x_wconf 81' lang='lat' dir='ltr'><strong>quod</strong></span> <span class='ocrx_word' id='word_1_504' title='bbox 1773 3990 2026 4054; x_wconf 87' lang='lat' dir='ltr'><strong>ardenter</strong></span> <span class='ocrx_word' id='word_1_505' title='bbox 2051 3990 2174 4045; x_wconf 90' lang='lat' dir='ltr'><strong>dili-</strong></span> 
     </span>
    </p>
   </div>
   <div class='ocr_carea' id='block_1_70' title="bbox 584 4084 2172 4155">
    <p class='ocr_par' dir='ltr' id='par_1_70' title="bbox 584 4084 2172 4155">
     <span class='ocr_line' id='line_1_70' title="bbox 584 4084 2172 4155; baseline -0.002 -14"><span class='ocrx_word' id='word_1_506' title='bbox 584 4086 682 4154; x_wconf 85' lang='lat' dir='ltr'><strong>git,</strong></span> <span class='ocrx_word' id='word_1_507' title='bbox 710 4099 812 4141; x_wconf 90' lang='lat' dir='ltr'><strong>nec</strong></span> <span class='ocrx_word' id='word_1_508' title='bbox 838 4095 1022 4140; x_wconf 88' lang='lat' dir='ltr'><strong>tamen</strong></span> <span class='ocrx_word' id='word_1_509' title='bbox 1047 4085 1300 4142; x_wconf 87' lang='lat' dir='ltr'><strong>ardenter</strong></span> <span class='ocrx_word' id='word_1_510' title='bbox 1313 4085 1575 4155; x_wconf 82' lang='lat' dir='ltr'><strong>diligeret,</strong></span> <span class='ocrx_word' id='word_1_511' title='bbox 1600 4084 1701 4140; x_wconf 88' lang='lat' dir='ltr'><strong>nisi</strong></span> <span class='ocrx_word' id='word_1_512' title='bbox 1730 4084 2068 4155; x_wconf 84' lang='lat' dir='ltr'><strong>aliquatenus</strong></span> <span class='ocrx_word' id='word_1_513' title='bbox 2091 4084 2172 4138; x_wconf 87' lang='lat' dir='ltr'><strong>vi-</strong></span> 
     </span>
    </p>
   </div>
   <div class='ocr_carea' id='block_1_71' title="bbox 584 4176 2172 4247">
    <p class='ocr_par' dir='ltr' id='par_1_71' title="bbox 584 4176 2172 4247">
     <span class='ocr_line' id='line_1_71' title="bbox 584 4176 2172 4247; baseline 0 -15"><span class='ocrx_word' id='word_1_514' title='bbox 584 4177 756 4232; x_wconf 89' lang='lat' dir='ltr'><strong>deret.</strong></span> <span class='ocrx_word' id='word_1_515' title='bbox 804 4176 926 4232; x_wconf 84' lang='lat' dir='ltr'><strong>Non</strong></span> <span class='ocrx_word' id='word_1_516' title='bbox 970 4191 1100 4246; x_wconf 82' lang='lat' dir='ltr'><strong>ergo</strong></span> <span class='ocrx_word' id='word_1_517' title='bbox 1124 4185 1266 4245; x_wconf 84' lang='lat' dir='ltr'><strong>stat,</strong></span> <span class='ocrx_word' id='word_1_518' title='bbox 1297 4177 1393 4233; x_wconf 84' lang='lat' dir='ltr'><strong>sed</strong></span> <span class='ocrx_word' id='word_1_519' title='bbox 1421 4177 1618 4234; x_wconf 85' lang='lat' dir='ltr'><strong>transit</strong></span> <span class='ocrx_word' id='word_1_520' title='bbox 1633 4176 1878 4247; x_wconf 87' lang='lat' dir='ltr'><strong>spiritus,</strong></span> <span class='ocrx_word' id='word_1_521' title='bbox 1905 4176 2031 4245; x_wconf 88' lang='lat' dir='ltr'><strong>quia</strong></span> <span class='ocrx_word' id='word_1_522' title='bbox 2081 4191 2172 4232; x_wconf 90' lang='lat' dir='ltr'><strong>su-</strong></span> 
     </span>
    </p>
   </div>
   <div class='ocr_carea' id='block_1_72' title="bbox 577 4268 2171 4340">
    <p class='ocr_par' dir='ltr' id='par_1_72' title="bbox 577 4268 2171 4340">
     <span class='ocr_line' id='line_1_72' title="bbox 577 4268 2171 4340; baseline 0.002 -16"><span class='ocrx_word' id='word_1_523' title='bbox 577 4284 802 4340; x_wconf 88' lang='lat' dir='ltr'><strong>pernam</strong></span> <span class='ocrx_word' id='word_1_524' title='bbox 849 4269 1024 4324; x_wconf 88' lang='lat' dir='ltr'><strong>lucem</strong></span> <span class='ocrx_word' id='word_1_525' title='bbox 1053 4279 1240 4328; x_wconf 82' lang='lat' dir='ltr'><strong>nostra</strong></span> <span class='ocrx_word' id='word_1_526' title='bbox 1268 4269 1425 4328; x_wconf 87' lang='lat' dir='ltr'><strong>nobis</strong></span> <span class='ocrx_word' id='word_1_527' title='bbox 1453 4269 1847 4340; x_wconf 86' lang='lat' dir='ltr'><strong>contemplatio</strong></span> <span class='ocrx_word' id='word_1_528' title='bbox 1875 4277 1931 4324; x_wconf 90' lang='lat' dir='ltr'><strong>et</strong></span> <span class='ocrx_word' id='word_1_529' title='bbox 1959 4268 2171 4327; x_wconf 83' lang='lat' dir='ltr'><strong>inhian-</strong></span> 
     </span>
    </p>
   </div>
   <div class='ocr_carea' id='block_1_73' title="bbox 575 4361 2170 4433">
    <p class='ocr_par' dir='ltr' id='par_1_73' title="bbox 575 4361 2170 4433">
     <span class='ocr_line' id='line_1_73' title="bbox 575 4361 2170 4433; baseline 0 -15"><span class='ocrx_word' id='word_1_530' title='bbox 575 4362 722 4418; x_wconf 86' lang='lat' dir='ltr'><strong>tibus</strong></span> <span class='ocrx_word' id='word_1_531' title='bbox 749 4362 945 4433; x_wconf 88' lang='lat' dir='ltr'><strong>aperit,</strong></span> <span class='ocrx_word' id='word_1_532' title='bbox 970 4369 1027 4416; x_wconf 89' lang='lat' dir='ltr'><strong>et</strong></span> <span class='ocrx_word' id='word_1_533' title='bbox 1045 4377 1176 4418; x_wconf 81' lang='lat' dir='ltr'><strong>mox</strong></span> <span class='ocrx_word' id='word_1_534' title='bbox 1205 4362 1601 4422; x_wconf 79' lang='lat' dir='ltr'><strong>infirmantibus</strong></span> <span class='ocrx_word' id='word_1_535' title='bbox 1618 4363 1918 4420; x_wconf 81' lang='lat' dir='ltr'><strong>abscondit.</strong></span> <span class='ocrx_word' id='word_1_536' title='bbox 1950 4361 2020 4418; x_wconf 83' lang='lat' dir='ltr'><strong>Et</strong></span> <span class='ocrx_word' id='word_1_537' title='bbox 2043 4362 2170 4432; x_wconf 90' lang='lat' dir='ltr'><strong>quia</strong></span> 
     </span>
    </p>
   </div>
   <div class='ocr_carea' id='block_1_74' title="bbox 575 4449 2170 4523">
    <p class='ocr_par' dir='ltr' id='par_1_74' title="bbox 575 4449 2170 4523">
     <span class='ocr_line' id='line_1_74' title="bbox 575 4449 2170 4523; baseline 0.002 -18"><span class='ocrx_word' id='word_1_538' title='bbox 575 4449 630 4505; x_wconf 91' lang='lat' dir='ltr'><strong>in</strong></span> <span class='ocrx_word' id='word_1_539' title='bbox 659 4449 764 4505; x_wconf 91' lang='lat' dir='ltr'><strong>hac</strong></span> <span class='ocrx_word' id='word_1_540' title='bbox 791 4449 904 4505; x_wconf 84' lang='lat' dir='ltr'><strong>vita</strong></span> <span class='ocrx_word' id='word_1_541' title='bbox 923 4449 1261 4520; x_wconf 84' lang='lat' dir='ltr'><strong>quantalibet</strong></span> <span class='ocrx_word' id='word_1_542' title='bbox 1279 4451 1480 4507; x_wconf 90' lang='lat' dir='ltr'><strong>virtute</strong></span> <span class='ocrx_word' id='word_1_543' title='bbox 1507 4451 1628 4523; x_wconf 85' lang='lat' dir='ltr'><strong>quis</strong></span> <span class='ocrx_word' id='word_1_544' title='bbox 1657 4453 1970 4523; x_wconf 79' lang='lat' dir='ltr'><strong>profecerit,</strong></span> <span class='ocrx_word' id='word_1_545' title='bbox 1995 4451 2170 4508; x_wconf 89' lang='lat' dir='ltr'><strong>adhuc</strong></span> 
     </span>
    </p>
   </div>
   <div class='ocr_carea' id='block_1_75' title="bbox 576 4542 2168 4616">
    <p class='ocr_par' dir='ltr' id='par_1_75' title="bbox 576 4542 2168 4616">
     <span class='ocr_line' id='line_1_75' title="bbox 576 4542 2168 4616; baseline 0.003 -20"><span class='ocrx_word' id='word_1_546' title='bbox 576 4552 756 4598; x_wconf 86' lang='lat' dir='ltr'><strong>tamen</strong></span> <span class='ocrx_word' id='word_1_547' title='bbox 811 4542 1186 4613; x_wconf 70' lang='lat' dir='ltr'><strong>corruptionis.</strong></span> <span class='ocrx_word' id='word_1_548' title='bbox 1221 4559 1333 4602; x_wconf 70' lang='lat' dir='ltr'><strong>sua:</strong></span> <span class='ocrx_word' id='word_1_549' title='bbox 1377 4544 1652 4600; x_wconf 89' lang='lat' dir='ltr'><strong>stimulum</strong></span> <span class='ocrx_word' id='word_1_550' title='bbox 1699 4545 1923 4602; x_wconf 67' lang='lat' dir='ltr'><strong>sentit:</strong></span> <span class='ocrx_word' id='word_1_551' title='bbox 1970 4545 2168 4616; x_wconf 82' lang='lat' dir='ltr'><strong>Corpus</strong></span> 
     </span>
    </p>
   </div>
   <div class='ocr_carea' id='block_1_76' title="bbox 569 4635 2168 4708">
    <p class='ocr_par' dir='ltr' id='par_1_76' title="bbox 569 4635 2168 4708">
     <span class='ocr_line' id='line_1_76' title="bbox 569 4635 2168 4708; baseline 0.001 -19"><span class='ocrx_word' id='word_1_552' title='bbox 569 4637 776 4708; x_wconf 84' lang='lat' dir='ltr'><strong>quippe,</strong></span> <span class='ocrx_word' id='word_1_553' title='bbox 810 4635 946 4708; x_wconf 83' lang='lat' dir='ltr'><strong>quod</strong></span> <span class='ocrx_word' id='word_1_554' title='bbox 994 4635 1363 4706; x_wconf 80' lang='lat' dir='ltr'><strong>corrumpitur,</strong></span> <span class='ocrx_word' id='word_1_555' title='bbox 1388 4643 1640 4708; x_wconf 79' lang='lat' dir='ltr'><strong>aggravat</strong></span> <span class='ocrx_word' id='word_1_556' title='bbox 1687 4635 1947 4700; x_wconf 82' lang='lat' dir='ltr'><strong>animum,</strong></span> <span class='ocrx_word' id='word_1_557' title='bbox 1979 4645 2029 4689; x_wconf 86' lang='lat' dir='ltr'><strong>et</strong></span> <span class='ocrx_word' id='word_1_558' title='bbox 2078 4636 2168 4690; x_wconf 85' lang='lat' dir='ltr'><strong>de-</strong></span> 
     </span>
    </p>
   </div>
   <div class='ocr_carea' id='block_1_77' title="bbox 2271 3440 3865 3519">
    <p class='ocr_par' dir='ltr' id='par_1_77' title="bbox 2271 3440 3865 3519">
     <span class='ocr_line' id='line_1_77' title="bbox 2271 3440 3865 3519; baseline -0.001 -19"><span class='ocrx_word' id='word_1_559' title='bbox 2271 3447 2406 3503; x_wconf 87' lang='lat' dir='ltr'><strong>ritas</strong></span> <span class='ocrx_word' id='word_1_560' title='bbox 2429 3445 2743 3503; x_wconf 82' lang='lat' dir='ltr'><strong>inflammat.</strong></span> <span class='ocrx_word' id='word_1_561' title='bbox 2789 3443 3033 3514; x_wconf 88' lang='lat' dir='ltr'><strong>Cumque</strong></span> <span class='ocrx_word' id='word_1_562' title='bbox 3061 3443 3190 3518; x_wconf 80' lang='lat' dir='ltr'><strong>hoc,</strong></span> <span class='ocrx_word' id='word_1_563' title='bbox 3219 3443 3370 3519; x_wconf 85' lang='lat' dir='ltr'><strong>quod</strong></span> <span class='ocrx_word' id='word_1_564' title='bbox 3394 3443 3448 3500; x_wconf 90' lang='lat' dir='ltr'><strong>in</strong></span> <span class='ocrx_word' id='word_1_565' title='bbox 3475 3440 3672 3508; x_wconf 66' lang='lat' dir='ltr'><strong>corde.</strong></span> <span class='ocrx_word' id='word_1_566' title='bbox 3706 3441 3865 3512; x_wconf 82' lang='lat' dir='ltr'><strong>illici-</strong></span> 
     </span>
    </p>
   </div>
   <div class='ocr_carea' id='block_1_78' title="bbox 2244 3533 3866 3612">
    <p class='ocr_par' dir='ltr' id='par_1_78' title="bbox 2244 3533 3866 3612">
     <span class='ocr_line' id='line_1_78' title="bbox 2244 3533 3866 3612; baseline -0.006 -15"><span class='ocrx_word' id='word_1_567' title='bbox 2244 3591 2248 3611; x_wconf 42' lang='grc' dir='ltr'><em>ς</em></span> <span class='ocrx_word' id='word_1_568' title='bbox 2272 3549 2389 3612; x_wconf 81' lang='lat' dir='ltr'><strong>tum</strong></span> <span class='ocrx_word' id='word_1_569' title='bbox 2414 3540 2678 3612; x_wconf 79' lang='lat' dir='ltr'><strong>nascitur,</strong></span> <span class='ocrx_word' id='word_1_570' title='bbox 2704 3539 2958 3612; x_wconf 77' lang='lat' dir='ltr'><strong>continua</strong></span> <span class='ocrx_word' id='word_1_571' title='bbox 2973 3537 3330 3612; x_wconf 72' lang='lat' dir='ltr'><strong>,districtione</strong></span> <span class='ocrx_word' id='word_1_572' title='bbox 3350 3542 3641 3610; x_wconf 68' lang='lat' dir='ltr'><strong>resecatur,</strong></span> <span class='ocrx_word' id='word_1_573' title='bbox 3663 3534 3724 3587; x_wconf 83' lang='lat' dir='ltr'><strong>fit</strong></span> <span class='ocrx_word' id='word_1_574' title='bbox 3743 3533 3866 3604; x_wconf 90' lang='lat' dir='ltr'><strong>ple-</strong></span> 
     </span>
    </p>
   </div>
   <div class='ocr_carea' id='block_1_79' title="bbox 2242 3629 3866 3706">
    <p class='ocr_par' dir='ltr' id='par_1_79' title="bbox 2242 3629 3866 3706">
     <span class='ocr_line' id='line_1_79' title="bbox 2242 3629 3866 3706; baseline -0.004 -19"><span class='ocrx_word' id='word_1_575' title='bbox 2242 3649 2501 3704; x_wconf 89' lang='lat' dir='ltr'><strong>.rumque</strong></span> <span class='ocrx_word' id='word_1_576' title='bbox 2546 3642 2607 3700; x_wconf 88' lang='lat' dir='ltr'><strong>ut</strong></span> <span class='ocrx_word' id='word_1_577' title='bbox 2637 3641 2894 3703; x_wconf 80' lang='lat' dir='ltr'><strong>vegetata</strong></span> <span class='ocrx_word' id='word_1_578' title='bbox 2941 3647 3094 3692; x_wconf 88' lang='lat' dir='ltr'><strong>mens</strong></span> <span class='ocrx_word' id='word_1_579' title='bbox 3140 3629 3498 3706; x_wconf 21' lang='lat' dir='ltr'><strong>paulo...la,tius</strong></span> <span class='ocrx_word' id='word_1_580' title='bbox 3547 3629 3703 3696; x_wconf 76' lang='lat' dir='ltr'><strong>radio</strong></span> <span class='ocrx_word' id='word_1_581' title='bbox 3747 3642 3866 3682; x_wconf 71' lang='lat' dir='ltr'><strong>sua:</strong></span> 
     </span>
    </p>
   </div>
   <div class='ocr_carea' id='block_1_80' title="bbox 2271 3718 3865 3797">
    <p class='ocr_par' dir='ltr' id='par_1_80' title="bbox 2271 3718 3865 3797">
     <span class='ocr_line' id='line_1_80' title="bbox 2271 3718 3865 3797; baseline -0.005 -16"><span class='ocrx_word' id='word_1_582' title='bbox 2271 3727 2656 3797; x_wconf 79' lang='lat' dir='ltr'><strong>speculationis</strong></span> <span class='ocrx_word' id='word_1_583' title='bbox 2698 3725 2996 3796; x_wconf 70' lang='lat' dir='ltr'><strong>inhaereat,</strong></span> <span class='ocrx_word' id='word_1_584' title='bbox 3026 3733 3081 3780; x_wconf 91' lang='lat' dir='ltr'><strong>et</strong></span> <span class='ocrx_word' id='word_1_585' title='bbox 3127 3738 3266 3794; x_wconf 89' lang='lat' dir='ltr'><strong>pene</strong></span> <span class='ocrx_word' id='word_1_586' title='bbox 3308 3718 3435 3794; x_wconf 81' lang='lat' dir='ltr'><strong>figat</strong></span> <span class='ocrx_word' id='word_1_587' title='bbox 3468 3719 3725 3793; x_wconf 72' lang='lat' dir='ltr'><strong>spiritum</strong></span> <span class='ocrx_word' id='word_1_588' title='bbox 3771 3718 3865 3789; x_wconf 91' lang='lat' dir='ltr'><strong>qui</strong></span> 
     </span>
    </p>
   </div>
   <div class='ocr_carea' id='block_1_81' title="bbox 2273 3810 3862 3883">
    <p class='ocr_par' dir='ltr' id='par_1_81' title="bbox 2273 3810 3862 3883">
     <span class='ocr_line' id='line_1_81' title="bbox 2273 3810 3862 3883; baseline -0.004 -12"><span class='ocrx_word' id='word_1_589' title='bbox 2273 3817 2556 3874; x_wconf 86' lang='lat' dir='ltr'><strong>transibat.</strong></span> <span class='ocrx_word' id='word_1_590' title='bbox 2586 3816 2698 3874; x_wconf 84' lang='lat' dir='ltr'><strong>Nec</strong></span> <span class='ocrx_word' id='word_1_591' title='bbox 2728 3825 2904 3871; x_wconf 88' lang='lat' dir='ltr'><strong>tamen</strong></span> <span class='ocrx_word' id='word_1_592' title='bbox 2926 3815 3049 3878; x_wconf 63' lang='lat' dir='ltr'><strong>haec</strong></span> <span class='ocrx_word' id='word_1_593' title='bbox 3067 3814 3184 3883; x_wconf 87' lang='lat' dir='ltr'><strong>ipsa</strong></span> <span class='ocrx_word' id='word_1_594' title='bbox 3214 3810 3683 3882; x_wconf 83' lang='lat' dir='ltr'><strong>contemplationis</strong></span> <span class='ocrx_word' id='word_1_595' title='bbox 3711 3825 3862 3868; x_wconf 88' lang='lat' dir='ltr'><strong>mora</strong></span> 
     </span>
    </p>
   </div>
   <div class='ocr_carea' id='block_1_82' title="bbox 2273 3901 3863 3979">
    <p class='ocr_par' dir='ltr' id='par_1_82' title="bbox 2273 3901 3863 3979">
     <span class='ocr_line' id='line_1_82' title="bbox 2273 3901 3863 3979; baseline -0.005 -15"><span class='ocrx_word' id='word_1_596' title='bbox 2273 3909 2576 3966; x_wconf 86' lang='lat' dir='ltr'><strong>Divinitatis</strong></span> <span class='ocrx_word' id='word_1_597' title='bbox 2623 3909 2732 3964; x_wconf 92' lang='lat' dir='ltr'><strong>vim</strong></span> <span class='ocrx_word' id='word_1_598' title='bbox 2773 3909 2930 3979; x_wconf 86' lang='lat' dir='ltr'><strong>plene</strong></span> <span class='ocrx_word' id='word_1_599' title='bbox 2971 3905 3486 3978; x_wconf 70' lang='lat' dir='ltr'><strong>aperit,.quia.,ejus</strong></span> <span class='ocrx_word' id='word_1_600' title='bbox 3530 3901 3863 3972; x_wconf 77' lang='lat' dir='ltr'><strong>immensitas</strong></span> 
     </span>
    </p>
   </div>
   <div class='ocr_carea' id='block_1_83' title="bbox 2273 3995 3859 4073">
    <p class='ocr_par' dir='ltr' id='par_1_83' title="bbox 2273 3995 3859 4073">
     <span class='ocr_line' id='line_1_83' title="bbox 2273 3995 3859 4073; baseline -0.006 -17"><span class='ocrx_word' id='word_1_601' title='bbox 2273 4001 2536 4057; x_wconf 90' lang='lat' dir='ltr'><strong>humanas</strong></span> <span class='ocrx_word' id='word_1_602' title='bbox 2591 4001 2732 4057; x_wconf 87' lang='lat' dir='ltr'><strong>vires</strong></span> <span class='ocrx_word' id='word_1_603' title='bbox 2785 4010 2972 4072; x_wconf 85' lang='lat' dir='ltr'><strong>auctas</strong></span> <span class='ocrx_word' id='word_1_604' title='bbox 3026 3999 3444 4072; x_wconf 69' lang='lat' dir='ltr'><strong>sublevatasque</strong></span> <span class='ocrx_word' id='word_1_605' title='bbox 3511 3995 3859 4073; x_wconf 84' lang='lat' dir='ltr'><strong>transcendit.</strong></span> 
     </span>
    </p>
   </div>
   <div class='ocr_carea' id='block_1_84' title="bbox 2275 4092 3120 4163">
    <p class='ocr_par' dir='ltr' id='par_1_84' title="bbox 2275 4092 3120 4163">
     <span class='ocr_line' id='line_1_84' title="bbox 2275 4092 3120 4163; baseline -0.002 -14"><span class='ocrx_word' id='word_1_606' title='bbox 2275 4092 2429 4150; x_wconf 90' lang='lat' dir='ltr'><strong>Unde</strong></span> <span class='ocrx_word' id='word_1_607' title='bbox 2455 4101 2512 4149; x_wconf 88' lang='lat' dir='ltr'><strong>et</strong></span> <span class='ocrx_word' id='word_1_608' title='bbox 2535 4093 2676 4149; x_wconf 88' lang='lat' dir='ltr'><strong>bene</strong></span> <span class='ocrx_word' id='word_1_609' title='bbox 2703 4092 2949 4150; x_wconf 89' lang='lat' dir='ltr'><strong>subditur</strong></span> <span class='ocrx_word' id='word_1_610' title='bbox 2988 4107 3004 4147; x_wconf 90' lang='lat'><strong>:</strong></span> <span class='ocrx_word' id='word_1_611' title='bbox 3061 4159 3064 4163; x_wconf 23' lang='grc' dir='ltr'><strong><em>λ</em></strong></span> <span class='ocrx_word' id='word_1_612' title='bbox 3114 4141 3120 4162; x_wconf 66' lang='lat'><strong>,</strong></span> 
     </span>
    </p>
   </div>
   <div class='ocr_carea' id='block_1_85' title="bbox 2628 4195 3630 4271">
    <p class='ocr_par' dir='ltr' id='par_1_85' title="bbox 2628 4195 3630 4271">
     <span class='ocr_line' id='line_1_85' title="bbox 2628 4195 3630 4271; baseline -0.005 -18"><span class='ocrx_word' id='word_1_613' title='bbox 2628 4196 2857 4254; x_wconf 73' lang='lat' dir='ltr'><strong>CAPUT</strong></span> <span class='ocrx_word' id='word_1_614' title='bbox 2877 4196 3101 4256; x_wconf 77' lang='lat' dir='ltr'><strong>.xxxw</strong></span> <span class='ocrx_word' id='word_1_615' title='bbox 3126 4197 3274 4271; x_wconf 66' lang='lat' dir='ltr'><strong>[Rea</strong></span> <span class='ocrx_word' id='word_1_616' title='bbox 3303 4195 3510 4270; x_wconf 82' lang='lat' dir='ltr'><strong>XXV].</strong></span> <span class='ocrx_word' id='word_1_617' title='bbox 3561 4249 3565 4253; x_wconf 83' lang='lat'><strong>.</strong></span> <span class='ocrx_word' id='word_1_618' title='bbox 3626 4245 3630 4248; x_wconf 79' lang='lat'><strong>.</strong></span> 
     </span>
    </p>
   </div>
   <div class='ocr_carea' id='block_1_86' title="bbox 2344 4283 3864 4357">
    <p class='ocr_par' dir='ltr' id='par_1_86' title="bbox 2344 4283 3864 4357">
     <span class='ocr_line' id='line_1_86' title="bbox 2344 4283 3864 4357; baseline -0.003 -15"><span class='ocrx_word' id='word_1_619' title='bbox 2344 4287 2508 4342; x_wconf 67' lang='lat' dir='ltr'><strong>Vtilis.</strong></span> <span class='ocrx_word' id='word_1_620' title='bbox 2535 4287 2623 4341; x_wconf 86' lang='grc'><strong>16.</strong></span> <span class='ocrx_word' id='word_1_621' title='bbox 2652 4318 2723 4330; x_wconf 88' lang='grc'><strong><em>-</em></strong></span> <span class='ocrx_word' id='word_1_622' title='bbox 2763 4285 2926 4344; x_wconf 63' lang='lat' dir='ltr'><strong>Stetit,</strong></span> <span class='ocrx_word' id='word_1_623' title='bbox 2944 4286 3176 4357; x_wconf 74' lang='lat' dir='ltr'><strong>quidam,</strong></span> <span class='ocrx_word' id='word_1_624' title='bbox 3205 4286 3351 4357; x_wconf 81' lang='lat' dir='ltr'><strong>cujus</strong></span> <span class='ocrx_word' id='word_1_625' title='bbox 3381 4302 3484 4340; x_wconf 87' lang='lat' dir='ltr'><strong>non</strong></span> <span class='ocrx_word' id='word_1_626' title='bbox 3525 4283 3864 4357; x_wconf 72' lang='lat' dir='ltr'><strong>agnoscebant</strong></span> 
     </span>
    </p>
   </div>
   <div class='ocr_carea' id='block_1_87' title="bbox 2271 4381 2485 4434">
    <p class='ocr_par' dir='ltr' id='par_1_87' title="bbox 2271 4381 2485 4434">
     <span class='ocr_line' id='line_1_87' title="bbox 2271 4381 2485 4434; baseline -0.009 0"><span class='ocrx_word' id='word_1_627' title='bbox 2271 4381 2485 4434; x_wconf 86' lang='lat' dir='ltr'><strong>vultum.</strong></span> 
     </span>
    </p>
   </div>
   <div class='ocr_carea' id='block_1_88' title="bbox 2344 4455 3860 4541">
    <p class='ocr_par' dir='ltr' id='par_1_88' title="bbox 2344 4455 3860 4541">
     <span class='ocr_line' id='line_1_88' title="bbox 2344 4455 3860 4541; baseline -0.003 -17"><span class='ocrx_word' id='word_1_628' title='bbox 2344 4471 2432 4524; x_wconf 82' lang='grc'><strong>61.</strong></span> <span class='ocrx_word' id='word_1_629' title='bbox 2469 4470 2641 4528; x_wconf 75' lang='lat' dir='ltr'><strong>Homo</strong></span> <span class='ocrx_word' id='word_1_630' title='bbox 2671 4486 2763 4539; x_wconf 88' lang='lat' dir='ltr'><strong>per</strong></span> <span class='ocrx_word' id='word_1_631' title='bbox 2787 4479 3055 4540; x_wconf 82' lang='lat' dir='ltr'><strong>peccatum</strong></span> <span class='ocrx_word' id='word_1_632' title='bbox 3084 4455 3224 4527; x_wconf 80' lang='lat' dir='ltr'><strong>totus</strong></span> <span class='ocrx_word' id='word_1_633' title='bbox 3244 4471 3472 4526; x_wconf 82' lang='lat' dir='ltr'><strong>carnalis</strong></span> <span class='ocrx_word' id='word_1_634' title='bbox 3494 4471 3708 4541; x_wconf 38' lang='lat' dir='ltr'><strong>quotus,</strong></span> <span class='ocrx_word' id='word_1_635' title='bbox 3757 4484 3860 4522; x_wconf 81' lang='lat' dir='ltr'><strong>non</strong></span> 
     </span>
    </p>
   </div>
   <div class='ocr_carea' id='block_1_89' title="bbox 2271 4562 3866 4638">
    <p class='ocr_par' dir='ltr' id='par_1_89' title="bbox 2271 4562 3866 4638">
     <span class='ocr_line' id='line_1_89' title="bbox 2271 4562 3866 4638; baseline -0.003 -18"><span class='ocrx_word' id='word_1_636' title='bbox 2271 4567 2463 4638; x_wconf 87' lang='lat' dir='ltr'><strong>cogitat</strong></span> <span class='ocrx_word' id='word_1_637' title='bbox 2499 4565 2613 4622; x_wconf 86' lang='lat' dir='ltr'><strong>sine</strong></span> <span class='ocrx_word' id='word_1_638' title='bbox 2658 4563 2972 4635; x_wconf 78' lang='lat' dir='ltr'><strong>imaginibus</strong></span> <span class='ocrx_word' id='word_1_639' title='bbox 3011 4581 3306 4636; x_wconf 74' lang='lat' dir='ltr'><strong>corporum.</strong></span> <span class='ocrx_word' id='word_1_640' title='bbox 3348 4562 3449 4630; x_wconf 78' lang='lat' dir='ltr'><strong>Qui</strong></span> <span class='ocrx_word' id='word_1_641' title='bbox 3473 4565 3591 4620; x_wconf 86' lang='lat' dir='ltr'><strong>sine</strong></span> <span class='ocrx_word' id='word_1_642' title='bbox 3633 4565 3713 4618; x_wconf 81' lang='lat' dir='ltr'><strong>his</strong></span> <span class='ocrx_word' id='word_1_643' title='bbox 3747 4564 3866 4616; x_wconf 78' lang='lat' dir='ltr'><strong>ani-</strong></span> 
     </span>
    </p>
   </div>
   <div class='ocr_carea' id='block_1_90' title="bbox 2273 4655 3866 4730">
    <p class='ocr_par' dir='ltr' id='par_1_90' title="bbox 2273 4655 3866 4730">
     <span class='ocr_line' id='line_1_90' title="bbox 2273 4655 3866 4730; baseline -0.002 -17"><span class='ocrx_word' id='word_1_644' title='bbox 2273 4677 2414 4714; x_wconf 90' lang='lat' dir='ltr'><strong>mam</strong></span> <span class='ocrx_word' id='word_1_645' title='bbox 2462 4675 2641 4722; x_wconf 82' lang='lat' dir='ltr'><strong>suam,</strong></span> <span class='ocrx_word' id='word_1_646' title='bbox 2691 4675 2753 4712; x_wconf 87' lang='lat' dir='ltr'><strong>ac</strong></span> <span class='ocrx_word' id='word_1_647' title='bbox 2805 4657 2990 4712; x_wconf 78' lang='lat' dir='ltr'><strong>deinde</strong></span> <span class='ocrx_word' id='word_1_648' title='bbox 3029 4657 3194 4713; x_wconf 86' lang='lat' dir='ltr'><strong>Deum</strong></span> <span class='ocrx_word' id='word_1_649' title='bbox 3242 4658 3514 4730; x_wconf 81' lang='lat' dir='ltr'><strong>percipiat.</strong></span> <span class='ocrx_word' id='word_1_650' title='bbox 3536 4689 3610 4701; x_wconf 91' lang='lat'><strong>—</strong></span> <span class='ocrx_word' id='word_1_651' title='bbox 3635 4655 3866 4723; x_wconf 79' lang='lat' dir='ltr'><strong>Quidam</strong></span> 
     </span>
    </p>
   </div>
   <div class='ocr_carea' id='block_1_91' title="bbox 572 4712 3870 4825">
    <p class='ocr_par' dir='ltr' id='par_1_91' title="bbox 572 4712 3870 4825">
     <span class='ocr_line' id='line_1_91' title="bbox 572 4712 3870 4825; baseline -0.002 -41"><span class='ocrx_word' id='word_1_652' title='bbox 572 4733 750 4802; x_wconf 86' lang='lat' dir='ltr'><strong>primit</strong></span> <span class='ocrx_word' id='word_1_653' title='bbox 788 4740 998 4786; x_wconf 86' lang='lat' dir='ltr'><strong>terrena</strong></span> <span class='ocrx_word' id='word_1_654' title='bbox 1031 4728 1351 4795; x_wconf 29' lang='lat' dir='ltr'><strong>.inbabitatio</strong></span> <span class='ocrx_word' id='word_1_655' title='bbox 1400 4746 1607 4790; x_wconf 81' lang='lat' dir='ltr'><strong>sensum</strong></span> <span class='ocrx_word' id='word_1_656' title='bbox 1653 4731 1814 4792; x_wconf 78' lang='lat' dir='ltr'><strong>multa</strong></span> <span class='ocrx_word' id='word_1_657' title='bbox 1859 4732 2170 4802; x_wconf 85' lang='lat' dir='ltr'><strong>cogitantem</strong></span> <span class='ocrx_word' id='word_1_658' title='bbox 2198 4712 2253 4774; x_wconf 82' lang='lat' dir='ltr'><strong>D</strong></span> <span class='ocrx_word' id='word_1_659' title='bbox 2276 4712 2512 4825; x_wconf 41' lang='grc' dir='ltr'><strong>ὦώᾳυθ</strong></span> <span class='ocrx_word' id='word_1_660' title='bbox 2537 4712 2650 4809; x_wconf 50' lang='lat' dir='ltr'><strong>nm;</strong></span> <span class='ocrx_word' id='word_1_661' title='bbox 2669 4752 2920 4819; x_wconf 55' lang='lat' dir='ltr'><strong>dicimus,</strong></span> <span class='ocrx_word' id='word_1_662' title='bbox 2939 4752 3053 4809; x_wconf 22' lang='lat' dir='ltr'><strong>[nisi</strong></span> <span class='ocrx_word' id='word_1_663' title='bbox 3075 4752 3144 4808; x_wconf 66' lang='lat' dir='ltr'><strong>de</strong></span> <span class='ocrx_word' id='word_1_664' title='bbox 3171 4712 3682 4823; x_wconf 45' lang='lat' dir='ltr'><strong>eo&#39;miqlm’queu;</strong></span> <span class='ocrx_word' id='word_1_665' title='bbox 3693 4749 3870 4820; x_wconf 56' lang='lat' dir='ltr'><strong>apri,</strong></span> 
     </span>
    </p>
   </div>
   <div class='ocr_carea' id='block_1_92' title="bbox 573 4819 2171 4893">
    <p class='ocr_par' dir='ltr' id='par_1_92' title="bbox 573 4819 2171 4893">
     <span class='ocr_line' id='line_1_92' title="bbox 573 4819 2171 4893; baseline -0.001 -17"><span class='ocrx_word' id='word_1_666' title='bbox 573 4819 729 4891; x_wconf 88' lang='lat' dir='ltr'><strong>(Sap.</strong></span> <span class='ocrx_word' id='word_1_667' title='bbox 762 4839 836 4888; x_wconf 76' lang='lat' dir='ltr'><strong>ut,</strong></span> <span class='ocrx_word' id='word_1_668' title='bbox 877 4820 992 4893; x_wconf 85' lang='grc'><strong>15),</strong></span> <span class='ocrx_word' id='word_1_669' title='bbox 1024 4829 1173 4882; x_wconf 86' lang='lat' dir='ltr'><strong>recte</strong></span> <span class='ocrx_word' id='word_1_670' title='bbox 1197 4819 1449 4878; x_wconf 84' lang='lat' dir='ltr'><strong>subditur</strong></span> <span class='ocrx_word' id='word_1_671' title='bbox 1481 4838 1494 4875; x_wconf 90' lang='lat'>:</span> <span class='ocrx_word' id='word_1_672' title='bbox 1530 4819 1910 4884; x_wconf 78' lang='lat' dir='ltr'><strong>Iit/torruerunt</strong></span> <span class='ocrx_word' id='word_1_673' title='bbox 1935 4821 2030 4893; x_wconf 87' lang='lat' dir='ltr'><strong>pili</strong></span> <span class='ocrx_word' id='word_1_674' title='bbox 2058 4837 2171 4875; x_wconf 86' lang='lat' dir='ltr'><strong>car-</strong></span> 
     </span>
    </p>
   </div>
   <div class='ocr_carea' id='block_1_93' title="bbox 573 4914 1515 4974">
    <p class='ocr_par' dir='ltr' id='par_1_93' title="bbox 573 4914 1515 4974">
     <span class='ocr_line' id='line_1_93' title="bbox 573 4914 1515 4974; baseline 0.006 -8"><span class='ocrx_word' id='word_1_675' title='bbox 573 4914 656 4969; x_wconf 86' lang='lat' dir='ltr'><strong>nis</strong></span> <span class='ocrx_word' id='word_1_676' title='bbox 685 4930 829 4970; x_wconf 78' lang='lat' dir='ltr'><strong>mete.</strong></span> <span class='ocrx_word' id='word_1_677' title='bbox 1119 4945 1146 4974; x_wconf 68' lang='grc' dir='ltr'><strong>ἐν</strong></span> <span class='ocrx_word' id='word_1_678' title='bbox 1303 4965 1318 4974; x_wconf 83' lang='lat'><strong>..</strong></span> 
     </span>
    </p>
   </div>
   <div class='ocr_carea' id='block_1_94' title="bbox 644 5023 2166 5098">
    <p class='ocr_par' dir='ltr' id='par_1_94' title="bbox 644 5023 2166 5098">
     <span class='ocr_line' id='line_1_94' title="bbox 644 5023 2166 5098; baseline 0.002 -21"><span class='ocrx_word' id='word_1_679' title='bbox 644 5024 793 5097; x_wconf 58' lang='lat' dir='ltr'><strong>[Rea</strong></span> <span class='ocrx_word' id='word_1_680' title='bbox 823 5023 1067 5098; x_wconf 79' lang='lat' dir='ltr'><strong>XXIV.]</strong></span> <span class='ocrx_word' id='word_1_681' title='bbox 1099 5023 1188 5081; x_wconf 81' lang='lat'><strong>59.</strong></span> <span class='ocrx_word' id='word_1_682' title='bbox 1217 5024 1390 5082; x_wconf 79' lang='lat' dir='ltr'><strong>Nemo</strong></span> <span class='ocrx_word' id='word_1_683' title='bbox 1412 5027 1496 5081; x_wconf 84' lang='lat' dir='ltr'><strong>hic</strong></span> <span class='ocrx_word' id='word_1_684' title='bbox 1526 5027 1605 5080; x_wconf 81' lang='lat' dir='ltr'><strong>ita</strong></span> <span class='ocrx_word' id='word_1_685' title='bbox 1629 5027 1910 5098; x_wconf 78' lang='lat' dir='ltr'><strong>perfectus,</strong></span> <span class='ocrx_word' id='word_1_686' title='bbox 1946 5026 2030 5080; x_wconf 89' lang='lat' dir='ltr'><strong>cui</strong></span> <span class='ocrx_word' id='word_1_687' title='bbox 2060 5041 2166 5080; x_wconf 86' lang='lat' dir='ltr'><strong>non</strong></span> 
     </span>
    </p>
   </div>
   <div class='ocr_carea' id='block_1_95' title="bbox 571 5115 2164 5188">
    <p class='ocr_par' dir='ltr' id='par_1_95' title="bbox 571 5115 2164 5188">
     <span class='ocr_line' id='line_1_95' title="bbox 571 5115 2164 5188; baseline 0.001 -18"><span class='ocrx_word' id='word_1_688' title='bbox 571 5125 824 5170; x_wconf 84' lang='lat' dir='ltr'><strong>nascatur</strong></span> <span class='ocrx_word' id='word_1_689' title='bbox 851 5131 1054 5186; x_wconf 84' lang='lat' dir='ltr'><strong>semper</strong></span> <span class='ocrx_word' id='word_1_690' title='bbox 1073 5117 1218 5188; x_wconf 76' lang='lat' dir='ltr'><strong>quod</strong></span> <span class='ocrx_word' id='word_1_691' title='bbox 1243 5123 1593 5172; x_wconf 51' lang='grc' dir='ltr'><strong>νεικείειν-,έ-</strong></span> <span class='ocrx_word' id='word_1_692' title='bbox 1614 5115 1714 5170; x_wconf 78' lang='lat' dir='ltr'><strong>Pili</strong></span> <span class='ocrx_word' id='word_1_693' title='bbox 1743 5115 1944 5171; x_wconf 88' lang='lat' dir='ltr'><strong>etenim</strong></span> <span class='ocrx_word' id='word_1_694' title='bbox 1984 5115 2164 5171; x_wconf 89' lang='lat' dir='ltr'><strong>carnis</strong></span> 
     </span>
    </p>
   </div>
   <div class='ocr_carea' id='block_1_96' title="bbox 567 5207 2163 5280">
    <p class='ocr_par' dir='ltr' id='par_1_96' title="bbox 567 5207 2163 5280">
     <span class='ocr_line' id='line_1_96' title="bbox 567 5207 2163 5280; baseline -0.003 -14"><span class='ocrx_word' id='word_1_695' title='bbox 567 5218 697 5266; x_wconf 90' lang='lat' dir='ltr'><strong>sunt</strong></span> <span class='ocrx_word' id='word_1_696' title='bbox 740 5209 998 5280; x_wconf 70' lang='lat' dir='ltr'><strong>qumlibet</strong></span> <span class='ocrx_word' id='word_1_697' title='bbox 1033 5209 1304 5280; x_wconf 80' lang='lat' dir='ltr'><strong>superﬂua</strong></span> <span class='ocrx_word' id='word_1_698' title='bbox 1351 5209 1598 5264; x_wconf 64' lang='lat' dir='ltr'><strong>humanae</strong></span> <span class='ocrx_word' id='word_1_699' title='bbox 1644 5207 2030 5278; x_wconf 86' lang='lat' dir='ltr'><strong>corruptionis.</strong></span> <span class='ocrx_word' id='word_1_700' title='bbox 2063 5207 2163 5263; x_wconf 85' lang='lat' dir='ltr'><strong>Pili</strong></span> 
     </span>
    </p>
   </div>
   <div class='ocr_carea' id='block_1_97' title="bbox 563 5300 2161 5370">
    <p class='ocr_par' dir='ltr' id='par_1_97' title="bbox 563 5300 2161 5370">
     <span class='ocr_line' id='line_1_97' title="bbox 563 5300 2161 5370; baseline -0.003 -11"><span class='ocrx_word' id='word_1_701' title='bbox 563 5303 743 5359; x_wconf 89' lang='lat' dir='ltr'><strong>carnis</strong></span> <span class='ocrx_word' id='word_1_702' title='bbox 799 5301 1094 5357; x_wconf 70' lang='lat' dir='ltr'><strong>suut~vitaa</strong></span> <span class='ocrx_word' id='word_1_703' title='bbox 1134 5301 1337 5359; x_wconf 80' lang='lat' dir='ltr'><strong>veteris</strong></span> <span class='ocrx_word' id='word_1_704' title='bbox 1374 5300 1764 5369; x_wconf 84' lang='lat' dir='ltr'><strong>cogitationes,</strong></span> <span class='ocrx_word' id='word_1_705' title='bbox 1811 5314 1948 5370; x_wconf 84' lang='lat' dir='ltr'><strong>quas</strong></span> <span class='ocrx_word' id='word_1_706' title='bbox 1997 5300 2076 5356; x_wconf 89' lang='lat' dir='ltr'><strong>sic</strong></span> <span class='ocrx_word' id='word_1_707' title='bbox 2129 5315 2161 5354; x_wconf 90' lang='lat' dir='ltr'><strong>a</strong></span> 
     </span>
    </p>
   </div>
   <div class='ocr_carea' id='block_1_98' title="bbox 564 5392 2160 5464">
    <p class='ocr_par' dir='ltr' id='par_1_98' title="bbox 564 5392 2160 5464">
     <span class='ocr_line' id='line_1_98' title="bbox 564 5392 2160 5464; baseline -0.003 -11"><span class='ocrx_word' id='word_1_708' title='bbox 564 5408 746 5454; x_wconf 90' lang='lat' dir='ltr'><strong>mente</strong></span> <span class='ocrx_word' id='word_1_709' title='bbox 793 5397 1102 5464; x_wconf 75' lang='lat' dir='ltr'><strong>incidimus,</strong></span> <span class='ocrx_word' id='word_1_710' title='bbox 1133 5405 1197 5452; x_wconf 84' lang='lat' dir='ltr'><strong>ut</strong></span> <span class='ocrx_word' id='word_1_711' title='bbox 1211 5396 1293 5452; x_wconf 59' lang='lat' dir='ltr'><strong>«te</strong></span> <span class='ocrx_word' id='word_1_712' title='bbox 1320 5395 1610 5450; x_wconf 82' lang='lat' dir='ltr'><strong>amissione</strong></span> <span class='ocrx_word' id='word_1_713' title='bbox 1637 5407 1842 5449; x_wconf 47' lang='lat' dir='ltr'><strong>earum.</strong></span> <span class='ocrx_word' id='word_1_714' title='bbox 1871 5393 2019 5452; x_wconf 88' lang='lat' dir='ltr'><strong>nullo</strong></span> <span class='ocrx_word' id='word_1_715' title='bbox 2063 5392 2160 5449; x_wconf 89' lang='lat' dir='ltr'><strong>do-</strong></span> 
     </span>
    </p>
   </div>
   <div class='ocr_carea' id='block_1_99' title="bbox 561 5483 2154 5559">
    <p class='ocr_par' dir='ltr' id='par_1_99' title="bbox 561 5483 2154 5559">
     <span class='ocr_line' id='line_1_99' title="bbox 561 5483 2154 5559; baseline -0.003 -15"><span class='ocrx_word' id='word_1_716' title='bbox 561 5488 680 5546; x_wconf 87' lang='lat' dir='ltr'><strong>lore</strong></span> <span class='ocrx_word' id='word_1_717' title='bbox 731 5489 1222 5559; x_wconf 72' lang='lat' dir='ltr'><strong>fatigemurr-Bene</strong></span> <span class='ocrx_word' id='word_1_718' title='bbox 1255 5494 1444 5542; x_wconf 74' lang='lat' dir='ltr'><strong>autem</strong></span> <span class='ocrx_word' id='word_1_719' title='bbox 1493 5499 1592 5555; x_wconf 83' lang='lat' dir='ltr'><strong>per</strong></span> <span class='ocrx_word' id='word_1_720' title='bbox 1638 5483 2154 5556; x_wconf 13' lang='lat' dir='ltr'><strong>Moysearadieitur:</strong></span> 
     </span>
    </p>
   </div>
   <div class='ocr_carea' id='block_1_100' title="bbox 562 5577 2151 5658">
    <p class='ocr_par' dir='ltr' id='par_1_100' title="bbox 562 5577 2151 5658">
     <span class='ocr_line' id='line_1_100' title="bbox 562 5577 2151 5658; baseline -0.002 -20"><span class='ocrx_word' id='word_1_721' title='bbox 562 5580 757 5640; x_wconf 71' lang='lat' dir='ltr'><strong>Levita</strong></span> <span class='ocrx_word' id='word_1_722' title='bbox 785 5585 1181 5638; x_wconf 52' lang='lat' dir='ltr'><strong>radunt-omnes</strong></span> <span class='ocrx_word' id='word_1_723' title='bbox 1207 5581 1342 5650; x_wconf 84' lang='lat' dir='ltr'><strong>pilas</strong></span> <span class='ocrx_word' id='word_1_724' title='bbox 1361 5581 1535 5634; x_wconf 81' lang='lat' dir='ltr'><strong>carnis</strong></span> <span class='ocrx_word' id='word_1_725' title='bbox 1579 5595 1687 5634; x_wconf 69' lang='lat' dir='ltr'><strong>sum</strong></span> <span class='ocrx_word' id='word_1_726' title='bbox 1715 5577 1902 5649; x_wconf 80' lang='lat' dir='ltr'><strong>(Nam.</strong></span> <span class='ocrx_word' id='word_1_727' title='bbox 1933 5596 2046 5645; x_wconf 79' lang='lat' dir='ltr'><strong>vni,</strong></span> <span class='ocrx_word' id='word_1_728' title='bbox 2066 5580 2151 5658; x_wconf 88' lang='lat'><strong>_7).</strong></span> 
     </span>
    </p>
   </div>
   <div class='ocr_carea' id='block_1_101' title="bbox 562 5673 2151 5748">
    <p class='ocr_par' dir='ltr' id='par_1_101' title="bbox 562 5673 2151 5748">
     <span class='ocr_line' id='line_1_101' title="bbox 562 5673 2151 5748; baseline -0.001 -14"><span class='ocrx_word' id='word_1_729' title='bbox 562 5673 750 5734; x_wconf 79' lang='lat' dir='ltr'><strong>Levita</strong></span> <span class='ocrx_word' id='word_1_730' title='bbox 785 5677 990 5748; x_wconf 83' lang='lat' dir='ltr'><strong>quippe</strong></span> <span class='ocrx_word' id='word_1_731' title='bbox 1015 5679 1328 5746; x_wconf 74' lang='lat' dir='ltr'><strong>assumptus</strong></span> <span class='ocrx_word' id='word_1_732' title='bbox 1357 5681 1599 5730; x_wconf 86' lang='lat' dir='ltr'><strong>vocatur.</strong></span> <span class='ocrx_word' id='word_1_733' title='bbox 1641 5673 1868 5745; x_wconf 84' lang='lat' dir='ltr'><strong>Oportet</strong></span> <span class='ocrx_word' id='word_1_734' title='bbox 1893 5687 2022 5745; x_wconf 85' lang='lat' dir='ltr'><strong>ergo</strong></span> <span class='ocrx_word' id='word_1_735' title='bbox 2042 5673 2151 5732; x_wconf 85' lang='lat' dir='ltr'><strong>Le-</strong></span> 
     </span>
    </p>
   </div>
   <div class='ocr_carea' id='block_1_102' title="bbox 634 5815 2016 5904">
    <p class='ocr_par' dir='ltr' id='par_1_102' title="bbox 634 5815 2016 5904">
     <span class='ocr_line' id='line_1_102' title="bbox 634 5815 2016 5904; baseline -0.041 -12"><span class='ocrx_word' id='word_1_736' title='bbox 634 5815 1755 5904; x_wconf 43' lang='grc' dir='ltr'><strong>Ψϐὸηιῃθηᾶἰρἰὒὸῴ.(ἴθι-ὶιιιίιξῆηάίωῖ</strong></span> <span class='ocrx_word' id='word_1_737' title='bbox 1801 5821 1832 5840; x_wconf 75' lang='grc'><strong>.,</strong></span> <span class='ocrx_word' id='word_1_738' title='bbox 1904 5822 1911 5836; x_wconf 77' lang='grc'><strong><em>,</em></strong></span> <span class='ocrx_word' id='word_1_739' title='bbox 2010 5827 2016 5836; x_wconf 90' lang='grc'><strong>.</strong></span> 
     </span>
    </p>
   </div>
   <div class='ocr_carea' id='block_1_103' title="bbox 626 5902 2149 5976">
    <p class='ocr_par' dir='ltr' id='par_1_103' title="bbox 626 5902 2149 5976">
     <span class='ocr_line' id='line_1_103' title="bbox 626 5902 2149 5976; baseline 0 -19"><span class='ocrx_word' id='word_1_740' title='bbox 626 5903 655 5942; x_wconf 69' lang='grc' dir='ltr'><strong>ι)</strong></span> <span class='ocrx_word' id='word_1_741' title='bbox 685 5904 763 5957; x_wconf 81' lang='lat' dir='ltr'><strong>Ita</strong></span> <span class='ocrx_word' id='word_1_742' title='bbox 809 5902 932 5976; x_wconf 65' lang='lat' dir='ltr'><strong>Mss.</strong></span> <span class='ocrx_word' id='word_1_743' title='bbox 983 5903 1146 5976; x_wconf 68' lang='lat' dir='ltr'><strong>garb.</strong></span> <span class='ocrx_word' id='word_1_744' title='bbox 1179 5902 1390 5976; x_wconf 55' lang='lat' dir='ltr'><strong>Germ.</strong></span> <span class='ocrx_word' id='word_1_745' title='bbox 1423 5902 1476 5957; x_wconf 85' lang='lat' dir='ltr'><strong>et</strong></span> <span class='ocrx_word' id='word_1_746' title='bbox 1498 5902 1802 5976; x_wconf 71' lang='lat' dir='ltr'><strong>__Nnrtn&#39;au‘.,</strong></span> <span class='ocrx_word' id='word_1_747' title='bbox 1850 5904 1999 5976; x_wconf 84' lang='lat' dir='ltr'><strong>quasi</strong></span> <span class='ocrx_word' id='word_1_748' title='bbox 2027 5903 2149 5974; x_wconf 90' lang='lat' dir='ltr'><strong>pilis</strong></span> 
     </span>
    </p>
   </div>
   <div class='ocr_carea' id='block_1_104' title="bbox 562 5967 1951 6045">
    <p class='ocr_par' dir='ltr' id='par_1_104' title="bbox 562 5967 1951 6045">
     <span class='ocr_line' id='line_1_104' title="bbox 562 5967 1951 6045; baseline -0.006 -15"><span class='ocrx_word' id='word_1_749' title='bbox 562 5973 949 6045; x_wconf 76' lang='lat' dir='ltr'><strong>fruticantibus.</strong></span> <span class='ocrx_word' id='word_1_750' title='bbox 981 5967 1622 6044; x_wconf 70' lang='lat' dir='ltr'><strong>Editi,fru‘ctiﬁcantibus.</strong></span> <span class='ocrx_word' id='word_1_751' title='bbox 1783 5967 1798 5996; x_wconf 43' lang='grc' dir='ltr'>Γ</span> <span class='ocrx_word' id='word_1_752' title='bbox 1863 5967 1874 5976; x_wconf 78' lang='grc'>⁷</span> <span class='ocrx_word' id='word_1_753' title='bbox 1947 5999 1951 6002; x_wconf 85' lang='lat'><strong>~</strong></span> 
     </span>
    </p>
   </div>
   <div class='ocr_carea' id='block_1_105' title="bbox 2274 4841 3871 4914">
    <p class='ocr_par' dir='ltr' id='par_1_105' title="bbox 2274 4841 3871 4914">
     <span class='ocr_line' id='line_1_105' title="bbox 2274 4841 3871 4914; baseline -0.005 -12"><span class='ocrx_word' id='word_1_754' title='bbox 2274 4863 2424 4903; x_wconf 87' lang='lat' dir='ltr'><strong>mere</strong></span> <span class='ocrx_word' id='word_1_755' title='bbox 2451 4855 2546 4902; x_wconf 91' lang='lat' dir='ltr'><strong>aut</strong></span> <span class='ocrx_word' id='word_1_756' title='bbox 2572 4845 2842 4914; x_wconf 78' lang='lat' dir='ltr'><strong>nolumus,</strong></span> <span class='ocrx_word' id='word_1_757' title='bbox 2865 4855 3094 4901; x_wconf 74' lang='lat' dir='ltr'><strong>ant-non</strong></span> <span class='ocrx_word' id='word_1_758' title='bbox 3118 4844 3381 4904; x_wconf 85' lang='lat' dir='ltr'><strong>valemus.</strong></span> <span class='ocrx_word' id='word_1_759' title='bbox 3400 4841 3648 4912; x_wconf 54' lang='lat' dir='ltr'><strong>Sediqua</strong></span> <span class='ocrx_word' id='word_1_760' title='bbox 3685 4850 3871 4898; x_wconf 83' lang='lat' dir='ltr'><strong>mente</strong></span> 
     </span>
    </p>
   </div>
   <div class='ocr_carea' id='block_1_106' title="bbox 2271 4933 3872 5006">
    <p class='ocr_par' dir='ltr' id='par_1_106' title="bbox 2271 4933 3872 5006">
     <span class='ocr_line' id='line_1_106' title="bbox 2271 4933 3872 5006; baseline -0.006 -12"><span class='ocrx_word' id='word_1_761' title='bbox 2271 4939 2378 4994; x_wconf 90' lang='lat' dir='ltr'><strong>hoc</strong></span> <span class='ocrx_word' id='word_1_762' title='bbox 2427 4938 2548 4992; x_wconf 91' lang='lat' dir='ltr'><strong>loco</strong></span> <span class='ocrx_word' id='word_1_763' title='bbox 2576 4936 2773 4993; x_wconf 87' lang='lat' dir='ltr'><strong>dicitur</strong></span> <span class='ocrx_word' id='word_1_764' title='bbox 2799 4935 3042 5006; x_wconf 80' lang='lat' dir='ltr'><strong>quidam,</strong></span> <span class='ocrx_word' id='word_1_765' title='bbox 3091 4934 3344 4991; x_wconf 88' lang='lat' dir='ltr'><strong>videlicet</strong></span> <span class='ocrx_word' id='word_1_766' title='bbox 3385 4933 3697 5004; x_wconf 74' lang='lat' dir='ltr'><strong>exponitur,</strong></span> <span class='ocrx_word' id='word_1_767' title='bbox 3741 4945 3872 4986; x_wconf 86' lang='lat' dir='ltr'><strong>cum</strong></span> 
     </span>
    </p>
   </div>
   <div class='ocr_carea' id='block_1_107' title="bbox 2271 5020 3868 5096">
    <p class='ocr_par' dir='ltr' id='par_1_107' title="bbox 2271 5020 3868 5096">
     <span class='ocr_line' id='line_1_107' title="bbox 2271 5020 3868 5096; baseline -0.003 -14"><span class='ocrx_word' id='word_1_768' title='bbox 2271 5027 2519 5096; x_wconf 88' lang='lat' dir='ltr'><strong>protinus</strong></span> <span class='ocrx_word' id='word_1_769' title='bbox 2545 5022 2874 5084; x_wconf 81' lang='lat' dir='ltr'><strong>subinfertur</strong></span> <span class='ocrx_word' id='word_1_770' title='bbox 2905 5041 2919 5078; x_wconf 86' lang='lat'><strong>:</strong></span> <span class='ocrx_word' id='word_1_771' title='bbox 2955 5022 3117 5094; x_wconf 76' lang='lat' dir='ltr'><strong>Cujus</strong></span> <span class='ocrx_word' id='word_1_772' title='bbox 3145 5020 3618 5095; x_wconf 75' lang='lat' dir='ltr'><strong>nonagnoscebam</strong></span> <span class='ocrx_word' id='word_1_773' title='bbox 3648 5020 3868 5077; x_wconf 70' lang='lat' dir='ltr'><strong>vultum.</strong></span> 
     </span>
    </p>
   </div>
   <div class='ocr_carea' id='block_1_108' title="bbox 2269 5113 3867 5187">
    <p class='ocr_par' dir='ltr' id='par_1_108' title="bbox 2269 5113 3867 5187">
     <span class='ocr_line' id='line_1_108' title="bbox 2269 5113 3867 5187; baseline -0.003 -16"><span class='ocrx_word' id='word_1_774' title='bbox 2269 5115 2516 5174; x_wconf 82' lang='lat' dir='ltr'><strong>Humana</strong></span> <span class='ocrx_word' id='word_1_775' title='bbox 2545 5116 2747 5187; x_wconf 90' lang='lat' dir='ltr'><strong>quippe</strong></span> <span class='ocrx_word' id='word_1_776' title='bbox 2773 5114 2978 5183; x_wconf 85' lang='lat' dir='ltr'><strong>anima,</strong></span> <span class='ocrx_word' id='word_1_777' title='bbox 3004 5115 3305 5185; x_wconf 86' lang='lat' dir='ltr'><strong>primorum</strong></span> <span class='ocrx_word' id='word_1_778' title='bbox 3346 5115 3625 5176; x_wconf 89' lang='lat' dir='ltr'><strong>hominum</strong></span> <span class='ocrx_word' id='word_1_779' title='bbox 3655 5113 3790 5168; x_wconf 87' lang='lat' dir='ltr'><strong>vitio</strong></span> <span class='ocrx_word' id='word_1_780' title='bbox 3835 5127 3867 5167; x_wconf 92' lang='lat' dir='ltr'><strong>a</strong></span> 
     </span>
    </p>
   </div>
   <div class='ocr_carea' id='block_1_109' title="bbox 2268 5206 3864 5284">
    <p class='ocr_par' dir='ltr' id='par_1_109' title="bbox 2268 5206 3864 5284">
     <span class='ocr_line' id='line_1_109' title="bbox 2268 5206 3864 5284; baseline -0.006 -16"><span class='ocrx_word' id='word_1_781' title='bbox 2268 5211 2503 5284; x_wconf 87' lang='lat' dir='ltr'><strong>paradisi</strong></span> <span class='ocrx_word' id='word_1_782' title='bbox 2527 5207 2738 5280; x_wconf 87' lang='lat' dir='ltr'><strong>gaudiis</strong></span> <span class='ocrx_word' id='word_1_783' title='bbox 2764 5207 3012 5277; x_wconf 67' lang='lat' dir='ltr'><strong>espulsa,</strong></span> <span class='ocrx_word' id='word_1_784' title='bbox 3041 5210 3216 5262; x_wconf 90' lang='lat' dir='ltr'><strong>lucem</strong></span> <span class='ocrx_word' id='word_1_785' title='bbox 3239 5206 3864 5276; x_wconf 80' lang='lat' dir='ltr'><strong>invisibiiiumperdidit,</strong></span> 
     </span>
    </p>
   </div>
   <div class='ocr_carea' id='block_1_110' title="bbox 2227 5297 3869 5366">
    <p class='ocr_par' dir='ltr' id='par_1_110' title="bbox 2227 5297 3869 5366">
     <span class='ocr_line' id='line_1_110' title="bbox 2227 5297 3869 5366; baseline -0.006 -6"><span class='ocrx_word' id='word_1_786' title='bbox 2227 5339 2230 5354; x_wconf 79' lang='grc' dir='ltr'>ι</span> <span class='ocrx_word' id='word_1_787' title='bbox 2265 5313 2322 5360; x_wconf 89' lang='lat' dir='ltr'><strong>et</strong></span> <span class='ocrx_word' id='word_1_788' title='bbox 2349 5313 2518 5360; x_wconf 85' lang='lat' dir='ltr'><strong>totam</strong></span> <span class='ocrx_word' id='word_1_789' title='bbox 2545 5317 2605 5360; x_wconf 87' lang='lat' dir='ltr'><strong>se</strong></span> <span class='ocrx_word' id='word_1_790' title='bbox 2633 5301 2687 5357; x_wconf 90' lang='lat' dir='ltr'><strong>in</strong></span> <span class='ocrx_word' id='word_1_791' title='bbox 2710 5314 2954 5358; x_wconf 89' lang='lat' dir='ltr'><strong>amorem</strong></span> <span class='ocrx_word' id='word_1_792' title='bbox 2985 5299 3269 5355; x_wconf 85' lang='lat' dir='ltr'><strong>visibilium</strong></span> <span class='ocrx_word' id='word_1_793' title='bbox 3303 5299 3465 5363; x_wconf 82' lang='lat' dir='ltr'><strong>tudit;</strong></span> <span class='ocrx_word' id='word_1_794' title='bbox 3493 5306 3753 5366; x_wconf 66' lang='lat' dir='ltr'><strong>tantoque</strong></span> <span class='ocrx_word' id='word_1_795' title='bbox 3797 5297 3869 5350; x_wconf 80' lang='lat' dir='ltr'><strong>ab</strong></span> 
     </span>
    </p>
   </div>
   <div class='ocr_carea' id='block_1_111' title="bbox 2261 5390 3868 5468">
    <p class='ocr_par' dir='ltr' id='par_1_111' title="bbox 2261 5390 3868 5468">
     <span class='ocr_line' id='line_1_111' title="bbox 2261 5390 3868 5468; baseline -0.007 -17"><span class='ocrx_word' id='word_1_796' title='bbox 2261 5398 2473 5454; x_wconf 83' lang='lat' dir='ltr'><strong>interna</strong></span> <span class='ocrx_word' id='word_1_797' title='bbox 2501 5395 3102 5468; x_wconf 49' lang='lat' dir='ltr'><strong>speculatione,.cazcata</strong></span> <span class='ocrx_word' id='word_1_798' title='bbox 3125 5400 3230 5457; x_wconf 75' lang='lat' dir='ltr'><strong>est,</strong></span> <span class='ocrx_word' id='word_1_799' title='bbox 3253 5400 3468 5462; x_wconf 86' lang='lat' dir='ltr'><strong>quanto</strong></span> <span class='ocrx_word' id='word_1_800' title='bbox 3501 5391 3646 5446; x_wconf 87' lang='lat' dir='ltr'><strong>foras</strong></span> <span class='ocrx_word' id='word_1_801' title='bbox 3683 5390 3868 5443; x_wconf 81' lang='lat' dir='ltr'><strong>defor-</strong></span> 
     </span>
    </p>
   </div>
   <div class='ocr_carea' id='block_1_112' title="bbox 2225 5479 3873 5558">
    <p class='ocr_par' dir='ltr' id='par_1_112' title="bbox 2225 5479 3873 5558">
     <span class='ocr_line' id='line_1_112' title="bbox 2225 5479 3873 5558; baseline -0.008 -13"><span class='ocrx_word' id='word_1_802' title='bbox 2225 5533 2232 5536; x_wconf 89' lang='lat'><strong>.</strong></span> <span class='ocrx_word' id='word_1_803' title='bbox 2261 5489 2422 5546; x_wconf 88' lang='lat' dir='ltr'><strong>miter</strong></span> <span class='ocrx_word' id='word_1_804' title='bbox 2447 5501 2633 5558; x_wconf 76' lang='lat' dir='ltr'><strong>Sparsa</strong></span> <span class='ocrx_word' id='word_1_805' title='bbox 2653 5502 2692 5552; x_wconf 55' lang='grc'><strong>;,</strong></span> <span class='ocrx_word' id='word_1_806' title='bbox 2721 5483 2870 5544; x_wconf 81' lang='lat' dir='ltr'><strong>unde</strong></span> <span class='ocrx_word' id='word_1_807' title='bbox 2899 5481 2959 5538; x_wconf 86' lang='lat' dir='ltr'><strong>iit</strong></span> <span class='ocrx_word' id='word_1_808' title='bbox 2984 5491 3044 5537; x_wconf 86' lang='lat' dir='ltr'><strong>ut</strong></span> <span class='ocrx_word' id='word_1_809' title='bbox 3063 5481 3216 5537; x_wconf 83' lang='lat' dir='ltr'><strong>nulla</strong></span> <span class='ocrx_word' id='word_1_810' title='bbox 3245 5481 3457 5552; x_wconf 77' lang='lat' dir='ltr'><strong>noverit</strong></span> <span class='ocrx_word' id='word_1_811' title='bbox 3485 5479 3608 5546; x_wconf 73' lang='lat' dir='ltr'><strong>nisi,</strong></span> <span class='ocrx_word' id='word_1_812' title='bbox 3632 5493 3698 5534; x_wconf 88' lang='lat' dir='ltr'><strong>ea</strong></span> <span class='ocrx_word' id='word_1_813' title='bbox 3719 5543 3722 5546; x_wconf 31' lang='grc'>,</span> <span class='ocrx_word' id='word_1_814' title='bbox 3741 5493 3873 5547; x_wconf 66' lang='lat' dir='ltr'><strong>quae</strong></span> 
     </span>
    </p>
   </div>
   <div class='ocr_carea' id='block_1_113' title="bbox 2259 5567 3871 5650">
    <p class='ocr_par' dir='ltr' id='par_1_113' title="bbox 2259 5567 3871 5650">
     <span class='ocr_line' id='line_1_113' title="bbox 2259 5567 3871 5650; baseline -0.009 -15"><span class='ocrx_word' id='word_1_815' title='bbox 2259 5578 2537 5650; x_wconf 85' lang='lat' dir='ltr'><strong>corporeis</strong></span> <span class='ocrx_word' id='word_1_816' title='bbox 2577 5574 2860 5641; x_wconf 71' lang='lat' dir='ltr'><strong>oculis,,ut</strong></span> <span class='ocrx_word' id='word_1_817' title='bbox 2883 5573 2959 5628; x_wconf 82' lang='lat' dir='ltr'><strong>ita</strong></span> <span class='ocrx_word' id='word_1_818' title='bbox 2986 5571 3234 5646; x_wconf 59' lang='lat' dir='ltr'><strong>dixerim,</strong></span> <span class='ocrx_word' id='word_1_819' title='bbox 3269 5569 3537 5642; x_wconf 80' lang='lat' dir='ltr'><strong>palpando</strong></span> <span class='ocrx_word' id='word_1_820' title='bbox 3561 5567 3871 5640; x_wconf 72' lang='lat' dir='ltr'><strong>cognoscit.</strong></span> 
     </span>
    </p>
   </div>
   <div class='ocr_carea' id='block_1_114' title="bbox 2260 5659 3865 5740">
    <p class='ocr_par' dir='ltr' id='par_1_114' title="bbox 2260 5659 3865 5740">
     <span class='ocr_line' id='line_1_114' title="bbox 2260 5659 3865 5740; baseline -0.011 -12"><span class='ocrx_word' id='word_1_821' title='bbox 2260 5671 2435 5730; x_wconf 88' lang='lat' dir='ltr'><strong>Homo</strong></span> <span class='ocrx_word' id='word_1_822' title='bbox 2482 5668 2647 5737; x_wconf 88' lang='lat' dir='ltr'><strong>enim,</strong></span> <span class='ocrx_word' id='word_1_823' title='bbox 2686 5667 2779 5739; x_wconf 90' lang='lat' dir='ltr'><strong>qui</strong></span> <span class='ocrx_word' id='word_1_824' title='bbox 2828 5665 2875 5724; x_wconf 86' lang='lat' dir='ltr'><strong>si</strong></span> <span class='ocrx_word' id='word_1_825' title='bbox 2921 5673 3252 5740; x_wconf 63' lang='lat' dir='ltr'><strong>praeceptum</strong></span> <span class='ocrx_word' id='word_1_826' title='bbox 3307 5675 3529 5736; x_wconf 63' lang='lat' dir='ltr'><strong>servare</strong></span> <span class='ocrx_word' id='word_1_827' title='bbox 3571 5659 3865 5733; x_wconf 69' lang='lat' dir='ltr'><strong>voluisset,</strong></span> 
     </span>
    </p>
   </div>
   <div class='ocr_carea' id='block_1_115' title="bbox 2253 5812 3876 5905">
    <p class='ocr_par' dir='ltr' id='par_1_115' title="bbox 2253 5812 3876 5905">
     <span class='ocr_line' id='line_1_115' title="bbox 2253 5812 3876 5905; baseline -0.003 -21"><span class='ocrx_word' id='word_1_828' title='bbox 2253 5841 2255 5844; x_wconf 69' lang='lat'><em>‘</em></span> <span class='ocrx_word' id='word_1_829' title='bbox 2337 5839 2362 5870; x_wconf 69' lang='grc' dir='ltr'><strong>α</strong></span> <span class='ocrx_word' id='word_1_830' title='bbox 2391 5828 2470 5884; x_wconf 84' lang='lat' dir='ltr'><strong>Ita</strong></span> <span class='ocrx_word' id='word_1_831' title='bbox 2509 5842 2699 5905; x_wconf 86' lang='lat' dir='ltr'><strong>omnes</strong></span> <span class='ocrx_word' id='word_1_832' title='bbox 2745 5827 2872 5884; x_wconf 87' lang='lat' dir='ltr'><strong>Mss.</strong></span> <span class='ocrx_word' id='word_1_833' title='bbox 2914 5812 3216 5884; x_wconf 80' lang='lat' dir='ltr'><strong>nostri.&quot;ln</strong></span> <span class='ocrx_word' id='word_1_834' title='bbox 3243 5824 3404 5884; x_wconf 85' lang='lat' dir='ltr'><strong>editis</strong></span> <span class='ocrx_word' id='word_1_835' title='bbox 3440 5823 3564 5896; x_wconf 82' lang='lat' dir='ltr'><strong>lego</strong></span> <span class='ocrx_word' id='word_1_836' title='bbox 3611 5819 3876 5893; x_wconf 65' lang='lat' dir='ltr'><strong>antistans</strong></span> 
     </span>
    </p>
   </div>
   <div class='ocr_carea' id='block_1_116' title="bbox 2261 5908 2504 5957">
    <p class='ocr_par' dir='ltr' id='par_1_116' title="bbox 2261 5908 2504 5957">
     <span class='ocr_line' id='line_1_116' title="bbox 2261 5908 2504 5957; baseline -0.008 0"><span class='ocrx_word' id='word_1_837' title='bbox 2261 5908 2504 5957; x_wconf 83' lang='lat' dir='ltr'><strong>mentem.</strong></span> 
     </span>
    </p>
   </div>
  </div>
