4180 6532
353 528 452 583 715

1285 523 1643 581 MORALIUM
1683 521 1812 577 LIB.
1859 512 1922 574 ν.
1950 540 2019 559 -ι
2052 514 2113 571 ΙΝ
2155 516 2305 571 CAP.
2347 516 2412 570 IV
2456 515 2515 568 Β.
2556 514 2673 570 .IOB

3527 510 3626 567 714

349 641 512 695 etiam
543 653 709 695 carne
756 628 1011 711 spiritalis
1051 637 1260 693 futurus
1287 646 1433 703 erat,
1466 635 1739 708 peccando
1770 634 1941 688 factus
1968 632 2018 691 A
2046 632 2417 697 perseverant.
2440 627 2596 683 Stare
2640 642 2787 695 ergo,
2840 628 3006 683 solius
3062 625 3325 681 creatoris
3370 634 3483 691 est,
3534 642 3635 695 per

347 738 430 783 est
458 728 621 783 etiam
650 738 832 783 mente
852 727 1088 784 carnalis
1109 736 1168 782 ut
1188 727 1304 783 sola
1330 727 1552 796 cogitet,
1583 740 1701 796 quze
1730 724 1796 778 ad
1824 722 1941 776 ani-

349 833 493 873 mum
544 834 643 888 per
670 819 929 886 imagines
954 832 1240 887 corporum
1273 817 1454 871 trahit.
1487 815 1695 883 Corpus
1741 814 1942 882 quippe

349 915 434 961 est
460 906 606 971 cmli,
639 914 814 973 terrm,
844 922 1101 976 aquarum
1123 950 1138 973 ,
1160 906 1491 971 animalium,
1521 912 1941 971 cunctarumque

349 1011 531 1051 rerum
588 995 917 1065 visibilium,
967 1012 1103 1066 quas
1149 996 1514 1051 indesinenter
1571 996 1831 1058 intuetur,
1886 992 1940 1046 in

350 1087 543 1157 quibus
588 1086 715 1142 dum
768 1094 936 1141 totam
983 1102 1042 1141 se
1076 1086 1344 1142 delectata
1389 1100 1541 1140 mens
1588 1083 1832 1155 projicit,
1874 1081 1941 1136 ab

351 1181 574 1235 internae
620 1179 988 1248 intelligentiae
1040 1179 1337 1234 subtilitate
1365 1176 1690 1246 grossescit;
1723 1186 1779 1229 et
1816 1175 1941 1243 quia

348 1272 458 1343 jam
488 1273 695 1342 erigere
736 1272 802 1326 ad
846 1286 1054 1327 summa
1092 1287 1152 1325 se
1180 1286 1288 1325 non
1317 1270 1491 1333 valet,
1524 1269 1575 1321 in
1620 1267 1701 1321 his
1732 1267 1942 1321 inlirma

351 1362 581 1416 libenter
621 1361 789 1429 jacet.
820 1358 957 1416 Cum
1016 1375 1145 1415 vero
1193 1358 1344 1413 miris
1397 1357 1683 1412 conatibus
1736 1357 1804 1410 ab
1860 1356 1945 1410 his

351 1467 642 1522 exsurgere
696 1453 906 1519 nititur,
949 1466 1204 1521 magnum
1250 1450 1406 1504 valde
1452 1457 1555 1513 est,
1587 1447 1630 1501 si
1675 1446 1742 1500 ad
1769 1446 1946 1515 cogni-

351 1547 558 1603 tionem
585 1562 763 1615 suam,
794 1560 1041 1616 repressa
1068 1543 1339 1613 corporali
1382 1542 1581 1611 specie,
1614 1541 1792 1594 anima
1822 1552 1946 1608 per-

351 1638 614 1705 ducatur;
646 1648 705 1693 ut
733 1639 1077 1708 semetipsam
1104 1636 1219 1691 sine
1248 1649 1509 1704 corporea
1541 1632 1773 1700 imagine
1798 1630 1945 1697 cogi-

352 1735 452 1796 tet,
484 1737 540 1784 et
559 1726 848 1797 cogitando
878 1743 956 1791 se,
988 1728 1131 1781 viam
1162 1726 1263 1780 sibi
1296 1739 1467 1793 usque
1496 1723 1565 1777 ad
1592 1722 1944 1778 consideran-

353 1818 474 1872 dam
500 1819 819 1874 mternitatis
848 1818 1207 1874 substantiam
1237 1825 1409 1887 paret.

428 1931 572 2004 [Vet.
622 1930 833 2002 XXV.]
864 1931 950 1986 62.
989 1933 1183 1986 Anima
1220 1936 1451 1984 humana
1510 1937 1758 2001 quantum
1803 1944 1835 1980 α
1862 1928 1946 1981 di-

2040 734 2199 788 quem
2228 727 2417 775 cuncta
2446 735 2551 774 non
2597 729 2961 775 transeuntem
3016 729 3317 783 transeunt,
3346 728 3400 772 et
3444 719 3495 772 in
3524 732 3632 787 quo

2042 810 2240 879 aliqua,
2270 825 2337 864 ne
2366 817 2663 876 transeant,
2698 812 3018 866 retinentur.
3046 809 3202 864 Unde
3229 818 3283 865 et
3307 809 3637 879 Redemptor

2042 910 2245 967 noster,
2273 902 2398 971 quia
2429 901 2727 956 divinitatis
2755 902 2870 970 ejus
2908 911 3080 956 status
3125 903 3245 971 capi
3292 902 3357 955 ab
3405 901 3635 955 humana

2043 1002 2224 1049 mente
2255 1009 2363 1051 non
2390 993 2584 1064 potuit,
2615 995 2758 1050 hunc
2784 996 2939 1049 nobis
2979 994 3045 1049 ad
3080 1010 3178 1049 nos
3210 996 3453 1062 veniens,
3482 1011 3639 1049 crea-

2044 1094 2153 1153 tus,
2184 1096 2361 1151 natus,
2395 1094 2660 1150 mortuus,
2711 1088 2971 1156 sepultus,
3020 1102 3328 1156 resurgens,
3362 1096 3525 1155 atque
3573 1090 3642 1139 at

2045 1178 2287 1233 coelestia
2318 1180 2551 1243 rediens,
2582 1180 2736 1248 quasi
2762 1179 3089 1233 transeundo
3118 1180 3455 1235 monstravit.
3484 1178 3642 1245 Quod

2044 1269 2183 1323 bene
2230 1286 2325 1340 per
2354 1270 2703 1338 Evangelium
2743 1270 3043 1324 illutninato
3073 1285 3216 1325 caeco
3249 1280 3270 1307 ο
3304 1271 3512 1337 innuit,
3553 1269 3642 1324 cui

2046 1361 2315 1415 transiens
2335 1362 2576 1417 auditum
2600 1362 2847 1431 praebuit,
2875 1360 2970 1415 sed
2996 1369 3145 1415 stans
3166 1361 3352 1415 oculos
3374 1361 3642 1430 reparavit

2049 1447 2262 1517 (Matt/1.
2315 1467 2402 1515 1x,
2432 1452 2529 1518 27;
2565 1470 2657 1518 xx,
2690 1453 2787 1518 50;
2819 1450 2991 1506 Marc.
3043 1468 3157 1518 vm,
3189 1451 3286 1517 2‘2;
3326 1453 3451 1506 Luc.
3495 1468 3641 1516 xuzl,

2045 1539 2146 1605 55;
2207 1541 2367 1597 Joan.
2426 1561 2521 1610 ix,
2580 1544 2672 1614 l).
2733 1543 2836 1597 Per
2885 1545 3235 1598 humanitatis
3290 1544 3490 1613 quippe
3537 1543 3644 1596 dis-

2047 1638 2420 1708 pensationem
2472 1636 2702 1690 transire
2754 1637 2978 1705 habuit;
3025 1652 3121 1706 per
3172 1637 3468 1690 divinitatis
3514 1651 3646 1689 vero

2048 1731 2367 1801 potentiam,
2414 1730 2539 1798 quia
2588 1730 2785 1798 ubique
2835 1744 3073 1799 praesens
3111 1736 3212 1793 est,
3265 1737 3431 1783 stare.
3475 1726 3650 1780 Voces

2051 1821 2211 1890 igitur
2236 1821 2494 1876 cmcitatis
2541 1829 2738 1875 nostne
2768 1820 3027 1876 Dominus
3055 1819 3240 1874 audire
3272 1819 3541 1872 transiens
3569 1817 3649 1871 di-

2049 1913 2218 1977 citur,
2249 1912 2375 1979 quia
2402 1912 2650 1965 humanm
2675 1911 2907 1965 miserim
2950 1910 3118 1965 factus
3146 1910 3311 1963 homo
3341 1910 3648 1962 miseretur.

356 2001 478 2076 νειξα
508 2023 798 2077 substantia
819 2001 1004 2076 idm“.
1028 2023 1089 2077 Si
1120 2022 1336 2076 necdum
1364 2021 1487 2092 quid
1518 2020 1660 2074 De",
1687 2022 1776 2082 δίε,
1806 2027 1944 2072 rem,
1975 2019 2020 2079 Β
2047 2003 2208 2058 Stans
2236 2012 2416 2057 autem
2446 2004 2617 2057 lucem
2660 2011 2897 2070 reparat,
2930 2003 3053 2071 quia
3103 2001 3427 2055 inﬁrmitatis
3454 2010 3653 2055 nostra:

355 2116 479 2186 quid
508 2131 613 2168 non
665 2116 732 2168 sit
786 2117 1123 2185 percipit.—
1170 2113 1286 2169 Hoc
1341 2122 1522 2167 autem
1579 2113 1743 2167 modo
1795 2111 1948 2180 quasi

354 2204 639 2270 quamdam
670 2203 867 2259 scalam
894 2204 994 2259 sibi
1025 2204 1245 2259 exhibet
1273 2204 1639 2273 semetipsam,
1664 2217 1761 2272 per
1787 2216 1949 2271 quam

356 2296 423 2349 ab
475 2296 832 2352 exterioribus
881 2297 1223 2352 ascendendo
1282 2298 1334 2351 in
1392 2311 1452 2351 se
1504 2303 1763 2361 transeat,
1812 2305 1867 2350 et
1919 2310 1951 2350 a

356 2398 416 2438 se
456 2384 507 2437 in
555 2391 835 2441 auctorem
860 2386 1068 2442 tendat.
1098 2385 1233 2441 Cum
1274 2388 1417 2443 enim
1466 2402 1755 2456 corporeas
1812 2388 1951 2441 ima-

357 2476 509 2543 gines
556 2476 794 2542 deserit,
847 2478 902 2531 in
952 2478 1297 2548 semetipsam
1336 2493 1496 2533 mens
1538 2478 1792 2543 veniens,
1842 2493 1949 2532 non

358 2566 628 2623 modicum
650 2569 912 2624 ascendit.
933 2568 1038 2625 Sed
1054 2571 1298 2639 quamvis
1318 2572 1641 2641 incorporea
1657 2572 1729 2625 sit
1751 2570 1951 2637 anima,

358 2660 486 2729 quia
517 2670 694 2716 tamen
724 2664 940 2733 corpori
988 2664 1231 2731 inhaeret,
1261 2680 1329 2720 ex
1358 2666 1473 2735 ipsa
1510 2667 1590 2721 sui
1634 2665 1896 2733 qualitate
1926 2675 1949 2702 α

359 2752 691 2820 agnoscitur,
741 2769 860 2825 quae
907 2755 1084 2811 carnis
1130 2756 1252 2811 loco
1301 2758 1587 2811 retinetur.
1642 2756 1772 2822 Quae
1826 2754 1952 2809 dum

359 2844 695 2900 obliviscitur
720 2846 879 2913 scita,
907 2846 1190 2915 cognoscit
1217 2847 1510 2915 incognita,
1542 2845 1791 2901 meminit
1814 2845 1954 2899 obli-

361 2934 506 2990 vioni
545 2935 794 2990 mandata
816 2977 831 3001 ,
864 2936 1139 2992 hilarescit
1167 2945 1292 3008 post
1317 2938 1510 3002 tristia,
1543 2936 1807 2990 addicitur
1834 2943 1959 3005 post

361 3027 484 3084 laeta
518 3046 531 3083 :
565 3028 679 3099 ipsa
727 3030 810 3084 sui
855 3029 1167 3093 diversitate
1210 3030 1411 3085 indicat
1457 3040 1716 3098 quantum
1755 3044 1785 3081 a
1832 3028 1957 3083 sub-

362 3119 557 3175 stantia
584 3127 799 3179 aeternae
826 3119 1383 3175 incommutabilitatis
1414 3118 1441 3156 ι)
1471 3119 1654 3185 distat,
1679 3134 1797 3188 quae
1819 3134 1959 3173 sem-

364 3227 480 3284 per,
514 3220 575 3267 ut
603 3218 705 3276 est,
738 3211 879 3267 idem
904 3217 989 3266 est
1013 3229 1024 3264 :
1050 3211 1248 3279 ubique
1273 3225 1529 3282 prtesens,
1556 3211 1753 3280 ubique
1774 3212 1959 3266 invisi-

364 3301 558 3367 sibilis,
591 3301 792 3370 ubique
836 3309 975 3369 tota,
1007 3300 1206 3370 ubique
1255 3301 1817 3370 incomprehensibilis
1862 3317 1961 3371 per

366 3392 661 3449 inhiantem
710 3402 946 3448 mentem
987 3393 1103 3447 sine
1154 3400 1374 3463 aspectu
1426 3394 1579 3464 167
1630 3394 1889 3461 cernitur,
1932 3404 1954 3432 ο
1988 3403 2033 3466 C

366 3486 482 3542 sine
527 3488 690 3543 dubio
717 3487 951 3554 auditur,
985 3488 1101 3544 sine
1130 3495 1281 3543 motu
1328 3487 1639 3558 suscipitur,
1669 3490 1785 3544 sine
1832 3505 1958 3545 cor-

367 3596 499 3652 pore
540 3582 793 3651 tangitur,
836 3582 954 3637 sine
1002 3582 1124 3638 loco
1170 3582 1467 3638 retinetur.
1506 3580 1656 3639 Hanc
1706 3583 1961 3639 nimirum

368 3673 717 3727 substantiam
747 3689 867 3729 cum
912 3673 1123 3729 animus
1147 3674 1351 3743 cogitat
1379 3683 1625 3730 assuetus
1652 3676 1815 3731 rebus
1842 3692 1964 3732 cor-

370 3765 659 3834 poralibus,
685 3763 1021 3819 diversarum
1071 3764 1364 3833 imaginum
1393 3764 1771 3834 phantasmata
1802 3767 1964 3822 susti-

370 3866 480 3912 net.
515 3856 643 3923 Qum
670 3856 793 3910 dum
836 3856 903 3910 ab
933 3857 1247 3910 intentionis
1274 3872 1384 3911 sum
1412 3858 1581 3913 oculis
1606 3858 1772 3925 abigit
1801 3874 1963 3913 manu

372 3948 731 4011 discretionis,
763 3955 1099 4017 postponens
1140 3947 1189 4001 ei
1221 3948 1422 4011 omnia,
1450 3947 1560 4016 jam
1590 3949 1732 4002 hanc
1759 3948 1964 4018 aliqua-

373 4052 532 4099 tenus
561 4042 842 4111 conspicit.
866 4042 1041 4109 Quam
1069 4040 1115 4095 si
1141 4040 1368 4096 necdum
1398 4039 1525 4109 quid
1566 4041 1637 4096 sit
1664 4041 1965 4110 apprehen-

375 4135 473 4201 dit,
502 4134 722 4203 agnovit
741 4143 890 4189 certe
918 4132 1046 4202 quid
1076 4148 1184 4187 non
1215 4133 1304 4187 sit.
1338 4133 1473 4199 Quia
1502 4147 1631 4202 ergo
1663 4133 1728 4186 ad
1756 4134 1966 4187 insueta

375 4244 528 4283 mens
568 4228 805 4298 rapitur,
855 4241 978 4280 cum
1025 4225 1323 4280 divinitatis
1378 4225 1669 4280 essentiam
1720 4225 1966 4291 rimatur,

377 4328 527 4376 recte
568 4335 710 4376 nunc
738 4318 933 4375 dicitur
966 4336 977 4370 :
1014 4318 1169 4373 Stetit
1199 4317 1444 4389 quidam,
1470 4316 1615 4387 cujus
1645 4333 1749 4371 non
1777 4334 1970 4388 agnos-

379 4411 555 4466 cebant
578 4412 792 4466 vultum.

454 4502 541 4557 U5.
567 4502 722 4558 Stare
744 4504 901 4558 solius
933 4502 1033 4557 Dei
1063 4511 1159 4557 est.
1186 4535 1258 4546 —
1287 4501 1431 4558 Bene
1451 4512 1632 4558 autem
1660 4503 1860 4559 dictum
1890 4512 1974 4559 est

385 4594 543 4648 stetit.
577 4593 764 4649 Omnis
810 4594 1011 4663 quippe
1038 4601 1304 4659 creatura,
1337 4594 1463 4663 quia
1516 4609 1585 4648 ex
1613 4594 1782 4648 nihilo
1830 4594 1972 4651 facta

386 4693 487 4749 est,
520 4691 575 4737 et
602 4700 699 4754 per
721 4686 1062 4753 semetipsam
1104 4685 1172 4739 ad
1199 4684 1424 4738 nihilum
1454 4684 1659 4749 tendit,
1692 4700 1800 4738 non
1829 4693 1974 4741 stare

2056 2094 2305 2149 tenebras
2353 2110 2420 2148 ex
2449 2094 2647 2147 virtute
2674 2094 2972 2147 divinitatis
3018 2094 3266 2147 illustrat.
3311 2092 3455 2147 Bene
3498 2106 3649 2158 ergo,

2054 2193 2340 2255 postquam
2391 2184 2595 2240 dictum
2640 2194 2766 2239 est:
2798 2185 2925 2239 Cum
2978 2186 3188 2253 spiritus
3224 2184 3243 2223 ί
3294 2202 3373 2238 me
3401 2195 3655 2255 praesente

2053 2276 2319 2339 transiret,
2354 2275 2598 2329 subditur
2628 2292 2641 2328 :
2665 2275 2821 2331 Stetit
2849 2276 3080 2347 quidam,
3106 2276 3253 2346 cujus
3284 2293 3385 2329 non
3412 2292 3656 2346 agnosce-

2054 2367 2171 2421 bant
2218 2368 2430 2422 vultum.
2462 2368 2538 2422 Ac
2584 2369 2628 2421 si
2657 2377 2845 2437 aperte
2896 2368 3213 2422 diceretur:
3250 2378 3273 2415 ες
3306 2368 3439 2421 Eum
3490 2384 3654 2436 quem

2052 2475 2151 2529 per
2180 2460 2462 2513 transitum
2509 2460 2675 2523 sensi,
2709 2476 2816 2514 non
2866 2462 3094 2513 transire
3140 2459 3491 2528 deprehendi.
3535 2458 3656 2529 Ipse

2054 2559 2138 2605 est
2164 2565 2294 2619 ergo
2321 2551 2413 2618 qui
2447 2551 2656 2615 transit,
2690 2551 2803 2619 ipse
2827 2552 2916 2621 qui
2941 2559 3064 2605 stat.
3101 2549 3312 2604 Transit
3334 2549 3497 2615 enim,
3529 2550 3657 2618 quia

2057 2645 2226 2699 teneri
2256 2644 2503 2712 cognitus
2535 2661 2640 2698 non
2662 2645 2834 2709 valet;
2862 2652 2973 2697 stat
3014 2652 3216 2708 autem,
3243 2642 3367 2713 quia
3406 2643 3457 2695 in
3488 2657 3652 2711 quan-

2058 2744 2169 2789 tum
2200 2736 2568 2803 cognoscitur,
2602 2735 3059 2790 incommutabilis
3086 2743 3331 2805 apparet.
3363 2732 3498 2799 Quia
3523 2747 3660 2801 ergo

2056 2830 2252 2898 raptim
2298 2830 2344 2883 is
2372 2829 2462 2898 qui
2491 2843 2706 2898 semper
2747 2828 2889 2882 idem
2930 2838 3015 2883 est
3043 2829 3302 2889 cernitur,
3333 2824 3492 2880 simul
3518 2823 3660 2879 Deus

2058 2929 2141 2975 est
2172 2920 2439 2975 transiens
2482 2927 2537 2973 et
2579 2927 2728 2974 stans
2767 2918 2997 2972 videtur.
3032 2916 3132 2972 Vel
3161 2923 3312 2972 certe
3353 2925 3501 2970 stare
3542 2914 3661 2982 ejus

2058 3018 2142 3064 est
2167 3010 2313 3064 nulla
2343 3011 2643 3065 mutatione
2672 3010 2889 3074 variari,
2920 3010 3060 3064 sicut
3080 3008 3145 3063 ad
3170 3007 3388 3079 Moysen
3419 3007 3616 3062 dicitur
3642 3024 3657 3060 :

2061 3100 2171 3172 Ego
2200 3118 2311 3155 sum
2341 3104 2424 3173 qui
2456 3118 2569 3155 sum
2600 3100 2798 3172 (Exod.
2825 3117 2899 3165 ιιι,
2926 3100 3037 3169 14).
3068 3098 3135 3153 Et
3164 3098 3301 3153 sicut
3332 3100 3474 3152 hunc
3502 3096 3662 3151 Jaco-

2060 3196 2157 3250 bus
2199 3196 2449 3253 insinuat.
2483 3196 2668 3251 dicens
2701 3212 2714 3248 :
2745 3195 2897 3265 Apud
2922 3212 3072 3264 quem
3099 3211 3203 3248 non
3235 3203 3309 3247 est
3339 3200 3664 3247 transmuta-

2064 3291 2154 3353 tio,
2200 3306 2294 3344 uec
2343 3289 2710 3343 vicissitudinis
2761 3288 3085 3342 obumbratio
3118 3286 3257 3358 (Jac.
3289 3302 3325 3351 ι,
3360 3284 3472 3355 17).
3524 3284 3664 3350 Quia

2062 3396 2195 3435 vero
2224 3381 2464 3450 quisquis
2489 3381 2595 3448 jam
2628 3379 2830 3448 aliquid
2853 3381 2920 3434 de
2951 3378 3412 3448 contemplatione
3441 3376 3662 3432 interni-

2065 3473 2191 3526 tatis
2220 3472 2594 3542 apprehendit,
2626 3472 2767 3526 hanc
2792 3486 2890 3541 per
2918 3480 3244 3526 comtcrnam
3285 3470 3402 3541 ejus
3426 3469 3663 3541 speciem

2062 3564 2353 3633 conspicit,
2381 3571 2533 3619 recte
2560 3561 2903 3631 subjungitur
2932 3579 2943 3615 :

2620 3672 2849 3728 CAPUT
2883 3671 3094 3728 XXXV.

2137 3767 2265 3818 lum.
2297 3793 2367 3808 -η
2400 3764 2586 3837 Imago
2617 3783 2793 3819 coram
2821 3766 2985 3821 oculis
3011 3767 3155 3819 meis.

2137 3857 2224 3911 64.
2258 3855 2522 3930 Quidquid
2560 3860 2624 3913 de
2652 3869 2799 3929 patre
2845 3860 3154 3929 percipimus
3174 3899 3186 3922 ,
3215 3875 3307 3926 per
3330 3859 3500 3929 filium
3526 3859 3671 3913 vide-

2068 3964 2203 4002 mus.
2234 3979 2306 3989 —-
2334 3947 2517 4016 Imago
2569 3949 2769 4018 quippe
2814 3948 3013 4017 Patris,
3056 3948 3222 4004 Filius
3270 3957 3384 4015 est,
3416 3951 3557 4006 sicut
3604 3952 3673 4005 de

2070 4043 2295 4099 condito
2345 4042 2565 4097 homine
2614 4042 2828 4113 Moyses
2875 4044 3150 4109 insinuat,
3204 4044 3433 4100 dicens:
3468 4045 3673 4105 Creavit

2069 4134 2208 4187 Deus
2230 4134 2512 4201 hominem,
2539 4133 2609 4186 ad
2638 4134 2920 4204 imaginem
2952 4133 3049 4189 Dei
3073 4137 3194 4207 fecit
3218 4136 3365 4190 illum
3397 4136 3605 4207 (Cenes.
3633 4154 3671 4205 ι,

2069 4226 2184 4297 27).
2219 4225 2287 4280 Et
2317 4226 2456 4280 sicut
2485 4242 2581 4296 per
2610 4226 3015 4296 expressionem
3062 4228 3350 4298 Sapientiae
3380 4230 3447 4285 de
3477 4229 3672 4287 eodem

2074 4319 2209 4374 Filio
2240 4318 2461 4389 quidam
2512 4320 2731 4390 sapiens
2772 4320 2903 4375 dicit
2937 4338 2949 4374 :
2982 4319 3194 4375 Candor
3230 4329 3306 4376 est
3359 4324 3497 4377 enim
3544 4324 3675 4379 lucis

2071 4423 2282 4469 (eterna?
2311 4412 2467 4484 (Sap.
2500 4430 2594 4478 vn,
2621 4412 2736 4483 26).
2776 4414 2939 4486 13.68
2968 4413 3036 4469 Et
3056 4416 3197 4472 sicut
3220 4414 3413 4471 Paulus
3430 4417 3542 4470 ait:
3572 4418 3674 4484 Qui

2071 4525 2187 4563 cum
2228 4508 2296 4561 sit
2341 4507 2587 4577 splendor
2633 4510 2847 4580 glorise,
2891 4524 2951 4562 ac
2995 4510 3167 4581 ﬁgura
3217 4510 3518 4564 substantia:
3561 4509 3674 4577 ejus

2074 4599 2233 4669 (Heb.
2267 4618 2303 4667 t,
2328 4600 2407 4671 5).
2437 4600 2573 4656 Cum
2608 4616 2738 4670 ergo
2767 4602 3046 4657 aeternitas
3075 4602 3190 4670 ejus
3220 4601 3484 4663 cernitur,
3512 4609 3676 4668 prout

2074 4692 2398 4748 inlirmitatis
2441 4700 2637 4747 nostrae
2668 4692 2999 4762 possibilitas
3044 4690 3307 4755 admittit,
3343 4691 3524 4757 imago
3551 4690 3671 4759 ejus

387 4782 569 4846 habet,
598 4780 692 4837 sed
717 4779 971 4835 deﬂuere.
1006 4779 1302 4834 Rationalis
1321 4794 1451 4833 vero
1468 4787 1711 4833 creatura
1735 4795 1803 4835 eo
1832 4780 1972 4849 ipso,
2002 4782 2056 4842 1)
2080 4786 2276 4841 mentis
2304 4795 2504 4841 nostra:
2550 4786 2720 4841 oculis
2750 4785 3077 4851 antefertur;
3106 4784 3231 4853 quia
3279 4786 3404 4837 cum
3441 4798 3569 4838 vere
3620 4784 3673 4838 in

384 4888 492 4945 quo
522 4872 590 4928 ad
636 4872 926 4942 imaginem
963 4871 1197 4925 auctoris
1226 4880 1309 4926 cst
1352 4870 1603 4935 condita,
1635 4886 1703 4927 ne
1731 4872 1799 4927 ad
1844 4872 1977 4926 nihi-

386 4966 497 5020 lum
530 4970 789 5027 transeat,
822 4962 1033 5031 ﬁgitur;
1062 4961 1387 5019 irrationalis
1421 4971 1598 5018 autem
1637 4978 1975 5034 nequaquam

387 5056 593 5129 ﬁgitur,
624 5056 717 5112 sed
742 5055 918 5111 donec
944 5054 1169 5110 visionis
1189 5069 1299 5109 sum
1328 5054 1626 5110 ministerio
1657 5057 1979 5111 universita-

388 5153 457 5207 tis
482 5151 720 5222 speciem
752 5150 991 5221 impleat,
1023 5147 1353 5203 transeundo
1396 5147 1656 5203 tardatur.
1702 5148 1835 5203 Nam
1876 5150 1977 5205 etsi

389 5245 586 5302 coelum
614 5260 677 5300 ac
711 5252 853 5300 terra
895 5251 1016 5314 post
1055 5243 1110 5297 in
1150 5249 1411 5297 aeternum
1439 5251 1756 5311 permanent
1798 5256 1864 5296 ex
1892 5256 1979 5297 se-

389 5339 631 5407 metipsis
654 5347 835 5392 tamen
881 5350 1025 5393 nunc
1065 5333 1134 5389 ad
1173 5332 1398 5387 nihilum
1425 5340 1737 5402 properant,
1759 5333 1853 5388 sed
1882 5348 1980 5403 pro

389 5443 580 5485 eorum
632 5445 733 5486 usu
787 5430 981 5499 quibus
1036 5427 1279 5483 serviunt
1331 5425 1387 5479 in
1438 5425 1632 5481 melius
1675 5424 1979 5481 dmutanda

463 5558 488 5587 ι
517 5548 578 5603 In
621 5547 817 5615 Editis,
864 5559 987 5620 post
1025 5549 1149 5607 Mss.
1201 5548 1353 5622 Colb.
1386 5548 1567 5603 (oculis
1612 5547 1965 5622 cognoscitur;

389 5622 542 5677 deest
570 5627 748 5674 autem
775 5619 955 5676 locatis
983 5622 1034 5676 in
1065 5621 1273 5677 caeteris
1302 5619 1427 5674 Mss.
1454 5620 1669 5675 nostris.

464 5690 488 5729 δ
521 5689 675 5756 Editi,
708 5701 953 5762 quantum
980 5710 1011 5745 a
1039 5693 1326 5747 substantia
1351 5701 1555 5762 (eterna:
1580 5691 1976 5745 incommutabi-

391 5764 558 5819 litatis
602 5768 794 5815 natura
840 5762 1031 5824 distat;
1063 5764 1156 5817 sed
1184 5761 1462 5833 superﬂuit
1488 5762 1600 5833 haec
1629 5780 1732 5816 vox
1763 5772 1971 5826 natura,

392 5850 554 5904 quam
582 5834 818 5904 innullis
836 5833 958 5904 Mss.
994 5834 1227 5904 invenio,
1254 5832 1357 5887 nisi
1389 5834 1441 5887 in
1472 5832 1635 5888 Corb.
1665 5833 1849 5889 Germ.

469 5916 491 5944 ο
522 5904 612 5961 Sic
631 5902 881 5975 Fioriarc”
914 5903 1143 5975 Turon.,
1168 5902 1490 5975 C«_nnpetul.,
1513 5904 1763 5967 Vindoc.,
1792 5904 1977 5967 (2011),,

396 5976 604 6043 Certn.,
646 5974 755 6030 duo
796 5974 953 6043 Reg.,
984 5973 1191 6039 Gernt.,
1224 5973 1405 6031 Norm.
1448 5975 1504 6030 In
1547 5976 1698 6032 Colb.
1738 5976 1979 6046 jugulalo

398 6049 586 6114 dubio;
614 6062 755 6104 nunc
780 6046 976 6117 legitur
1001 6046 1113 6100 sine
1148 6062 1315 6111 sono;
1348 6048 1490 6116 quod
1515 6048 1725 6101 accedit
1756 6051 1822 6102 ad
1855 6049 1978 6102 lett.

687 6142 955 6202 Panum.
1005 6139 1179 6199 LXX
1191 6140 1251 6198 ν.

2079 4878 2293 4933 Patrem
2336 4877 2680 4941 intendimus,
2727 4878 2868 4930 hune
2913 4883 3172 4945 quantum
3218 4873 3532 4943 accipimus,
3574 4892 3667 4946 per

2079 4985 2232 5025 suam
2263 4967 2571 5036 imaginem,
2602 4966 2652 5021 id
2685 4975 2787 5035 est,
2820 4981 2916 5036 per
2956 4964 3149 5021 Filium
3189 4963 3467 5030 videmus;
3492 4974 3546 5021 ct
3576 4982 3670 5036 per

2082 5076 2201 5115 eam
2231 5060 2487 5130 speciem,
2518 5075 2637 5130 qum
2663 5060 2729 5115 de
2758 5060 2875 5129 ipso
2902 5059 3019 5113 sine
3064 5057 3219 5112 initio
3249 5066 3375 5111 nata
3404 5066 3505 5123 est,
3548 5074 3675 5113 eum

2083 5153 2265 5222 aliquo
2306 5153 2466 5206 modo
2514 5168 2766 5219 cernere,
2797 5154 2891 5223 qui
2939 5168 3040 5207 nec
3091 5152 3288 5221 carpit,
3319 5167 3421 5206 nec
3469 5152 3674 5206 desinit
3720 5218 3721 5221 η

2086 5258 2364 5298 conamur.
2408 5240 2560 5298 Unde
2606 5253 2661 5297 et
2703 5246 2817 5299 hiec
2846 5244 3032 5299 eadem
3055 5242 3268 5298 Veritas
3302 5242 3354 5295 in
3385 5238 3673 5307 Evangelii)

2085 5333 2216 5390 dicit
2249 5352 2262 5387 :
2291 5331 2461 5388 Nemo
2490 5337 2626 5388 venit
2652 5337 2721 5388 ad
2749 5337 2984 5403 Patrem,
3009 5336 3111 5390 nisi
3141 5353 3233 5405 per
3262 5350 3342 5387 me
3372 5330 3554 5405 (Joau.
3588 5348 3676 5389 xw

2088 5424 2164 5495 6).
2202 5425 2347 5480 Bene
2376 5434 2557 5481 autem
2587 5426 2831 5482 subditur
2861 5445 2875 5481 :

2075 5540 2376 5608 Editorum,
2402 5544 2513 5597 sine
2536 5559 2671 5597 voce.

2077 5694 2093 5739 ι
2133 5611 2171 5738 td
2210 5610 2355 5667 Unus
2383 5612 2518 5668 Cod.
2552 5614 2682 5681 Reg.
2712 5630 2832 5671 cum
2859 5615 3022 5671 Corb.
3058 5614 3241 5670 Germ.
3269 5621 3324 5667 et
3352 5610 3486 5669 Colb
3527 5658 3540 5683 ,
3568 5634 3681 5671 mu-

2097 5703 2127 5739 α
2155 5702 2206 5738 α.

2097 5702 2206 5739 ata.

2155 5770 2175 5794 σε
2209 5755 2286 5810 Ita
2312 5754 2474 5811 Corb.
2503 5755 2709 5827 Germ,
2731 5758 2911 5822 Colb.,
2944 5757 3098 5824 Reg,
3122 5756 3307 5828 150ml.
3337 5764 3385 5810 et
3408 5757 3682 5828 plerique,

2082 5843 2180 5900 pro
2209 5844 2345 5900 circa
2369 5830 2611 5895 innotuit,
2644 5825 2790 5899 quod
2820 5830 3012 5896 legitur
3044 5844 3094 5880 in
3125 5825 3260 5879 E-lit.

2162 5897 2178 5936 τ
2216 5898 2419 5953 Primus
2441 5897 2761 5970 Grut-petul.,
2795 5917 2873 5953 me
2904 5907 3209 5969 prementem
3237 5907 3509 5954 transiret.

2161 5982 2182 6015 μ
2219 5970 2465 6038 \'itulo~:.,
2494 5990 2604 6025 cum
2636 5990 2725 6043 per
2752 5988 2897 6041 quem
2930 5971 3204 6023 transitum
3227 5986 3391 6032 sensa.

3118 6133 3190 6194 23
