4180 6454
1760 365 2001 424 SANCTI
2042 359 2365 419 GREGORII
2411 352 2627 412 MAGNI
3716 329 3823 384 716

2146 482 2193 538 Α
2222 488 2393 544 ignem
2437 468 2619 524 sibilus
2647 474 2792 519 aura:
2833 462 2997 516 tenuis
3024 456 3050 495 ά
3077 454 3198 531 (III
3244 455 3375 525 Reg.
3408 466 3521 515 six,
3567 448 3659 517 ll,
3706 447 3822 519 12).

2222 543 2454 635 Spiritus
2489 560 2689 630 quippe
2733 563 2859 610 ante
2900 550 3185 607 Dominum
3226 543 3426 603 evertit
3480 548 3735 607 montes,
3763 548 3826 595 et

604 687 733 742 Iino.
763 713 835 726 --
863 679 933 732 Et
962 690 1133 732 uocem
1155 668 1301 744 quasi
1323 680 1467 721 aura:
1497 662 1625 717 lenis
1653 657 1846 713 audivi.
2223 631 2404 729 pou-as
2438 655 2595 727 169
2638 648 2901 714 conterit;
2941 643 3066 714 quia
3114 655 3301 712 pavor,
3334 635 3429 706 qui
3469 649 3535 691 ex
3583 631 3823 687 adventu

501 786 509 861 ἒ
608 802 699 857 65.
732 796 964 867 Spiritus
995 790 1177 848 Sancti
1199 803 1297 843 von:
1323 793 1373 839 et
1401 798 1532 836 aura
1570 778 1702 833 lenis
1728 783 1779 829 et
1812 771 2024 844 spiritus
2049 783 2128 822 ve-

2255 750 2342 820 jus
2371 747 2545 812 irruit,
2568 754 2625 801 et
2650 740 2985 798 altitudinem
3009 734 3189 792 cordis
3206 731 3378 788 nostri
3404 727 3609 797 dejicit,
3638 732 3697 780 et
3722 723 3829 779 du-

2257 843 2405 867 :-:.....
2450 835 2722 867 ιεηωιιιιηςο
2788 831 2894 867 Qad
2938 826 3152 867 aniritni
3193 817 3576 867 nnmmntionis
3616 831 3674 867 el
3718 813 3829 867 iani

538 398 640 455 715

848 536 1076 599 CAPUT
1124 530 1343 589 xxxw
1372 530 1520 601 [Rec.
1554 520 1793 592 XXVI].

608 813 699 857 ἥδ.
732 813 964 867 Spiritus
995 813 1177 848 nunc"
1199 813 1297 843 uua;
1323 813 1373 839 et
1401 813 1532 836 unum
1570 813 1701 833 mm
1728 813 1777 829 ο.
1812 813 2023 844 πρυ...-
2053 813 2105 822 --
2254 813 2272 820 -

540 901 770 954 Λεηιεηε,
801 920 871 935 __
912 886 1051 956 Quid
1089 884 1233 939 enim
1281 894 1378 951 pe,
1403 888 1596 932 vocem
1634 884 1780 926 aura;
1824 864 1983 933 lenis,
2022 860 2127 916 nisi
2225 843 2406 899 ritiam
2450 835 2745 910 liquetacit.
2788 831 2896 888 Sed
2938 826 3155 901 spiritui
3193 817 3576 881 commotionis
3616 831 3674 872 et
3718 813 3832 884 igni

1973 955 1980 956 η
2228 952 2255 956 --
2273 951 2331 956 --
2368 934 2544 956 εμιιι-ι-ιι
2572 927 2828 956 Πηωεηπω
2853 923 3047 956 Aluit-u-
3099 932 3220 956 mea
3246 929 3378 956 Ἶρι-η
3404 913 3459 956 in
3485 908 3643 956 nihilo
3681 921 3831 956 aura

2228 951 2337 991 non
2368 908 2547 989 inesse
2572 927 2833 985 Dominus
2852 923 3067 988 dicitur,
3099 932 3221 974 esse
3246 929 3378 971 vero
3404 913 3461 968 in
3485 908 3643 967 sibilo
3681 921 3831 962 aurae

2230 1030 2407 1086 tenuis
2450 1042 2561 1082 non
2618 1028 2876 1093 negatur;
2926 1017 3049 1087 quia
3098 1010 3355 1069 nimirum
3397 1020 3551 1062 mens
3602 1018 3728 1059 cuin
3775 1001 3834 1055 in

2232 1091 2710 1192 contemplationis
2758 1110 3089 1170 sublimitate
3143 1100 3515 1174 suspenditur,
3570 1091 3836 1167 quidquid

2232 1214 2468 1289 perfecte
2516 1207 2832 1278 conspicere
2878 1198 3158 1274 praevalet,
3190 1196 3331 1250 Deus
3386 1206 3495 1247 non
3542 1195 3657 1243 est:
3708 1201 3837 1241 cum

2235 1276 2365 1361 vero
2390 1302 2586 1359 subtile
2632 1276 2833 1367 aliquid
2860 1290 3150 1362 conspicit,
3179 1287 3288 1342 hoc
3330 1290 3415 1339 est
3459 1278 3603 1351 quod
3630 1278 3701 1334 de
3748 1276 3837 1332 in-

2238 1392 2711 1471 comprehensibili
2768 1384 3069 1446 substantia
3104 1378 3421 1438 aeternitatis
3461 1374 3631 1430 audit.
3674 1370 3842 1439 Quasi

2241 1508 2383 1549 enim
2427 1488 2642 1545 sibilum
2674 1483 2846 1539 tenuis
2876 1493 3024 1535 aurae
3051 1474 3399 1547 percipimus,
3432 1482 3554 1527 cum
3585 1478 3843 1535 saporem

2242 1578 2718 1647 incircumscriptus
2781 1570 3023 1628 veritatis
3075 1562 3536 1635 contemplatione
3591 1568 3613 1596 ε
3663 1555 3845 1612 subita

2244 1674 2512 1731 subtiliter
2540 1671 2907 1740 degustamus.
2933 1661 3087 1717 Tunc
3108 1673 3237 1727 ergo
3267 1670 3458 1712 verum
3485 1661 3568 1708 est
3599 1647 3745 1721 quod
3776 1647 3848 1702 de

2250 1768 2361 1822 Deo
2405 1762 2815 1834 cognoscimus,
2855 1771 2977 1812 cum
3032 1756 3193 1823 plene
3235 1765 3334 1804 nos
3388 1744 3589 1815 aliquid
3632 1743 3701 1797 de
3751 1741 3848 1795 illo

2249 1872 2581 1930 cognoscere
2636 1869 2745 1909 non
2794 1864 2954 1922 posse
3004 1845 3289 1902 sentimus.
3343 1839 3499 1896 Unde
3544 1839 3684 1893 bene
3738 1835 3847 1890 illis

2248 1928 2493 2006 subditur
2526 1965 2539 2000 :
2572 1944 2725 2009 Quod
2766 1957 2883 1995 cum
2920 1937 3149 1993 audisset
3179 1934 3356 2002 Elias,
3401 1931 3604 2003 aperuit
3654 1928 3847 1981 vultum

2248 2061 2397 2099 suum
2446 2040 2607 2113 pallio
2633 2082 2648 2105 ,
2693 2046 2742 2092 et
2789 2037 3054 2106 ingressus
3110 2031 3249 2084 stetit
3296 2029 3353 2082 in
3404 2026 3541 2082 ostio
3590 2024 3849 2095 speluncte

2252 2136 2465 2206 (Ibid.).
2497 2132 2624 2187 Post
2651 2145 2795 2185 aurae
2827 2126 3001 2181 tenuis
3020 2124 3259 2182 sibilum,
3287 2120 3493 2174 vultum
3534 2132 3690 2174 suum
3719 2130 3848 2185 pro-

2250 2233 2414 2303 pheta
2464 2228 2629 2298 pallio
2678 2224 2873 2293 Operit,
2907 2222 3033 2291 quia
3063 2220 3115 2274 in
3158 2219 3274 2288 ipsa
3326 2202 3675 2271 subtilissima
3718 2227 3849 2267 con-

2252 2322 2602 2393 templatione
2628 2318 2907 2384 veritatis,
2945 2323 3145 2385 quanta
3172 2309 3475 2381 ignorantia
3507 2308 3671 2362 homo
3703 2314 3851 2373 tega-

2254 2431 2360 2484 tur,
2412 2416 2674 2485 agnoscit.
2706 2412 2889 2466 Vultui
2937 2422 3167 2477 namque
3218 2404 3436 2473 pallium
3489 2401 3854 2472 superdueere

2252 2521 2356 2580 est,
2389 2526 2455 2565 ne
2485 2511 2678 2563 altiora
2724 2520 2876 2559 mens
2906 2516 3148 2573 quaerere
3177 2497 3390 2563 audeat,
3423 2498 3564 2551 hanc
3606 2510 3673 2549 ex
3720 2508 3852 2548 con-

2254 2602 2581 2660 sideratione
2632 2595 2864 2669 propria;
2913 2589 3240 2648 inﬁrmitatis
3288 2589 3501 2651 velare;
3534 2596 3590 2640 ut
3643 2598 3847 2654 nequa-

2256 2710 2419 2764 quam
2476 2687 2844 2756 intelligentim
2897 2684 3087 2741 oculos
3142 2682 3280 2736 ultra
3337 2696 3399 2735 se
3446 2678 3853 2749 praecipitanter

2257 2787 2500 2857 aperiat,
2530 2783 2624 2838 sed
2670 2782 2737 2836 ad
2768 2781 2875 2835 hoc
2912 2777 3055 2849 quod
3099 2773 3509 2846 apprehendere
3550 2788 3656 2827 non
3687 2770 3852 2837 valet,

2256 2888 2568 2937 reverenter
2593 2876 2829 2933 claudat.
2855 2874 2954 2941 Qui
2986 2874 3099 2929 haec
3128 2886 3312 2941 agens,
3343 2871 3397 2926 in
3419 2869 3689 2940 speluncae
3721 2868 3857 2923 ostia

2261 2974 2477 3031 stetisse
2523 2968 2865 3026 describitur.
2896 2965 3038 3033 Quid
3090 2980 3321 3034 namque
3371 2963 3628 3034 spelunca
3675 2959 3857 3016 nostra

2261 3074 2362 3130 est,
2390 3063 2495 3118 nisi
2516 3063 2633 3117 haec
2660 3058 3027 3127 corruptionis
3053 3056 3337 3121 habitatio,
3378 3055 3432 3110 in
3462 3070 3569 3124 qua
3600 3053 3773 3108 adhuc
3793 3066 3857 3107 es

2260 3162 2534 3211 vetustate
2578 3150 2916 3207 retinemur?
2946 3147 3055 3202 Sed
3094 3152 3216 3202 etim
3247 3144 3452 3213 aliquid
3488 3143 3770 3214 percipere
3796 3141 3860 3197 de

2259 3244 2568 3314 cognitione
2615 3238 2919 3295 Divinitatis
2962 3236 3265 3307 incipimus,
3299 3234 3454 3303 quasi
3500 3234 3613 3303 jam
3644 3233 3698 3287 in
3738 3238 3858 3302 spe-

2262 3340 2433 3394 luncae
2459 3342 2658 3391 nostrze
2686 3334 2829 3388 ostio
2855 3339 3078 3385 stamus.
3103 3328 3239 3394 Quia
3266 3328 3411 3382 enim
3452 3325 3699 3396 progredi
3742 3338 3859 3395 pera

2261 3431 2403 3486 tecte
2428 3442 2538 3483 nou
2585 3438 2896 3495 possumus,
2919 3421 2987 3477 ad
3013 3420 3380 3490 cognitionem
3409 3426 3590 3473 tamen
3621 3414 3863 3471 veritatis

2262 3520 2567 3583 inhiantes,
2594 3516 2707 3585 jam
2736 3512 2937 3585 aliquid
2977 3512 3044 3568 de
3085 3510 3345 3566 libertatis
3384 3524 3513 3563 aura
3558 3515 3862 3577 captamus.

2264 3612 2321 3667 lu
2350 3612 2594 3680 ingressu
2642 3620 2773 3677 ergo
2820 3604 3093 3675 spelunca:
3141 3610 3304 3669 stare,
3335 3608 3417 3655 est
3458 3613 3706 3667 represso
3757 3613 3870 3651 no-

2263 3713 2389 3759 strai
2417 3698 2783 3770 corruptionis
2811 3694 3112 3760 obstaculo,
3141 3694 3209 3748 ad
3237 3690 3591 3762 cognitionem
3615 3687 3873 3743 veritatis

2265 3794 2505 3864 incipere
2545 3791 2717 3847 exire.
2768 3784 2924 3843 Unde
2949 3794 3005 3841 et
3054 3785 3198 3840 nube
3228 3784 3281 3838 in
3312 3777 3715 3836 tabernaculum
3745 3777 3872 3832 des-

2267 3886 2534 3945 cendente
2562 3881 2815 3939 Israelita:
2845 3894 2877 3933 e
2906 3877 3199 3946 longinquo
3228 3880 3534 3937 cernentes,
3568 3872 3618 3923 in
3642 3868 3871 3939 papilio-

2267 3994 2397 4034 num
2451 3990 2673 4031 suorum
2722 3973 2878 4028 ostiis
2924 3970 3138 4027 stetisse
3190 3974 3563 4023 memorantur
3620 3961 3870 4033 (Exod.,

2268 4087 2457 4133 χχχιιι,
2481 4069 2536 4137 9)
2568 4069 2691 4138 quia
2720 4067 2789 4133 ii,
2820 4064 2911 4136 qui
2938 4064 3228 4118 adventum
3258 4059 3566 4114 Divinitatis
3594 4063 3869 4122 utcunque

2268 4164 2642 4232 conspiciunt,
2674 4158 2827 4229 quasi
2859 4157 2971 4227 jam
3012 4171 3081 4212 ex
3123 4152 3435 4209 babitaculo
3471 4148 3647 4205 carnis
3678 4160 3870 4216 proce-

2270 4256 2423 4311 dunt.
2455 4254 2588 4320 Quia
2622 4252 2782 4321 igitur
2803 4251 3036 4305 humana
3060 4262 3212 4302 mens
3234 4244 3567 4315 quantalibet
3589 4256 3647 4294 se
3671 4238 3871 4293 virtute

2270 4346 2580 4408 tetenderit,
2613 4344 2703 4397 vix
2734 4343 2801 4397 de
2852 4340 3053 4395 intimis
3102 4345 3348 4393 extrema
3398 4331 3697 4399 cognoscit,
3725 4336 3870 4382 recte

2273 4454 2415 4494 nunc
2445 4437 2643 4492 dicitur
2676 4453 2688 4489 :
2722 4433 2791 4487 Et
2821 4450 2991 4488 vocem
3021 4432 3169 4503 quasi
3196 4445 3340 4484 aura:
3383 4428 3513 4482 lenis
3543 4424 3737 4477 audiri.
3766 4419 3869 4475 Sed

2272 4531 2527 4601 quoniam
2543 4545 2665 4585 cum
2694 4529 2761 4583 de
2787 4543 2845 4582 se
2870 4528 3063 4583 saltem
3094 4540 3282 4595 parum
3311 4523 3464 4578 nobis
3484 4520 3666 4575 divina
3690 4515 3869 4584 cogni-

2279 4625 2352 4678 tio
2381 4622 2621 4687 exbibet,
2654 4619 2983 4675 inﬁrmitatis
3013 4625 3210 4671 nostra:
3241 4612 3600 4685 ignorantiam
3634 4605 3872 4679 perfecte

540 990 779 1064 cognitio
827 955 1001 1042 sancti
1051 977 1282 1049 Spiritus
1330 971 1668 1039 designatur,
1713 960 1805 1032 qui
1851 959 1919 1015 de
1966 955 2130 1010 Patre

540 1058 859 1160 procedens,
891 1085 948 1132 et
973 1081 1041 1130 de
1068 1088 1135 1129 eo
1163 1068 1308 1140 quod
1344 1073 1428 1123 est
1456 1062 1577 1118 Filii
1600 1058 1898 1127 accipiens,
1930 1058 2130 1107 nostra;

544 1144 778 1234 ienuiter
821 1144 1026 1226 notitia:
1073 1159 1395 1219 inﬁrmitatis
1436 1149 1772 1210 infunditur?
1812 1144 1918 1212 Qui
1948 1151 2129 1197 tamen

544 1283 707 1339 super
736 1260 1010 1335 apostolos
1034 1257 1278 1317 veniens,
1309 1265 1407 1321 per
1434 1244 1760 1302 exteriorem
1788 1250 1979 1294 sonum
2010 1241 2132 1287 tan-

543 1334 705 1431 quam
731 1334 830 1426 per
856 1352 1233 1406 vehementem
1264 1339 1509 1410 spiritum
1558 1334 1979 1393 demonstratur,
2010 1338 2134 1380 cum

546 1428 771 1508 dicitur:
792 1446 837 1500 F
842 1453 1086 1511 actusque
1112 1448 1188 1493 est
1219 1442 1425 1503 repente
1456 1431 1519 1484 de
1548 1428 1673 1482 caele
1703 1439 1860 1480 sonus
1892 1432 2139 1491 tanquam

548 1538 867 1597 advenientis
909 1534 1123 1605 spiritus
1163 1524 1470 1581 vehementis
1521 1520 1656 1591 (Act.
1690 1534 1754 1583 ii,
1783 1515 1862 1585 Ξ).
1912 1512 2141 1567 Sanctus

548 1634 691 1689 enim
716 1627 947 1700 Spiritus
973 1638 1095 1677 cum
1124 1635 1182 1675 se
1212 1616 1413 1672 notitiai
1436 1613 1684 1667 humanae
1704 1604 2029 1663 inﬁrmitatis
2054 1604 2139 1656 in-

552 1724 759 1786 sinuat,
792 1726 846 1772 et
887 1714 1069 1770 sonitu
1106 1706 1441 1765 vehementis
1471 1702 1713 1773 spiritus,
1743 1706 1799 1753 et
1834 1709 1971 1751 voce
1999 1705 2143 1747 aurae

548 1816 687 1871 lenis
712 1809 1066 1882 exprimitur;
1088 1804 1214 1873 quia
1240 1800 1493 1856 videlicet
1519 1795 1762 1857 veniens,
1778 1799 1833 1846 et
1852 1788 2145 1843 vehemens

551 1916 633 1965 est
661 1914 718 1963 et
738 1905 873 1961 lenis
905 1921 917 1956 :
951 1898 1109 1965 lenis,
1138 1897 1263 1966 quia
1294 1892 1539 1948 notitiam
1569 1902 1743 1953 suam,
1773 1890 2039 1954 quatenus
2060 1895 2148 1935 co-
2176 1875 2224 1936 B

549 2000 737 2072 gnosci
766 2006 1042 2065 utcunque
1083 1991 1280 2054 valeat,
1333 1984 1529 2042 nostris
1571 1979 1819 2038 sensibus
1850 1979 2142 2045 temperat;

550 2067 864 2157 vehemens,
912 2088 1039 2159 quia
1082 2080 1477 2155 quantumlibet
1522 2078 1662 2131 hanc
1718 2075 2004 2140 temperet,
2054 2067 2150 2119 ad-

550 2195 716 2244 ventu
757 2195 938 2240 tamen
967 2195 1065 2235 suo
1096 2174 1421 2233 inﬁrmitatis
1464 2180 1661 2225 nostra:
1705 2164 2001 2221 ctecitatem
2030 2160 2149 2213 illii-

552 2277 808 2333 minando
838 2272 1139 2344 perturbat.
1160 2263 1528 2321 lliustratione
1549 2260 1690 2314 enim
1720 2271 1814 2310 sua
1832 2270 1931 2308 nos
1956 2251 2151 2307 leniter

552 2371 757 2439 tangit,
813 2366 908 2421 sed
956 2362 1194 2432 inopiam
1244 2365 1479 2412 nostram
1531 2350 1839 2406 immaniter
1887 2344 2147 2402 concutit.

625 2480 712 2534 66.
740 2480 882 2532 Aura
911 2476 1043 2530 lenis
1069 2474 1190 2545 quia
1218 2488 1273 2524 se
1301 2461 1673 2541 quantumlibet
1702 2460 1894 2515 sanctis
1927 2457 2007 2509 hic
2036 2471 2150 2508 mo-

556 2575 725 2629 dicum
759 2570 942 2642 aperit.
978 2566 1045 2621 In
1094 2562 1525 2632 contemplatione
1561 2554 1809 2630 quidquid
1848 2567 1990 2607 mens
2035 2567 2150 2618 per-

558 2672 685 2737 fecte
713 2664 847 2719 valet
872 2660 1185 2730 conspicere,
1218 2670 1321 2709 non
1353 2661 1429 2707 est
1471 2650 1629 2704 Deus.
1660 2680 1731 2690 ——
1755 2645 1872 2699 Vox
1896 2655 2025 2710 ergo
2059 2638 2150 2692 Dei

554 2761 706 2832 quasi
733 2773 877 2812 aurae
906 2746 1046 2810 flanis
1070 2750 1303 2814 auditur,
1335 2747 1460 2817 quia
1502 2745 1555 2798 in
1584 2742 1688 2797 hac
1713 2741 1887 2795 adhuc
1919 2737 2025 2790 vita
2058 2750 2155 2803 po-

554 2854 671 2909 sitis
700 2845 1217 2917 coutemplatoribus
1248 2840 1391 2905 suis,
1424 2849 1765 2905 nequaquam
1805 2848 1863 2886 se
1894 2827 2153 2883 Divinitas

555 2947 697 2999 sicut
722 2939 1074 3001 cstinsinuat,
1101 2934 1194 2989 sed
1215 2928 1562 3001 lippientibus
1588 2924 1784 2979 mentis
1809 2927 2005 2976 nostra:
2032 2932 2155 2971 ocu-

558 3037 619 3092 lis
648 3035 948 3092 claritatem
971 3044 1127 3085 suam
1154 3024 1388 3082 tenuiter
1428 3020 1788 3074 demonstrat.
1813 3012 1969 3080 Quod
2016 3011 2156 3064 bene

559 3133 672 3201 ipsa
720 3127 853 3198 legis
901 3122 1217 3193 acceptione
1266 3118 1532 3186 signatur,
1591 3127 1713 3167 cum
1764 3108 1980 3170 dicitur,
2030 3102 2155 3173 quia

560 3194 1084 3294 Moyses'ascendit,
1128 3221 1183 3268 et
1212 3210 1471 3266 Dominus
1500 3217 1519 3243 θ
1559 3206 1609 3260 in
1654 3210 1838 3258 monte
1880 3194 2158 3254 descendit

791 3271 938 3371 xstv.
965 3308 1045 3377 1).
1072 3271 1222 3378 iVet.
1248 3300 1352 3355 XX
1370 3296 1494 3367 VL]
1528 3296 1679 3351 Mons
1701 3294 1901 3363 quippe
1928 3296 2012 3345 est
2041 3288 2155 3357 ipsa
2182 3271 2231 3337 (Ξ

562 3411 748 3460 nostra
796 3395 1204 3467 contemplatio,
1254 3392 1309 3446 in
1351 3405 1511 3459 quam
1561 3402 1658 3441 nos
1703 3381 2062 3443 ascendimus,
2098 3380 2156 3430 ut

565 3497 631 3551 ad
696 3511 761 3551 ea
810 3505 929 3561 quae
977 3489 1117 3544 ultra
1181 3483 1550 3539 inﬁrmitatem
1602 3485 1840 3532 nostram
1899 3480 2023 3527 sunt
2076 3468 2156 3522 vi-

565 3589 741 3645 denda
761 3558 1122 3640 sublevemur.
1151 3576 1260 3633 Sed
1304 3576 1357 3629 in
1400 3573 1539 3627 hanc
1571 3568 1827 3623 Dominus
1856 3558 2152 3623 descendit,

567 3681 693 3753 quia
735 3677 888 3733 nobis
934 3672 1162 3728 multum
1194 3662 1600 3739 proﬁcientibus
1644 3672 1835 3729 parum
1866 3654 1933 3709 de
1976 3666 2036 3708 se
2064 3650 2160 3704 ali-

566 3772 692 3844 quid
724 3768 922 3825 nostris
950 3762 1198 3821 sensibus
1223 3756 1427 3829 apcrit;
1453 3756 1499 3812 si
1530 3764 1709 3807 tamen
1740 3748 1844 3804 dici
1873 3746 1926 3800 in
1954 3743 2048 3799 illo
2075 3741 2161 3796 vel

570 3878 780 3935 parum,
813 3858 897 3914 vel
942 3854 1142 3925 aliquid
1183 3856 1380 3922 potest,
1410 3847 1503 3918 qui
1532 3860 1672 3901 unus
1697 3854 1912 3911 semper
1934 3844 1988 3893 et
2017 3835 2159 3890 idem

569 3969 909 4028 permanens,
939 3947 1160 4018 intelligi
1194 3947 1218 3984 δ
1241 3941 1509 4016 partiliter
1535 3954 1641 3994 non
1664 3942 1866 4008 potest,
1896 3940 1951 3988 et
1979 3938 2163 3985 tamen

570 4068 600 4107 a
629 4051 737 4107 suis
769 4045 1016 4103 ﬁdelibus
1044 4037 1357 4114 participari
1386 4034 1598 4099 dicitur,
1631 4046 1753 4087 cum
1782 4028 1837 4083 in
1879 4026 1993 4095 ejus
2038 4022 2165 4079 sub-

572 4141 767 4199 stantia
819 4153 941 4207 pars
985 4135 1289 4190 nullatenus
1339 4127 1668 4182 admittatur.
1696 4122 1803 4179 Sed
1849 4120 1974 4190 quia
2022 4119 2167 4172 hunc

574 4231 877 4300 exprimere
924 4226 1160 4298 perfecto
1190 4234 1442 4278 sermone
1470 4233 1577 4272 non
1625 4226 1939 4284 possumus,
1974 4210 2164 4263 humao

576 4325 759 4381 uitatis
792 4330 988 4378 nostra:
1033 4316 1284 4381 modulo,
1314 4312 1466 4383 quasi
1517 4307 1754 4363 infantia:
1802 4301 2168 4360 imbecillitate

576 4415 886 4491 praepediti,
919 4425 1042 4467 eum
1082 4407 1420 4476 aliquatenus
1448 4398 1798 4457 balbutiendo
1830 4404 2164 4449 resonamus.

576 4510 713 4579 Quia
735 4523 867 4563 vero
889 4504 1019 4562 etin
1047 4513 1237 4569 magna
1260 4492 1723 4564 contemplatione
1743 4485 2025 4548 sublevati,
2054 4483 2173 4535 sub«

578 4605 671 4659 tile
699 4600 825 4672 quid
853 4600 920 4655 dc
960 4590 1281 4651 aeternitatis
1326 4587 1635 4658 cognitione
1665 4581 2013 4653 pertingimus
2037 4620 2050 4641 ,
2085 4592 2171 4631 sas

580 4707 687 4749 erm
710 4690 950 4748 historia:
995 4684 1177 4741 verbis
1223 4679 1545 4743 ostenditur,
1580 4689 1701 4731 cum
1750 4673 1816 4727 de
1865 4668 2173 4738 cognitione
2202 4668 3410 4783 ι)ῌξεζῗέἆςν·ὸὲἔῶ“’ἆὶίξῷ’ίεῶζωςῶνη
3470 4668 3765 4768 ὀίεαῑ⁶ᾳυω
3808 4710 3873 4751 η

842 4781 852 4783 _
1255 4773 1331 4783 .-η
1462 4768 1480 4783 ι
1588 4778 1598 4783 -
1660 4782 1667 4783 ,
1721 4764 1813 4783 ρης
1852 4775 1964 4783 ---ω
1998 4768 2142 4783 ...η-η
2446 4754 2461 4779 ν
3424 4744 3440 4770 ν
3830 4737 3836 4745 ’

2446 4754 2461 4779 ν
2494 4737 2589 4779 qui
2633 4737 2816 4767 VUCUIII
2859 4737 3002 4764 aura:
3028 4737 3168 4763 lcum
3208 4737 3440 4770 auuule,
3470 4737 3617 4757 υιυιη
3644 4737 3765 4768 ιιιιυν
3809 4737 3836 4749 ν

583 4783 678 4837 Dei
706 4781 965 4851 propheta
988 4789 1008 4817 ε
1032 4775 1229 4833 nobilis
1255 4773 1397 4826 Elias
1413 4768 1689 4825 educetur.
1720 4764 1813 4819 Cui
1846 4775 1967 4815 cum
1998 4768 2174 4812 trans-

584 4876 782 4928 iturum
814 4879 938 4925 ante
983 4884 1106 4925 eum
1143 4880 1205 4923 se
1243 4864 1505 4919 Dominus
1534 4858 1905 4931 promitteret,
1936 4851 2118 4905 dicens
2158 4864 2171 4901 :

586 4964 721 5019 Ecce
748 4961 1000 5017 Dominus
1044 4960 1250 5024 transit,
1282 4958 1495 5027 spiritus
1535 4951 1749 5025 grandis
1774 4957 1821 5002 et
1862 4947 2029 5018 fortis,
2054 4940 2170 4996 sub.

586 5066 785 5113 vertens
830 5059 1027 5109 montes
1074 5061 1124 5106 et
1170 5058 1437 5105 conterens
1482 5056 1653 5118 petras
1704 5051 1824 5096 ante
1866 5038 2174 5100 Dominum;

589 5148 730 5203 illico
759 5144 1002 5213 adiunxit
1034 5161 1047 5195 :
1082 5140 1207 5197 Non
1233 5142 1287 5196 in
1318 5141 1500 5211 spiritu
1532 5135 1818 5196 Dominus;
1860 5139 1907 5182 et
1937 5135 2051 5198 post
2078 5126 2180 5195 spi-

588 5244 742 5297 ritum
769 5237 1060 5298 commotio.
1088 5250 1193 5288 non
1221 5236 1276 5287 in
1300 5233 1639 5287 commotione
1670 5226 1958 5286 Dominus;
1992 5231 2038 5272 et
2066 5226 2177 5288 post

589 5334 982 5391 commotionem
1028 5326 1197 5399 ignis,
1246 5338 1350 5379 non
1396 5324 1450 5376 in
1496 5324 1615 5393 igne
1655 5318 1940 5379 Dominus;
1972 5323 2017 5367 ct
2067 5324 2181 5381 post

665 5503 692 5530 ι
721 5490 799 5545 lta
827 5490 951 5542 Mss.
970 5528 984 5551 ,
1022 5500 1122 5557 pro
1154 5484 1210 5537 in
1240 5490 1482 5557 montem,
1514 5488 1572 5533 ut
1596 5494 1664 5533 ex
1700 5476 1977 5557 Editorum
2003 5492 2185 5531 curres

592 5563 772 5618 ctioae
820 5546 1128 5629 legiturfhic
1165 5563 1222 5629 et
1264 5553 1386 5629 alibi
1417 5566 1588 5620 smpe,
1638 5565 1743 5603 non
1791 5546 2183 5629 attendentium

594 5620 911 5702 Gregorium
941 5625 1303 5702 grammatica:
1345 5623 1494 5702 leges
1533 5637 1723 5702 parum
1738 5620 2088 5702 observasse,
2123 5631 2179 5673 ιιι

598 5690 972 5786 Γρξέίθειδῑιιῖ·
1013 5701 1064 5754 in
1097 5698 1254 5769 epist.
1296 5695 1362 5750 ad
1394 5691 1693 5748 Leandrum
1738 5690 1885 5744 libris
1925 5690 2006 5743 liis
2048 5709 2181 5761 pra?-

596 5790 778 5828 missa.

606 5916 616 5925 υ
669 5843 773 5925 Fin
804 5842 1142 5925 quibusdam,
1163 5839 1382 5910 intelligi
1403 5836 1807 5908 particulariter;
1831 5836 1937 5889 duo
1954 5835 2179 5889 Vindoc.

601 5913 819 5981 intelligi
846 5915 1057 5982 pariter.

682 5998 701 6021 ι
738 5976 854 6035 υἶιό
896 5981 1082 6045 Vind.,
1129 5983 1289 6035 Coi-li.
1330 5982 1544 6045 Germ”
1589 5995 1725 6033 unus
1786 5976 1949 6043 Reg,
1992 5976 2183 6044 001b,,

2279 4807 2395 4861 ipsa
2426 4805 2528 4859 hac
2550 4802 2825 4859 auditione
2852 4799 3116 4855 didicerit.
3148 4798 3402 4866 Sequitur
3433 4812 3446 4848 :

2574 4912 2802 4971 CAPUT
2838 4910 3080 4965 XXXVII
3105 4909 3257 4984 [Ιίεε.
3290 4904 3568 4977 XXVII].

2355 5028 2515 5083 Vens.
2542 5025 2631 5080 17.
2655 5055 2726 5066 -
2748 5020 3001 5095 Nunquid
3030 5021 3181 5075 homo
3200 5019 3296 5073 Dei
3326 5016 3713 5086 comparatione
3728 5010 3882 5083 justi-

2281 5118 2545 5190 ]icabitur,
2575 5123 2665 5171 aut
2697 5119 2894 5188 {actore
2916 5128 3007 5168 suo
3030 5114 3212 5184 purior
3231 5108 3325 5163 erit
3355 5108 3465 5163 vir?

2359 5234 2445 5288 67.
2484 5233 2699 5289 Justitia
2739 5235 2968 5287 humana
3010 5229 3200 5285 divina:
3243 5224 3575 5300 comparata,
3620 5224 3888 5297 injustitia

2289 5341 2381 5383 est.
2419 5325 2520 5392 Qui
2549 5325 2933 5399 compescenda:
2959 5323 3024 5379 de
3050 5323 3147 5378 Dei
3174 5316 3397 5394 ﬂagellis
3420 5316 3746 5391 querelw.—
3767 5304 3887 5372 Hu-

2309 5485 2543 5538 ironlzeta
2572 5485 2738 5538 nobis.
3464 5517 3473 5525 .

2294 5485 2543 5554 propheta
2572 5484 2738 5538 nobis.
3464 5517 3473 5525 ο

2294 5554 2396 5644 νὴ
2423 5554 2478 5644 ιξη
2524 5553 2617 5644 Ξίὲ
2653 5554 2884 5644 usus
2909 5564 2958 5644 ςε
3004 5553 3409 5644 niveum:
3437 5565 3558 5644 (με
3594 5534 3791 5644 deum
3832 5547 3894 5603 “-

2294 5624 2498 5689 Norm.,
2530 5625 2767 5693 Belvac.,
2796 5624 2978 5691 Vind.,
3002 5626 3418 5695 Compend,etc.
3448 5620 3727 5695 Servanda
3748 5633 3899 5689 quo-

2295 5712 2398 5765 que
2429 5712 2679 5779 essenon
2721 5698 3049 5779 persuadent
3074 5694 3192 5767 qua:
3236 5705 3424 5766 postea
3453 5694 3701 5779 leguntur
3728 5708 3740 5742 :
3772 5702 3903 5769 esse

2296 5784 2410 5908 3;:0
2435 5769 2486 5821 in
2501 5765 2659 5891 (sibilo
2689 5760 2833 5822 aura:
2856 5769 3043 5833 tenuis,
3076 5760 3177 5822 non
3208 5760 3445 5837 negatur.
3469 5760 3602 5819 Nam
3632 5776 3739 5817 non
3769 5760 3856 5813 ait

2363 5857 2495 5892 u-ma
2522 5856 2602 5893 ur.

2297 5856 2377 5893 (ιιιι
2386 5856 2602 5893 rmamr.

2375 5921 2396 5945 ε
2415 5909 2652 5973 Belvac.,
2687 5909 3116 5979 contemplatione
3142 5894 3425 5964 subtilitate
3444 5908 3793 5978 degustamus.
