4180 6486
382 516 483 573 7η

1311 514 1672 572 MORALIUM
1700 514 1831 571 LIB.
1860 513 1926 569 ν.
1952 543 2021 556 -
2051 514 2114 569 ΙΝ
2148 514 2301 571 CAP.
2337 514 2399 570 Ill
2441 517 2503 570 Β.
2535 513 2680 572 30R.

3550 510 3657 574 718

379 641 540 683 mana
558 628 764 697 Justitia
810 627 1003 681 divinm
1046 626 1266 697 justittue
1319 632 1659 697 comparata,
1706 624 1969 694 injustitia
1994 632 2047 687 Δ
2074 628 2444 685 mutabilitatis
2479 644 2590 686 sua:
2632 632 2866 687 motibus
2893 631 3157 701 subiacet.
3180 627 3311 688 Sola
3348 632 3529 687 autem
3558 639 3657 687 na-

378 727 495 775 est:
529 720 653 790 quia
684 727 739 774 et
761 719 979 774 lucerna
1012 718 1067 774 in
1097 719 1332 774 tenebris
1355 716 1558 785 fulgere
1578 718 1833 782 cernitur,
1870 714 1967 770 sed

378 813 431 870 in
456 810 585 867 solis
612 811 766 866 radio
793 811 972 881 posita
1004 821 1028 847 ι
1058 811 1387 866 tenebratur.
1422 807 1560 875 Quid
1589 821 1718 877 ergo
1746 806 1967 876 Elipbaz

377 913 565 975 raptus
592 904 643 958 in
686 904 1142 976 contemplatione
1163 903 1434 973 cognovit,
1457 899 1559 956 nisi
1587 900 1732 971 quod
1769 899 1963 970 justiti-

377 996 489 1051 cari
518 1000 681 1051 homo
702 995 799 1051 Dei
828 996 1237 1066 comparatione
1259 1000 1365 1050 non
1390 994 1596 1065 possit?
1625 994 1793 1048 Recta
1813 1007 1967 1047 nam-

378 1103 483 1159 que
510 1088 780 1143 credimus
808 1102 927 1160 quas
955 1088 1197 1143 exterius
1240 1098 1550 1157 operantur,
1580 1083 1679 1140 sed
1706 1096 1829 1139 cum
1872 1084 1968 1138 mi-

376 1180 523 1235 nime
550 1180 762 1235 interna
792 1181 1184 1249 cognoscimus,
1218 1178 1244 1218 ι’
1270 1179 1425 1249 quasi
1460 1179 1513 1233 in
1542 1177 1669 1232 solis
1695 1176 1847 1231 radio
1867 1188 1967 1247 po.

376 1276 464 1331 siti
488 1275 801 1344 caligamus.
843 1274 977 1330 Cum
1007 1280 1138 1328 vero
1177 1272 1265 1327 illa
1308 1278 1580 1339 utcunque
1610 1268 1963 1339 percipimus,

378 1355 481 1423 ista
530 1376 639 1423 non
688 1372 964 1437 utcunque
1004 1354 1343 1436 iudicamus,
1384 1364 1509 1433 quia
1547 1370 1702 1418 tanto
1738 1363 1966 1433 quisque

377 1462 623 1518 subtilius
643 1462 710 1517 de
732 1462 967 1517 tenebris
991 1460 1215 1530 judicat,
1241 1464 1445 1528 quanto
1467 1459 1515 1512 ei
1542 1457 1723 1512 verius
1749 1456 1966 1511 claritas

376 1553 509 1609 lucis
538 1560 768 1608 constat.
797 1551 900 1619 Qui
927 1546 1070 1607 enim
1110 1544 1283 1606 lucem
1312 1550 1479 1614 videt,
1511 1548 1612 1603 scit
1636 1547 1763 1616 quid
1790 1547 1857 1601 de
1886 1553 1967 1601 te-

376 1643 555 1697 nebris
579 1643 830 1697 aestimet.
864 1642 992 1697 Nam
1023 1642 1115 1711 qui
1143 1638 1435 1697 candorem
1482 1639 1615 1695 lucis
1645 1639 1876 1707 ignorat,
1911 1646 1967 1692 et

376 1734 603 1787 obscura
636 1749 734 1803 pro
765 1732 957 1787 lucidis
979 1731 1262 1802 approbat.
1293 1730 1439 1784 Bene
1468 1739 1650 1783 autem
1678 1727 1923 1782 subditur
1947 1744 1959 1779 :

380 1822 537 1895 170
551 1824 653 1877 Αιε
680 1826 877 1895 factore
891 1838 983 1877 suo
1004 1824 1184 1891 purior
1203 1822 1303 1876 erit
1320 1822 1398 1875 uir
1411 1819 1438 1873 ?
1460 1818 1713 1888 Quisquis
1727 1829 1747 1855 ο
1765 1818 1830 1872 de
1842 1816 1964 1886 per-

372 1918 624 1973 cussione
636 1923 958 1980 murmurat,
972 1914 1097 1983 quid
1113 1908 1255 1968 aliud
1271 1927 1433 1983 quam
1447 1910 1709 1981 justitiam
1722 1909 1963 1965 ferientis

2070 726 2190 773 tura
2219 720 2773 791 incomprehensibilis
2810 736 2843 778 a
2884 731 3029 778 statu
3058 732 3158 778 suo
3204 723 3377 780 nescit
3404 724 3656 792 moveri,

2069 822 2189 879 qum
2229 810 2298 865 ab
2325 803 2392 867 ἑο
2418 811 2563 881 quod
2603 825 2816 884 semper
2843 813 2989 869 idem
3017 820 3104 870 est
3124 838 3141 883 ι
3160 815 3337 871 nescit
3358 814 3656 871 numutari.

2068 902 2203 957 Nam
2252 904 2297 959 si
2335 904 2651 974 angelorum
2686 905 2986 961 substantia
3022 916 3057 961 ι
3092 905 3471 962 mutabiiitatis
3505 914 3661 962 motu

2067 992 2257 1050 fuisset
2284 994 2483 1059 aliena,
2509 995 2649 1051 bene
2686 995 2755 1051 ab
2784 1003 3010 1053 auctore
3046 998 3289 1063 condita,
3315 1006 3658 1069 nequaquam

2067 1089 2125 1143 in
2150 1089 2395 1160 reprobis
2421 1089 2699 1160 spiritibus
2724 1103 2754 1144 a
2777 1089 3123 1146 beatitudinis
3140 1100 3251 1146 suae
3278 1102 3406 1146 arce
3424 1089 3658 1149 cecidis-

2067 1190 2168 1236 set.
2201 1180 2333 1236 Mire
2358 1188 2538 1237 autem
2566 1180 2909 1253 omnipotens
2931 1180 3075 1236 Deus
3096 1190 3343 1237 naturam
3368 1192 3390 1220 ο
3413 1193 3658 1237 summo-

2067 1288 2186 1327 rum
2214 1272 2498 1343 spirituum
2524 1271 2740 1339 bonam,
2761 1273 2859 1329 sed
2886 1272 3201 1328 mutabilem
3230 1272 3491 1340 condidit,
3516 1281 3577 1328 ut
3600 1276 3660 1329 et

2067 1364 2160 1433 qui
2180 1378 2501 1434 permanere
2529 1365 2758 1432 nollent,
2787 1370 3031 1433 ruerent,
3054 1371 3110 1419 et
3135 1364 3227 1435 qui
3267 1362 3325 1419 in
3349 1364 3660 1420 conditione

2066 1458 2440 1527 persisterent,
2480 1464 2633 1513 tanto
2663 1458 2715 1512 in
2741 1472 2806 1513 ea
2843 1456 2959 1528 jam
2986 1454 3218 1528 dignius,
3250 1465 3452 1527 quanto
3500 1465 3556 1512 et
3590 1470 3662 1512 ex

2067 1551 2289 1606 arbitrio
2317 1558 2558 1618 starent;
2590 1559 2647 1606 et
2666 1565 2732 1607 eo
2753 1549 2976 1620 majoris
3000 1549 3142 1622 apud
3165 1548 3335 1607 Deum
3363 1549 3540 1605 meriti
3565 1546 3663 1605 tio-

2064 1651 2205 1709 rent;
2224 1658 2332 1713 quo
2361 1642 2737 1699 mutabilitatis
2752 1657 2865 1698 suae
2884 1649 3089 1699 motum
3104 1641 3400 1697 voluntatis
3424 1640 3663 1697 statione

2064 1730 2325 1789 ilxissent.
2356 1733 2493 1801 Quia
2522 1749 2654 1805 ergo
2697 1734 2812 1805 ipsa
2838 1735 3056 1803 quoque
3085 1742 3276 1789 natura
3305 1733 3547 1802 angelica
3576 1738 3663 1788 est

2063 1826 2118 1880 in
2139 1826 2427 1895 semetipsa
2448 1825 2738 1891 mutabilis,
2768 1840 2931 1894 quam
2960 1826 3215 1882 videlicet
3240 1825 3658 1881 mutabilitatem

2063 1915 2196 1971 vicit
2221 1930 2317 1985 per
2337 1916 2460 1981 hoc,
2492 1916 2636 1985 quod
2666 1916 2716 1969 ei
2744 1916 2835 1985 qui
2864 1930 3083 1986 semper
3129 1914 3274 1971 idem
3303 1924 3389 1971 est
3428 1916 3659 1973 vinculis

372 2012 627 2067 accusat?
656 2010 933 2064 Puriorcm
962 2024 1021 2063 se
1043 2022 1172 2077 ergo
1199 2007 1283 2062 vir
1311 2004 1514 2061 factore
1540 2018 1639 2059 suo
1668 2002 1959 2070 existimat,
1994 2018 2038 2077 Β
2066 2010 2264 2064 amoris
2314 2010 2566 2078 illigatur,
2597 2018 2747 2065 recte
2792 2020 2931 2065 nunc
2977 2009 3175 2066 dicitur
3206 2027 3220 2063 :
3250 2010 3388 2066 Ecce
3432 2014 3519 2084 qui
3546 2026 3659 2067 ser-

372 2104 416 2158 si
466 2109 657 2157 contra
710 2100 977 2168 ﬂagellum
1020 2098 1298 2168 querelam
1353 2104 1545 2166 parat;
1584 2108 1817 2164 eumque
1865 2092 1965 2149 sibi

373 2194 563 2265 procul
590 2194 752 2248 dubio
799 2191 1094 2261 postponit,
1150 2189 1302 2258 cujus
1348 2187 1607 2257 judicium
1638 2187 1706 2240 de
1733 2199 1829 2239 sua
1881 2184 1963 2237 ai-

370 2285 608 2340 ilictione
636 2283 923 2351 redarguit.
962 2280 1030 2336 Ut
1058 2284 1188 2349 ergo
1221 2281 1385 2335 homo
1416 2277 1817 2349 reprehendere
1854 2284 1964 2331 non

370 2378 563 2432 audeat
585 2375 817 2445 iudicem
838 2374 1029 2444 culpas,
1061 2374 1205 2428 hunc
1230 2373 1504 2427 humiliter
1530 2370 1733 2439 cogitet
1775 2375 1964 2423 aucto-

368 2482 482 2523 rem
508 2476 712 2523 uaturae
730 2506 745 2531 ,
771 2466 893 2535 quia
929 2466 1019 2534 qui
1050 2466 1187 2520 mire
1216 2479 1284 2520 ex
1311 2463 1479 2518 nihilo
1506 2463 1778 2517 hominem
1813 2460 1959 2527 fecit,

370 2560 567 2613 factum
590 2557 755 2628 impie
782 2570 889 2612 non
919 2555 1125 2626 allligit.
1160 2555 1315 2621 Quod
1340 2563 1469 2613 tunc
1499 2552 1717 2623 Eliphaz
1748 2553 1958 2619 didicit,

382 2666 504 2706 cum
530 2660 721 2705 vocem
752 2651 906 2720 quasi
944 2662 1089 2702 aura:
1139 2646 1276 2701 lenis
1318 2645 1537 2699 audivit.
1567 2643 1628 2699 In
1660 2644 1964 2699 considera-

348 2741 519 2795 tione
564 2749 796 2809 namque
849 2736 1045 2793 divinae
1098 2735 1480 2806 magnitudinis
1526 2734 1752 2790 discitur
1801 2748 1961 2803 quam

348 2833 643 2888 ‘bumiliter
670 2833 732 2887 in
772 2846 870 2888 sua
918 2830 1389 2886 animadversione
1437 2830 1711 2883 timeatur.
1761 2827 1825 2880 Et
1870 2830 1960 2897 qui

364 2930 596 2999 superna
626 2928 894 2998 degustat,
919 2926 1174 2982 inferiora
1196 2925 1569 2996 aequanimiter
1594 2923 1815 2991 tolerat,
1837 2924 1959 2993 quia

365 3019 524 3091 plene
553 3020 697 3074 intus
721 3018 1006 3089 conSpicit,
1032 3017 1217 3088 quanti
1242 3018 1472 3073 aestimet
1497 3018 1645 3087 quod
1677 3014 1805 3071 loris
1829 3014 1956 3083 agit.

368 3111 505 3168 Male
557 3113 696 3168 enim
728 3122 788 3168 se
820 3119 1027 3168 reetum
1082 3117 1269 3182 putat,
1312 3110 1404 3181 qui
1457 3109 1701 3179 regulam
1737 3120 1963 3165 summa:

365 3202 701 3259 rectitudinis
730 3203 969 3271 ignorat;
995 3208 1048 3255 et.
1065 3210 1209 3273 saepe
1234 3202 1439 3270 lignum
1459 3208 1671 3257 rectum
1699 3200 1958 3267 creditur,

366 3295 411 3349 si
433 3294 498 3350 ad
525 3296 762 3365 regulam
786 3308 893 3351 non
913 3296 1166 3362 ducatur;
1192 3294 1287 3352 sed
1315 3309 1436 3350 cum
1475 3294 1675 3363 regulae
1697 3293 1957 3363 jungitur,

2065 2101 2207 2154 ciunt
2234 2101 2300 2165 ei,
2335 2116 2440 2155 non
2467 2108 2590 2154 sunt
2628 2098 2862 2155 stabiles.
2896 2100 3072 2170 Atque
3110 2100 3355 2169 ejusdem
3409 2102 3657 2170 protinus

2067 2192 2449 2247 documentum
2501 2191 2874 2246 mutabilitatis
2902 2191 3228 2261 adiungitur,
3257 2207 3379 2247 cum
3410 2194 3477 2249 de
3522 2208 3655 2264 apo-

2045 2286 2218 2340 ‘statis
2245 2282 2521 2354 spiritibus
2544 2284 2872 2339 subinlertur
2903 2301 2916 2337 :
2945 2282 3016 2338 Et
3046 2286 3101 2338 in
3132 2286 3332 2356 angelis
3360 2287 3468 2340 suis
3503 2300 3655 2357 repe-

2063 2375 2134 2429 rit
2152 2376 2478 2447 pravitatem.
2517 2374 2537 2414 ί
2583 2372 2663 2429 Ex
2702 2386 2931 2444 quorum
2971 2386 3102 2431 casu
3143 2376 3280 2432 bene
3328 2377 3655 2432 inﬁrmitatis

2064 2462 2312 2522 humana:
2343 2467 2835 2523 considerationem
2866 2467 3094 2536 colligit,
3125 2478 3247 2524 cum
3288 2466 3429 2524 illico
3457 2469 3655 2525 Subne-

2063 2560 2161 2621 ctit
2186 2577 2198 2611 :
2227 2559 2434 2622 Quanto
2462 2561 2634 2630 magis
2665 2561 2739 2624 hi,
2768 2561 2851 2631 qui
2882 2559 3118 2612 habitant
3147 2560 3327 2614 domos
3350 2561 3533 2625 luteas,
3566 2561 3657 2634 qui

2066 2662 2325 2708 terrenum
2364 2654 2552 2707 habent
2580 2653 2995 2723 fundamentum,
3022 2659 3387 2707 consumentnr
3423 2653 3557 2705 velut
3584 2653 3654 2705 ti-

2063 2743 2197 2815 neaﬁ?
2226 2742 2423 2797 Luteas
2451 2744 2647 2813 quippe
2677 2742 2866 2797 domos
2911 2742 3234 2806 habitamus,
3264 2741 3388 2809 quia
3432 2740 3483 2794 in
3531 2756 3657 2795 cor~

2062 2834 2284 2904 poribus
2313 2834 2537 2889 terrenis
2561 2834 2918 2887 subsistimus.
2949 2831 3078 2899 Qua:
3098 2830 3236 2887 bene
3256 2830 3454 2886 Paulus
3475 2832 3656 2887 consi-

2063 2927 2255 2981 derans
2288 2928 2440 2997 171
2474 2928 2549 2981 ait
2581 2945 2594 2979 :
2628 2924 2895 2981 Habemus
2925 2926 3222 2981 thesaurum
3248 2927 3405 2980 istum
3431 2928 3487 2980 in
3518 2928 3655 2983 vasis

2048 3018 2306 3089 ﬁctilibus
2335 3018 2422 3089 (II
2445 3018 2563 3073 Cor.
2589 3034 2663 3083 Iv,
2698 3018 2775 3088 7).
2808 3017 2876 3072 Et
2902 3030 3117 3075 rursum
3153 3036 3165 3071 :
3209 3017 3415 3073 Scimus
3456 3020 3577 3090 quia
3605 3019 3653 3072 si

2064 3112 2319 3165 terrestris
2348 3112 2528 3165 domus
2556 3119 2733 3165 nostra
2763 3110 2915 3181 hujus
2945 3109 3279 3164 habitationis
3317 3110 3655 3177 dissolvatur,

2061 3204 2196 3275 quod
2220 3202 2619 3271 aedificationem
2643 3219 2708 3257 ea:
2722 3201 2836 3256 Deo
2867 3200 3132 3266 habemus,
3167 3201 3373 3255 domum
3402 3215 3505 3255 non
3537 3216 3653 3253 ma-

2060 3300 2330 3367 nufactam
2382 3295 2467 3364 (II
2516 3296 2635 3350 Cor.
2660 3311 2712 3360 v,
2746 3295 2821 3363 l).
2855 3295 3152 3350 Terrenum
3197 3302 3415 3363 quoque
3461 3288 3653 3349 funda-

366 3386 464 3456 per
503 3395 759 3456 quantam
808 3387 1179 3443 tortitudinem
1229 3388 1478 3444 tumescit
1505 3387 1792 3450 invenitur,
1830 3388 1955 3457 quia
1981 3400 2030 3463 ρ
2061 3400 2299 3442 mentum
2339 3395 2421 3441 est
2458 3385 2754 3441 substantia
2799 3386 2996 3441 carnis.
3049 3382 3204 3452 Quod
3234 3385 3289 3438 in
3327 3401 3385 3439 se
3428 3384 3656 3440 sollicite

369 3480 619 3535 nimirum
658 3480 922 3537 rectitude
950 3479 975 3517 ἀ
1007 3481 1257 3537 abcidens
1281 3482 1557 3553 increpat,
1600 3481 1743 3553 quod
1772 3480 1959 3535 oculus
2062 3480 2344 3535 Psalmista
2368 3489 2745 3547 conspexerat,
2775 3490 2897 3532 cum
2927 3479 3140 3533 dicebat
3170 3495 3182 3529 :
3216 3475 3341 3533 Non
3371 3480 3447 3532 est
3483 3474 3658 3531 occul-

367 3569 626 3641 tleceptus
673 3572 1023 3642 approbabat.
1068 3570 1292 3644 Eliphaz
1334 3572 1517 3643 itaque
1557 3572 1679 3644 quia
1724 3580 1958 3641 superna
2063 3582 2223 3627 totum
2247 3590 2304 3628 os
2333 3588 2500 3627 meum
2524 3582 2645 3637 ate,
2670 3572 2806 3644 quod
2836 3572 3003 3642 fecisti
3021 3572 3077 3625 in
3106 3572 3329 3635 occulto,
3352 3569 3657 3623 etsubstan-

367 3663 671 3730 conspexit,
695 3661 997 3718 districtum
1007 3662 1262 3732 judicium
1291 3663 1357 3718 de
1386 3662 1731 3717 inferioribus
1754 3661 1957 3727 exerit;

367 3756 423 3808 et
488 3756 733 3824 quamvis
780 3755 999 3811 beatum
1054 3755 1156 3810 Job
1207 3764 1313 3810 non
1362 3760 1509 3810 recte
1551 3754 1861 3823 redarguit,
1904 3754 1958 3806 in

367 3848 768 3915 comparatione
818 3856 1001 3901 tamen
1054 3846 1316 3901 creatoris
1344 3846 1647 3911 Eomniam,
1700 3846 1961 3899 creaturae

365 3936 587 3992 modum
632 3944 779 3993 recte
814 3937 1066 3993 describit
1090 3938 1272 4002 dicens
1304 3956 1316 3990 :

408 4029 657 4105 [CAPUT
704 4029 967 4087 XXXVIII
996 4029 1143 4104 [γει.
1168 4028 1420 4097 XXVII,
1455 4029 1579 4084 Rec.
1611 4027 1716 4081 XX
1730 4024 1923 4102 VIII].

442 4120 604 4176 Vens.
632 4121 714 4188 l8,
746 4122 829 4177 l9.
864 4120 997 4175 Ecce
1026 4123 1111 4194 qui
1140 4122 1367 4175 serviunt
1410 4121 1475 4185 ei,
1508 4135 1611 4173 non
1645 4126 1765 4173 sunt
1796 4116 1961 4171 stabi-

370 4210 462 4273 les,
494 4222 542 4265 et
570 4214 625 4266 in
645 4214 843 4285 angelis
869 4214 976 4267 suis
998 4214 1187 4284 reperit
1208 4214 1511 4284 pravitatem
1536 4227 1553 4265 :
1575 4218 1769 4283 quanto
1796 4209 1963 4280 magis

370 4302 443 4365 hi,
470 4306 554 4375 qui
568 4302 802 4360 habitant
824 4307 1003 4361 domos
1026 4306 1210 4370 luteas,
1236 4304 1323 4376 qui
1341 4314 1597 4359 terrenum
1618 4302 1809 4358 habent
1837 4304 1959 4374 fun-

372 4394 690 4463 damentum,
729 4407 1098 4453 consumentur
1118 4398 1254 4451 velut
1278 4399 1455 4451 tinea?

445 4490 534 4545 68.
586 4488 797 4545 Natura
840 4492 1077 4563 angelica
1126 4508 1218 4544 cur
1272 4490 1565 4558 mutabilis,
1614 4503 1665 4547 et
1705 4494 1843 4549 unde
1870 4495 1965 4565 ﬁat

2058 3667 2134 3719 tia
2163 3682 2275 3719 mea
2294 3668 2350 3719 in
2377 3664 2712 3736 inferioribus
2735 3674 2887 3718 terra:
2918 3663 3090 3733 (Psal.
3122 3680 3381 3729 cxxxvm,
3416 3661 3526 3730 15).
3560 3664 3654 3717 Ti-

2061 3771 2162 3811 nea
2184 3766 2364 3810 autem
2398 3756 2466 3810 de
2485 3766 2639 3810 veste
2682 3756 2940 3821 nascitur,
2968 3764 3024 3808 et.
3050 3755 3296 3809 eamdem
3324 3762 3553 3818 vestem,
3588 3754 3657 3807 de

2060 3862 2165 3917 qua
2206 3848 2397 3913 oritur,
2428 3846 2652 3902 oriende
2698 3848 3014 3915 corrumpit.
3059 3847 3223 3913 Quasi
3250 3846 3495 3917 quacdam
3524 3858 3656 3901 vero

2061 3940 2228 3995 vestis
2267 3940 2459 3992 anima:
2499 3951 2627 3992 caro
2657 3944 2764 3997 est:
2797 3939 2889 3992 sed
2921 3939 3036 3993 haec
3064 3939 3313 3994 nimirum
3346 3940 3510 3995 vestis
3551 3941 3652 3994 ha-

2063 4032 2157 4086 bet
2184 4031 2382 4083 tineam
2412 4042 2583 4095 suam,
2615 4029 2739 4098 quia
2785 4030 2852 4083 ab
2882 4030 2998 4098 ipsa
3031 4030 3262 4085 carnalis
3290 4031 3519 4086 tentatio
3542 4031 3655 4085 ori-

2068 4128 2175 4187 tur,
2201 4135 2268 4175 ex
2306 4134 2409 4188 qua
2442 4117 2727 4173 laceratur.
2761 4117 2924 4186 Quasi
2956 4120 3099 4174 enim
3128 4120 3359 4190 quadam
3385 4128 3481 4174 Sua
3510 4122 3659 4176 tinea

2066 4212 2235 4267 νθςιὶς
2252 4218 2434 4265 nostra
2456 4210 2813 4274 consumitur,
2839 4226 2963 4266 cum
2995 4224 3123 4266 caro
3147 4212 3513 4283 corruptibilis
3543 4218 3661 4269 ten-

2069 4304 2327 4359 tationem
2359 4302 2547 4372 gignit,
2580 4310 2635 4356 et
2664 4317 2760 4371 per
2788 4302 2929 4359 hanc
2957 4303 3024 4358 ad
3068 4303 3343 4359 interitum
3390 4306 3658 4374 pervenit.

2068 4395 2230 4450 Velut
2260 4394 2405 4448 tinea
2436 4394 2599 4447 homo
2628 4394 2982 4463 consumitur,
3006 4406 3128 4451 cum
3146 4393 3217 4450 de
3245 4410 3304 4452 se
3325 4397 3497 4449 oritur
3522 4396 3663 4450 unde
3724 4390 3727 4391 ⁷

2071 4488 2398 4547 eonteratur.
2433 4486 2510 4542 Ac
2536 4488 2577 4542 si
2602 4496 2788 4557 aperte
2808 4487 2952 4542 dicat
2983 4486 3075 4542 :Si
3101 4487 3180 4541 illi
3210 4488 3431 4557 spiritus
3454 4496 3575 4541 esse
3596 4501 3663 4542 ex

372 4580 729 4636 immutabilis.
764 4584 1079 4654 Angelorum
1129 4586 1305 4654 lapsus
1352 4585 1584 4639 homines
1632 4589 1874 4643 admonet
1905 4588 1968 4643 de
2072 4597 2130 4637 se
2160 4581 2623 4637 incommutabiles
2651 4586 2962 4649 nequeunt.
2994 4575 3085 4646 qui
3119 4578 3262 4631 nulla
3301 4577 3479 4632 carnis
3508 4576 3662 4631 inﬁr-

375 4689 472 4727 sua
499 4672 804 4743 inﬁrmitate
831 4670 1089 4746 difﬁdere.
1124 4675 1305 4743 Tinea,
1333 4680 1768 4749 concupiscentia.
1786 4682 1965 4737 -—-Na-

2073 4675 2261 4729 mitate
2307 4670 2716 4743 deprimuntur;
2744 4666 3179 4739 qualemeritate
3202 4684 3261 4722 se
3310 4668 3557 4723 homines
3606 4668 3662 4724 in

378 4770 496 4817 tura
548 4762 785 4832 angelica
840 4766 943 4820 etsi
999 4768 1445 4837 contemplationi
1498 4773 1739 4827 auctoris
1796 4774 1964 4827 illth-

2074 4764 2218 4821 bono
2244 4774 2562 4836 permanere
2608 4769 2921 4817 constanter
2949 4759 3278 4824 existimant,
3310 4760 3446 4828 Quos
3496 4762 3549 4815 in‘
3599 4777 3665 4818 eo

377 4854 569 4924 rendo,
599 4856 653 4909 in
681 4863 823 4912 statu
856 4873 955 4913 suo
982 4858 1388 4915 immutabiliter
1410 4874 1722 4932 permanet;
1757 4880 1821 4920 eo
1853 4866 1969 4936 ipso
2075 4858 2220 4927 quod
2248 4856 2551 4911 intellectus
2581 4854 2645 4907 ad
2676 4868 2883 4907 summa
2912 4850 3111 4916 evehit,
3133 4851 3364 4906 carnalis
3385 4851 3667 4910 inﬁrmitas

379 4954 559 5002 tamen
588 4963 697 5018 quo
728 4958 975 5005 creatura
1019 4958 1123 5019 est,
1152 4952 1205 5008 in
1234 4955 1523 5025 semetipsa
1546 4957 1969 5014 vicissitudinem

382 5044 756 5102 mutabilitatis
798 5044 978 5101 habet.
1003 5044 1195 5101 Mutari
1240 5046 1444 5115 autem,
1479 5066 1546 5105 ex
1587 5050 1694 5107 alio
1723 5052 1790 5107 ad
1829 5053 1972 5107 aliud

381 5134 461 5190 ire
489 5144 591 5202 est,
625 5148 679 5193 et
710 5137 763 5193 in
793 5139 1085 5210 semetipso
1114 5139 1361 5194 stabilem
1391 5150 1497 5195 non
1530 5157 1668 5199 esse.
1703 5138 1969 5212 Unaquacv

383 5240 489 5298 que
510 5224 652 5287 enim
682 5242 768 5289 res
807 5234 961 5303 quasi
984 5239 1066 5290 tot
1093 5233 1339 5303 passibus
1365 5228 1433 5288 ad
1458 5230 1600 5290 aliud
1626 5236 1815 5303 tendit,
1846 5246 1979 5307 quot

382 5435 423 5492 ϐ
457 5365 564 5490 ribln
613 5346 908 5436 plerisque,
958 5342 1322 5419 tenebricatur.
1368 5364 1447 5418 lta
1497 5365 1627 5420 olim
1675 5365 1873 5420 lectum
1923 5382 1977 5421 In

427 5452 460 5492 ο
525 5476 538 5489 .

467 5437 477 5488 l
525 5476 538 5489 .
809 5435 812 5436 ⁷

427 5435 633 5559 obbﬂaae
661 5506 825 5561 verba
879 5508 1092 5630 (ﬁniri...
1124 5502 1406 5576 caligamus
1427 5548 1442 5574 ,
1468 5523 1572 5561 non
1608 5510 1732 5562 sunt
1758 5506 1807 5561 in
1848 5506 1977 5561 Vin-

427 5576 588 5630 ocin..
618 5574 832 5630 Belvac.
854 5616 870 5630 .
944 5593 1153 5630 orInan.
1192 5586 1247 5630 tl
1275 5577 1565 5630 nh-risaue.
1600 5576 1784 5630 Potest
1814 5579 1975 5630 etiam

385 5576 588 5640 decim,
607 5574 832 5649 Belitae.
854 5616 870 5641 ,
892 5574 1153 5649 Nortnan.
1192 5574 1247 5631 εἰ
1274 5577 1565 5649 pit-risque.
1600 5576 1784 5632 Potest
1814 5579 1975 5632 etiam

385 5663 576 5703 sensus
605 5645 811 5715 integer
838 5648 1089 5703 constare
1120 5648 1202 5703 bis
1231 5645 1493 5717 rejectis":
1527 5659 1740 5704 exstant
1770 5651 1822 5703 in
1853 5649 1975 5704 Col-

385 5722 582 5845 milita
613 5787 794 5858 plures
826 5797 882 5843 et
906 5790 1165 5859 potiores,
1201 5805 1304 5845 non
1338 5789 1399 5846 de
1430 5794 1793 5862 persecutione
1831 5804 1885 5845 ut
1922 5791 1973 5845 in

386 5860 554 5915 Etlitis
585 5867 708 5915 post
736 5856 862 5915 Coc.

432 5867 554 5915 ditis
585 5867 708 5931 post
736 5867 862 5915 (ioc.

457 5932 481 5967 ι¹
512 5931 601 5987 Sic
622 5928 938 6002 _Compend.
961 5972 977 5997 ,
1010 5928 1260 6002 Belvac.-,
1292 5932 1493 5989 'l‘uron.
1515 5975 1531 5996 ,
1569 5932 1729 5989 Corn.
1765 5933 1976 5997 Germ,

388 6002 542 6059 Colb.
564 6041 581 6070 ,
607 5996 822 6071 Germ.)
853 5999 1038 6057 Norm.
1082 5996 1493 6061 Viudocinensis
1542 6008 1613 6061 ita
1645 6022 1858 6075 queque
1888 6006 1983 6058 ha-

2077 4962 2301 5021 aggrava
2313 4964 2373 5003 ns
2399 4946 2675 5017 przepedit,
2703 4954 2762 5000 ut
2787 4954 2886 5015 per
2906 4943 3272 5013 corruptionis
3293 4944 3478 5000 vitium
3504 4944 3557 4999 in
3576 4961 3667 5002 se-

2077 5044 2319 5114 metipsis
2341 5042 2571 5096 habeant
2594 5040 2813 5094 undeab
2834 5040 3022 5093 intima
3043 5039 3283 5094 novitate
3296 5042 3668 5096 veterascant?

2154 5135 2297 5210 [γει.
2315 5130 2597 5187 XXVIII.
2614 5129 2626 5201 |
2646 5130 2735 5185 69.
2760 5130 2946 5201 Angeli
2962 5130 3198 5185 doctores
3220 5139 3359 5196 sunt,
3384 5134 3469 5204 qui
3491 5147 3668 5203 quam-

2081 5230 2201 5287 libet
2246 5227 2432 5283 sancti.
2476 5240 2579 5279 non
2620 5229 2740 5277 sunt
2783 5226 2894 5277 sine
2920 5223 3091 5294 culpa.
3135 5220 3299 5279 Tinea
3339 5225 3451 5278 sine
3498 5225 3668 5277 sonitu

2025 5327 2037 5350 ‘
2085 5365 2211 5431 bet;
2237 5360 2391 5425 alter,
2420 5354 2666 5412 rectitude
2691 5353 2986 5411 abscedens.
3010 5355 3070 5412 In
3096 5355 3218 5421 Ed.,
3252 5348 3503 5411 rectitudo
3528 5344 3670 5410 acce~

2084 5436 2492 5563 dezsl‘ionnulli,
2526 5512 2863 5567 supernorum
2903 5500 3197 5567 spirituum.
3242 5492 3303 5551 In
3352 5506 3458 5552 uno
3507 5496 3669 5566 Reg.,

2430 5613 2441 5624 .
2474 5584 2527 5625 Ill
2552 5584 2742 5625 MICIO.
2773 5586 3004 5624 suorum.
3212 5612 3221 5625 .

2082 5589 2441 5647 supernorum.
2473 5570 2742 5646 lu‘altcxo,
2773 5586 3004 5624 suorum.
3212 5612 3221 5625 .
3400 5628 3405 5639 1

2162 5647 2179 5685 τ
2215 5643 2311 5699 Hic
2342 5643 2549 5697 variant
2593 5640 2714 5696 Mss.
2748 5648 2803 5695 et
2828 5640 2967 5694 Editi
3000 5640 3321 5709 :scquimur
3354 5638 3669 5707 probatissi-

2086 5734 2226 5773 mam
2278 5717 2422 5781 lect.,
2454 5728 2571 5784 quae
2600 5721 2683 5767 est
2729 5713 2967 5784 omnium
2988 5708 3204 5784 Noram,
3238 5710 3393 5784 u_nius
3437 5709 3670 5784 Anglic"

2088 5780 2708 5857 utriusqueCoippmrln
2740 5781 3036 5849 Bellovac.,
3062 5780 3224 5835 Curb.
3251 5780 3463 5857 Germ”
3491 5782 3668 5857 Golb.,

2087 5846 2441 5915 Germ.'Editi
2483 5846 2717 5914 habent,
2749 5870 2812 5906 ea;
2857 5846 3069 5921 quorum
3108 5846 3500 5920 comparatione
3550 5849 3672 5911 bene

2090 5949 2239 5986 emus
2270 5928 2587 5991 inﬁrmitatis
2612 5925 2747 5977 Imm.
