4180 6480
576 400 681 458 719

1780 392 2020 449 SANC'I‘I
2061 390 2389 447 GREGORII
2427 388 2641 446 MAGNI

3744 386 3856 441 7'20

577 516 822 568 damnum
863 509 1083 581 faciens,
1111 508 1315 578 iniquos
1353 507 1558 562 exhibet
1586 466 1775 560 damna
1814 523 1910 560 sna
1952 522 2056 561 non
2084 512 2165 558 at-
2194 509 2244 570 Α
2279 502 2390 556 Viri
2417 501 2728 572 sanguinum
2754 506 2805 553 et
2849 498 3015 553 dolosi
3056 513 3159 552 non
3188 496 3537 552 dimidlabunt
3581 498 3689 553 dies
3735 515 3859 555 suos

573 603 858 658 tendentes.
882 632 954 645 —-
979 598 1214 655 Possunt
1238 614 1455 668 quoque
1484 615 1579 669 per
1608 598 1829 668 angelos
1856 598 2026 653 sancti
2058 597 2157 651 do-

572 703 754 750 ctores
782 691 1029 759 intelligi,
1076 691 1214 746 sicut
1243 705 1340 761 per
1365 691 1684 761 pr0phetam
1715 689 1914 744 dicitur
1948 708 1960 742 :
1994 687 2159 741 Laoia

568 785 856 839 sacerdotis
879 782 1175 838 custodiunt
1212 783 1509 849 scientiam,
1542 792 1592 836 et
1614 782 1773 853 legem
1804 783 2068 851 requirunt
2096 797 2159 834 ea:

567 892 659 930 ore
685 875 818 945 ejus,
839 875 959 946 quia
982 873 1193 944 angelus
1218 871 1427 927 Domini
1447 876 1765 927 exercituum
1784 882 1861 926 est
1884 870 1957 943 (Μ
1967 871 2039 925 al.
2063 886 2155 934 vn,

566 967 647 1037 1).
679 965 781 1033 Qui
832 964 1165 1034 quantalibet
1217 964 1415 1019 virtute
1467 965 1724 1033 fulgeant,
1770 979 1891 1018 esse
1937 963 2157 1017 omnino

567 1059 685 1113 sine
704 1058 862 1127 culpa
886 1064 1179 1126 nequeunt,
1204 1071 1325 1111 cum
1349 1057 1450 1111 iter
1470 1056 1747 1127 praesentis
1772 1058 1890 1110 vita:
1912 1056 2159 1124 gradiun-

550 1160 672 1215 tur,
706 1151 829 1219 quia
877 1164 1066 1204 eorum
1096 1149 1345 1203 nimirum
1388 1164 1603 1218 gressus
1652 1150 1887 1217 tangitur
1912 1156 2005 1203 aut
2044 1149 2157 1203 luto

568 1244 739 1299 illiciti
761 1243 962 1313 operis,
993 1250 1088 1297 aut
1111 1242 1331 1313 pulvere
1360 1243 1721 1311 cogitationis.
1755 1243 1954 1296 Domos
1976 1250 2155 1295 autem

566 1337 740 1393 luteas
789 1336 1068 1399 habitant,
1116 1335 1206 1404 qui
1237 1334 1305 1389 de
1334 1335 1649 1390 illecebrosa
1697 1336 1796 1389 hac
1825 1334 1934 1388 vita
1981 1334 2156 1389 carnis

565 1431 855 1486 exsultant.
890 1428 1041 1484 Hanc
1061 1428 1277 1483 domum
1308 1428 1509 1483 luteam
1536 1426 1731 1482 Paulus
1759 1426 2001 1481 habitare
2026 1440 2152 1479 con-

568 1530 881 1593 tempserat,
913 1536 1035 1577 cum
1086 1520 1299 1575 dicebat
1349 1539 1361 1570 ε
1393 1518 1593 1574 Nostra
1622 1529 1787 1572 autem
1838 1518 2155 1572 conversatio

566 1618 620 1669 in
653 1618 792 1671 cretis
817 1624 891 1671 est
916 1615 1138 1688 (Philip.
1172 1631 1250 1682 ιιι,
1275 1615 1366 1679 20,
1389 1616 1505 1685 21).
1534 1616 1689 1670 Dicat
1707 1630 1837 1682 ergo
1865 1631 1877 1666 :
1910 1612 2048 1666 Ecce
2070 1613 2154 1667 aui

567 1710 791 1763 seruiunt
820 1710 869 1762 ei
897 1726 1004 1764 non
1042 1718 1163 1764 sunt
1188 1708 1420 1776 stabiles,
1449 1716 1499 1762 et
1528 1710 1582 1762 in
1614 1709 1813 1776 angelis
1839 1710 1946 1761 suis
1969 1707 2155 1777 reperit

567 1802 869 1869 pravitatem
885 1819 902 1866 ;
931 1809 1121 1873 quanto
1144 1803 1310 1873 magis
1338 1802 1389 1855 hi
1411 1802 1497 1873 qui
1526 1800 1760 1854 habitant
1782 1802 1961 1855 domos
1991 1800 2154 1854 luteas

2261 595 2434 665 (Psal.
2478 610 2583 657 Liv,
2632 591 2743 661 25).
2774 591 2896 646 Dies
2924 591 3123 661 quippe
3170 591 3485 658 dimidiare,
3515 600 3598 645 est
3645 601 3861 662 tempus

2260 689 2384 741 vita:
2412 687 2553 741 male
2582 686 2634 739 in
2667 684 3031 755 voluptatibus
3059 684 3276 740 ductum
3318 683 3384 737 ad
3418 684 3752 753 paenitentiae
3778 685 3859 739 la-

2260 788 2441 834 menta
2466 778 2721 841 dividere,
2755 784 2916 845 atque
2939 777 3044 830 hoc
3074 776 3141 829 ad
3164 776 3363 830 bonum
3394 791 3548 832 usum
3573 777 3858 845 partiendo

2259 887 2535 943 reparare.
2556 871 2663 927 Sed
2695 870 2860 940 iniqui
2883 870 3000 925 dies
3026 886 3155 925 suos
3182 885 3519 939 nequaquam
3550 869 3857 936 dimidiam,

2259 966 2383 1037 quia
2411 979 2720 1035 perversam
2745 971 2983 1019 mentem
3008 978 3108 1017 nec
3138 963 3191 1016 in
3217 971 3462 1016 extremo
3492 970 3737 1033 tempore
3758 964 3858 1017 im-

2260 1064 2487 1109 mutant.
2530 1054 2649 1120 Quo
2692 1061 2881 1108 contra
2928 1055 3063 1109 bene
3104 1051 3302 1106 Paulus
3336 1052 3592 1106 admonet
3620 1053 3808 1107 dicens
3841 1071 3854 1105 :

2263 1146 2590 1201 Redimentes
2623 1157 2840 1217 tempus,
2871 1148 3115 1216 quoniam
3160 1148 3270 1200 dies
3317 1147 3445 1201 mali
3484 1156 3605 1201 sunt
3636 1147 3856 1219 (Ephes.

2258 1255 2312 1306 v,
2358 1238 2466 1307 16).
2513 1237 2745 1308 Tempus
2786 1239 2985 1309 quippe
3026 1239 3377 1304 redimimus,
3428 1239 3645 1306 quando
3693 1250 3860 1295 ante-

2260 1338 2434 1384 actam
2468 1330 2633 1385 vitam
2655 1372 2670 1395 ,
2704 1346 2865 1401 quam
2914 1330 3247 1386 lasciviendo
3295 1330 3647 1402 perdidimus,
3680 1330 3858 1389 ﬂendo

2259 1441 2597 1495 reparamus.
2631 1425 2887 1496 Sequitur
2920 1445 2933 1480 :

2872 1517 3099 1573 CAPUT
3126 1518 3237 1573 XL.

2327 1607 2456 1662 Isto.
2486 1636 2558 1647 —
2577 1607 2648 1661 Et
2677 1609 2799 1677 quia
2827 1609 3001 1663 nullus
3041 1610 3306 1679 intelligit,
3348 1612 3404 1664 in
3435 1620 3683 1667 arternum
3712 1614 3854 1683 peri-

2260 1697 2403 1752 bunt.

2330 1791 2417 1846 7i.
2449 1762 2596 1847 Scire
2640 1793 2907 1865 negligunt
2950 1810 3064 1865 qua:
3091 1811 3179 1849 eos
3226 1795 3503 1866 supplicia,
3530 1813 3645 1869 qua:
3684 1799 3853 1869 justas

566 1896 650 1963 qui
680 1903 935 1949 terrenum
956 1895 1143 1948 habent
1170 1895 1583 1966 fundamentum,
1616 1902 1979 1948 consumentur
2018 1891 2152 1946 velut
2188 1904 2229 1962 Β
2256 1887 2470 1955 praemia
2491 1896 2833 1940 maneant.—
2844 1886 3029 1941 Nullus
3044 1887 3295 1943 videlicet
3317 1903 3504 1943 eorum
3532 1888 3624 1957 qui
3647 1904 3675 1942 a
3701 1903 3854 1944 mane

565 1985 744 2039 tinea?
762 1984 840 2040 Ac
866 1986 910 2039 si
940 1998 1126 2056 aperte
1153 1984 1299 2039 dicat
1333 2002 1345 2037 :
1371 1984 1428 2039 Si
1456 1984 1734 2054 praesentis
1759 1985 1882 2038 vitae
1909 1982 2051 2037 viam
2081 1981 2159 2036 illi

565 2075 682 2132 sine
709 2077 961 2145 contagio
1004 2076 1236 2132 transire
1266 2082 1569 2145 nequeunt,
1593 2076 1684 2144 qui
1728 2084 1931 2130 mterna
1962 2084 1985 2110 υ
2018 2089 2157 2127 nun-

565 2167 779 2232 tiantes,
806 2183 925 2223 sese
946 2178 1136 2223 contra
1164 2168 1482 2238 temporalia
1507 2167 1813 2235 accingunt,
1845 2182 1964 2234 qua:
1993 2165 2159 2219 detri-

565 2266 744 2311 menta
768 2258 843 2311 illi
864 2258 1136 2312 sustinent
1158 2259 1250 2326 qui
1282 2273 1401 2313 esse
1436 2273 1493 2311 se
1534 2258 1585 2310 in
1617 2257 1848 2312 carnalis
1877 2256 2160 2310 habitatio-

566 2345 647 2399 nis
666 2346 1036 2414 voluptatibus
1060 2346 1329 2414 gaudent?
1370 2346 1473 2412 Qui
1502 2347 1645 2401 enim
1674 2346 1917 2400 serviunt
1944 2346 2013 2411 ei,
2047 2361 2157 2401 non

565 2440 691 2488 sunt
717 2435 969 2500 stabiles,
999 2436 1126 2505 quia
1154 2452 1278 2491 cum
1320 2452 1472 2492 mens
1508 2436 1574 2491 ad
1605 2437 1711 2491 alta
1744 2438 1949 2500 nititur,
1982 2439 2159 2494 carnis

566 2540 675 2585 Suae
717 2526 1047 2595 cogitatione
1085 2526 1406 2597 dissipatur;
1435 2528 1509 2582 ita
1537 2536 1597 2582 ut
1622 2543 1764 2597 saepe
1792 2528 2003 2582 animus
2028 2526 2154 2582 dm

565 2618 766 2674 intimis
812 2620 1001 2693 inhiat,
1032 2619 1158 2674 dum
1213 2620 1329 2675 sola
1377 2620 1618 2676 caelestia
1667 2628 1929 2690 aspectat,
1979 2619 2156 2675 subita

564 2711 768 2765 carnali
818 2711 1179 2767 delectatione
1219 2712 1521 2781 perculsus,
1550 2728 1580 2766 a
1627 2711 1917 2782 semetipso
1960 2711 2157 2767 scissus

563 2800 761 2869 iaceat,
791 2810 842 2856 et
871 2803 963 2871 qui
992 2818 1052 2858 se
1080 2802 1406 2860 inﬁrmitatis
1434 2818 1544 2858 sum
1565 2803 1845 2859 molestias
1872 2817 2158 2873 superasse

562 2895 843 2962 gaudebat,
876 2897 1162 2966 repentino
1198 2896 1422 2952 vulnere
1461 2904 1761 2967 prostratus
1790 2905 1988 2966 gemat.
2022 2894 2156 2950 Pra-

563 2985 703 3041 vitas
741 2998 871 3054 ergo
899 2994 954 3041 et
980 2987 1034 3041 in
1064 2987 1269 3057 angelis
1294 2987 1582 3057 reperitur,
1608 2987 1734 3041 dum
1766 2988 1912 3057 ipsos
1940 3000 2157 3055 quoque

561 3077 656 3145 qui
696 3076 978 3132 veritatem
1012 3078 1290 3143 nuntiant,
1318 3092 1703 3147 nonnunquam
1731 3077 2007 3148 subreptio
2033 3078 2157 3131 vitze

561 3168 769 3224 fallacis
789 3178 996 3239 gravat.
1028 3167 1086 3224 Si
1116 3185 1246 3239 ergo
1282 3169 1338 3224 hi
1369 3170 1529 3224 etiam
1560 3170 1745 3225 mundi
1770 3169 1928 3239 hujus
1955 3169 2153 3239 iniqui-

562 3266 675 3313 tate
703 3259 987 3326 feriuntur,
1015 3275 1153 3329 quos
1174 3269 1363 3316 contra
1388 3276 1513 3316 eum
1535 3270 1720 3318 sancta
1745 3261 1973 3317 intentio
1996 3262 2155 3331 erigit

562 3350 760 3418 quibus
780 3350 977 3407 ictibus
1000 3352 1075 3405 illi
1100 3360 1472 3422 penetrantur,
1497 3367 1635 3422 quos
1660 3363 1785 3409 ante
1812 3355 1929 3424 ejus
1949 3355 2151 3426 jacula,

564 3442 677 3512 ipsa
698 3442 1027 3499 inﬁrmitatis
1053 3460 1164 3501 sum
1190 3446 1481 3502 delectatio
1504 3450 1729 3503 sternit?
1758 3449 1859 3516 Qui
1887 3451 2025 3507 bene
2062 3466 2155 3506 ve-

563 3532 641 3588 lut
668 3534 811 3589 tinea
840 3536 1085 3590 consumi
1114 3536 1509 3593 describuntur.
1543 3537 1709 3594 Tinea
1756 3540 1954 3611 quippe
2001 3541 2154 3595 dam-

563 3642 690 3682 num
713 3626 858 3691 facit,
892 3634 947 3683 et
971 3628 1205 3684 sonitum
1233 3644 1340 3684 non
1372 3626 1526 3697 facit;
1560 3630 1635 3685 ita
1664 3630 1968 3701 iniquorum
2000 3647 2156 3688 men-

563 3728 667 3790 tes,
690 3720 815 3792 quia
837 3720 1032 3776 damna
1062 3737 1156 3776 sua
1187 3721 1531 3777 considerare
1559 3722 1851 3794 negligunt,
1878 3724 2156 3793 integrita-

562 3820 671 3868 tem
708 3814 861 3883 quasi
908 3813 1208 3870 nescientes
1260 3813 1507 3885 perdunt.
1540 3813 1806 3872 Amittunt
1846 3832 2079 3887 namque
2123 3833 2155 3873 a

561 3904 726 3959 corde
752 3904 1135 3970 innocentiam,
1168 3906 1236 3960 ab
1257 3920 1353 3961 ore
1378 3906 1683 3971 veritatem,
1716 3923 1748 3962 a
1786 3923 1949 3964 carne
1975 3908 2154 3964 conti-

560 3996 823 4061 nentiam,
866 4004 922 4051 et
948 4012 1047 4068 per
1091 4012 1368 4053 accessum
1398 4000 1656 4068 temporis
1698 3999 1765 4055 ab
1792 4008 1951 4056 aetate
1999 4003 2153 4072 172

561 4086 749 4141 vitam.
780 4086 889 4142 Sed
912 4087 1025 4143 haec
1052 4103 1111 4144 se
1139 4088 1504 4143 indesinenter
1532 4091 1781 4145 amittere
1813 4105 2152 4161 nequaquam

563 4176 923 4245 conspiciunt,
951 4176 1079 4231 dum
1126 4184 1243 4234 toto
1271 4176 1539 4233 desiderio
1583 4180 1727 4234 curis
1771 4181 2154 4250 temporalibus

563 4276 917 4337 occupantur.
961 4268 1125 4336 Quasi
1172 4285 1303 4339 ergo
1334 4284 1365 4323 a
1394 4269 1539 4323 tinea
1582 4278 1996 4337 consumuntur,
2029 4270 2152 4341 quia

563 4362 681 4417 sine
727 4361 938 4431 sonitu,
970 4362 1141 4433 culpae
1169 4378 1407 4418 morsum
1440 4361 1703 4430 tolerant,
1743 4372 1943 4432 quanta
1981 4362 2151 4418 detri-

564 4463 747 4510 menta
788 4454 913 4527 vitae,
946 4464 1003 4509 et
1027 4454 1348 4510 innocentiae
1390 4453 1685 4525 patiantur,
1718 4453 1845 4509 dum
1878 4454 2147 4525 ignorant.

568 4543 720 4602 Unde
748 4554 804 4601 et
822 4545 963 4602 bene
991 4545 1238 4601 subditur
1272 4563 1285 4599 :

1104 4635 1336 4694 CAPUT
1372 4635 1616 4694 XXXIX.

639 4731 800 4789 Vens.
830 4732 918 4787 90.
948 4760 1019 4773 —
1046 4729 1126 4785 De
1168 4747 1321 4786 mane
1362 4747 1522 4803 usque
1565 4731 1634 4785 ad
1679 4748 1942 4802 uesperam
1988 4736 2155 4789 succi-

565 4825 768 4878 dentur.

637 4917 724 4973 70.
756 4916 981 4988 Reprobi
1018 4934 1109 4973 nec
1153 4919 1210 4972 in
1251 4926 1481 4973 extremo
1522 4926 1745 4987 tempore
1773 4926 1994 4973 mentem
2030 4936 2150 4989 prr-

565 5025 762 5063 versam
790 5019 1011 5062 mutant.
1044 5041 1113 5049 -
1149 5010 1194 5061 Α
1224 5025 1383 5065 mane
1412 5025 1581 5079 usque
1623 5010 1690 5065 ad
1731 5025 2009 5080 vesperam
2037 5027 2152 5081 pec-

564 5108 717 5154 cator
742 5098 1053 5165 succiditur,
1077 5099 1202 5154 dum
1246 5115 1276 5155 a
1305 5100 1430 5155 vita:
1468 5116 1578 5155 suae
1607 5100 1832 5155 exordio
1880 5116 2047 5168 usque
2078 5101 2148 5155 ad

563 5190 874 5252 terminum,
905 5189 1198 5258 iniquitatis
1227 5192 1975 5260 perpetrationevulneratur.
1988 5188 2144 5246 Omni

561 5297 795 5352 namque
836 5290 1075 5352 tempore
1127 5283 1340 5352 reprobi
1393 5298 1488 5351 per
1528 5290 1872 5348 augmentum
1927 5283 2145 5339 maliti'e

561 5388 748 5428 conira
777 5389 837 5428 se
859 5374 995 5429 ictus
1024 5374 1374 5443 ingeminant,
1394 5374 1589 5441 quibus
1616 5373 1809 5427 succisi
1840 5374 1892 5428 in
1923 5375 2146 5445 profun-

496 5528 507 5539 Α,
562 5463 689 5519 dum
711 5473 888 5519 ruant.
915 5464 990 5520 De
1016 5465 1210 5533 quibus
1238 5466 1377 5519 bene
1416 5478 1512 5532 per
1544 5463 1879 5519 Psalmistam
1910 5466 2143 5523 dicitur:

634 5591 659 5618 ⁸·
688 5581 745 5635 In
774 5582 1002 5650 vulgatis
1037 5584 1348 5652 cogitantes,
1382 5580 1811 5650 promuntiantes
1833 5625 1846 5646 ,
1878 5584 2020 5653 quod
2063 5591 2146 5639 est

562 5656 801 5709 omnium
832 5662 1133 5707 nostrorum
1168 5654 1289 5705 Mss.

526 5734 531 5739 ·
580 5792 595 5793 7
635 5723 660 5759 δ
688 5721 743 5776 In
768 5722 799 5793 ri
832 5724 1153 5787 CompemL,
1179 5722 1351 5793 Lyran
1382 5762 1396 5784 ,
1430 5720 1627 5789 Bigot.,
1659 5720 1900 5790 Ebroic.,
1935 5724 2143 5792 Germ.,

563 5792 739 5868 Colb.,
765 5791 895 5861 Reg.
924 5794 978 5859 i,
1019 5794 1104 5862 qui
1126 5791 1346 5861 praéunt.
1372 5802 1426 5846 et
1448 5794 1608 5862 paulo
1634 5804 1785 5862 post,
1810 5813 1977 5850 mores
2005 5791 2143 5868 prie?
2223 5802 2227 5809 '

565 5865 786 5915 nntium.

641 5944 661 5967 ετ
694 5931 856 6003 Corb.
893 5932 1098 5997 Germ.,
1129 5947 1226 5998 pro
1269 5934 1456 5999 stultis,
1491 5934 1705 6003 praefert
1744 5937 1916 5991 malis.
1950 5936 2005 5990 ln
2037 5954 2144 5992 uno

566 6010 746 6056 autem
772 6001 903 6067 Reg.
936 6011 987 6055 ct
1012 6004 1061 6055 in
1094 6003 1263 6056 altero
1282 6001 1527 6067 Vindoc.,
1556 6022 1655 6061 nec
1686 6022 1794 6062 non
1827 6009 1876 6061 in
1898 6007 1991 6062 Ed.
2019 6010 2143 6063 Ilur-

2178 4694 2232 4756 D

2262 1994 2434 2048 usque
2488 1978 2556 2033 ad
2603 1994 2884 2049 vesperam
2942 1980 3309 2036 succidentur.
3369 1980 3555 2035 Nullus
3608 1980 3861 2047 intelligit

2264 2074 2345 2129 vel
2378 2073 2402 2111 δ
2420 2088 2611 2129 eorum
2640 2076 2729 2143 qui
2748 2084 2997 2144 pereunt,
3022 2075 3107 2130 vel
3137 2090 3324 2129 eorum
3354 2073 3444 2143 qui
3472 2072 3710 2145 perditos
3736 2085 3856 2143 per-

2260 2168 2503 2221 euntium
2542 2182 2723 2223 mores
2746 2168 3046 2222 imitantur.
3087 2166 3240 2222 Unde
3284 2168 3415 2222 alias
3443 2168 3702 2236 scriptum
3725 2174 3847 2221 est:

2258 2258 2438 2313 Justus
2467 2260 2621 2329 perit,
2648 2268 2699 2313 et
2722 2275 2872 2313 nemo
2894 2269 2971 2313 est
2998 2260 3085 2330 qui
3119 2260 3365 2331 recogitet
3387 2259 3443 2312 in
3470 2257 3625 2312 corde
3651 2274 3763 2322 suo,
3796 2266 3851 2310 et

2260 2351 2357 2405 viri
2386 2351 2755 2406 misericordia
2794 2350 3127 2421 colliguntur,
3150 2350 3273 2419 quia
3303 2366 3407 2403 non
3443 2357 3521 2403 est
3546 2350 3630 2418 qui
3656 2347 3855 2400 intelli-

2260 2451 2349 2513 gat
2397 2442 2553 2512 (Isai.
2587 2459 2660 2508 vi,
2707 2440 2819 2511 57).
2862 2441 3033 2510 Iniqui
3060 2455 3187 2510 ergo
3215 2440 3341 2494 dum
3370 2440 3487 2497 sola
3537 2438 3855 2510 temporalia

2259 2540 2550 2602 appetunt,
2595 2541 2650 2587 et.
2680 2548 2797 2601 qua:
2825 2532 2969 2588 bona
2994 2531 3180 2586 electis
3210 2530 3263 2585 in
3300 2537 3563 2585 aeternum
3602 2534 3856 2584 maneant

2259 2622 2399 2675 scire
2423 2629 2804 2687 contemnunt;
2838 2621 2963 2675 dum
2982 2620 3251 2690 justorum
3272 2619 3616 2676 alﬂictionem
3638 2618 3854 2689 couSpi-

2258 2713 2428 2780 ciunt,
2442 2713 2537 2769 sed
2551 2729 2670 2784 quae
2690 2714 2762 2769 sit
2786 2711 3094 2768 al'llictionis
3115 2712 3401 2768 retributio
3424 2726 3530 2766 non
3558 2718 3855 2780 agnoscunt

2260 2807 2487 2861 actionis
2511 2821 2621 2862 suae
2665 2806 2856 2874 pedem
2888 2805 2940 2859 in
2969 2803 3291 2876 profundum
3322 2803 3637 2875 porrigunt,
3660 2803 3787 2873 quia
3824 2816 3854 2856 a

2259 2896 2379 2952 luce
2408 2896 2773 2964 intelligentia:
2792 2903 2985 2966 sponte
3005 2911 3101 2950 sua
3130 2896 3317 2951 oculos
3346 2893 3625 2950 claudunt.
3662 2904 3683 2932 ε
3713 2891 3856 2947 Stul-

2257 2987 2327 3041 tis
2355 2986 2498 3041 enim
2527 2986 2900 3056 voluptatibus
2926 2986 3159 3057 decepti,
3186 2985 3314 3041 dum
3343 3000 3464 3055 qute
3491 2984 3695 3051 vident,
3717 2993 3853 3038 tem-

2257 3080 2518 3151 poraliter
2562 3079 2810 3148 diligunt,
2842 3094 2873 3134 a
2901 3078 3205 3149 semetipsis
3251 3077 3473 3133 alienati
3523 3092 3631 3132 non
3671 3075 3855 3131 vident

2259 3173 2350 3228 ubi
2380 3172 2431 3227 in
2461 3181 2720 3227 aeternum
2748 3181 2931 3227 ruunt.
2982 3170 3170 3227 Potest
3198 3171 3363 3227 etiam
3394 3185 3554 3226 mane
3583 3170 3853 3240 prosperi-

2258 3272 2370 3333 tas,
2400 3280 2627 3335 vespere
2674 3265 2834 3334 hujus
2873 3263 3058 3319 mundi
3104 3262 3402 3319 adversitas
3452 3262 3747 3332 designari.
3776 3260 3851 3315 De

2259 3369 2418 3411 mane
2440 3369 2570 3424 ergo
2601 3369 2770 3425 usque
2799 3355 2866 3409 ad
2905 3369 3190 3425 vesperum
3226 3353 3447 3424 reprobi
3478 3352 3847 3417 succidantur,

2259 3448 2381 3517 quia
2415 3455 2469 3504 et
2508 3464 2607 3519 per
2640 3462 2896 3519 prospera
2942 3438 3284 3503 lascivientes
3312 3447 3635 3517 depereunt,
3673 3456 3730 3500 et
3756 3460 3853 3516 per

2258 3537 2480 3593 adversa
2508 3538 2849 3608 impatientes
2876 3536 2943 3593 ad
2973 3538 3236 3593 insaniam
3260 3546 3569 3606 exsurgunt.
3597 3535 3746 3602 Quos
3782 3535 3853 3591 de

2258 3644 2417 3685 mane
2445 3644 2614 3697 usque
2634 3629 2701 3683 ad
2732 3643 3015 3698 vesperam
3036 3642 3372 3699 nequaquam
3399 3626 3557 3695 culpa
3587 3624 3842 3680 succide-

2257 3728 2361 3785 ret,
2384 3721 2426 3775 si
2456 3721 2539 3776 vel
2563 3734 2821 3790 prospera
2850 3720 3148 3775 fomentum
3170 3718 3444 3776 crederent
3461 3757 3477 3785 ,
3502 3716 3590 3771 vel
3615 3714 3850 3770 adversa

2256 3812 2553 3867 sectionem
2582 3812 2665 3866 sui
2688 3811 2923 3867 vulneris
2949 3810 3302 3867 aestimarent.

2325 3904 2473 3977 [Vet.
2495 3903 2685 3958 XXIX
2696 3902 2732 3976 .j
2764 3903 2853 3960 7'2.
2900 3902 3000 3968 Qui
3030 3905 3290 3975 prosperis
3334 3903 3413 3958 uel
3444 3903 3674 3957 adversis
3722 3900 3848 3955 bene

2254 4004 2486 4050 utantur.
2509 4027 2579 4039 -—
2608 3994 2714 4049 Sed
2741 3994 2864 4065 quia
2897 4009 3239 4065 nequaquam
3268 3993 3345 4049 sic
3383 3992 3605 4048 humani
3639 3990 3852 4060 generis

2255 4090 2543 4144 multitudo
2566 4088 2855 4157 deseritur,
2898 4096 2958 4143 ut
2995 4096 3189 4143 cuncta
3220 4086 3288 4141 ad
3320 4086 3597 4141 interitum
3617 4083 3851 4139 tendere

2254 4181 2616 4251 permittatur,
2644 4188 2768 4235 sunt
2804 4179 3051 4235 nonnulli
3078 4179 3171 4249 qui
3199 4177 3483 4249 prmsentis
3511 4177 3635 4231 vitae
3662 4175 3849 4231 oblec-

2255 4281 2551 4327 tamentum
2590 4270 2914 4342 despiciunt,
2947 4272 3109 4326 etiam
3138 4285 3259 4326 cum
3289 4269 3507 4335 adsunt,
3542 4266 3848 4322 transitoria

2256 4382 2375 4423 esse
2414 4365 2791 4435 considerant,
2832 4374 2992 4436 atque
3034 4366 3149 4421 haec
3190 4381 3258 4419 ex
3303 4379 3494 4420 amore
3536 4354 3849 4418 :eternitat'is

2256 4456 2487 4511 calcant.
2519 4456 2763 4527 Cumque
2792 4457 2845 4511 in
2876 4457 2979 4513 hoc
2999 4457 3174 4527 primo
3201 4457 3370 4525 gradu
3386 4455 3576 4525 judicii
3604 4468 3845 4524 gressum

2254 4558 2483 4621 ponunt,
2508 4549 2536 4588 ἀ
2557 4550 2858 4620 vegetiores
2885 4550 2950 4604 ad
2981 4549 3173 4605 altiora
3196 4548 3537 4619 perveniunt,
3571 4556 3631 4602 ut
3656 4556 3843 4604 cuncta

2256 4642 2574 4714 temporalia
2620 4658 2729 4697 non
2766 4644 2940 4697 solum
2989 4641 3115 4710 quia
3153 4640 3309 4697 citius
3354 4647 3481 4696 sunt
3518 4638 3843 4700 amittenda,

2256 4734 2574 4804 despiciant,
2608 4731 2702 4788 sed
2730 4733 2813 4787 his
2850 4731 3111 4787 inhaerere
3152 4746 3261 4786 non
3291 4737 3579 4801 appetant,
3604 4728 3771 4783 etiam
3801 4728 3845 4783 si

2254 4832 2453 4879 aeterna
2485 4838 2605 4879 esse
2652 4823 2991 4893 potuissent;
3023 4832 3077 4879 et
3106 4840 3135 4879 a
3182 4824 3405 4895 pulchre
3432 4823 3664 4879 conditis
3693 4839 3850 4877 amo-

2251 4932 2365 4971 rem
2394 4916 2735 4981 subtrahunt,
2767 4918 2892 4985 quia
2935 4917 2988 4971 in
3018 4918 3193 4988 ipsum
3224 4924 3501 4974 auctorem
3546 4916 3851 4987 pulchritu-

2252 5008 2391 5063 dinis
2419 5009 2597 5064 cordis
2648 5009 2893 5079 passibus
2937 5010 3186 5065 tendunt.
3219 5007 3288 5063 Et
3314 5016 3443 5064 sunt
3467 5006 3716 5063 nonnulli
3754 5006 3849 5075 qui

2252 5103 2394 5158 bona
2423 5102 2547 5157 vita:
2587 5102 2869 5173 prtesentis
2896 5104 3158 5173 diligunt,
3190 5103 3286 5158 sed
3314 5111 3494 5157 tamen
3524 5100 3641 5158 haec
3673 5099 3857 5156 nulla-

2252 5202 2406 5248 tenus
2430 5202 2788 5264 assequuntur
2819 5212 2830 5247 :
2862 5194 2952 5263 qui
2983 5196 3146 5250 rebus
3171 5192 3556 5264 temporalibus
3594 5191 3724 5248 totis
3748 5190 3857 5246 de-

2251 5285 2462 5341 sideriis
2492 5287 2718 5352 inhiant,
2751 5286 2936 5341 mundi
2963 5286 3185 5354 gloriam
3209 5294 3476 5356 quaerunt,
3506 5284 3600 5340 sed
3622 5283 3858 5355 adipisci

2222 5380 2590 5447 nequaquam
2638 5387 2881 5449 possunt.
2911 5376 3042 5443 ﬂos,
3093 5388 3153 5433 ut
3202 5379 3276 5433 ita
3335 5379 3587 5445 dixerim,
3634 5393 3731 5434 cor
3780 5376 3861 5432 ad

2252 5470 2509 5525 mundum
2559 5472 2713 5543 173
2749 5472 3042 5543 pertrahit,
3066 5472 3298 5528 mundus
3329 5482 3367 5559 θ’
3392 5472 3460 5528 ad
3488 5487 3584 5528 cor
3609 5469 3854 5543 repellit.

2249 5584 2385 5659 the].
2418 5594 2473 5641 et
2501 5587 2571 5641 al.
2602 5595 2710 5642 vet.
2748 5605 2760 5641 ε
2791 5586 2973 5642 Multis
3008 5589 3145 5642 enim
3169 5589 3325 5643 malis
3360 5586 3723 5659 roluptatibus.
3751 5586 3855 5645 ΔΙ.

2251 5654 2574 5728 Εᾱηίπιυιιὶε
2597 5659 2736 5712 enim
2760 5660 2887 5712 mali
2913 5660 3277 5728 voluptatibus.

2322 5727 2345 5763 ά
2375 5727 2509 5800 Fere
2537 5746 2726 5785 omnes
2756 5729 3367 5800 habent,vegetatiores.
3540 5782 3541 5785 η

2330 5809 2351 5872 ιῖ
2387 5797 2535 5853 Unus
2571 5800 2869 5872 Compend.
2901 5810 2955 5854 et
2979 5797 3235 5872 ,Longip"
3272 5802 3493 5855 mundus
3523 5818 3557 5855 a
3578 5800 3731 5857 corde
3761 5818 3866 5857 re-

2252 5870 2413 5943 pellit.
2469 5871 2800 5925 Praelerenda
2844 5880 2927 5927 est
2976 5871 3137 5927 lectio
3160 5870 3341 5943 'quam
3386 5873 3732 5935 retinuimus,
3793 5884 3869 5930 ct

2253 5942 2602 5995 conﬁrmatur
2631 5957 2700 5996 ex
2728 5957 2855 5997 mox
2885 5942 3237 6012 sequentibus
3262 5962 3275 5997 :
3308 5952 3478 5998 ut.....
3516 5944 3586 5998 ad
3616 5953 3785 5997 mento.
3801 5963 3863 6000 m

2255 6014 2485 6079 redeant,
2516 6022 2563 6066 et
2592 6014 2643 6067 in
2672 6016 2955 6084 semetipsis
2985 6016 3174 6070 reversi
3195 6015 3541 6081 considerent,
3575 6023 3678 6070 etc.
