4180 6450
393 420 491 474 79.1

1281 412 1639 471 MORALIUM
1678 413 1883 471 LIBER
1914 415 1976 472 V.
2007 446 2075 459 -—
2117 415 2181 472 IN
2219 416 2373 473 CAP.
2406 416 2479 475 ιν
2516 418 2578 472 Β.
2617 416 2753 475 JOB.

3572 423 3681 479 72?.

389 534 525 591 Nam
555 547 697 604 saepe
717 529 979 601 contingit
1000 537 1060 584 ut
1086 528 1214 599 ipsis
1238 528 1350 583 suis
1379 527 1793 583 adversitatibus
1821 528 1975 585 fracti
2004 542 2053 601 Α
2082 531 2310 601 ferentur
2336 546 2401 584 ea:
2422 532 2528 597 eis;
2560 539 2615 585 et
2639 531 2743 586 hoc
2774 531 3040 601 protinus,
3074 534 3219 604 quod
3251 535 3453 592 eisdem
3494 537 3683 596 electis

390 627 458 683 ad
480 637 719 683 mentem
741 624 983 690 redeant,
1014 630 1071 678 et
1099 622 1153 676 in
1173 621 1478 691 semetipsis
1499 621 1707 677 reversi
1736 621 1986 677 conside-

390 726 533 785 rent,
562 732 726 787 quam
753 716 861 770 sint
890 715 1067 769 inania
1095 729 1216 783 qua:
1252 712 1566 784 quaerebant
1584 754 1600 781 ,
1632 726 1861 783 seseque
1890 725 1988 780 pro

391 820 500 866 tam
535 808 701 864 stulto
739 805 1009 861 desiderio
1038 804 1287 875 protinus
1314 803 1382 858 ad
1420 803 1715 859 lamentum
1741 810 1985 868 vertant;

391 908 448 957 et
468 908 619 954 tanto
648 896 913 951 valentius
938 907 1141 951 aeterna
1169 895 1514 960 desiderent,
1543 904 1747 966 quanto
1770 910 1830 951 se
1858 896 1990 950 stul-

393 995 498 1049 tius
534 993 812 1048 laborasse
847 1006 946 1060 pro
989 989 1375 1059 temporalibus
1406 986 1611 1043 dolent.
1656 984 1811 1044 Unde
1849 988 1989 1044 bene

391 1083 676 1157 descriptis
698 1081 943 1149 reprobis
968 1080 1216 1136 subditur
1246 1098 1259 1134 :

767 1173 996 1229 CAPUT
1026 1173 1139 1228 XLI
1173 1172 1325 1246 [Rec.
1354 1169 1593 1243 XXIX].

481 1269 619 1329 γυνθ.
646 1265 734 1321 21,
757 1295 831 1307 -
854 1265 957 1330 Qui
995 1273 1166 1319 autem
1204 1263 1387 1334 reliqui
1415 1264 1643 1334 fuerint,
1685 1265 1988 1336 auferantur

406 1371 469 1409 ex
501 1357 586 1411 iis.

463 1449 554 1504 75.
612 1449 751 1516 Quos
793 1448 1015 1503 mundus
1060 1448 1312 1519 despicit,
1355 1448 1496 1504 Deus
1547 1450 1711 1521 eligit.
1740 1481 1810 1494 -—
1839 1450 1987 1517 Quos

395 1541 532 1596 alios
554 1539 810 1609 reliquos,
841 1540 941 1594 nisi
963 1539 1120 1609 hujus
1144 1540 1326 1595 mundi
1352 1540 1639 1611 despectos
1662 1542 1988 1611 accipimus?

395 1630 544 1699 Quos
575 1629 699 1685 dum
738 1646 977 1701 presens
1005 1630 1258 1686 saeculum
1288 1632 1355 1686 ad
1394 1632 1592 1688 nullius
1619 1634 1802 1701 gloriae
1832 1650 1985 1690 usum

396 1723 566 1792 eligit,
613 1722 769 1791 quasi
816 1722 1069 1778 minimos
1100 1723 1456 1793 indignosque
1499 1724 1844 1794 derelinquit.
1878 1725 1985 1781 Sed

391 1814 578 1870 mundi
608 1815 842 1885 reliquos
869 1813 1081 1870 auferre
1112 1816 1369 1870 Dominus
1396 1816 1613 1879 dicitur,
1638 1818 1764 1887 quia
1788 1817 1983 1888 despe-

2090 637 2198 677 non
2224 622 2543 689 conveniat,
2571 621 2751 677 subdit
2789 621 2974 677 dicens
3008 639 3020 676 :
3050 620 3361 690 Moriemur,
3399 635 3447 681 et
3485 644 3587 682 non
3625 630 3683 684 in

2090 713 2386 783 sapientia?
2421 712 2479 768 Si
2517 714 2660 768 enim
2691 731 2721 770 a
2750 717 2996 788 reprobis
3043 717 3299 774 divinitus
3345 719 3679 785 auferuntur.

2089 821 2196 874 quo
2225 812 2387 876 pacto
2414 805 2553 861 mori
2574 822 2681 863 non
2705 808 2761 864 in
2789 810 3054 881 sapientia
3074 810 3372 867 dicuntur?
3395 812 3502 869 Sed
3526 815 3687 871 nimi-

2088 914 2208 952 rum
2235 913 2402 953 sacrte
2430 897 2723 969 Scriptura:
2748 902 3085 958 consuetudo
3115 910 3217 971 est,
3247 912 3309 959 ut
3335 920 3459 960 cum
3482 904 3687 977 aliquid

2089 998 2295 1055 narrat,
2325 991 2645 1061 interposita
2676 992 2899 1050 alterius
2926 1010 3102 1050 causa:
3124 998 3411 1065 sententia,
3443 999 3510 1055 ad
3530 1016 3686 1072 supe-

2087 1082 2231 1137 riora
2260 1083 2504 1153 protinus
2531 1084 2735 1139 redeat.
2769 1084 2905 1142 Nam
2928 1094 3215 1157 postquam
3246 1089 3384 1145 dixit
3418 1110 3431 1146 :
3459 1091 3531 1146 Et
3560 1095 3686 1166 quia

2089 1174 2260 1229 nullus
2288 1183 2365 1229 est
2394 1177 2479 1247 qui
2509 1176 2785 1250 intelligat,
2818 1180 2875 1233 in
2906 1187 3155 1235 aeternum
3183 1183 3446 1253 peribunt,
3478 1185 3683 1243 electo-

2087 1282 2205 1321 rum
2228 1283 2358 1324 mox
2377 1278 2579 1325 sortem
2603 1272 2907 1337 subintulit,
2933 1273 3118 1329 dicens
3142 1292 3155 1328 :
3185 1273 3286 1340 Qui
3305 1287 3475 1332 autem
3496 1279 3693 1352 reliqui

2089 1359 2313 1430 fuerint,
2343 1364 2647 1433 auferentur
2674 1380 2739 1418 ea:
2764 1366 2860 1419 eis.
2902 1364 2971 1419 Et
3006 1382 3218 1423 rursum
3266 1372 3547 1427 sententia:
3574 1389 3688 1430 sua:

2088 1450 2302 1506 oculum
2330 1452 2384 1506 in
2425 1468 2548 1508 cum
2567 1492 2582 1518 ,
2613 1468 2775 1524 quem
2804 1456 3156 1527 praedixerat,
3186 1459 3463 1516 interitum
3492 1479 3685 1533 repro-

2088 1540 2280 1595 borum
2318 1544 2573 1612 mittens,
2614 1545 2792 1601 subito
2834 1546 3080 1617 adjunxit
3111 1566 3123 1603 :
3157 1548 3473 1619 Morientur,
3532 1552 3690 1626 174

2085 1642 2135 1689 et
2164 1652 2268 1690 non
2300 1638 2355 1690 in
2384 1639 2662 1707 sapientia.
2694 1638 2771 1695 Ac
2797 1640 2844 1694 si
2870 1640 3111 1697 diceret:
3145 1642 3210 1697 Hi
3252 1659 3392 1713 quos
3419 1644 3529 1700 dixi
3559 1647 3688 1717 quia

2087 1743 2195 1782 non
2222 1729 2587 1801 intelligentes
2616 1732 2672 1786 in
2700 1740 2959 1788 internum
2991 1736 3279 1805 peribunt,
3309 1738 3495 1806 procul
3525 1738 3690 1795 dubio

2086 1833 2197 1873 non
2227 1820 2280 1873 in
2309 1821 2571 1890 sapientia
2600 1824 2919 1879 morientur.
2955 1823 3063 1879 Sed
3115 1826 3260 1883 hunc
3288 1843 3409 1884 esse
3438 1845 3690 1886 nonnun-

392 1914 511 1962 ctos
552 1907 709 1976 hujus
736 1908 917 1962 saaculi
946 1907 1148 1975 eligere
1182 1908 1451 1977 dignatur,
1485 1907 1652 1964 Paulo
1694 1896 1985 1967 attestante
2015 1922 2064 1982 Β
2088 1923 2247 1979 quam
2274 1925 2483 1964 morem
2512 1913 2653 1967 sacri
2675 1914 2878 1984 eloquii
2908 1916 3098 1972 melius
3124 1919 3493 1988 ostendemus,
3535 1923 3582 1977 si
3619 1938 3689 1980 ex

394 1999 485 2070 qui
517 2000 594 2053 ait
623 2018 635 2053 :
672 1997 796 2054 Non
832 2001 981 2053 multi
1008 2002 1268 2070 sapientes
1298 2002 1579 2056 secundum
1605 2020 1849 2071 carnem,
1881 2022 1985 2059 non

393 2091 541 2144 multi
565 2100 815 2161 potentes,
847 2108 950 2146 non
980 2092 1129 2145 multi
1159 2091 1387 2159 nobiles;
1414 2093 1505 2147 sed
1544 2111 1659 2165 qua:
1683 2095 1841 2149 stulta
1867 2106 1987 2150 sunt

391 2182 571 2235 mundi
601 2180 757 2251 elegit
784 2179 948 2248 Deus,
978 2191 1033 2235 ut
1062 2183 1352 2253 confundat
1380 2185 1673 2255 sapientes;
1706 2196 1757 2240 et
1774 2187 1987 2257 inﬁrma

393 2272 574 2325 mundi
613 2272 763 2343 elegit
790 2271 951 2339 Deus,
983 2282 1039 2326 ut
1066 2274 1355 2345 confundat
1382 2277 1542 2345 fortia
1574 2275 1629 2346 (1
1659 2275 1783 2333 Cor.
1809 2297 1857 2345 ι,
1892 2278 1982 2345 26,

392 2360 505 2432 27).
530 2360 685 2427 Quod
712 2362 850 2418 bene
880 2364 932 2417 in
981 2364 1130 2419 libris
1179 2364 1387 2436 Regum
1431 2366 1685 2439 Egyptio
1734 2386 1903 2441 puero
1931 2373 1987 2427 in

391 2453 477 2507 via
524 2452 851 2509 lassescente
889 2454 1153 2524 signatur,
1185 2472 1346 2527 quem
1389 2458 1685 2515 Amalecita
1723 2470 1987 2532 argrotum

392 2543 445 2597 in
479 2542 670 2597 itinere
713 2543 935 2610 deserit,
967 2544 1136 2600 David
1177 2561 1306 2603 vero
1354 2548 1590 2615 invenit.
1624 2552 1747 2607 cibo
1793 2553 1985 2623 reiicit,

392 2635 585 2690 ducem
633 2636 716 2691 sui
760 2636 966 2693 itineris
1014 2639 1169 2707 facit;
1219 2640 1571 2697 Amalecitam
1622 2647 1984 2716 persequitur,

393 2727 704 2796 epulantem
730 2728 954 2797 reperit,
970 2737 1025 2784 et
1048 2728 1287 2787 funditus
1310 2734 1604 2802 exstinguit
1628 2735 1678 2809 (Ι
1704 2736 1833 2809 Reg.
1856 2755 1983 2806 xxx,

392 2818 504 2889 15).
533 2817 670 2886 Quid
699 2828 782 2874 est
807 2820 947 2875 enim
969 2822 1114 2891 quod
1136 2821 1422 2896 Egyptius
1442 2826 1752 2884 Amalecita:
1777 2844 1912 2900 puer
1935 2832 1989 2886 in

392 2909 588 2965 itinere
636 2909 890 2979 lassatur,
918 2912 1022 2967 nisi
1061 2913 1207 2982 quod
1250 2924 1464 2972 amator
1500 2920 1778 2988 praesentis
1805 2922 1989 2977 saeculi

396 3001 605 3068 peccati
629 2999 712 3055 sui
742 3000 1020 3070 nigredine
1042 3014 1285 3073 opertus,
1314 3021 1455 3076 saepe
1477 3008 1544 3062 ab
1575 3009 1765 3064 eodem
1790 3013 1989 3069 saeculo

392 3091 639 3148 inlirmus
665 3093 1056 3164 despectusque
1085 3095 1424 3166 relinquitur,
1452 3105 1511 3152 ut
1529 3113 1650 3154 cum
1681 3116 1748 3156 eo
1770 3119 1989 3160 currere

390 3200 732 3255 nequaquam
761 3186 955 3252 valeat,
984 3187 1079 3242 sed
1103 3186 1307 3243 fractus
1326 3189 1650 3247 adversitate
1682 3198 1988 3266 torpescat?

2089 2015 2157 2055 eo
2185 2000 2419 2071 aliquam
2447 2002 2605 2073 hujus
2631 2005 2708 2059 rei
2728 2006 3134 2063 similitudinem
3158 2010 3517 2081 proferamus.
3545 2016 3688 2072 Pau-

2089 2091 2174 2147 lus
2203 2107 2435 2163 namque
2485 2096 2763 2165 apostolus
2804 2114 2928 2154 cum
2976 2100 3235 2158 dilectum
3274 2104 3591 2177 discipulum
3620 2110 3688 2164 de

2089 2184 2433 2241 instituendis
2485 2186 2742 2244 Ecclesiae
2796 2192 2987 2248 oﬂiciis
3043 2195 3382 2264 admoneret,
3432 2215 3501 2255 ne
3550 2216 3687 2271 quos

2089 2274 2230 2332 forte
2258 2278 2326 2332 ad
2345 2294 2531 2335 sacros
2560 2281 2775 2338 ordines
2803 2284 3111 2342 inordinate
3139 2291 3486 2361 proveheret,
3508 2292 3643 2348 dixit
3669 2311 3683 2347 :

2091 2366 2284 2423 Manus
2317 2372 2417 2424 cito
2446 2373 2641 2426 nemini
2670 2375 3002 2445 imposueris,
3045 2395 3207 2450 neque
3232 2385 3688 2441 communicaveris

2090 2462 2313 2530 peccatis
2344 2462 2549 2527 alienis,
2598 2474 2643 2517 te
2682 2466 2853 2535 ipsum
2891 2479 3090 2524 castum
3117 2474 3318 2528 custodi
3359 2473 3415 2546 (Ι
3457 2475 3589 2530 Tim.
3630 2493 3687 2546 v,

2090 2549 2202 2623 2'2).
2227 2550 2328 2618 Qui
2359 2554 2423 2607 ad
2448 2552 2815 2613 inﬁrmitatem
2846 2560 2963 2629 ejus
2983 2566 3227 2633 corporis
3249 2568 3493 2637 protinus
3523 2571 3689 2628 verba

2090 2651 2410 2697 convertens
2439 2645 2513 2698 ait
2538 2663 2551 2698 :
2585 2644 2716 2701 Noli
2741 2650 2910 2704 adhuc
2933 2669 3122 2724 aquam
3150 2655 3338 2723 bibere,
3370 2659 3460 2712 sed
3481 2660 3687 2716 modico

2092 2735 2208 2786 vino
2231 2742 2373 2787 utere
2394 2744 2602 2804 propter
2630 2741 2949 2796 stomachum
2989 2752 3147 2810 tuum,
3174 2755 3223 2800 et
3255 2749 3543 2821 frequentes
3571 2760 3689 2807 tuas

2089 2823 2417 2892 infinnitates
2448 2824 2636 2895 (Ibid.,
2665 2827 2778 2897 25).
2811 2828 3117 2903 Statimque
3144 2836 3436 2907 subjungit,
3457 2840 3642 2896 dicens
3669 2858 3686 2895 :

2095 2912 2447 2978 Quorumdam
2476 2918 2739 2974 hominum
2768 2934 2981 2991 peccata
3021 2930 3304 2999 manifesta
3330 2942 3451 2986 sunt
3491 2950 3688 3004 prace-

2093 3006 2266 3058 dentia
2312 3007 2381 3060 ad
2419 3008 2706 3078 judicium,
2755 3012 2782 3051 ι)
2822 3019 3162 3084 quorumdam
3210 3031 3382 3076 autem
3424 3032 3473 3077 et
3509 3025 3687 3080 subse-

2091 3108 2316 3167 quuntur
2367 3097 2555 3170 (Ibid.,
2607 3101 2720 3173 24).
2770 3103 2905 3171 Quid
2957 3124 3086 3179 ergo
3135 3112 3201 3165 ad
3249 3112 3379 3169 illud
3428 3118 3685 3187 pertinet,

2091 3188 2233 3257 quod
2270 3189 2337 3243 ab
2369 3190 2581 3247 inlirmo
2610 3193 2722 3250 bibi
2750 3212 2943 3266 aquam
2972 3203 3269 3272 prohibuit,
3301 3207 3403 3263 hoc
3438 3210 3586 3279 quod
3615 3211 3687 3267 de

392 3277 499 3332 Sed
526 3276 670 3332 hunc
701 3276 866 3332 David
907 3278 1131 3347 invenit,
1155 3280 1279 3348 quia
1309 3279 1640 3352 Redemptor
1675 3292 1861 3340 noster
1885 3302 1985 3343 ve-
2010 3300 2058 3359 ο
2092 3281 2330 3348 peccatis
2358 3282 2686 3341 absconditis
2714 3290 3072 3358 quorumdam
3100 3294 3376 3351 hominum
3424 3276 3686 3356 manifes-

393 3370 587 3424 raciter
628 3383 791 3423 manu
837 3369 991 3426 tortis
1038 3387 1422 3443 nonnunquam
1452 3390 1587 3444 quos
1624 3377 1910 3447 despectos
1951 3396 1982 3435 a

394 3461 578 3516 mundi
626 3461 795 3531 gloria
839 3464 1066 3534 reperit,
1102 3470 1131 3500 ι
1156 3464 1211 3519 in
1241 3482 1398 3522 suum
1428 3482 1667 3524 amorem
1694 3472 1980 3529 convertit.

394 3555 525 3611 Cibo
555 3556 746 3626 pascit,
779 3558 906 3628 quia
934 3558 1086 3613 verbi
1114 3559 1338 3615 scientia
1362 3561 1553 3617 relicit.
1588 3561 1792 3621 Ducem
1821 3566 1983 3622 itine-

391 3649 463 3704 ris
491 3649 661 3717 eligit,
692 3649 817 3719 quia
866 3665 1021 3705 suum
1070 3652 1234 3705 etiam
1283 3652 1688 3722 praedicatorem
1738 3655 1886 3712 facit.
1917 3656 1987 3713 Et

394 3742 481 3811 qui
511 3740 864 3796 Amalecitam
888 3744 1041 3810 sequi
1063 3758 1169 3796 non
1192 3743 1380 3809 valuit,
1404 3744 1511 3798 dux
1534 3745 1703 3800 David
1733 3748 1983 3813 efﬁcitur,

393 3831 515 3898 quia
546 3830 609 3894 is,
642 3844 800 3897 quem
830 3829 1104 3899 indignum
1132 3832 1366 3886 mundus
1387 3832 1646 3899 deseruit,
1679 3852 1786 3890 non
1810 3837 1985 3891 solum

394 3934 685 3975 conversus
704 3920 758 3973 in
781 3935 906 3975 suas
934 3929 1141 3976 mentes
1162 3920 1447 3976 Dominum
1473 3925 1695 3994 recipit,
1728 3927 1823 3981 sed
1852 3943 1987 3997 pra:-

395 4013 623 4069 dicando
654 4013 797 4069 hunc
825 4014 988 4068 etiam
1018 4029 1187 4083 usque
1216 4014 1284 4069 ad
1313 4015 1487 4069 aliena
1521 4016 1686 4071 corda
1717 4019 1984 4087 perducit.

397 4105 514 4171 Quo
544 4105 794 4160 videlicet
831 4104 967 4160 duce
1010 4105 1178 4160 David
1215 4106 1569 4162 Amalecitam
1609 4111 1988 4169 convivantem

395 4198 598 4255 invenit
633 4207 687 4253 et
711 4197 1021 4267 exstinguit,
1055 4199 1176 4266 quia
1206 4199 1335 4269 ipsis
1366 4198 1610 4256 Christus
1649 4202 1992 4273 praedicanti-

395 4290 495 4345 bus
524 4290 707 4344 mundi
750 4290 988 4346 laetitiam
1019 4292 1281 4360 destruit,
1312 4308 1448 4363 quos
1494 4294 1723 4351 mundus
1762 4298 1990 4353 comites

395 4380 595 4436 habere
615 4381 879 4451 despexit.
906 4381 1041 4449 Quia
1067 4383 1230 4453 igitur
1256 4385 1570 4455 plerumque
1598 4402 1735 4456 quos
1760 4389 1990 4445 mundus

397 4470 670 4541 relinquit,
722 4472 980 4528 Dominus
1024 4474 1190 4543 eligit,
1242 4485 1393 4531 recte
1430 4492 1574 4532 nunc
1623 4478 1854 4536 dicitur:
1890 4480 1990 4546 Qui

397 4560 579 4631 reliqui
608 4562 818 4630 fuerint,
844 4566 1143 4635 auferentur
1171 4583 1235 4620 cx
1258 4569 1350 4622 eis.
1384 4566 1638 4638 Sequitur
1666 4591 1678 4626 :

985 4676 1213 4732 CAPUT
1254 4678 1407 4735 XLII.

361 4808 367 4817 .
464 4760 593 4819 luto.
620 4795 691 4806 —
723 4763 778 4818 Μ
784 4766 1036 4832 orientur,
1058 4777 1108 4821 et
1138 4783 1241 4821 non
1271 4770 1324 4823 in
1351 4771 1627 4841 sapientia.

468 4854 556 4910 74.
600 4854 887 4926 Scriptura:
916 4874 1046 4921 mos,
1077 4868 1134 4911 ut
1158 4859 1245 4913 ubi
1285 4862 1409 4933 quid
1438 4864 1718 4935 interponit
1760 4871 1989 4941 peregri-

396 4965 541 5014 num,
574 4965 697 5003 mox
723 4950 791 5003 ad
820 4958 1100 5005 tractatum
1138 4965 1497 5024 argumentum
1525 4964 1725 5014 redeat.
1749 4993 1820 5004 —
1848 4962 1987 5030 Quid

394 5049 478 5096 est
504 5042 650 5110 quod
677 5042 924 5115 superius
952 5043 1307 5113 reproborum
1333 5046 1607 5103 interitum
1632 5053 1875 5120 protulit,
1906 5054 1989 5108 di-

394 5147 523 5186 cens
555 5148 569 5185 :
603 5129 739 5196 Quia
768 5133 941 5187 nullus
974 5133 1240 5206 intelligit,
1268 5137 1323 5190 in
1347 5147 1594 5193 aeternum
1623 5142 1894 5213 peribunt;
1929 5156 1986 5203 et

392 5224 461 5278 de
488 5224 674 5281 electis
694 5223 790 5281 Dei
819 5226 965 5281 illico
991 5225 1236 5296 adjunxit
1262 5245 1276 5282 :
1307 5226 1408 5292 Qui
1438 5230 1622 5303 reliqui
1651 5235 1868 5305 fuerint,
1888 5254 1985 5291 au-

471 5385 496 5412 ἰ
536 5376 1025 5463 DuoCompeud...
1081 5378 1272 5447 Corb.,
1327 5381 1507 5439 Colb..
1557 5384 1763 5463 Germ,
1824 5390 1981 5463 Reg.,
2061 5372 2064 5376 ’

397 5442 607 5515 Reniig.
640 5459 694 5502 et
716 5442 982 5515 nonnulli,
1007 5442 1062 5505 in
1086 5468 1178 5506 suo
1205 5442 1382 5508 amore
1402 5460 1669 5512 convertit.

471 5514 496 5553 ι’
526 5516 582 5569 In
616 5517 898 5596 Vindocin.
927 5514 1301 5596 etplerisque.
1330 5525 1577 5596 quosdam
1601 5539 1770 5584 autem
1790 5542 1840 5585 et
1861 5534 1984 5587 sub-

398 5595 712 5666 sequuntur";
732 5593 901 5666 g_quo_d
918 5592 1067 5666 infra
1098 5594 1271 5649 adhuc
1299 5592 1575 5666 repetitur.
1622 5600 1690 5652 At
1735 5604 1786 5656 in
1819 5603 1977 5659 Corb.

398 5656 611 5735 gem,
645 5656 822 5735 (inibi,
859 5661 882 5715 1
918 5660 1079 5735 Reg.,
1116 5656 1478 5735 quorumdam,
1522 5668 1649 5725 licet
1676 5656 1983 5731 inferiusin

398 5728 574 5802 Corb.,
588 5737 643 5802 et
668 5727 798 5800 Reg.
811 5773 826 5798 ,
854 5727 1120 5802 quosdam.

477 5811 497 5837 ε
532 5800 683 5879 Mira
709 5803 792 5855 hic
822 5800 951 5857 Mss.
981 5802 1563 5879 _et'Edit.rdiversitas.
1597 5810 1653 5864 lu
1685 5812 1811 5869 Mss.
1847 5816 1982 5879 Reg.

398 5868 606 5952 Germ,
638 5871 824 5952 Nprln.
847 5881 912 5952 let
941 5872 1103 5952 plur?
1138 5875 1366 5952 legitur,
1396 5880 1702 5952 interposita
1741 5868 1986 5944 continua

400 5941 724 6012 inﬁrmitatis
750 5941 1007 5999 molestia.
1038 5941 1468 6017 Unus'Vindocq
1496 5941 1801 6026 interposita
1830 5941 1984 6029 infir;
2060 6016 2063 6017 ν

2093 3372 2265 3441 lisque
2293 3375 2603 3445 subjunxit,
2638 3381 2741 3435 nisi
2770 3383 2915 3451 quod
2957 3385 3271 3457 interposita
3297 3390 3365 3446 de
3389 3392 3506 3461 ejus
3535 3393 3686 3450 inﬁr-

2089 3465 2278 3521 mitate
2304 3471 2591 3535 sententia,
2626 3472 2691 3525 ad
2732 3473 2835 3528 hoc
2862 3476 2917 3530 in
2947 3487 3189 3535 extremo
3210 3483 3387 3550 rediit,
3416 3486 3561 3555 quod
3589 3503 3686 3543 su-

2090 3558 2272 3626 perius
2310 3558 2446 3614 dixit
2480 3578 2491 3613 :
2526 3560 2718 3617 Manus
2764 3567 2865 3620 cito
2904 3571 3097 3624 nemini
3146 3572 3473 3643 imposueris,
3525 3595 3686 3649 neque

2089 3653 2543 3707 communicaveris
2573 3659 2795 3723 peccatis
2825 3660 3058 3715 alienis?
3089 3661 3156 3716 Ut
3184 3666 3326 3720 enim
3356 3666 3469 3723 hinc
3494 3670 3684 3725 eadem

2091 3751 2311 3810 peccata
2329 3754 2529 3811 quanta
2552 3746 2911 3804 sollicitudine
2931 3754 3289 3821 perquirenda
3312 3768 3495 3812 essent
3513 3770 3686 3814 osten-

2090 3831 2259 3889 deret.
2320 3844 2340 3869 θ
2398 3834 2713 3904 interposita
2761 3850 2950 3897 contra
3001 3845 3325 3903 inﬁrmitatis
3379 3849 3684 3906 molestiam

2090 3924 2428 3981 discretionis
2476 3927 2878 4000 admonitione,
2927 3937 3173 4004 protinus
3214 3939 3396 3996 intulit
3440 3944 3582 4012 quod
3632 3946 3684 4000 in

2092 4016 2210 4070 aliis
2254 4025 2612 4087 patescerent,
2646 4023 2699 4076 in
2731 4024 2845 4079 aliis
2876 4026 3127 4095 laterent,
3158 4031 3344 4088 dicens
3372 4052 3385 4087 :
3421 4033 3683 4099 Quorum-

2093 4106 2213 4161 dam
2239 4108 2504 4163 hominum
2533 4124 2745 4181 peccata
2779 4119 3060 4189 manifesta
3087 4134 3205 4177 sunt
3241 4126 3589 4195 precedentia
3617 4130 3685 4183 ad

2084 4201 2371 4272 judicium,
2424 4208 2762 4276 quorumdam
2812 4226 2983 4267 autem
3007 4217 3068 4269 et“
3105 4217 3498 4291 subsequuntur.
3532 4222 3685 4281 S;cut

2092 4308 2220 4364 ergo
2250 4310 2346 4364 per
2375 4296 2513 4352 hanc
2541 4304 2863 4357 sententiam
2904 4304 3101 4364 Paulus
3131 4326 3240 4364 non
3273 4312 3472 4368 ei~dem
3505 4318 3684 4372 verbis

2090 4389 2357 4457 congruit,
2382 4392 2574 4459 quibus
2594 4408 2713 4449 eam
2744 4396 2970 4466 loquens
2992 4400 3059 4457 de
3083 4400 3350 4460 Timothei
3376 4406 3684 4465 inlirmitute

2092 4478 2367 4549 subjunxit
2393 4499 2408 4548 ;
2438 4482 2532 4537 sed
2575 4486 2643 4539 ad
2673 4487 2800 4541 illud
2833 4492 3025 4558 rediit,
3057 4495 3202 4562 quod
3230 4498 3476 4566 superius
3517 4498 3683 4552 inter-

2092 4571 2354 4626 mittendo
2384 4576 2660 4642 narravit;
2705 4579 2776 4631 ita
2807 4580 2911 4635 hoc
2935 4581 3057 4636 loco
3086 4582 3303 4653 Eliphaz
3330 4600 3451 4640 cum
3480 4589 3547 4641 de
3568 4589 3682 4644 cle-

2019 4699 2069 4758 D
2095 4664 2195 4717 clis
2223 4663 2425 4720 diceret
2458 4686 2470 4720 :
2508 4666 2608 4730 Qui
2652 4671 2835 4738 reliqui
2879 4674 3103 4741 fuerint,
3136 4678 3437 4745 auferentur
3483 4695 3547 4733 ex
3576 4682 3681 4747 eis,

2094 4753 2241 4809 illico
2266 4755 2560 4825 adjungens
2596 4759 2955 4839 :IMorientur,
2986 4772 3035 4816 et
3064 4781 3168 4818 non
3210 4768 3264 4820 in
3305 4770 3583 4839 sapientia,
3617 4774 3683 4830 ad

2092 4849 2220 4904 illud
2264 4853 2510 4920 protinus
2556 4856 2803 4923 recurrit,
2852 4858 2997 4924 quod
3039 4860 3285 4929 superius
3332 4864 3400 4918 de
3440 4868 3684 4936 rcprobis

2092 4942 2333 5011 protulit,
2361 4944 2574 4999 dicens:
2606 4944 2675 4999 Et
2703 4948 2825 5018 quia
2854 4949 3026 5003 nullus
3054 4953 3325 5025 intelligit,
3352 4958 3405 5010 in
3435 4969 3683 5015 (vternnm

2054 5080 2057 5081 ,
2088 5032 2344 5099 peribunt.

2162 5146 2231 5218 [γ
2237 5155 2308 5203 et.
2348 5148 2509 5204 XXX
2516 5149 2556 5223 .]
2587 5154 2676 5210 75.
2705 5153 3005 5212 Moriuntur
3042 5163 3243 5233 reprobi
3274 5174 3322 5219 et
3351 5168 3518 5235 electi,
3544 5170 3597 5223 lii
3629 5173 3683 5225 in

2088 5243 2367 5312 sapientia,
2398 5246 2477 5301 illi
2505 5248 2559 5301 in
2587 5249 2907 5320 insipientia.
2933 5286 3003 5297 —
3030 5254 3234 5313 Idcirco
3259 5269 3437 5315 autem
3466 5264 3683 5333 reprobi

2091 5400 2269 5487 inita'te
2320 5402 2574 5487 molestiae;
2600 5405 3399 5487 discretionis“_admonitionem
3439 5422 3682 5487 protinus

2087 5470 2288 5556 intulit.
2329 5472 2495 5556 Vetus
2534 5474 2632 5556 Ed.
2666 5478 2834 5556 Raris.
2860 5479 3040 5556 Δ1495,
3073 5485 3381 5556 interposita
3412 5470 3678 5556 continuo,

2092 5540 2592 5629 iit/iqmithmoles‘tia
2612 5588 2628 5613 ,
2659 5550 2985 5629 discretionis
3013 5540 3415 5629 admonitionem
3443 5540 3682 5629 protinu;

2086 5610 2278 5691 intulit.
2316 5612 2452 5699 ﬁdit.
2486 5610 2647 5699 Basil.
2675 5619 2830 5699 15H,
2863 5610 3215 5699 interpositam
3256 5610 3684 5699 contra'invﬁrmi;
3724 5660 3727 5665 ί

2089 5682 2211 5768 tntis
2225 5685 2529 5768 lino-(estiam
2544 5729 2558 5753 ,
2590 5682 2917 5768 di.-.c_reti_onis
2928 5682 3351 5768 admonitionem
3378 5682 3525 5768 prot:
3540 5703 3682 5755 intu-

2223 5752 2420 5809 Eudeui
2464 5768 2546 5812 est
2588 5760 2750 5815 lectio
2794 5762 3038 5817 Bartbol.
3071 5767 3258 5821 et'Ed.
3296 5752 3460 5825 Paris.

2091 5821 2221 5948 Εἱιὲι
2254 5829 2582 5951 ῇζωιυιίωιιε
2608 5848 2769 5903 quam
2799 5833 3089 5904 pmferunt
3131 5837 3256 5895 Mss.
3293 5821 3459 5903 cii-i1;

2092 5911 2121 5948 e
2194 5912 2251 5948 -ο
2311 5935 2327 5951 .

2092 5911 2147 5948 ει
2175 5911 2327 5951 ιμοιυ.
