4180 6452
555 398 659 455 725

1758 394 2001 452 SANCTI
2040 395 2367 452 GREGORII
2406 394 2619 451 MAGNI

3720 390 3829 447 724

555 517 753 571 electos
797 515 1127 583 despiciunt,
1158 510 1305 580 quod
1351 510 1419 566 ad
1460 510 1624 565 vitam
1668 510 1991 566 invisibilem
2034 524 2131 579 per
2160 512 2206 571 Α
2237 507 2381 580 [ναι.
2398 506 2557 562 XXX
2563 506 2638 579 1.]
2668 506 2879 573 Quanta
2895 518 3023 573 ergo
3044 506 3113 560 sit
3139 505 3427 561 iracundiae
3449 504 3604 577 culpa
3635 519 3829 573 pense-

553 606 817 662 visibiletn
846 613 1077 659 mortem
1107 602 1353 658 tendunt.
1387 602 1466 658 De
1490 602 1687 672 quibus
1711 602 1854 658 bene
1881 615 2025 656 nunc
2050 600 2132 654 di-

549 708 731 755 eitur:
765 694 1077 760 Moriemur,
1120 701 1169 749 et
1209 710 1313 749 non
1351 695 1407 751 in
1450 695 1728 765 sapientia.
1758 693 1836 749 Ac
1877 694 1925 748 si
1951 700 2137 763 aperte

548 791 824 849 diceretur
856 809 867 841 :
899 788 1129 844 Mortem
1156 787 1375 856 qnidem
1400 796 1457 843 et
1481 788 1802 858 sapientiam
1827 788 2029 856 pariter
2050 784 2136 839 fu-

547 884 740 952 giunt;
764 881 859 937 sed
886 881 1207 950 sspiemiam
1253 880 1469 950 penitus
1495 882 1746 935 descensu
1766 918 1780 943 ,
1812 880 2002 934 mortis
2038 894 2136 934 au-

550 984 661 1032 tent
692 974 915 1044 laqueos
943 988 1053 1028 non
1078 972 1335 1029 evadunt.
1367 971 1439 1027 Et
1462 972 1589 1042 quia
1617 971 1945 1042 quandoque
1974 972 2139 1026 mori-

550 1069 663 1135 turi
685 1067 871 1124 vivere
908 1064 1195 1123 moriendo
1223 1074 1546 1136 potuerant,
1572 1066 1706 1121 dum
1753 1074 1982 1122 mortem
2020 1080 2140 1135 quae

550 1158 743 1229 procul
771 1157 937 1217 dubio
956 1166 1185 1215 ventura
1212 1170 1298 1213 est
1322 1166 1590 1221 metuunt,
1618 1167 1675 1213 et
1710 1156 1877 1223 vitam
1905 1157 2065 1212 simul
2086 1164 2142 1212 et

552 1252 878 1327 sapientiam
903 1251 1155 1322 perdunt.
1185 1246 1255 1307 ιι
1282 1260 1473 1308 contra
1492 1252 1624 1321 justi
1651 1252 1707 1307 in
1732 1252 1992 1321 sapientia
2024 1266 2141 1305 mo-

553 1342 785 1407 riuntur,
817 1342 941 1411 quia
985 1351 1219 1403 mortem
1264 1358 1424 1413 quam
1471 1342 1715 1397 devitarc
1759 1340 1997 1397 funditus
2049 1355 2143 1395 ne-

552 1442 779 1503 queunt,
808 1448 937 1491 cum
958 1449 1055 1503 pro
1083 1434 1312 1491 veritate
1353 1434 1617 1503 imminet,
1655 1431 1871 1488 diﬁerre
1901 1440 2141 1487 contem-

553 1532 725 1591 nunt;
751 1539 985 1593 eamque
1008 1524 1139 1581 dum
1163 1525 1540 1594 aquanimiter
1561 1524 1759 1591 ferunt,
1791 1539 2003 1594 poenam
2026 1539 2146 1593 pro-

552 1616 763 1686 paginis
804 1625 1023 1675 vertunt
1069 1617 1126 1676 in
1164 1618 1580 1674 instrumentum
1627 1616 1863 1681 virtutis,
1902 1624 1964 1669 ut
2017 1615 2143 1671 inde

551 1706 749 1765 debeat
775 1709 884 1765 vita
911 1709 1113 1779 recipi,
1145 1709 1291 1766 unde
1328 1726 1427 1781 per
1452 1710 1639 1783 primae
1680 1710 1851 1780 culpae
1890 1709 2143 1763 meritum

552 1799 762 1868 cogitur
790 1799 948 1856 liniri.
991 1799 1099 1858 Sed
1136 1803 1263 1872 quia
1291 1803 1409 1858 hinc
1445 1800 1667 1873 Elipbas
1711 1811 1898 1859 contra
1930 1803 2142 1872 iniquos

2239 617 2381 669 mus,
2412 616 2507 671 per
2535 616 2695 669 quam
2730 598 2857 653 dum
2880 597 3236 654 mansuetudo
3266 596 3553 663 amittitur,
3580 612 3828 665 super-nae

2238 692 2484 762 imaginis
2503 689 2798 746 similitudo
2820 690 3059 759 vitiatur.
3084 687 3186 745 Per
3207 689 3339 743 iram
3362 687 3626 756 sapientia
3650 688 3827 760 perdi-

2239 793 2344 849 tur,
2370 794 2429 838 ut
2456 782 2583 853 quid
2616 796 2794 851 quove
2825 782 3014 836 ordine
3040 776 3307 849 agendum
3334 780 3403 835 sit
3431 779 3654 837 omnino
3697 795 3822 835 nes-

2238 879 2430 942 ciatur,
2462 875 2887 945 sicut'scriptum
2916 885 3000 930 est
3030 893 3042 927 :
3086 873 3178 929 Ira
3206 876 3261 929 in
3282 875 3402 929 sinu
3431 873 3580 928 stulti
3609 874 3829 944 requies-

2241 972 2311 1025 cit
2335 968 2507 1042 (Eccl.
2536 984 2632 1034 vn,
2661 967 2782 1039 ill);
2812 968 2940 1038 quia
2970 967 3219 1022 nimirum
3266 965 3631 1032 intelligentia:
3654 964 3829 1021 lucem

2240 1061 2527 1126 subtrahit,
2562 1076 2683 1114 cum
2716 1068 2952 1115 mentem
2993 1057 3357 1128 permovendo
3397 1054 3697 1115 confundit.
3733 1056 3831 1110 l’cr

2242 1153 2375 1207 iram
2403 1153 2507 1206 vita
2532 1152 2817 1218 amittitur,
2847 1150 2950 1205 etsi
2977 1149 3238 1219 sapientia
3268 1148 3439 1205 teneri
3464 1148 3728 1212 videatur,
3752 1147 3826 1200 si-

2242 1254 2334 1300 cut
2367 1244 2627 1313 scriptum
2652 1252 2735 1298 est
2769 1260 2781 1295 :
2816 1241 2910 1297 Ira
2949 1242 3117 1313 perdit
3143 1243 3301 1296 etiam
3340 1240 3615 1311 prudentes
3648 1238 3829 1311 (Prov.

2249 1352 2339 1401 xv,
2373 1335 2424 1399 1,
2458 1352 2560 1389 sec.
2594 1332 2799 1405 LXX);
2826 1333 2952 1402 quia
2980 1332 3185 1387 scilicet
3211 1331 3464 1385 confusus
3503 1332 3715 1385 animus
3737 1346 3832 1383 nes

2244 1443 2515 1499 quaquam
2544 1426 2744 1497 explet,
2777 1425 2938 1481 etiam
2969 1424 3015 1481 si
3043 1424 3169 1493 quid
3200 1423 3500 1492 intelligere
3542 1420 3834 1493 prudenter

2247 1525 2407 1580 valet.
2443 1524 2545 1579 Per
2586 1524 2720 1579 iram
2762 1522 2972 1591 justitia
3011 1520 3361 1589 relinquitur,
3402 1519 3544 1573 sicut
3578 1517 3833 1585 scriptum

2246 1626 2328 1672 est
2368 1636 2380 1670 :
2415 1616 2510 1671 Ira
2536 1619 2631 1672 uiri
2646 1618 2907 1687 justitiam
2940 1616 3038 1670 Dei
3061 1632 3166 1670 non
3192 1621 3437 1686 operatur
3464 1612 3519 1683 (1
3527 1629 3611 1666 ac.
3640 1629 3676 1677 ι,
3707 1611 3830 1679 ἓως

2245 1710 2370 1780 quia
2415 1710 2542 1765 dum
2602 1710 2918 1780 perturbata
2962 1723 3117 1766 mens
3153 1706 3415 1777 judicium
3456 1719 3569 1761 suae
3615 1704 3834 1763 rationis

2247 1811 2551 1871 exasperat,
2584 1817 2745 1857 omne
2772 1806 2919 1871 quod
2953 1800 3106 1855 furor
3131 1800 3389 1869 suggerit,
3421 1804 3629 1852 rectum
3660 1803 3827 1865 putat.

553 1892 819 1959 veraciter
844 1895 1089 1964 protulit,
1120 1895 1341 1951 beatum
1365 1895 1468 1952 Job
1496 1896 1973 1967 reprehensibilem
1997 1898 2142 1953 msti-
2171 1903 2220 1963 Β
2244 1895 2349 1951 Per
2394 1896 2525 1950 iram
2564 1896 2749 1965 gratiae
2773 1896 2897 1950 vitae
2943 1893 3159 1950 socialis
3188 1890 3471 1953 amittitur,
3505 1889 3646 1943 sicut
3696 1887 3831 1940 επὶ-

551 1996 727 2051 mansi,
769 1984 840 2043 de
875 1985 1017 2041 fastu
1061 2001 1124 2042 se
1150 1987 1426 2057 sapientiai
1465 1986 1689 2047 inﬂavit.
1724 1986 1880 2045 Unde
1922 1994 1979 2044 et
2020 1997 2143 2060 post

549 2075 973 2146 pmdicamenta
1026 2089 1192 2137 tante
1238 2082 1575 2140 rectitudinis
1596 2124 1613 2150 ,
1672 2083 1932 2141 irrisionis
1976 2084 2140 2140 verba

549 2169 846 2241 subiungit,
875 2174 1098 2229 dicens:

923 2262 1152 2319 CAPUT
1191 2263 1353 2319 XLIII
1392 2265 1541 2338 [Rec.
1567 2264 1770 2339 XXX].

620 2348 753 2419 Cap.
782 2368 837 2411 v.
869 2352 1031 2411 Vnns.
1066 2355 1122 2412 i.
1145 2388 1220 2399 —
1253 2355 1399 2411 Voca
1425 2375 1547 2419 eroo
1608 2360 1658 2414 si
1684 2366 1761 2414 est
1800 2362 1886 2430 qui
1922 2360 2014 2415 tibi
2058 2377 2141 2415 re-

548 2442 826 2512 spondeat.

622 2534 708 2595 76.
751 2534 952 2592 Vocare
973 2533 1141 2592 Deum
1161 2538 1284 2611 quid
1312 2541 1400 2607 sit,
1425 2540 1551 2611 quid
1572 2539 1675 2597 Dei
1711 2542 2037 2613 respondere.
2070 2575 2141 2585 —

548 2627 902 2700 Omnipotens
916 2631 1061 2689 enim
1076 2630 1221 2689 Deus
1240 2648 1384 2704 saepe
1404 2633 1526 2705 ejus
1542 2651 1759 2706 precem
1781 2638 1936 2709 175
1954 2639 2005 2693 in
2029 2654 2139 2709 per-

547 2722 857 2783 turbatione
888 2723 1119 2791 deserit,
1143 2726 1234 2795 qui
1269 2738 1537 2798 prtecepta
1567 2729 1709 2784 illius
1745 2731 1797 2785 in
1842 2732 2136 2801 tranquilli-

546 2820 658 2875 tate
678 2815 998 2877 contemnit.
1027 2812 1180 2871 Unde
1200 2818 1461 2887 scriptum
1485 2829 1598 2874 est:
1628 2817 1727 2885 Qui
1750 2824 1933 2875 avertit
1959 2839 2136 2876 aurem

546 2920 692 2969 suam
704 2921 768 2961 ne
781 2907 964 2967 audiat
984 2905 1166 2978 legent,
1181 2910 1349 2964 oratio
1360 2909 1584 2980 ejusgerit
1602 2912 1937 2968 exsecrabilis
1952 2912 2130 2983 (Prov.

546 3009 731 3061 xxvut,
762 2996 839 3066 9).
872 2995 1081 3055 Vocare
1099 3007 1282 3054 autem
1322 3010 1592 3069 nostrum,
1620 3014 1705 3059 est
1742 3006 1927 3059 humili
1967 3006 2133 3059 Duum

545 3101 705 3156 prece
732 3085 1070 3159 deposcere;
1100 3093 1429 3163 respondere
1460 3110 1587 3151 vero
1629 3097 1744 3164 Dei,
1772 3108 1855 3153 est
1886 3098 2132 3154 effectum

544 3178 795 3249 precibus
818 3181 1079 3250 praebere.
1108 3182 1199 3239 Ait
1228 3200 1362 3255 ergo
1394 3206 1406 3241 :
1452 3187 1611 3255 Voca,
1646 3192 1689 3243 si
1719 3199 1795 3244 est
1822 3193 1907 3263 qui
1930 3193 2020 3245 tibi
2045 3210 2129 3247 re-

2251 1996 2396 2059 ptum
2417 1998 2499 2042 est
2531 2005 2545 2041 :
2574 1985 2703 2041 Noli
2743 2002 2854 2041 esse
2899 1985 3141 2039 assiduus
3165 1999 3280 2036 cum
3317 1982 3520 2035 homine
3562 1978 3831 2043 iracundo,

2245 2096 2311 2134 ne
2352 2081 2525 2133 discas
2565 2080 2772 2134 semitas
2816 2079 2963 2149 ejus,
2991 2086 3037 2130 et
3076 2091 3253 2130 sumas
3300 2072 3605 2127 scandalum
3648 2070 3831 2123 anim

2244 2180 2347 2226 tua
2381 2170 2563 2241 (Prov.
2600 2187 2727 2237 xxn,
2754 2167 3015 2235 3435))
3040 2166 3104 2220 Et
3137 2165 3278 2220 idem
3305 2164 3467 2230 :Quis
3488 2161 3674 2232 poterit
3689 2161 3831 2212 boui-

2244 2272 2357 2319 tare
2380 2280 2497 2316 cunt
2522 2262 2748 2327 homine,
2780 2262 2926 2331 cujus
2957 2259 3168 2329 spiritus
3201 2256 3373 2325 facitis
3402 2263 3477 2308 est
3506 2254 3574 2305 ad
3600 2251 3831 2305 irascen-

2242 2354 2410 2409 dum?
2436 2352 2615 2424 (Prov.
2641 2367 2787 2416 xvm,
2830 2349 2942 2421 ii.)
2970 2349 3103 2416 Quia
3130 2347 3223 2417 qui
3278 2361 3337 2401 se
3375 2360 3445 2400 ex
3485 2346 3717 2397 humana
3744 2356 3832 2395 ra-

2243 2448 2390 2502 tione
2420 2464 2529 2502 non
2558 2454 2843 2515 temperat,
2878 2457 3105 2499 necesse
3135 2449 3240 2507 est,
3284 2448 3343 2494 ut
3369 2437 3664 2494 bestialiter
3689 2435 3834 2489 solus

2240 2542 2408 2595 vivat.
2440 2540 2544 2595 Per
2592 2539 2724 2594 iram
2755 2536 3045 2592 concordia
3076 2535 3367 2603 rumpitur,
3393 2531 3532 2585 sicut
3574 2528 3834 2597 scriptum

2239 2640 2321 2686 est
2353 2649 2366 2683 :
2408 2629 2503 2683 Vir
2520 2630 2785 2683 animosus
2820 2626 2960 2697 parit
2985 2625 3153 2683 rixas.
3180 2622 3247 2677 Et
3275 2622 3351 2675 vir
3391 2618 3677 2674 iracundus
3706 2617 3832 2687 efo-

2236 2725 2313 2777 dit
2337 2731 2547 2793 peccata
2579 2719 2757 2792 (Prov.
2790 2734 2879 2785 xv,
2915 2715 3029 2787 i8).
3056 2714 3352 2771 Iracundus
3379 2712 3578 2783 quippe
3610 2720 3827 2781 peccata

2236 2814 2439 2879 etl‘odit,
2470 2815 2593 2885 quia
2615 2814 2779 2869 etiam
2800 2811 2991 2874 malos,
3018 2823 3159 2879 quos
3180 2808 3395 2863 incaute
3415 2804 3485 2859 ad
3504 2804 3828 2859 discordiam

2237 2916 2518 2977 provocat,
2546 2907 2760 2977 pejores
2786 2903 2933 2959 facit.
2966 2903 3069 2958 Per
3096 2902 3232 2961 iram
3270 2901 3361 2954 lux
3391 2900 3637 2953 veritatis
3667 2898 3821 2951 amit-

2236 3003 2383 3067 titur,
2411 3002 2548 3056 sicut
2578 3001 2836 3069 scriptum
2872 3007 2956 3053 est
2988 3016 3000 3051 :
3035 2997 3131 3053 Sol
3170 3013 3273 3051 non
3301 2994 3504 3050 occidat
3541 3010 3695 3064 super
3722 2994 3821 3046 iraa

2234 3094 2478 3149 cundiam
2499 3101 2722 3146 vestram
2750 3090 2967 3160 (Ephes.
2999 3106 3070 3155 tv,
3094 3087 3186 3159 ‘26)
3206 3104 3219 3155 ;
3241 3087 3366 3156 quia
3389 3101 3509 3141 cum
3541 3086 3708 3139 menti
3728 3086 3832 3138 ira-

2234 3185 2430 3245 cundia
2476 3183 2807 3238 confusionis
2852 3181 3103 3236 tenebras
3150 3179 3364 3244 tncutit,
3395 3179 3521 3233 huic
3572 3178 3713 3233 Deus
3752 3196 3833 3231 τει-

544 3272 815 3342 εροηάεαι.
841 3273 919 3330 Ac
958 3276 1006 3330 si
1035 3286 1223 3346 aperte
1247 3278 1392 3333 dicat
1422 3298 1435 3333 :
1468 3279 1871 3346 Quantumlibet
1905 3282 2135 3341 afﬂictus
2164 3289 2212 3352 C
2241 3277 2387 3333 dium
2414 3290 2523 3331 sure
2550 3273 2869 3343 cognitionis
2896 3271 3199 3327 abscondit.
3232 3269 3337 3325 Per
3363 3270 3496 3325 iram
3523 3270 3691 3325 sancti
3715 3268 3833 3339 Spi-

546 3361 768 3429 clames,
797 3362 967 3422 Deum
988 3368 1409 3436 respondentem
1439 3385 1550 3425 non
1578 3371 1767 3436 babes,
1792 3373 1915 3441 quia
1945 3390 2050 3428 vox
2084 3376 2137 3430 in

548 3453 894 3513 tribulatione
921 3472 1032 3514 non
1058 3458 1285 3529 invenit,
1309 3477 1469 3531 quem
1498 3478 1650 3519 mens
1680 3464 1733 3517 in
1756 3467 2140 3534 tranquillitate

547 3548 893 3619 contempsit.
918 3547 1021 3607 Ubi
1048 3551 1223 3607 adhuc
1241 3552 1535 3610 deridenda
1564 3555 1839 3626 subjungit
1870 3575 1883 3610 :

1119 3643 1349 3700 CAPUT
1388 3645 1564 3701 XLIV.

618 3731 744 3791 ιω.
773 3766 848 3781 --
871 3734 943 3790 Et
966 3738 1037 3792 ad
1063 3739 1289 3811 aliquem
1315 3748 1613 3794 sanctorum
1638 3752 1948 3797 convertere.

616 3826 707 3882 77.
730 3827 809 3885 Ac
830 3829 877 3884 si
896 3828 1200 3900 despiciens
1220 3829 1396 3885 dicat:
1421 3831 1647 3889 Sanctos
1665 3848 1879 3905 quoque
1900 3836 2142 3893 invenire

545 3918 600 3973 in
617 3916 910 3977 alilictione
936 3920 1211 3990 adjutores
1234 3939 1344 3979 non
1373 3922 1541 3992 vales,
1571 3939 1708 3993 quos
1732 3924 1936 3980 habere
1963 3927 2141 3982 socios

545 4010 601 4067 itt
644 4012 919 4070 hilaritate
964 4015 1200 4071 noluisti.
1234 4015 1337 4082 Qui
1380 4026 1507 4088 post
1548 4018 1854 4074 irrisionem
1893 4020 2139 4090 protinus

546 4107 874 4163 sententiam
896 4108 1096 4178 subdit,
1127 4109 1313 4165 dicens
1338 4119 1400 4164 ιε

1129 4199 1358 4254 CAPUT
1396 4200 1553 4257 XLV.

621 4283 783 4340 Vens.
808 4284 861 4339 2.
894 4317 963 4331 -
1009 4290 1185 4345 Virum
1228 4290 1440 4345 stultum
1467 4292 1716 4348 interﬁcit
1749 4297 2058 4365 iracundia,
2089 4309 2141 4353 et

547 4374 817 4446 parvulum
845 4377 1037 4431 occidit
1066 4377 1282 4437 insidia.

623 4464 710 4519 78.
748 4464 881 4521 Veia
923 4466 1048 4522 dicit
1073 4465 1335 4537 Etipltaz,
1364 4470 1457 4524 sed
1493 4488 1599 4527 non
1639 4489 1753 4528 orre
1794 4475 1849 4528 in
1877 4474 1999 4531 Job.
2032 4476 2140 4534 Ira:

546 4564 744 4626 quanta
778 4558 954 4629 culpa,
976 4568 1099 4628 quot
1129 4559 1289 4614 mala.
1320 4590 1393 4605 --
1421 4561 1550 4628 Quae
1580 4565 1830 4619 nimirum
1872 4570 2138 4625 sententia

2244 3372 2380 3425 ritus
2432 3368 2688 3439 splendor
2733 3367 3066 3432 excluditur;
3097 3381 3205 3436 quo
3234 3374 3446 3429 contra,
3473 3364 3627 3434 juxta
3681 3374 3833 3419 vctu-

2242 3472 2379 3515 stam
2420 3460 2825 3514 translationem
2851 3459 3108 3528 scriptum
3137 3464 3219 3511 est
3252 3474 3266 3510 :
3301 3457 3469 3526 Super
3489 3473 3636 3526 quem
3679 3457 3834 3527 176

2242 3554 2517 3624 requiescet
2543 3551 2757 3621 spiritus
2784 3567 2944 3614 meus,
2971 3550 3071 3603 nisi
3095 3565 3248 3618 super
3269 3548 3505 3605 humilem
3532 3555 3580 3599 et
3603 3549 3832 3616 quietum

2241 3653 2290 3698 et
2313 3651 2613 3697 trementem
2633 3659 2891 3696 sermones
2915 3659 3055 3697 meos
3082 3640 3219 3712 (Isa.
3248 3657 3388 3706 LXVI,
3416 3639 3505 3708 2)?
3527 3637 3658 3693 Cum
3681 3638 3827 3691 enim

2242 3734 2499 3790 humilem
2529 3734 2754 3803 diceret,
2785 3734 3024 3804 quietum
3056 3736 3304 3806 protinus
3332 3732 3588 3803 adiunxit.
3612 3731 3672 3786 Si
3703 3744 3834 3799 ergo

2241 3827 2319 3881 ira
2348 3827 2585 3897 quietem
2634 3827 2830 3880 mentis
2878 3826 3167 3895 subtrahit,
3214 3840 3367 3883 suam
3398 3833 3585 3879 sancto
3614 3822 3835 3894 Spiritui

2240 3919 2629 3976 habitationem
2652 3919 2872 3986 claudit,
2887 3919 3038 3989 cujus
3060 3920 3367 3976 recessione
3390 3919 3602 3974 animus
3615 3933 3833 3981 vacuus,

2241 4013 2311 4068 ad
2339 4021 2580 4085 apertam
2613 4029 2735 4068 mox
2756 4013 3021 4067 insaniam
3045 4012 3277 4082 ducitur,
3302 4024 3356 4068 ct
3380 4029 3547 4082 usque
3569 4012 3637 4066 ad
3657 4028 3835 4082 super-

2241 4104 2418 4160 ticiem
2471 4104 2540 4161 ab
2592 4104 2782 4158 intimo
2837 4103 3224 4172 cogitationum
3281 4102 3629 4158 fundamento
3676 4101 3833 4157 dissi-

2241 4198 2416 4270 patur.
2445 4260 2457 4271 ,

2312 4291 2399 4347 79.
2426 4291 2608 4363 Imago
2628 4293 2753 4346 irati
2788 4292 2995 4361 optimis
3023 4292 3279 4347 coloribus
3310 4309 3573 4364 expressa.
3606 4323 3679 4333 —
3706 4290 3836 4344 Nam

2240 4386 2335 4440 irae
2374 4400 2483 4440 sum
2512 4383 2742 4439 stimulis
2768 4400 3051 4439 accensum
3082 4400 3178 4439 cor
3213 4384 3460 4454 palpitat,
3488 4399 3685 4453 corpus
3728 4390 3837 4436 tre-

2239 4480 2359 4547 mit,
2393 4480 2569 4547 lingua
2599 4493 2657 4534 se
2688 4479 2966 4548 praepedit,
2998 4478 3165 4533 facies
3207 4478 3454 4546 ignescit,
3505 4490 3833 4545 exasperan-

2239 4577 2326 4625 tur
2347 4570 2508 4634 oculi,
2540 4577 2595 4623 ct
2647 4584 2987 4637 nequaquam
3036 4575 3497 4640 recognoscuntur
3553 4568 3686 4622 noti.
3733 4565 3839 4619 Ore

547 4662 676 4747 vera
715 4650 951 4747 esset,_si
978 4650 1127 4711 illata
1166 4662 1358 4710 contra
1387 4657 1522 4710 tanti
1550 4656 1650 4712 viri
1687 4659 2001 4728 patientiam
2029 4678 2137 4718 non
2166 4688 2217 4747 υ
2244 4663 2462 4734 quidem
2493 4664 2785 4717 clamorem
2815 4663 3032 4724 format,
3066 4664 3159 4718 sed
3190 4678 3379 4716 sensus
3410 4662 3535 4730 quid
3583 4662 3838 4731 loquatur

547 4736 757 4795 fuisset.
790 4740 898 4801 Sed
927 4758 1025 4799 nos
1056 4759 1346 4814 pensemus
1367 4747 1513 4816 quod
1536 4747 1753 4818 dicitur,
1786 4754 2031 4819 quamvis
2071 4758 2139 4810 ab

550 4831 810 4888 auditoris
851 4836 933 4891 sui
963 4837 1162 4895 virtute
1202 4838 1485 4907 relidatnr,
1518 4849 1577 4896 ut
1605 4843 1949 4900 ostendamus
1976 4863 2139 4918 quam

549 4930 760 4977 rectum
790 4933 875 4983 ett
913 4927 1056 4995 quod
1082 4929 1365 4998 promitur,
1389 4932 1436 4986 si
1462 4948 1571 4987 non
1601 4933 1654 4987 in
1685 4933 1905 4990 beatum
1926 4935 2030 4993 Job
2056 4939 2140 4995 in-

546 5011 692 5081 juste
721 5025 1077 5084 promeretur,
1111 5036 1232 5074 cum
1261 5024 1517 5093 scriptum
1561 5028 1650 5090 sit,
1694 5027 1772 5080 Tu
1803 5039 1990 5096 autem,
2024 5031 2138 5088 Do-

548 5107 716 5173 mine,
745 5123 858 5162 cum
879 5112 1251 5182 tranquillitate
1270 5116 1481 5188 judice;
1506 5119 1656 5193 (Sep.
1684 5138 1777 5188 an,
1809 5122 1933 5194 {8);
1958 5127 2130 5179 scien-

466 5284 477 5294 .
548 5200 674 5254 dum
712 5200 863 5256 nobis
896 5217 1224 5277 magnopere
1255 5220 1336 5264 est
1358 5212 1482 5280 quia
1513 5215 1764 5283 quotiens
1796 5217 2133 5282 turbulentos

468 5298 483 5378 ξ
546 5304 729 5349 motus
754 5294 917 5349 animi
946 5298 1044 5351 sub
1073 5304 1493 5359 mansuetudinis
1522 5307 1717 5362 virtute
1744 5310 2129 5381 restringimus,

470 5391 476 5414 τ
544 5385 726 5441 redire
765 5386 835 5442 ad
876 5387 1285 5449 similitudinem
1330 5396 1626 5451 conditoris
1670 5412 1951 5455 conamur.
2000 5402 2132 5459 Nam

548 5491 668 5531 cum
697 5478 1141 5549 tranquillitatem
1164 5485 1358 5539 mentis
1376 5485 1454 5540 ira
1476 5487 1797 5557 diverberat,
1826 5491 2133 5549 dilaniatam

544 5566 777 5632 quodam
809 5570 1345 5642 modo-scissamque
1380 5577 1675 5645 perturbat,
1714 5587 1770 5633 ut
1814 5582 2133 5654 sibitnetipsi

548 5672 652 5713 non
682 5671 969 5730 congruat,
1003 5678 1069 5718 ac
1112 5664 1220 5719 vim
1256 5665 1458 5725 intimae
1492 5668 1858 5729 similitudinis
1900 5677 2130 5731 amittat.

619 5796 641 5859 ft
669 5785 727 5859 in
758 5797 907 5845 textu
927 5790 1047 5859 Job,
1082 5808 1194 5846 vere
1222 5796 1450 5850 stultum.

837 5863 1001 5943 verba
1034 5855 1103 5946 ει
1148 5871 1326 5946 lentus
1366 5880 1533 5946 sacrae
1573 5870 1863 5946 scriptura:
1903 5893 2134 5946 sequens

550 5932 873 5983 omittuntur
926 5932 979 5985 in
1036 5932 1158 5985 Mss.
1216 5933 1537 6009 Compend.,
1594 5932 1829 6013 Belitae,
1893 5932 2129 6017 Ebrioici,

2247 4757 2474 4825 ignorat.
2506 4754 2564 4808 ιη
2609 4770 2717 4824 quo
2748 4755 2927 4822 itaque
2972 4756 3073 4810 istc
3103 4755 3170 4809 ab
3196 4754 3491 4824 arreptitiis
3539 4752 3697 4821 longe
3729 4760 3837 4816 est,

2240 4847 2335 4918 qui
2364 4846 2591 4905 actionis
2618 4860 2729 4901 suae
2769 4846 3018 4905 conscius
3048 4862 3155 4900 non
3185 4846 3301 4900 est?
3333 4844 3485 4899 Unde
3511 4843 3570 4897 lit
3596 4842 3839 4914 plerum-

2243 4955 2351 5008 que
2379 4947 2437 4993 ut
2484 4953 2655 5007 usque
2704 4937 2775 4993 ad
2803 4952 2993 4992 manus
3022 4937 3102 4992 ira
3142 4938 3420 5007 prosiliat,
3453 4946 3509 4991 et
3535 4952 3644 5005 quo
3698 4935 3840 4990 ratio

2244 5031 2453 5100 longius
2479 5031 2707 5097 recedit,
2722 5030 2976 5085 audacior
3004 5039 3255 5098 exsurgat
3278 5048 3293 5095 ;
3316 5046 3482 5098 seque
3512 5029 3685 5098 ipsum
3713 5029 3843 5081 reti-

2243 5140 2374 5187 nere
2410 5125 2624 5182 animus
2666 5140 2776 5179 non
2822 5122 2991 5191 valet,
3032 5123 3373 5192 quia,faetus
3421 5132 3504 5179 est
3554 5123 3843 5193 potestatis

2242 5217 2468 5284 aliena};
2494 5225 2553 5273 et
2580 5232 2647 5283 eo
2676 5215 2825 5271 furor
2842 5216 3087 5277 membra
3117 5217 3260 5273 foras
3288 5218 3342 5271 in
3375 5217 3566 5271 ictibus
3597 5224 3837 5279 exercet,

2246 5324 2353 5377 quo
2378 5311 2520 5365 intus
2542 5310 2713 5381 ipsam
2743 5309 3109 5364 membrorum
3139 5308 3411 5363 dominam
3445 5318 3678 5364 mentem
3709 5325 3839 5378 cap-

2250 5400 2412 5455 tivatn
2461 5408 2630 5457 tenet.
2680 5400 2985 5472 Aliquando
3024 5409 3203 5455 autem
3253 5417 3443 5458 manus
3491 5417 3596 5457 ηοω
3644 5404 3835 5465 exerit,

2248 5493 2341 5549 sed
2373 5493 2425 5549 in
2456 5493 2848 5549 maledictiouis
2877 5493 3114 5563 iaculum
3158 5492 3395 5562 linguam
3425 5494 3606 5549 vertit.
3637 5493 3837 5548 Fratris

2248 5598 2479 5653 namque
2531 5584 2809 5640 interitum
2853 5583 3105 5654 precibus
3151 5585 3415 5656 exposcit,
3444 5594 3497 5640 et
3526 5585 3631 5641 hoc
3668 5584 3836 5638 Deum

2245 5684 2556 5748 perpetrare
2577 5677 2803 5747 expetit,
2844 5677 2988 5745 quod
3016 5677 3131 5747 ipse
3159 5692 3443 5748 perversos
3472 5677 3635 5733 homo
3661 5676 3837 5733 facere

2245 5809 2409 5885 litae”
2443 5812 2632 5879 Corb.,
2657 5812 2840 5879 Colb.,
2882 5811 3093 5882 Gernt.,
3146 5811 3298 5885 Reg,
3332 5823 3460 5883 etc.,
3503 5831 3603 5881 nec
3630 5816 3684 5872 in
3725 5815 3839 5877 ullo

2246 5882 2370 5938 Mss.
2406 5887 2719 5953 rcprrimus.
