4180 6520
367 369 379 396 Ι

370 345 458 396 il‘i
800 334 803 335 ν
1259 343 1628 400 MORALIUM
1659 341 1868 410 LIBER
1906 340 1971 395 V.
2007 366 2079 394 ,-—
2110 334 2176 390 IN
2215 333 2372 388 CAP.
2419 333 2484 388 IV
2526 334 2590 388 Β.
2633 333 2770 388 .ΙΟΒ.

3606 312 3708 365 7‘26

355 462 440 518 vel
470 461 682 526 metuit,
706 459 793 516 vel
821 460 1110 516 erubescit.
1146 459 1342 530 Fitque
1369 469 1426 514 ut
1456 467 1586 514 voto
1615 468 1668 512 et
1694 471 1831 516 voce
1863 455 1965 510 ho-
1994 459 2048 514 Α
2079 446 2282 502 nientia
2317 453 2466 500 tanto
2514 446 2708 502 fortior
2751 443 2978 513 excipit,
3022 448 3228 506 quanto
3259 451 3320 492 se
3365 429 3582 530 cautius
3633 439 3702 479 ex

356 555 629 614 micidiuin
653 565 894 626 peragat,
928 551 1095 607 etiam
1124 567 1250 607 cum
1273 567 1305 607 a
1332 552 1556 610 laesione
1583 551 1818 622 proximi
1849 563 1967 602 nia-

357 652 512 707 nibus
542 659 738 704 cessat.
772 646 1076 719 Aliquando
1106 648 1188 701 ira
1227 647 1546 716 perturbato
1576 627 1779 712 animo,
1808 640 1965 712 quasi

356 765 424 804 ex
448 747 650 817 judicio
689 742 964 802 silentium
990 741 1208 810 indicit;
1234 751 1290 800 et
1317 757 1427 812 quo
1465 756 1526 796 se
1553 738 1700 794 foras
1727 753 1827 808 per
1854 735 1928 790 lin
1945 765 1961 775 -

356 855 514 911 gnam
547 854 654 894 non
689 835 966 906 exprimit,
991 834 1138 889 intus
1159 833 1400 890 deterius
1423 832 1673 902 ignescit,
1705 839 1763 883 ut
1787 829 1960 886 iratus

356 933 582 1005 quisque
609 927 1032 984 collocationem
1060 942 1215 984 suam
1243 925 1494 996 proximo
1543 921 1859 989 subtrahat,
1901 926 1958 976 et

358 1025 488 1082 nihil
538 1019 788 1084 dicendo,
819 1033 983 1088 quam
1011 1017 1082 1072 sit
1131 1031 1352 1072 aversus
1399 1014 1562 1070 dicat.
1587 1012 1655 1068 Et
1703 1026 1955 1066 nonnun—

356 1130 518 1187 quam
547 1114 661 1168 hrec
691 1108 892 1166 silentii
917 1107 1181 1166 severitas
1211 1122 1308 1177 per
1335 1105 1629 1174 disciplinae
1668 1103 1953 1173 dispensa-

360 1208 559 1261 tionem
600 1201 834 1272 geritur,
860 1200 910 1255 si
940 1206 1120 1254 tamen
1150 1196 1381 1254 sollicite
1425 1196 1480 1250 in
1511 1195 1714 1250 intimis
1744 1195 1950 1252 discre-

358 1299 518 1354 tionis
537 1297 710 1352 lorma
735 1300 1005 1350 teneatur.
1027 1290 1420 1360 Nonnunquam
1443 1303 1576 1344 vero
1601 1288 1725 1342 dum
1750 1302 1949 1342 accen-

355 1407 448 1448 sus
494 1390 704 1444 animus
748 1401 779 1441 a
807 1390 1069 1441 consueta
1116 1381 1393 1444 locutione
1434 1379 1800 1448 restringitur,
1851 1392 1950 1450 per

355 1498 632 1542 accessum
663 1480 920 1550 temporis
945 1477 1161 1549 penitus
1185 1489 1219 1534 a
1249 1473 1480 1545 proximi
1526 1471 1814 1532 dilectione
1857 1484 1947 1524 se—

355 1583 598 1646 paratur,
628 1579 684 1626 et
708 1569 948 1626 acriores
971 1565 1175 1622 stimuli
1201 1563 1266 1618 ad
1285 1570 1521 1619 mentem
1549 1560 1792 1626 veniunt,
1819 1574 1949 1613 cau-

357 1681 428 1723 sa:
457 1679 671 1734 quoque
697 1677 819 1732 qua:
861 1659 1077 1732 gravius
1104 1663 1430 1726 exasperant
1475 1652 1752 1722 oriuntur;
1782 1659 1946 1720 atque

355 1761 409 1816 in
439 1759 561 1818 irati
588 1757 747 1816 oculo
774 1753 980 1810 festuca
1005 1753 1061 1808 in
1091 1750 1300 1807 trabem
1334 1747 1582 1811 vertitur,
1614 1744 1741 1800 dum
1783 1745 1863 1800 ira
1891 1743 1945 1798 in

2073 538 2421 618 praescientia
2452 539 2703 593 armavit.
2738 535 2838 603 Qui
2862 549 3006 590 enim
3027 526 3368 602 iinprovidus
3401 523 3470 578 ab
3499 519 3694 575 adver-

2071 612 2234 688 sitate
2265 629 2711 700 deprehenditur,
2738 627 2893 697 quasi
2920 626 2988 680 ab
3036 624 3196 680 hoste
3237 617 3522 676 dormiens
3548 612 3697 668 inve-

2061 727 2246 791 nitur;
2279 735 2514 790 eumque
2548 719 2710 774 citius
2751 718 3002 774 inimicus
3048 721 3245 778 necat,
3278 709 3408 784 quia
3437 720 3552 762 non
3597 717 3693 760 re-

2064 825 2401 894 pugnantem
2431 811 2697 885 perforat.
2729 810 2862 865 Nam
2891 809 2984 880 qui
3014 808 3159 864 mala
3203 797 3551 860 imminentia
3589 809 3690 865 per

2061 885 2490 972 sollicitudinem
2529 910 2824 974 praenotat,
2875 899 3103 954 hostiles
3145 897 3403 954 incursus
3427 887 3586 960 quasi
3630 885 3688 942 in

2057 1003 2269 1060 insidiis
2298 997 2527 1069 vigilans
2558 1000 2879 1066 exspectat;
2912 998 2966 1045 et
3011 989 3140 1045 inde
3169 987 3239 1042 ad
3269 981 3557 1040 victoriam
3586 991 3674 1032 va-

2054 1097 2236 1152 lenter
2280 1091 2608 1160 accingitur,
2652 1083 2797 1140 unde
2849 1081 3098 1137 nesciens
3148 1073 3482 1149 deprehendi
3523 1080 3683 1160 puta-

2053 1187 2237 1242 batur.
2279 1159 2526 1238 Solerter
2553 1191 2686 1247 ergo
2714 1174 2930 1229 animus
2959 1178 3088 1224 ante
3138 1167 3371 1224 actionis
3408 1176 3521 1218 sua:
3564 1159 3673 1231 pri-

2053 1277 2288 1343 mordia,
2319 1281 2516 1330 cuncta
2563 1270 2728 1328 debet
2757 1265 2988 1321 adversa
3035 1258 3326 1325 meditari;
3357 1265 3418 1310 ut
3461 1264 3678 1343 semper

2049 1368 2169 1426 haec
2188 1341 2455 1436 cogitans,
2487 1375 2709 1432 semper
2737 1365 2932 1414 contra
2980 1352 3096 1406 hinc
3123 1349 3352 1404 thorace
3393 1341 3677 1415 patientiae

2051 1461 2308 1526 munitus,
2333 1467 2393 1514 et
2416 1453 2676 1527 quidquid
2721 1446 3019 1506 accesserit
3048 1440 3308 1516 providus
3338 1444 3581 1508 superet,
3622 1441 3680 1487 et

2049 1551 2308 1622 quidquid
2338 1566 2447 1605 non
2471 1544 2765 1604 accesserit
2802 1541 3019 1602 lucrum
3047 1543 3226 1608 putet.
3260 1527 3546 1587 Secundus
3575 1541 3673 1622 au-

2049 1655 2158 1700 tem
2182 1640 2463 1699 servanda:
2494 1632 2933 1695 mansuetudinis
2961 1628 3157 1684 modus
3185 1631 3286 1690 est,
3315 1629 3520 1680 utcum
3542 1615 3676 1670 alie—
3777 1617 3780 1620 “

2050 1751 2150 1791 nos
2180 1749 2434 1790 excessus
2452 1731 2766 1803 aspicimus,
2781 1732 2993 1788 nostra,
3019 1720 3218 1794 quibus
3248 1716 3300 1770 in
3332 1712 3454 1767 aliis
3483 1721 3674 1803 exces-

355 1849 539 1905 oiliuni
593 1853 945 1917 permutatur.
1005 1842 1329 1912 Plerumque
1381 1839 1460 1895 ira
1510 1853 1607 1908 per
1674 1835 1945 1893 silentium
1976 1830 2237 1896 Bsimus,
2271 1826 2468 1882 delicta
2513 1823 2840 1892 cogitemus.
2874 1812 3233 1917 Considerata
3279 1797 3670 1917 quippe-inii?

352 1944 533 2002 clausa
563 1942 704 2006 intra
745 1945 982 1994 mentem
1033 1933 1402 1996 schementius
1426 1937 1619 1986 testuat
1661 1937 1719 1983 et
1747 1928 1946 1984 clamo-

351 2049 440 2090 sas
471 2032 631 2086 tacita
656 2044 818 2086 voces
861 2030 1096 2094 format;
1129 2025 1291 2096 verba
1337 2023 1469 2088 sibi,
1496 2021 1691 2093 quibus
1716 2034 1943 2090 exaspe-

353 2135 501 2180 retur
521 2123 794 2192 objicit,et
820 2119 974 2190 quasi
997 2119 1048 2174 in
1079 2131 1255 2172 causa:
1284 2114 1530 2172 examine
1553 2112 1732 2185 posita
1760 2111 1946 2168 durius

352 2224 674 2286 exasperata
709 2211 1030 2283 respondet;
1062 2209 1209 2278 quod
1238 2205 1495 2268 Salomon
1547 2205 1786 2260 breviter
1815 2203 1945 2258 insi-

354 2317 504 2374 nuat,
537 2307 722 2374 dicens
755 2323 766 2358 :
801 2303 1135 2362 Prwswlutio
1158 2300 1436 2368 impiorum
1463 2299 1610 2369 furor
1652 2294 1831 2368 (Prov.
1869 2312 1942 2360 xi,

354 2401 468 2472 25).
499 2402 694 2470 Sicque
724 2397 785 2454 lit
813 2406 868 2462 ut
896 2396 1239 2472 perturbatus
1266 2393 1475 2450 animus
1501 2388 1762 2458 majorem
1808 2396 1944 2442 stre-

354 2494 524 2565 pitum
554 2493 638 2549 sui
682 2491 880 2547 silentii
924 2491 1138 2554 sentiat,
1171 2501 1404 2556 eumque
1450 2483 1665 2554 gravius
1696 2490 1721 2518 *‘
1751 2481 1945 2538 clausa:

355 2585 447 2642 irae
476 2583 689 2639 ﬂamma
717 2591 1014 2640 consumat.
1051 2579 1203 2636 Unde
1250 2579 1389 2634 bene
1433 2587 1558 2632 ante
1599 2593 1699 2631 nos
1727 2574 1944 2645 quidam

355 2677 569 2747 sapiens
598 2675 769 2730 dixit:
807 2673 1156 2743 Cogitationes
1187 2668 1425 2726 iracundi
1458 2669 1675 2735 vipereae
1712 2675 1830 2722 sunt
1852 2682 1944 2733 ge-

356 2771 674 2834 nerationes,
696 2777 918 2828 mentem
941 2765 1212 2820 comedunt
1233 2772 1450 2826 matrem
1475 2778 1642 2816 suam.

427 2861 575 2936 [Vet.
605 2858 761 2915 XXX
767 2856 878 2930 11.]
901 2855 989 2913 80.
1024 2857 1228 2916 Gradus
1257 2865 1478 2927 quatuor
1503 2851 1687 2924 quibus
1718 2851 1785 2908 ad
1808 2852 1940 2904 iram

355 2970 530 3014 sanius
559 2948 1122 3022 aﬁecti.-—-Sciendum
1155 2964 1281 3008 vero
1311 2952 1397 3004 est
1423 2961 1530 3015 quo
1553 2944 1841 3004 nonnullos
1866 2943 1945 2998 ira

355 3047 515 3103 citius”
539 3045 806 3112 accendit,
837 3043 1044 3101 facilius
1073 3042 1289 3098 deserit.
1322 3040 1617 3096 Nomiullos
1642 3053 1771 3094 vero
1796 3037 1945 3094 tarde

355 3139 570 3206 quidem
621 3145 948 3203 commovet,
995 3135 1091 3191 sed
1131 3134 1331 3192 diutius
1354 3141 1529 3190 tenet.
1562 3131 1664 3185 Alii
1710 3142 1944 3197 namque

2055 1923 2213 1976 initas
2237 1918 2478 1992 propria,
2519 1917 2658 1973 mala
2693 1913 2850 1969 nobis
2881 1916 3112 1966 excusat
3153 1903 3354 1992 aliena.
3385 1895 3670 1992 Patienter

2051 1981 2286 2079 iiamqtie
2330 1981 2534 2062 illatam
2586 2003 2839 2074 injuriam
2890 1998 3108 2064 tolerat,
3142 1991 3233 2063 qui
3279 2004 3370 2061 pie
3420 1981 3669 2079 meminit

2050 2076 2446 2174 quod'fortasse
2475 2098 2651 2153 adhuc
2676 2096 2896 2157 habeat,
2925 2093 2979 2148 in
3011 2105 3121 2173 quo
3152 2086 3349 2141 debeat
3381 2081 3500 2151 ipse
3527 2076 3668 2134 tole-

2049 2195 2177 2251 rari.
2220 2193 2287 2246 Et
2316 2193 2469 2262 quasi
2500 2206 2638 2262 aqua
2666 2191 2804 2260 ignis
2829 2184 3219 2255 exstinguitur,
3251 2193 3374 2237 cum
3405 2179 3666 2243 surgente

2047 2289 2227 2344 furore
2242 2288 2538 2352 animi,sua
2570 2287 2763 2356 cuique
2788 2282 2854 2338 ad
2884 2288 3125 2337 mentem
3160 2274 3319 2345 culpa
3349 2274 3664 2356 revocatur,

2050 2381 2175 2452 quia
2199 2380 2468 2434 erubescit
2499 2355 2720 2449 peccata
2752 2392 2858 2432 nou
2887 2386 3137 2448 parcere,
3170 2366 3267 2440 qui
3295 2363 3384 2419 vel
3407 2362 3544 2426 Deo,
3576 2355 3662 2412 νθ¹

2049 2474 2298 2546 proximo
2327 2487 2469 2543 smpe
2497 2488 2555 2527 se
2585 2470 2778 2527 recolit
2805 2466 3075 2542 parcenda
3099 2475 3384 2536 peccasse.

2121 2586 2266 2659 [γει.
2297 2583 2608 2648 ΧΧΧΙΙΗ
2645 2583 2734 2638 82.
2769 2583 2863 2637 Ira
2892 2582 3000 2636 alia
3038 2597 3106 2635 ea:
3143 2572 3510 2645 impatientia,
3545 2567 3657 2622 alia

2046 2695 2113 2732 ea:
2141 2679 2269 2732 zelo.
2304 2678 2487 2730 Prima
2519 2678 2722 2731 oculum
2759 2683 3021 2740 excaecat,
3053 2672 3224 2726 altera
3249 2670 3330 2723 ita
3356 2662 3565 2727 turbat,
3599 2668 3657 2712 ut

2051 2769 2119 2823 ad
2141 2769 2333 2822 clarius
2354 2768 2630 2822 videndum
2651 2767 2916 2837 disponat.
2941 2798 3012 2809 --
3040 2763 3146 2819 Sed
3169 2762 3312 2817 inter
3343 2759 3460 2813 hac
3482 2753 3655 2809 soler-

2053 2870 2138 2915 ter
2163 2859 2437 2914 sciendum
2459 2868 2542 2913 8:1
2569 2859 2713 2928 quod
2741 2858 2846 2912 alia
2875 2866 2958 2911 est
2984 2857 3084 2922 ira,
3116 2869 3281 2925 quam
3311 2843 3653 2920 impatientia

2048 2953 2268 3016 excitat,
2292 2951 2395 3004 alia
2421 2966 2580 3020 quam
2611 2950 2758 3005 zelus
2782 2961 2802 2988 ο
2828 2945 3152 3002 formatJlla
3175 2961 3243 3001 ex
3271 2943 3429 3010 vitio,
3444 2939 3564 2994 hac
3586 2952 3653 2988 ex

2048 3041 2245 3096 virtute
2268 3047 2574 3108 generatur.
2600 3038 2656 3092 Si
2679 3039 2820 3094 enim
2844 3037 2990 3092 nulla
3017 3036 3094 3090 ira
3132 3051 3199 3090 ex
3225 3035 3426 3090 virtute
3459 3041 3652 3094 surge-

2051 3134 2362 3203 ret,divinm
2383 3131 2866 3187 animadversionis
2886 3131 3142 3200 impetum
3160 3127 3392 3186 Phinees
3418 3137 3516 3194 per
3544 3119 3652 3189 gla-

360 3227 604 3286 accensis
647 3227 869 3284 calamis
913 3226 1140 3291 similes,
1167 3223 1295 3282 dum
1323 3224 1542 3278 vocibus
1579 3226 1945 3290 perstrepunt,
1975 3207 2022 3268 ο
2051 3225 2199 3280 dium
2225 3239 2332 3278 non
2356 3223 2638 3292 placasset.
2669 3221 2817 3276 lianc
2839 3221 2975 3278 iram
3003 3217 3126 3288 quia
3147 3217 3264 3273 lleli
3298 3230 3407 3272 non
3436 3208 3648 3273 habuit.

359 3309 513 3388 quasi
537 3317 796 3388 quosdam
842 3317 1177 3373 accensionis
1203 3331 1313 3372 sum
1337 3313 1547 3370 sonitus
1575 3311 1842 3380 reddtmt;
1873 3310 1948 3365 ci-

363 3413 468 3466 tius
497 3410 713 3480 quidem
742 3407 1010 3464 ﬂanimam
1054 3408 1278 3476 faciunt,
1307 3408 1400 3464 sed
1425 3405 1670 3477 protinus
1697 3405 1752 3464 in
1795 3404 1948 3459 favil-

361 3503 470 3559 lam
521 3501 832 3571 l'rigescunt.
860 3501 965 3556 Alii
1011 3509 1191 3555 autem
1220 3499 1376 3568 lignis
1404 3497 1742 3566 gravioribus
1772 3493 1948 3550 durio-

360 3598 616 3666 ribusque
643 3611 751 3651 non
773 3594 1038 3664 dispares,
1053 3594 1427 3649 accensionem
1451 3593 1601 3649 tarde
1621 3593 1943 3663 suscipiunt,

360 3688 454 3744 sed
483 3696 663 3742 tamen
692 3687 906 3740 accensi
933 3685 1100 3740 semel
1127 3684 1395 3739 diﬂicilius
1423 3685 1870 3752 exstinguuntur,
1894 3691 1949 3738 et

361 3779 486 3847 quia
516 3793 575 3832 se
600 3775 806 3831 tardius
835 3776 888 3829 in
912 3774 1256 3843 asperitatem
1284 3777 1576 3839 concitant,
1595 3774 1787 3828 luroris
1809 3773 1892 3827 sui
1923 3773 1945 3809 δ

363 3869 560 3925 diutius
601 3869 780 3937 ignem
815 3868 965 3937 177
1011 3875 1250 3920 servant.
1298 3865 1401 3920 Alii
1442 3874 1643 3928 autem,
1675 3864 1823 3932 quod
1869 3874 1950 3920 est

362 3963 610 4032 nequius,
636 3969 690 4016 et
736 3959 894 4015 citius
934 3957 1224 4013 iracundia:
1267 3957 1510 4015 ﬂammas
1556 3957 1846 4026 accipiunt,
1894 3965 1950 4012 et

363 4055 567 4110 tardius
593 4054 889 4122 deponunt.
937 4049 1189 4104 Nonnulli
1220 4064 1348 4103 vero
1380 4049 1476 4104 lias
1504 4056 1560 4102 et
1604 4048 1754 4102 tarde
1782 4048 1945 4102 susci-

361 4148 531 4219 piu:.t,
564 4155 618 4202 et
644 4145 802 4202 citius
821 4143 1092 4200 amittunt.
1123 4141 1180 4195 lii
1210 4141 1402 4210 quibus
1439 4140 1688 4197 nimirum
1719 4146 1950 4208 quatuor

362 4240 534 4297 modis
565 4238 768 4310 liquido
797 4237 968 4293 lector
992 4233 1266 4304 agnoscit,
1296 4233 1419 4302 quia
1449 4240 1504 4287 et
1548 4230 1617 4285 ad
1645 4230 1947 4299 tranquilli-

362 4335 486 4389 tatis
513 4334 712 4396 bonum
734 4331 952 4388 ultimus
975 4329 1258 4400 plusquam
1299 4325 1502 4396 primus
1530 4325 1945 4395 appropinquat,

361 4437 417 4482 et
446 4427 499 4480 in
527 4426 670 4480 nian
710 4422 1006 4480 secundum
1036 4420 1222 4475 tertius
1249 4425 1488 4488 superat.
1519 4416 1623 4477 Sed
1662 4417 1789 4486 quid
1821 4433 1946 4487 pro-

361 4517 481 4571 dest
509 4517 650 4584 quod
680 4513 956 4570 iracundia
983 4509 1256 4580 quomodo
1287 4514 1523 4563 mentem
1570 4515 1780 4575 teneat,
1812 4507 1947 4562 dici-

2048 3323 2256 3372 motum
2285 3322 2469 3368 contra
2492 3327 2550 3367 se
2581 3309 2997 3382 implacabiliter
3022 3323 3272 3380 supernae
3301 3304 3521 3364 ultionis
3547 3315 3649 3355 ex-

2048 3408 2252 3464 citavit.
2281 3406 2415 3461 Nam
2445 3421 2554 3475 quo
2594 3411 2782 3459 contra
2821 3401 3158 3458 subditorum
3188 3402 3318 3458 vitia
3349 3396 3547 3469 tepuit,
3573 3406 3644 3449 eo

2047 3509 2236 3556 contra
2285 3497 2435 3553 illum
2488 3495 2752 3551 districtio
2797 3493 2987 3548 interni
3025 3492 3252 3548 rectoris
3300 3489 3526 3548 exarsit.
3568 3483 3648 3540 De

2047 3592 2150 3646 hac
2179 3607 2277 3662 per
2295 3588 2640 3647 Psalmistam
2669 3587 2896 3642 dicitur:
2922 3582 3242 3651 Irascimim',
3270 3591 3321 3638 et
3340 3582 3503 3638 nolite
3523 3593 3646 3652 pec—

2048 3701 2167 3737 care
2198 3682 2368 3753 (Psal.
2403 3698 2455 3735 iv
2476 3722 2489 3744 ,
2525 3678 2601 3749 5).
2633 3677 2789 3744 Quod
2816 3677 3068 3732 nimirmn
3099 3691 3207 3730 non
3250 3683 3398 3730 recte
3443 3671 3646 3728 intelli-

2047 3783 2213 3842 gunt,
2244 3774 2338 3841 qui
2379 3773 2540 3827 irasci
2585 3788 2685 3827 nos
2709 3773 2866 3828 nobis
2898 3773 3303 3840 tantummodo,
3337 3787 3446 3827 non
3474 3769 3641 3826 etiam

2048 3863 2307 3934 proximis
2335 3851 2768 3930 delinquentibus
2797 3864 3004 3924 volunt.
3015 3864 3074 3920 Si
3100 3864 3243 3925 enim
3267 3864 3348 3923 sic
3363 3865 3643 3936 proximos

2049 3965 2109 4010 ut
2137 3971 2236 4010 nos
2265 3970 2447 4009 amare
2478 3955 2833 4025 prmcipimur,
2864 3964 3030 4015 restat
3058 3965 3116 4011 ut
3141 3959 3221 4014 sic
3244 3973 3433 4014 eorum
3453 3958 3642 4014 errati-

2048 4045 2151 4100 bus
2179 4043 2318 4099 sicut
2360 4045 2556 4100 nostris
2586 4044 2730 4100 vitiis
2772 4045 3090 4104 irascamur.
3124 4046 3201 4102 De
3232 4048 3333 4102 hac
3363 4063 3459 4117 per
3486 4045 3640 4102 Salo-

2048 4151 2266 4192 nonem
2290 4135 2514 4190 dicitur:
2541 4134 2730 4192 Melior
2756 4145 2832 4190 est
2854 4137 2936 4192 ira
2951 4139 3081 4206 risu,
3112 4141 3234 4210 quia
3263 4155 3353 4210 per
3373 4140 3639 4194 tristitiam

2049 4228 2215 4281 vultus
2238 4227 2513 4297 corrigitur
2536 4227 2742 4281 animus
2763 4227 3106 4298 delinquentis
3129 4227 3328 4299 (Eccte.
3345 4245 3437 4292 vn,
3463 4229 3542 4302 4).
3562 4230 3637 4284 De

2047 4318 2150 4373 hac
2180 4317 2372 4372 iterum
2404 4316 2684 4378 Psalmista
2707 4318 2813 4372 ait:
2850 4317 3108 4380 Turbatus
3134 4329 3332 4389 estpra:
3359 4323 3440 4375 ira
3462 4321 3638 4375 oculus

2049 4426 2188 4462 meus
2232 4407 2402 4479 (Psal.
2447 4407 2632 4476 ri,8).
2665 4408 2750 4464 Ira
2797 4410 2997 4480 quippe
3045 4426 3143 4480 per
3188 4411 3375 4469 vitium
3422 4411 3636 4468 oculum

2049 4503 2244 4564 mentis
2290 4511 2551 4568 excmcat,
2575 4502 2655 4564 ira
2695 4511 2877 4562 autem
2915 4518 3013 4573 per
3054 4502 3230 4559 zelum
3272 4503 3482 4569 turbat;
3512 4502 3639 4570 quia

363 4623 503 4671 mus,
533 4608 579 4662 si
599 4623 707 4663 non
732 4608 894 4662 etiam
924 4606 1156 4675 qualiter
1175 4602 1444 4673 compesci
1471 4602 1664 4658 debeat
1683 4603 1948 4673 exprima-
1974 4587 2027 4648 D
2049 4611 2158 4665 quo
2187 4595 2376 4650 saltem
2408 4594 2540 4650 recti
2567 4593 2914 4652 aemulatione
2938 4595 3266 4657 concutitur,
3297 4607 3360 4647 ea
3389 4607 3510 4661 qua:
3535 4593 3639 4650 nisi

362 4699 520 4822 milia.
554 4767 661 4826 Ira:
687 4767 1072 4836 compescenda
1091 4767 1192 4830 dua
1217 4764 1374 4824 modi.
1402 4794 1475 4807 ——
1503 4763 1720 4818 Duobus
1745 4763 1942 4822 etenim

362 4859 539 4916 modis
566 4859 735 4920 fracta
763 4857 1038 4928 possidere
1054 4859 1290 4916 animum
1322 4856 1400 4912 ira
1425 4855 1712 4916 desuescit,
1735 4853 1945 4918 Primus

363 4953 561 5023 quippe
581 4959 682 5014 est,
709 4959 767 5005 ut
796 4965 947 5010 mens
969 4949 1197 5012 sollicita
1221 4955 1509 5016 antequam
1533 4961 1694 5015 agere
1733 4947 1944 5017 quodli-

360 5045 453 5101 bet
480 5044 719 5114 incipiat,
752 5057 942 5100 omnes
987 5041 1110 5105 sibi,
1133 5055 1267 5110 quas
1295 5040 1403 5110 pati
1433 5047 1630 5109 potest,
1659 5047 1943 5102 contume-

361 5139 462 5195 lias
499 5144 790 5209 proponat,
820 5144 1086 5207 quatenus
1107 5133 1487 5202 Redemptoris
1513 5133 1594 5190 sui
1621 5133 1817 5206 probra
1847 5149 1944 5194 co-

361 5231 556 5298 gitans,
586 5229 655 5284 ad
701 5229 926 5283 adversa
954 5241 1013 5281 se
1055 5233 1337 5296 prmparet.
1381 5223 1510 5289 Quae
1553 5225 1802 5288 nimirum
1849 5240 1944 5280 ve-

437 5351 463 5378 ι
508 5341 565 5394 lu
602 5341 744 5396 Edit.
790 5340 950 5400 Rom.
982 5339 1118 5395 Sixti
1148 5337 1214 5404 ν,
1245 5348 1300 5393 et
1337 5337 1394 5390 in
1433 5338 1854 5408 antiquioribus,
1900 5346 1944 5401 si

366 5411 604 5474 Barthol.
635 5413 902 5484 excipias,
932 5427 1144 5484 eumque
1173 5410 1378 5484 grauius
1407 5408 1704 5484 (latissime
1732 5413 1945 5480 ﬂamma

363 5491 645 5536 consumat.
685 5479 805 5536 Mss.
829 5479 884 5552 et
910 5479 1400 5552 ratio’persuadent
1424 5479 1702 5552 legendum
1725 5479 1935 5552 Clauste,

366 5570 462 5622 pro
507 5555 703 5604 clausa.
736 5552 794 5605 In
834 5549 1084 5605 Colbert.’
1108 5560 1315 5622 tamen,
1363 5549 1526 5604 Corb.
1572 5550 1750 5606 Germ.
1783 5564 1836 5609 et
1867 5549 1934 5612 al.

363 5621 517 5686 Mss,
573 5622 761 5690 legitir
804 5623 979 5686 clausa
1007 5621 1102 5676 ira:
1129 5621 1368 5690 ﬂamma,
1415 5622 1557 5688 quod
1590 5622 1731 5683 idem
1759 5638 1935 5683 sonat.

363 5691 440 5746 Ita
473 5692 653 5746 haberi
685 5692 737 5744 in
768 5691 892 5752 Mss,
925 5689 1136 5759 Anglic.
1176 5699 1402 5754 testatur
1436 5689 1534 5748 Th.
1567 5690 1849 5750 Jamesius.
1881 5697 1936 5752 In

366 5763 498 5833 Reg.
551 5774 604 5818 et
645 5762 912 5834 plerisque
952 5771 1290 5834 constanter,
1339 5771 1546 5826 clausas.
1598 5764 1940 5834 Subsequens

366 5831 545 5889 autem
574 5831 938 5889 testimonium
981 5831 1174 5885 frustra
1203 5845 1546 5910 quaesivimus
1584 5837 1635 5891 in
1669 5831 1816 5891 libris
1841 5835 1942 5894 Ec-

2045 4687 2336 4758 tranquillo
2374 4687 2539 4740 corde
2586 4686 2790 4755 percipi
2828 4701 2938 4742 non
2984 4692 3204 4755 potest,
3250 4683 3637 4755 contemplatio

2044 4778 2355 4850 dissipatur.
2379 4775 2499 4846 ipse
2544 4791 2781 4845 namque
2823 4777 2970 4832 zelus
2994 4775 3348 4843 rectitudinis,
3380 4777 3505 4846 quia
3555 4779 3639 4834 ln-

2045 4867 2361 4938 quietudine
2391 4874 2629 4922 mentem
2655 4867 2845 4935 agitat,
2875 4865 2992 4935 ejus
3014 4881 3140 4921 mox
3164 4866 3336 4922 aciem
3359 4868 3635 4938 obscurat,

2052 4962 2210 5031 178
2229 4967 2288 5014 ut
2312 4958 2505 5013 altiora
2534 4957 2588 5013 in
2609 4959 2975 5014 commotione
3003 4974 3110 5015 non
3137 4959 3338 5029 videat,
3351 4976 3475 5032 quae
3495 4978 3636 5034 pene

2047 5056 2194 5126 prius
2219 5054 2504 5126 tranquilla
2531 5055 2814 5110 cernebat.
2844 5054 2951 5112 Sed
2982 5056 3108 5113 inde
3137 5057 3386 5115 subtilius
3415 5062 3482 5115 ad
3525 5060 3634 5116 alta

2045 5145 2341 5212 reducitur,
2369 5145 2511 5201 unde
2535 5145 2602 5200 ad
2632 5154 2868 5218 tempus,
2900 5164 2968 5204 ne
2997 5149 3196 5218 videat,
3232 5153 3630 5212 reverberatur.

2046 5237 2179 5292 Nam
2229 5243 2342 5311 ipsa
2384 5239 2518 5294 recti
2558 5240 2831 5295 aemulatio
2858 5250 3061 5297 :etcrna
3108 5251 3231 5314 post
3272 5243 3547 5314 paululum
3576 5245 3628 5299 in

2048 5350 2330 5434 clesiastici
2361 5359 2416 5406 et
2441 5351 2728 5434 sapientia.-
2757 5369 2894 5434 quos
2923 5354 3141 5434 laudare
3170 5357 3308 5434 solet
3336 5353 3629 5434 Gregorius

2047 5423 2148 5505 sub
2175 5423 2398 5505 nomine.
2416 5423 2688 5505 cujusdam
2706 5423 3005 5505 sapientis,
3035 5441 3154 5495 cap.
3187 5429 3314 5505 olim
3342 5423 3465 5492 ἰδέ
3486 5442 3628 5482 nunc

2049 5489 2147 5558 50,
2176 5493 2311 5576 quod
2335 5489 2561 5576 tibiam:
2590 5497 2663 5576 vis
2690 5489 2835 5576 ﬁeri,
2883 5489 3012 5576 etc,
3041 5489 3254 5576 tiu-ead
3282 5489 3528 5576 neutrum
3558 5513 3628 5553 cx

2049 5564 2312 5634 pr:_ed_ictis
2334 5564 2481 5617 libris
2505 5564 2792 5634 pertinent,
2823 5565 2916 5619 sed
2947 5566 3011 5618 ad
3043 5567 3135 5620 lib.
3161 5566 3294 5620 Tob.
3322 5583 3395 5632 iv,
3427 5566 3510 5620 16.

2120 5630 2314 5714 “.Mss.
2356 5630 2564 5702 Norui.,
2602 5634 2826 5701 Turon.,
2864 5635 3026 5690 Cori).
3071 5645 3127 5690 et
3167 5637 3284 5701 alii,
3316 5630 3508 5707 furoris
3547 5642 3625 5692 sui

2045 5702 2221 5760 durius
2249 5705 2420 5760 ianem
2452 5713 2676 5760 servant.

2122 5723 2221 5760 rius
2249 5723 2420 5775 agnem
2452 5723 2676 5760 servans.

2122 5784 2144 5810 ο
2173 5773 2476 5856 Apud_Co_c..
2502 5783 2556 5831 et
2577 5776 2846 5856 deinceps.
2880 5775 3020 5856 saltis
3042 5777 3294 5856 justitite;
3321 5778 3466 5856 quod
3487 5779 3615 5849 glos-

2044 5859 2194 5902 sema
2222 5855 2304 5900 est
2335 5846 2386 5902 in
2415 5845 2541 5902 Mss.
2573 5845 3167 5904 saltem’sincerioribus
3198 5845 3459 5922 ignotum.
