4180 6458
550 373 653 428 727

1743 366 1986 425 ΞᾹΝΟἸΊ
2025 364 2351 423 GBEGORII
2396 366 2609 423 MAGNI

3719 370 3826 423 728

551 487 937 558 tranquillitate
986 484 1185 551 largius
1236 482 1444 552 aperit,
1476 496 1595 551 qua:
1635 484 1745 536 lucc
1783 484 1995 538 interim
2033 498 2130 551 per
2156 486 2205 544 Α
2232 484 2660 553 persecutionem
2687 483 2865 537 fratris
2893 481 3094 537 exarsit
3122 479 3333 547 (Cenes.
3367 495 3493 544 xxv,
3526 480 3622 549 34;
3652 498 3823 549 xxvn,

549 578 967 636 commotionem
997 574 1223 639 claudit;
1258 584 1313 627 et
1344 573 1482 629 unde
1507 590 1659 629 mens
1689 575 1933 629 turbatur
1960 590 2028 629 ne
2054 575 2135 629 vi-

547 669 694 734 deat,
726 668 848 723 inde
876 667 1165 738 proficitut
1200 666 1266 720 ad
1299 666 1584 720 videndum
1615 668 1796 722 verius
1823 668 2086 723 clarescat
2113 687 2127 722 :

546 762 684 817 sicut
714 758 1002 814 infirmanti
1044 759 1201 813 oculo
1225 775 1348 815 cum
1377 758 1660 829 collyrium
1690 758 2012 826 immittitur,
2043 761 2134 815 lux

544 852 761 921 penitus
788 858 1044 918 negatur;
1076 850 1166 904 sed
1208 851 1332 906 inde
1362 865 1480 905 eam
1517 860 1638 920 post
1680 852 1954 921 paululum
1978 868 2135 907 vera-

547 943 684 998 citer
702 943 916 1012 recipit,
943 941 1086 997 unde
1113 943 1251 998 hanc
1272 942 1339 995 ad
1365 952 1575 1012 tempus
1606 944 1890 998 salubriter
1915 943 2131 999 amittit.

545 1032 830 1103 Nunquam
872 1050 1002 1089 vero
1047 1034 1398 1089 commotioni
1444 1036 1829 1105 contemplatio
1872 1034 2131 1104 jungitur,

548 1139 647 1179 nec
676 1123 931 1194 prmvnlet
973 1138 1125 1177 mens
1170 1122 1857 1193 perturbataconspicere,
1886 1122 1951 1176 ad
1989 1120 2143 1191 quod

543 1216 633 1269 vix
686 1214 975 1284 tranquilla
1015 1214 1157 1269 valet
1196 1214 1434 1279 inhiare,
1477 1215 1602 1282 quia
1645 1230 1746 1269 nec
1782 1214 1913 1268 solis
1953 1214 2134 1269 radius

528 1306 803 1371 cernitur,
822 1321 944 1360 cum
971 1312 1257 1360 commotae
1283 1304 1453 1359 nubes
1475 1305 1598 1360 cmli
1625 1305 1815 1359 faciem
1837 1304 2129 1370 obducunt,

543 1411 646 1452 nec
668 1397 910 1452 turbatus
941 1397 1059 1452 fons
1087 1397 1422 1466 respicientis
1450 1397 1737 1465 imaginem
1762 1397 2131 1463 reddit,quam

542 1489 862 1558 tranquillus
891 1489 1107 1560 proprie
1132 1490 1391 1555 ostendit,
1421 1490 1547 1559 quia
1574 1504 1682 1559 quo
1706 1489 1824 1557 ejus
1854 1488 1992 1543 unda
2017 1488 2131 1557 pal-

542 1581 699 1652 pitat,
720 1597 788 1637 eo
813 1583 867 1637 in
895 1598 952 1637 se
979 1584 1215 1652 speciem
1242 1582 1609 1637 similitudinis
1637 1582 1913 1637 obscurat.

612 1671 702 1725 85.
737 1672 1029 1726 Cavendum
1057 1689 1119 1726 ne
1141 1675 1222 1726 ira
1249 1674 1407 1727 menti
1432 1690 1495 1727 ex
1522 1673 1629 1727 zelo
1668 1684 1935 1727 commotae
1964 1676 2126 1725 domi-

544 1772 711 1816 netur.
736 1792 805 1802 —
824 1760 930 1817 Sed
952 1779 1073 1817 cum
1099 1778 1197 1833 per
1218 1764 1392 1818 zelum
1414 1764 1623 1819 animus
1644 1772 1911 1828 movetur,
1933 1778 2128 1816 curan-

2236 574 2347 646 41),
2374 576 2494 645 quia
2516 576 2992 646 primogenitorum
3011 575 3391 631 benedictione
3409 575 3640 646 perdita,
3659 592 3825 646 quam

2236 676 2417 723 tamen
2452 684 2547 723 esu
2593 669 2859 724 lenticulae
2907 669 3022 738 ipse
3059 668 3414 735 vendiderat,
3462 669 3724 723 minorem
3764 687 3827 725 se

2235 758 2317 822 ei,
2374 759 2531 829 179
2557 773 2719 827 quem
2758 758 3031 813 nascendo
3072 758 3323 828 praeibat,
3365 758 3641 825 ingemuit.
3686 758 3823 815 Hinc

2233 848 2431 919 Ioseph
2462 850 2655 905 fratres
2702 850 2784 904 sui
2824 849 3108 906 lsmaelitis
3137 850 3534 904 transeuntibus
3567 851 3825 906 vendide-

2234 952 2360 998 runt
2390 941 2599 1015 (Cenes.
2630 960 2839 1005 xxxvn,
2867 942 2955 1007 27,
2988 941 3103 1014 28),
3135 943 3259 1013 quia
3289 944 3504 1011 cognito
3532 944 3825 999 revelatio-

2236 1036 2319 1089 nis
2357 1037 2616 1106 mysterio
2634 1074 2652 1102 ,
2693 1050 2761 1090 ne
2790 1051 2848 1090 se
2877 1036 3068 1091 melior
3095 1035 3249 1089 ﬁeret
3270 1074 3285 1100 ,
3336 1034 3451 1104 ejus
3480 1038 3827 1104 provectibus

2235 1124 2457 1180 obviare
2484 1124 2663 1180 conati
2691 1131 2835 1179 sunt.
2865 1122 3001 1179 Hinc
3032 1123 3160 1178 Saul
3188 1123 3351 1177 David
3380 1123 3679 1189 subditum,
3710 1124 3826 1178 lan-

2236 1230 2386 1269 ceam
2416 1214 2811 1283 intorquendo,
2853 1214 3194 1284 persequitur
3234 1212 3298 1283 (Ι
3328 1212 3455 1284 Reg.
3489 1229 3642 1278 xvtn,
3684 1214 3743 1267 if
3769 1216 3823 1282 ),

2234 1306 2357 1374 quia
2386 1321 2545 1375 quem
2568 1304 2593 1343 ι)
2625 1304 2832 1375 magnis
2860 1302 3099 1374 quotidie
3127 1304 3313 1373 augeri
3332 1305 3587 1357 virtutum
3611 1321 3827 1359 succes-

2234 1398 2381 1452 sibus
2425 1398 2627 1460 sensit,
2673 1398 2813 1451 ultra
2847 1413 2906 1453 se
2942 1411 3255 1452 excrescere
3285 1397 3521 1466 expavit.
3564 1394 3826 1451 Parvulos

2234 1486 2415 1557 itaque
2436 1497 2519 1543 est
2537 1488 2629 1556 qui
2654 1487 2851 1542 invidia
2876 1486 3158 1549 occiditur,
3191 1487 3312 1556 quia
3336 1486 3436 1539 nisi
3466 1486 3580 1556 ipse
3604 1486 3825 1541 inferior

2233 1580 2509 1643 existeret,
2541 1579 2609 1633 de
2639 1579 2781 1633 bono
2811 1578 3033 1632 alterius
3058 1593 3163 1632 non
3183 1576 3410 1632 doleret.

2307 1666 2456 1739 [Vet.
2499 1665 2801 1738 XXXIV.]
2841 1665 2927 1721 85.
2976 1665 3043 1721 In
3082 1667 3277 1719 invidia
3316 1682 3531 1736 serpens
3579 1668 3823 1739 antiquus

2233 1769 2391 1814 totum
2425 1762 2561 1814 virus
2590 1777 2740 1814 suum
2767 1760 2991 1815 concutit
3024 1775 3085 1813 ac
3110 1760 3284 1813 vomit.
3316 1756 3484 1813 Invidi
3521 1761 3818 1830 descriptio.

541 1854 668 1908 dum
695 1869 1039 1924 summopere
1068 1863 1151 1910 est
1173 1870 1240 1910 ne
1264 1855 1380 1910 haec
1400 1855 1611 1924 eadem,
1634 1871 1753 1925 qua:
1774 1857 2129 1911 instrumento
2160 1868 2207 1929 Β
2232 1885 2302 1895 -
2351 1853 2457 1909 Sed
2506 1854 2646 1909 inter
2684 1854 2799 1909 haec
2846 1853 3120 1908 sciendum
3158 1861 3241 1907 est
3289 1851 3413 1921 quia
3451 1855 3696 1923 quamvis
3726 1870 3823 1923 per

540 1945 755 2001 virtutis
792 1948 1099 2013 assumitur,
1146 1947 1313 2002 menti
1363 1948 1441 2002 ira
1480 1948 1815 2015 dominetur,
1850 1964 1949 2005 nec
1975 1951 2128 2018 quasi

540 2032 759 2089 domina
788 2045 989 2106 praeeat
1007 2077 1023 2102 ,
1067 2038 1163 2093 sed
1190 2038 1336 2093 velut
1365 2039 1554 2093 ancilla
1584 2040 1652 2093 ad
1682 2040 1999 2108 obsequium
2035 2057 2131 2111 pa-

542 2138 688 2192 rata,
724 2143 754 2181 a
783 2129 1008 2184 rationis
1037 2138 1191 2200 tergo
1226 2146 1499 2200 nunquam
1531 2134 1769 2186 recedat.
1810 2130 1959 2187 Tunc
1988 2135 2131 2187 cnim

540 2218 814 2273 robustius
851 2228 1039 2274 contra
1078 2222 1207 2275 vitia
1235 2222 1461 2290 erigitur
1481 2263 1497 2289 ,
1544 2238 1665 2277 cum
1695 2222 1905 2276 subdita
1935 2224 2133 2278 rationi

546 2309 858 2364 famulatur.
890 2311 1027 2366 Nam
1046 2312 1535 2380 quantumlibetira
1559 2327 1626 2367 ex
1654 2314 1770 2367 zelo
1799 2314 2133 2370 rectitudinis

543 2384 746 2467 surgat,
781 2400 825 2453 si
853 2400 1203 2456 immoderata
1226 2410 1463 2456 mentem
1492 2402 1701 2468 vicerit,
1735 2403 1930 2456 rationi
1962 2405 2130 2473 proti-

546 2504 649 2544 nus
673 2490 874 2545 servire
899 2492 1221 2558 contemnit;
1252 2501 1307 2546 et
1337 2500 1489 2547 tanto
1520 2507 1579 2547 se
1605 2493 1971 2563 impudentius
2000 2495 2133 2550 dila-

543 2581 642 2643 tat,
674 2584 877 2644 quanto
904 2576 1250 2657 impatientia:
1274 2577 1459 2633 vitium
1494 2579 1746 2635 virtutem
1773 2588 1943 2650 putat.
1983 2576 2133 2637 Unde

543 2684 766 2725 necesse
796 2678 880 2725 est
908 2678 967 2725 ut
994 2670 1097 2725 hoc
1125 2678 1252 2725 ante
1282 2671 1491 2738 omnia,
1523 2672 1615 2742 qui
1653 2672 1769 2726 zelo
1798 2673 2132 2731 rectitudinis

543 2769 819 2826 movetur,
852 2760 1125 2827 attendat,
1180 2776 1249 2816 ne
1292 2761 1370 2815 ira
1418 2772 1571 2817 extra
1618 2764 1810 2818 mentis
1838 2763 2131 2820 dominium

545 2863 817 2920 transeat,
865 2854 960 2909 sed
1000 2854 1054 2908 in
1082 2854 1287 2909 ultione
1315 2856 1519 2925 peccati
1556 2865 1765 2926 tempus
1808 2858 2133 2927 modumque

545 2947 914 3009 considerans,
946 2954 1252 3015 surgentem
1305 2946 1471 3005 animi
1520 2948 1978 3019 perturbationem
2004 2950 2133 3005 sub-

540 3040 689 3094 tilius
721 3050 743 3076 ιι
774 3038 1116 3094 retractando
1152 3039 1476 3108 restringat,
1528 3041 1922 3095 animositatem
1962 3042 2132 3112 repri-

542 3147 669 3199 mat,
702 3145 758 3190 et
789 3144 967 3190 motus
993 3135 1229 3191 fervidos
1258 3136 1357 3191 sub
1381 3137 1635 3206 :equitate
1664 3137 1943 3207 disponat;
1978 3148 2034 3194 ut
2063 3156 2129 3197 eo

2230 1961 2390 2002 omne
2410 1946 2597 1999 vitium
2619 1946 2762 2014 quod
2788 1953 3148 2017 perpetratur,
3180 1945 3416 1999 humano
3442 1946 3591 2000 cordi
3615 1948 3821 2017 antiqui

2230 2039 2400 2093 hostis
2428 2038 2575 2093 virus
2606 2037 2932 2104 infunditur,
2970 2039 3023 2092 in
3054 2039 3155 2094 hac
3195 2046 3375 2093 tamen
3405 2039 3672 2108 nequitia,
3707 2049 3819 2098 tota

2230 2146 2327 2186 sua
2354 2131 2559 2186 viscera
2588 2146 2811 2198 serpens
2839 2130 3099 2197 concutit,
3131 2138 3186 2185 et
3214 2130 3579 2200 imprimendm
3602 2134 3820 2188 malitia:

2232 2232 2437 2292 pestem
2460 2222 2646 2276 vomit.
2673 2220 2748 2275 De
2776 2237 2883 2291 quo
2909 2222 3158 2275 nimirum
3180 2222 3438 2291 scriptum
3465 2232 3550 2279 est
3573 2242 3587 2275 :
3613 2222 3820 2279 Invidia

2232 2313 2426 2368 diaboli
2449 2329 2587 2367 mors
2608 2314 2819 2366 intravit
2844 2314 2899 2366 in
2920 2310 3093 2366 orbem
3124 2324 3377 2366 terrarum
3408 2312 3575 2381 (Sap.
3601 2330 3637 2368 ll
3656 2353 3669 2377 ,
3702 2314 3816 2381 24).

2235 2406 2367 2461 Nam
2410 2422 2531 2461 cum
2578 2405 2852 2460 devictum
2893 2420 2989 2459 cor
3019 2405 3205 2461 livoris
3240 2405 3465 2474 putredo
3495 2408 3820 2477 corruperit,

2234 2500 2346 2568 ipsa
2377 2512 2592 2568 quoque
2619 2498 2888 2551 exteriora
2917 2496 3184 2559 indicant,
3231 2512 3393 2566 quam
3432 2499 3667 2567 graviter
3700 2500 3819 2554 ani-

2234 2605 2379 2643 tnum
2407 2588 2623 2643 voisania
2653 2588 2886 2658 instigat.
2915 2584 3079 2643 Color
3104 2589 3301 2659 quippe
3330 2588 3535 2657 pallore
3567 2590 3818 2656 afficitur,

2234 2682 2375 2736 oculi
2401 2681 2794 2749 deprimuntur,
2825 2693 2976 2735 mens
3004 2678 3335 2743 accenditur,
3365 2690 3420 2734 et
3454 2681 3695 2735 membra
3726 2681 3822 2736 fri-

2234 2781 2478 2842 gescunt,
2508 2771 2565 2824 fit
2585 2771 2638 2824 in
2660 2768 2988 2838 cogitatione
3012 2768 3209 2834 rabies,
3239 2769 3294 2822 in
3320 2769 3571 2825 dentibus
3594 2773 3824 2836 stridor;

2234 2877 2460 2931 cumque
2480 2862 2532 2914 in
2549 2860 2769 2915 latebris
2790 2858 2966 2913 cordis
2987 2872 3239 2913 crescens
3254 2859 3602 2913 absconditur
3622 2860 3823 2931 odium,

2234 2953 2423 3007 dolore
2464 2966 2609 3005 czeco
2641 2963 2661 2987 ο
2696 2951 2936 3005 terebrat
2980 2949 3368 3006 conscientiam
3417 2951 3612 3006 vulnus
3659 2954 3827 3009 inclu-

2234 3058 2374 3097 sum.
2414 3040 2497 3095 Nil
2543 3040 2722 3095 laetum
2750 3040 2818 3093 de
2850 3038 3076 3109 propriis
3106 3038 3269 3104 libet,
3303 3040 3429 3109 quia
3460 3040 3828 3098 tabescentem

2234 3143 2471 3190 mentem
2519 3149 2613 3187 sua
2654 3148 2812 3203 poena
2857 3132 3091 3196 sauciat,
3138 3147 3300 3201 quam
3346 3129 3574 3188 felicitas
3616 3142 3828 3205 torquet

542 3227 634 3280 fiat
675 3228 868 3295 justior
898 3228 1043 3282 ultor
1090 3228 1326 3292 alienus,
1377 3244 1486 3297 quo
1527 3231 1675 3299 prius
1719 3232 1920 3287 exstitit
1960 3233 2130 3289 victor

2237 3226 2441 3289 aliena;
2488 3231 2798 3291 quantoque
2840 3211 3085 3278 extranei
3111 3222 3291 3291 operis
3326 3223 3379 3275 in
3410 3224 3577 3278 altum
3628 3225 3829 3281 fabrica

541 3335 689 3383 suus,
719 3328 984 3389 quatenus
1012 3321 1091 3374 sic
1118 3321 1306 3391 culpas
1329 3321 1754 3391 delinquentium
1784 3326 2038 3394 corrigat,
2071 3338 2131 3382 ut

544 3419 671 3464 ante
697 3411 812 3479 ipse
840 3412 930 3480 qui
956 3413 1197 3482 corrigit,
1228 3430 1323 3483 per
1353 3416 1663 3484 patientiam
1693 3427 1995 3486 crescat,et
2021 3419 2129 3475 fer-

542 3518 729 3559 vorem
771 3521 923 3559 suum
955 3507 1387 3563 transcendendo
1426 3508 1713 3577 dijudicet,
1762 3526 1829 3565 ne
1869 3512 2132 3582 intempe-

544 3603 727 3649 ranter
755 3597 1021 3652 excitatus
1047 3598 1165 3666 ipso
1195 3599 1313 3655 zelo
1338 3601 1697 3667 rectitudinis,
1730 3603 1885 3671 longe
1912 3620 1940 3657 a
1970 3608 2131 3661 recti-

540 3689 729 3744 tudine
751 3690 987 3746 aberret.
1022 3691 1155 3758 Quia
1176 3707 1329 3760 vero,
1355 3693 1495 3748 sicut
1521 3694 1754 3749 diximus
1773 3736 1787 3759 ,
1820 3696 1981 3749 etiam
2015 3698 2130 3750 lau-

544 3780 717 3836 danda
746 3782 873 3838 boni
901 3784 1175 3839 aemulatio
1217 3785 1415 3840 mentis
1462 3786 1677 3841 oculum
1726 3789 1935 3852 turbat,
1985 3798 2134 3844 recte

543 3886 686 3927 nunc
712 3872 908 3929 dicitur
941 3893 951 3927 :
992 3873 1169 3928 Virum
1202 3876 1415 3929 stultum
1442 3876 1687 3946 interﬁcit
1715 3878 2006 3931 iracundia.
2056 3880 2135 3934 Ac

544 3960 589 4016 si
613 3971 799 4032 aperte
826 3964 1101 4019 diceretur
1134 3982 1146 4017 :
1180 3964 1259 4018 Ira
1302 3980 1399 4033 per
1423 3966 1596 4019 zelum
1631 3966 1901 4034 sapientes
1933 3967 2132 4034 turbat,

546 4053 624 4106 ira
653 4068 782 4108 vero
808 4069 904 4123 per
930 4055 1119 4109 vitium
1146 4056 1339 4109 stultos
1362 4055 1615 4117 trucidat.
1648 4056 1771 4124 quia
1801 4056 1888 4109 illa
1918 4055 2016 4110 sub
2040 4070 2134 4109 ra-

546 4146 691 4198 tione
719 4147 1093 4215 restringitur‘,
1134 4146 1247 4202 hazc
1275 4162 1406 4201 vero
1452 4148 1889 4201 irrationabiliter
1914 4148 2135 4203 devictos

550 4234 716 4288 menti
735 4233 1059 4290 dominatur.
1092 4236 1240 4290 Bene
1268 4244 1448 4290 autem
1469 4237 1715 4291 subditur
1741 4255 1753 4291 :

902 4324 1131 4380 CAPUT
1156 4325 1317 4381 XLVI
1356 4327 1505 4399 [Rec.
1536 4326 1773 4399 XXXI].

615 4411 743 4467 lato.
770 4442 838 4452 —
870 4412 938 4467 Et
958 4414 1227 4484 parvulum
1256 4417 1444 4472 occidit
1465 4417 1681 4471 invidia.

613 4502 702 4558 84.
733 4502 949 4559 Invidus
976 4523 1036 4560 eo
1058 4508 1140 4560 cui
1169 4506 1396 4575 invidet,
1438 4526 1493 4563 se
1519 4511 1772 4564 minorem
1796 4517 2034 4565 testatur.
2065 4542 2139 4554 —

2233 3315 2465 3377 ducitur,
2492 3320 2643 3366 tanto
2666 3311 3072 3367 fundamentum
3101 3314 3295 3367 mentis
3318 3313 3491 3368 lividae
3518 3313 3829 3385 profundius

2232 3401 2543 3466 suffoditur;
2576 3408 2634 3455 ut
2662 3416 2769 3470 quo
2798 3401 2887 3455 alii
2918 3401 2985 3455 ad
3017 3402 3237 3456 meliora
3268 3412 3579 3474 properant,
3607 3420 3673 3459 eo
3706 3405 3824 3475 ipse

2236 3492 2263 3529 ά
2292 3494 2530 3546 deterius
2559 3500 2713 3553 ruat;
2757 3508 2861 3562 qua
2892 3494 3045 3547 ruina
3076 3492 3325 3549 videlicet
3368 3497 3526 3549 etiam
3572 3496 3700 3550 illud
3731 3497 3831 3551 de-

2235 3586 2491 3643 struitur.
2544 3586 2686 3654 quod
2722 3585 2775 3639 in
2805 3585 2925 3640 aliis
2953 3586 3163 3641 actibus
3189 3585 3421 3656 perfecto
3452 3602 3613 3655 opere
3638 3603 3829 3644 surre-

2237 3675 2381 3729 xisse
2397 3674 2704 3745 putabatur.
2723 3673 2855 3729 Nam
2873 3675 3069 3730 invidia
3094 3692 3217 3731 cum
3239 3684 3467 3730 mentem
3488 3678 3829 3745 tabefccerit,

2236 3775 2430 3821 cuncta
2453 3780 2572 3834 qua:
2593 3766 2859 3820 invenerit
2878 3766 3018 3820 bene
3038 3775 3187 3833 gesta
3212 3766 3494 3821 consumit.
3522 3766 3673 3821 Unde
3687 3769 3830 3824 bene

2237 3873 2334 3926 per
2360 3855 2701 3911 Salomonem
2726 3856 2923 3911 dicitur
2951 3874 2964 3908 :
3007 3856 3129 3911 Vita
3164 3858 3397 3910 carnium
3417 3897 3431 3919 ,
3481 3860 3680 3911 sanitas
3709 3876 3826 3911 cor-

2238 3950 2348 4015 dis;
2387 3950 2603 4020 putredo
2651 3950 2844 4003 ossium
2893 3950 3089 4003 invidia
3133 3948 3329 4020 (Prov.
3374 3966 3493 4011 xiv,
3548 3951 3657 4010 50).
3690 3950 3828 4017 Quid

2236 4045 2379 4098 enim
2406 4058 2507 4113 per
2530 4058 2744 4110 carnes,
2788 4044 2887 4097 nisi
2920 4043 3131 4097 infirma
3160 4044 3405 4112 qumdam
3440 4060 3503 4099 ac
3532 4055 3740 4110 teni-ra;
3772 4056 3831 4101 et

2234 4135 2361 4205 quid
2386 4150 2481 4205 per
2508 4150 2658 4199 ossa,
2690 4134 2789 4188 nisi
2814 4133 2970 4189 fortia
2994 4144 3111 4189 acta
3140 4136 3453 4203 signantur?
3490 4135 3556 4190 Et
3580 4137 3816 4206 plerum-

2236 4242 2342 4295 que
2378 4226 2641 4295 contingit
2667 4234 2725 4280 ut
2748 4225 2964 4297 quidam
2993 4243 3113 4282 cum
3143 4242 3269 4282 vera
3300 4226 3481 4283 cordis
3523 4229 3829 4285 innocentia

2236 4318 2291 4372 in
2322 4316 2591 4372 nonnullis
2628 4317 2739 4372 suis
2784 4318 2994 4373 actibus
3024 4316 3221 4387 infirmi
3258 4319 3571 4386 videantur;
3609 4322 3830 4389 quidam

2240 4423 2367 4463 vero
2412 4408 2522 4476 jam
2567 4408 2814 4477 quaedam
2866 4416 2992 4463 ante
3047 4409 3313 4465 humanos
3368 4412 3555 4467 oculos
3606 4413 3827 4468 robusta

2238 4509 2549 4569 exerceant,
2578 4501 2674 4555 sed
2696 4508 2876 4556 tamen
2901 4515 3027 4571 erga
3048 4502 3276 4557 aliorum
3305 4504 3465 4568 bona,
3504 4508 3661 4576 380
3688 4507 3833 4563 intus

542 4595 785 4652 Invidere
813 4597 956 4651 enim
984 4613 1089 4652 non
1121 4613 1438 4667 possumus,
1485 4600 1588 4654 nisi
1630 4600 1708 4655 eis
1731 4614 1868 4670 quos
1894 4602 2049 4657 nobis
2080 4603 2131 4658 in
2160 4610 2214 4671 υ
2240 4592 2451 4647 invidiae
2499 4593 2805 4662 pestilentia
2859 4593 3161 4649 tabescant.
3208 4595 3355 4651 Bene
3411 4611 3539 4667 ergo
3590 4599 3827 4653 dicitur:

542 4688 725 4758 aliquo
748 4688 999 4743 meliores
1025 4697 1293 4759 putamus.
1345 4689 1606 4745 Parvulos
1640 4705 1771 4759 ergo
1799 4700 1881 4747 est
1920 4693 2010 4761 qui
2068 4693 2134 4747 li-

541 4788 673 4827 vore
702 4774 999 4841 occiditur,
1029 4775 1155 4843 quia
1200 4775 1315 4845 ipse
1344 4776 1445 4830 sibi
1474 4776 1841 4831 testimonium
1865 4778 2132 4846 perhibet,

540 4863 684 4933 quod
724 4865 775 4918 ei
830 4866 1007 4920 minor
1035 4868 1105 4921 sit
1132 4866 1285 4934 cujus
1314 4868 1512 4922 invidia
1556 4876 1853 4938 torquetur.
1890 4868 2025 4925 Hinc
2053 4881 2136 4927 est

540 4956 687 5024 quod
724 4955 895 5011 hostis
922 4958 1149 5013 callidus
1187 4959 1365 5028 primo
1393 4960 1599 5015 homini
1638 4961 1926 5017 invidendo
1955 4963 2133 5018 subri-

540 5046 676 5113 puit,
708 5045 833 5115 quia
864 5046 1060 5100 amissa
1087 5046 1437 5113 beatitudine,
1467 5049 1733 5104 minorem
1760 5064 1819 5106 se
1847 5050 2127 5106 immorta-

538 5136 678 5192 litati
709 5136 851 5190 illius
870 5136 1107 5203 agnovit.
1140 5136 1277 5192 Hinc
1297 5146 1380 5191 est
1400 5138 1545 5206 quod
1566 5137 1698 5193 Cain
1724 5140 1789 5193 ad
1816 5149 2131 5210 perpetran-

538 5228 665 5280 dqu
692 5225 1044 5299 fratricidium
1083 5228 1287 5281 corruit
1325 5225 1545 5290 (Cenes.
1572 5245 1655 5299 tv,
1685 5230 1849 5300 5-7);
1880 5234 2006 5301 quia
2029 5235 2127 5290 de-

538 5326 728 5385 Specto
755 5332 854 5371 suo
882 5315 1176 5380 sacrificio,
1204 5318 1482 5387 praelatum
1511 5320 1611 5375 sibi
1642 5321 1943 5387 infremuit,
1976 5324 2129 5395 cujus

538 5409 679 5465 Deus
702 5410 930 5465 hostiam
960 5412 1200 5478 accepit:
1234 5416 1290 5464 et
1318 5424 1481 5478 quem
1510 5411 1788 5466 meliorem
1812 5428 1871 5468 se
1896 5430 2014 5469 esse
2041 5431 2131 5469 ex-

536 5501 765 5568 horruit,
798 5516 867 5556 ne
897 5510 1169 5571 utcunque
1197 5508 1361 5565 esset,
1390 5502 1707 5572 amputavit.
1740 5502 1874 5559 Hinc
1901 5504 2042 5562 Esau
2062 5508 2132 5563 ad

611 5643 635 5670 ⁸
669 5632 793 5708 Mss.
838 5632 1046 5708 N_orm.,
1075 5632 1255 5708 (2011).ἓ
1286 5632 1470 5708 Germ.
1508 5642 1563 5688 ct
1584 5634 1706 5708 alii,
1746 5634 1984 5708 subtilius
2012 5655 2131 5708 per-

539 5703 846 5774 tractando;
876 5703 1033 5758 lectio
1058 5718 1176 5771 quae
1205 5706 1432 5768 obtinet,
1464 5712 1548 5759 est
1576 5706 1957 5774 antiquiorum.

608 5772 637 5811 δ
667 5770 906 5848 I}e‘h_a_c.,
936 5774 1057 5848 q_t_t_ia
1074 5770 1420 5848 magis
1448 5770 1826 5848 quotidiefetc.

616 5850 639 5879 α
677 5840 753 5894 Ita
794 5840 917 5895 Mss.
948 5840 1204 5910 'Vindoc.,
1239 5840 1523 5911 Nor'mari.,
1555 5846 1671 5902 Val.
1704 5846 1814 5915 CL,
1855 5845 2039 5902 Germ.
2071 5856 2127 5903 et

2254 4682 2368 4737 Vita
2386 4684 2640 4749 carnium,
2672 4684 2870 4738 sanitas
2890 4685 3080 4751 cordis,
3118 4687 3244 4755 quia
3273 4687 3316 4740 si
3350 4691 3542 4741 mentis
3574 4691 3834 4744 innocm-

2243 4774 2315 4827 tia
2344 4773 2666 4839 custoditur,
2696 4775 2856 4829 etiam
2887 4775 2931 4828 si
2960 4789 3065 4844 qua
3089 4776 3218 4831 foris
3247 4777 3454 4832 infirma
3479 4790 3621 4845 sunt,
3654 4796 3834 4849 quan-

2236 4864 2413 4933 doque
2440 4866 2786 4920 roborantur.
2819 4864 2884 4918 Et
2906 4876 3053 4921 recte
3076 4869 3319 4923 subditur
3344 4888 3357 4921 :
3396 4869 3620 4925 Putredo
3636 4876 3834 4926 ossium

2233 4956 2456 5021 invidia,
2506 4956 2631 5025 quia
2679 4971 2778 5026 per
2816 4955 3002 5011 livoris
3046 4958 3269 5023 vitium,
3326 4969 3455 5014 ante
3501 4961 3594 5016 Dei
3642 4963 3834 5017 oculos

2236 5056 2467 5116 pereunt
2495 5048 2659 5103 etiam
2700 5047 2860 5103 fortia
2885 5057 3007 5105 acta
3031 5050 3311 5105 virtutum.
3345 5050 3473 5109 Ossa
3503 5056 3702 5125 quippe
3735 5073 3833 5125 per

2238 5141 2494 5196 invidiam
2525 5149 2836 5211 putrescere
2854 5180 2871 5208 ,
2908 5150 2990 5196 est
3015 5144 3258 5211 quasdam
3288 5147 3451 5200 etiam
3488 5147 3707 5202 robusta
3736 5150 3830 5205 de-

2238 5236 2438 5306 perire.

2310 5325 2398 5380 86.
2432 5323 2653 5380 Invidia:
2703 5328 2996 5382 imminutio
3026 5338 3076 5382 et
3105 5347 3263 5397 mors,
3292 5331 3564 5395 inc/matus
3594 5342 3682 5386 aut
3712 5352 3833 5403 per-

2239 5418 2403 5486 fectus
2430 5433 2579 5471 amor
2614 5421 2939 5475 aternitatis.
2980 5453 3053 5469 -ς-
3088 5421 3194 5476 Sed
3241 5438 3337 5477 cur
3373 5424 3487 5477 haec
3521 5424 3587 5478 de
3629 5426 3829 5480 invidia

2236 5508 2496 5575 dicimus,
2546 5510 2592 5565 si
2621 5526 2729 5566 non
2771 5512 2936 5568 etiam
2978 5512 3213 5582 qualiter
3238 5524 3460 5569 eruatur
3486 5516 3831 5572 illlilllellllla?

2234 5644 2497 5717 plerique.
2527 5647 2584 5702 In
2609 5647 2779 5704 Editis
2806 5650 2933 5704 Coc.
2958 5657 3015 5704 et
3041 5664 3180 5717 seq.,
3205 5648 3383 5704 dolore
3412 5667 3545 5706 rwca
3571 5654 3825 5709 tenebrat.

2305 5713 2329 5790 ξ’
2363 5713 2452 5771 Sic
2482 5717 2765 5790 [egelidum
2794 5721 2991 5773 docent
3020 5713 3180 5790 otia-ui
3216 5722 3383 5774 nostri
3416 5722 3561 5781 Mss..
3596 5741 3735 5790 non,
3766 5736 3829 5780 ut

2230 5784 2463 5862 habetur
2491 5784 2774 5862 in'Editis,
2806 5806 2865 5843 eo
2896 5792 3007 5858 ipso
3035 5789 3255 5845 deterius
3295 5802 3481 5862 ruant,
3514 5795 3627 5861 vel,
3674 5784 3733 5851 ut
3766 5797 3826 5853 in

2231 5856 2644 5925 antiquioribus,
2671 5877 2730 5914 eo
2755 5863 2870 5930 ipsa
2900 5856 3000 5915 res.
