4180 6518
329 382 431 438 729
1194 385 1566 445 MOMLIUII
1606 381 1814 441 LIBER
1862 378 1949 439 Vl.
1984 404 2062 422 -
2100 377 2167 435 ΙΝ
2204 372 2437 432 CAPUT
2479 372 2521 427 V
2560 372 2623 427 Β.
2658 369 2797 426 JOB.
3573 352 3679 407 750

324 488 550 548 Dilﬁcile
577 505 811 564 namque
836 500 923 551 est
948 500 1009 549 ut
1035 492 1143 551 hoc
1162 495 1323 551 alteri
1351 510 1465 552 non
1491 494 1758 565 invideat,
1783 494 1932 566 quod
1958 497 2018 559 Α
2044 504 2198 547 mero
2221 485 2476 558 partitur,
2509 491 2665 537 tanto
2694 479 2867 551 masis
2892 477 3205 572 proximum
3232 471 3436 572 ἀξιίείίί
3454 473 3673 572 ,ίὲηἶυίο

324 581 548 652 adipisci
572 557 994 656 alter-exoptat;
1024 585 1153 655 quia
1178 586 1441 659 quidquid
1469 557 1776 658 temporale
1798 557 1937 658 per-
1960 557 1974 559 7
2005 557 2015 558 ί
2045 584 2231 651 minus
2252 592 2323 634 ex
2347 582 2613 667 provectu
2632 573 2780 629 illius
2798 586 2897 667 sua
2912 569 3126 667 damna
3149 557 3677 667 pertimescit.‘Quac

324 648 546 745 cipitur,
578 682 731 731 tanto
775 648 1565 751 lit-minus-singulis,-quanto
1584 648 1849 737 dividittir
1875 681 1910 737 i1

2045 674 2091 733 si
2126 648 2374 745 perfecte
2402 666 2457 721 in
2489 679 2680 719 amore
2714 661 2956 719 cmlestis
2983 659 3176 732 patria:
3214 655 3461 758 rapitur,
3507 648 3671 758 plene

322 738 541 838 multis;-
567 778 623 826 et
650 770 853 828 idcirco
881 738 1247 832 desideranvtis
1292 738 1533 831 mentem
1562 775 1705 832 livor
1729 791 1933 843 excru-
2042 738 2211 826 etiam
2242 764 2298 819 in
2320 757 2557 832 Ρΐοιίωί
2577 755 2875 851 ΨῙθοίίοηθ
2902 753 3028 851 εξηῆ
3050 751 3204 851 Ῡωηί
3230 746 3435 851 in???“
3460 738 3669 851 8,019:

323 864 457 927 ciat,
488 829 612 935 quia
642 864 747 920 hoc
773 863 921 935 quod
942 866 1181 939 appetit,
2042 870 2164 927 tur;
2196 829 2647 947 qun-“99"!”
2672 842 3222 947 ‘?"‘%{‘a_,d°5“‘_e"‘_fi

322 925 475 1026 piens
505 925 733 1020 adimit,
788 925 882 1011 aut
928 925 1314 1027 {quaniitate
1332 958 1632 1029 restringit.
1662 958 1767 1026 Qui
1791 971 1925 1027 ergo
2034 925 2157 1023 ejus
2174 925 2305 1018 erga
2332 942 2644 1017 proximum
2667 935 2920 993 charitati
2947 931 3309 1031 contradicat.
3342 925 3475 1031 Qui?
3505 925 3667 1031 "imi:

321 1013 506 1105 iivoris
534 1058 683 1119 peste
708 1013 867 1118 plene
909 1013 1099 1105 carere
1134 1013 1925 1117 desiderat,ill;mh;2redit;-
2031 1013 2153 1105 rum
2183 1013 2423 1101 charitas
2452 1035 2583 1128 quid
2607 1040 2695 1128 est
2720 1030 2867 1087 aliud
2892 1043 3055 1128 quam
3077 1026 3270 1128 oculus
3298 1013 3663 1128 mentis

320 1149 429 1195 tem
456 1107 656 1208 diligat,
687 1107 852 1209 quam
901 1139 1252 1197 cohaeredum
1279 1107 1540 1198 numerus
1582 1155 1923 1212 nonangus-
2029 1140 2076 1196 si
2108 1133 2311 1194 terreni
2343 1107 2550 1187 amoris
2585 1123 2813 1217 pulvere
2857 1117 3125 1217 tangitur,
3156 1116 3227 1217 ab
3252 1107 3656 1217 mternatlicjs

320 1237 456 1296 stat;
487 1204 605 1301 quin
634 1204 692 1285 et
703 1204 971 1287 omnibus
998 1247 1107 1287 una
1132 1240 1238 1301 est,
1266 1240 1325 1288 et
1345 1232 1572 1303 singulis
1597 1240 1742 1299 tota;
1796 1204 1921 1303 qua:
2024 1242 2155 1284 mox
2186 1223 2387 1281 intuitu
2419 1220 2579 1276 laesus
2606 1209 3036 1307 reverberatur?
3064 1204 3204 1273 Quia
3220 1210 3416 1307 autem
3455 1212 3656 1307 parvu-

322 1329 472 1375 tanto
502 1321 703 1391 largior
742 1322 1081 1389 ostenditur,
1112 1334 1317 1394 quanto
1353 1324 1419 1379 ad
1444 1302 1591 1379 hanc
1617 1302 1922 1395 percipien-
2022 1320 2108 1376 lus
2133 1326 2218 1374 est
2246 1315 2339 1387 qui
2371 1321 2590 1368 terrena
2619 1305 2829 1375 diligit,
2881 1312 3111 1395 magnus
3140 1302 3234 1366 (ιιιί
3262 1302 3491 1395 femi”.

320 1416 452 1469 tium
476 1378 766 1471 muliitudo
805 1378 1084 1473 dilatatur:
1117 1378 1430 1474 imminutio
1459 1431 1589 1487 ergo
1617 1378 1810 1473 livoris
1836 1424 1921 1472 est
2021 1410 2278 1483 cupiscil.
2329 1411 2514 1477 Ροιθει
2553 1400 2722 1456 δείδω
2750 1396 2969 1490 Sicf?“
3000 1384 3453 1490 inw'ivenif’
3478 1378 3643 1490 ilic:

319 1504 543 1562 allectus
569 1521 796 1577 surgens
811 1508 1041 1565 internae
1066 1509 1367 1567 dulcedinis
1394 1518 1451 1567 et
1475 1475 1635 1582 plena
1658 1526 1804 1567 mors
1834 1519 1919 1566 est
2021 1475 2113 1575 ligi
2147 1521 2161 1557 :
2194 1475 2480 1555 Parvulum
2510 1493 2705 1551 occidit
2733 1485 2969 1582 invidia,
2996 1475 3653 1582 quo-niam

318 1598 453 1668 ejus,
485 1562 754 1669 perfecius
780 1562 946 1685 amor
971 1562 1315 1659 aeternitatis.
1349 1562 1636 1660 Namrcnm
1666 1617 1820 1658 mens
1846 1602 1916 1657 ab
2018 1562 2281 1668 languore
2308 1609 2420 1650 non
2457 1589 2715 1652 moritur,
2762 1580 2868 1638 nisi
2914 1577 3011 1650 qui
3053 1573 3233 1630 adhuc
3272 1569 3330 1625 in
3359 1562 3648 1622 ἀθείάετυε

316 1689 433 1759 ejus
469 1692 548 1746 rei
592 1692 834 1763 appetitu
864 1693 1193 1763 retrahitur,
1232 1710 1354 1766 qua:
1393 1696 1775 1767 accipientium
1812 1710 1917 1750 nu-
2019 1690 2342 1747 inﬁrmatur.

334 1787 3630 1867 μή

1426 1945 1806 2121 apere
1847 1941 2521 2091 gratuita,
2728 1960 2729 1963 ᾧ

1380 2198 1666 2262 LIBROS
1708 2196 2062 2275 QUINQUE
2106 2195 2574 2261 CONTlNENS.

1506 2472 1854 2557 LIBER
1930 2471 2423 2558 SEXTUS.

394 2637 614 2699 Totum
650 2643 842 2718 caput
865 2635 1187 2718 quintum,
1218 2654 1258 2697 a
1290 2652 1473 2697 uersu
1502 2636 1692 2696 tertio
1732 2652 1936 2710 orsus,
1965 2631 2249 2724 spiritali
2277 2632 2621 2705 intellectu,
2648 2649 2855 2712 pauca
2882 2631 3131 2713 quidem
3158 2625 3537 2709 allegorica,

1405 2735 1701 2816 pleraque
1731 2741 1934 2795 autem
1970 2732 2202 2795 morali
2235 2732 2517 2811 exponit.

812 2947 1057 3019 ‘,CAPUT
1094 2947 1386 3005 PRIMUM.
1928 2951 1978 3011 Β
2005 2945 2305 3005 Ecclesiam
2334 2948 2651 3005 incorrectis
2678 2950 2919 3006 moribus
2945 2950 3130 3021 positi,
3178 2963 3288 3020 quo
3319 2961 3418 3019 per
3447 2941 3613 2999 ﬁdem

388 3047 540 3117 181
597 3042 697 3098 Job
723 3040 989 3119 Christum
1017 3052 1065 3096 et
1094 3040 1402 3107 Ecclesium,
1443 3044 1557 3115 ejus
1585 3044 1768 3099 amicis
1796 3044 1904 3099 [ιω-

312 3138 495 3192 retieos
522 3136 852 3207 prcesignari.
875 3129 951 3177 -ἑ
969 3135 1196 3189 Servata
1223 3134 1462 3190 historiae
1488 3136 1716 3191 veritate
1759 3138 1905 3192 beati

312 3229 412 3287 Job
440 3231 583 3285 dicta
609 3269 622 3292 ,
658 3230 1060 3298 amicorumque
1097 3228 1239 3283 illius
1280 3228 1506 3300 mystica
1536 3231 1789 3300 proposui
1820 3230 1902 3284 in-

314 3323 701 3392 terpretatione
730 3322 1032 3387 discutere;
1063 3322 1189 3390 quia
1219 3322 1427 3378 cunctis
1453 3337 1581 3377 vera
1610 3324 1907 3380 scientibus

314 3412 478 3481 liquet
518 3414 659 3481 quod
688 3410 1085 3483 redemptorem
1117 3412 1302 3467 mundi
1332 3415 1459 3468 totis
1487 3413 1597 3469 suis
1624 3414 1905 3483 allegatio-

314 3504 472 3558 nibus
498 3512 651 3559 curat
678 3515 865 3560 sanCIa
891 3505 1156 3573 scriptura
1181 3506 1517 3579 promittere,
1543 3521 1776 3576 eumque
1812 3523 1909 3577 per

315 3594 517 3651 elec’tos
535 3610 747 3664 omnes,
774 3605 795 3630 η
821 3602 882 3649 ιιι
914 3610 1013 3665 per
1035 3595 1149 3664 ejus
1180 3595 1386 3651 scilicet
1412 3596 1677 3664 membra,
1702 3596 1911 3653 studuit

315 3687 543 3755 signare.
595 3686 749 3741 Unde
801 3695 857 3741 et
902 3685 1049 3740 idem
1097 3686 1287 3740 beatus
1334 3684 1436 3741 Job
1476 3687 1643 3741 latino
1690 3688 1908 3757 eloquio

314 3778 503 3835 dolens
549 3779 783 3842 dicitur,
834 3784 896 3832 ut
937 3793 1036 3847 per
1079 3776 1194 3845 ejus
1241 3786 1296 3831 et
1343 3792 1537 3831 nomen
1566 3785 1622 3832 et
1660 3779 1907 3846 vulnera,

316 3870 695 3941 Redemptoris
740 3869 912 3923 nostri
965 3868 1145 3938 passio
1174 3866 1504 3936 designetur,
1552 3869 1620 3922 de
1647 3884 1755 3937 quo
1785 3885 1910 3938 pro-

315 3964 474 4033 pheta
506 3961 616 4015 ait:
652 3959 784 4013 Vere
804 3958 1079 4029 languores
1109 3967 1313 4011 nostros
1341 3958 1451 4028 ipse
1480 3957 1617 4021 tulit,
1640 3966 1689 4010 et
1708 3958 1911 4013 dolores

317 4063 519 4109 nostros
560 4054 669 4123 ipse
708 4052 933 4120 portavit
973 4047 1137 4121 (Isai.
1199 4064 1289 4102 Llll
1321 4090 1336 4115 ,
1374 4046 1460 4117 4).
1504 4046 1603 4101 Cui
1646 4056 1910 4115 tentator,

318 4146 509 4201 ablatis
540 4144 809 4209 omnibus,
842 4151 897 4198 et
926 4156 1112 4196 servos
1140 4151 1193 4195 et
1223 4139 1361 4195 ﬁlios
1388 4140 1615 4207 occidit;
1648 4141 1773 4211 quia
1803 4158 1912 4196 non

317 4237 492 4295 solum
521 4236 804 4293 Judaicum
832 4234 1088 4306 populum
1122 4249 1191 4289 ex
1217 4234 1411 4289 timore
1438 4234 1783 4300 servientem,
1815 4234 1911 4290 sed

2007 3041 2164 3096 bonis
2186 3039 2341 3110 juxta
2369 3050 2513 3110 sunt,
2541 3057 2608 3098 eo
2636 3057 2734 3112 per
2760 3043 2924 3098 vitam
2949 3043 3133 3099 durius
3160 3047 3440 3114 premunt.
3470 3036 3611 3106 Quia

2008 3134 2150 3190 enim
2180 3135 2329 3206 quasi
2358 3134 2542 3191 ﬁdeles
2568 3136 2723 3191 vitari
2757 3146 3052 3209 nequeunt,
3102 3153 3134 3193 a
3175 3135 3422 3213 ﬁdelibus
3453 3139 3609 3188 tanto

2006 3226 2259 3287 deterius,
2314 3236 2514 3297 quanto
2545 3237 2599 3282 et
2626 3228 2849 3287 interius
2877 3231 3191 3286 tolerantur.
3245 3228 3423 3285 Amici
3468 3240 3601 3282 vero

2008 3317 2173 3381 illius,
2198 3320 2289 3390 qui
2312 3319 2461 3389 quasi
2483 3319 2550 3373 ad
2572 3321 2959 3376 consolandum
2976 3323 3219 3386 veniunt,
3239 3321 3333 3377 sed
3352 3321 3419 3376 ad
3440 3318 3611 3375 verba

2007 3423 2217 3479 aspera:
2263 3409 2582 3467 invectionis
2614 3412 2903 3476 excedunt,
2947 3413 3325 3469 haereticorum
3370 3411 3609 3484 speciem

2009 3508 2219 3565 tenent,
2241 3501 2332 3571 qui
2358 3517 2484 3557 cum
2510 3510 2700 3558 contra
2729 3504 2902 3560 bonos
2924 3504 3092 3562 Deum
3112 3505 3401 3564 defendere
3429 3505 3613 3562 nitun-

2012 3601 2117 3658 tur,
2150 3591 2450 3648 offendunt.

2079 3685 2133 3739 2.
2177 3685 2453 3753 Spiritales
2484 3704 2661 3741 sensus
2692 3705 2819 3758 quos
2863 3690 2970 3743 edit
3018 3688 3329 3762 Gregorius,
3357 3689 3615 3760 prodeunt

2009 3792 2075 3830 ea:
2118 3776 2348 3830 historice
2394 3778 2592 3831 radice.
2636 3778 2932 3834 Amicorum
2967 3779 3067 3834 Job
3107 3782 3245 3834 dicta
3288 3795 3612 3852 nequaquam

2013 3882 2106 3935 per
2150 3867 2325 3918 omnia
2355 3866 2699 3934 reprobando.
2717 3898 2789 3908 ——
2811 3866 2934 3923 Habe
2960 3868 3142 3937 itaque
3169 3871 3415 3939 superius
3445 3869 3609 3924 latius

2012 3953 2175 4012 dicta,
2211 3970 2351 4009 nunc
2380 3954 2617 4010 breviter
2664 3957 2845 4010 studui
2876 3972 2942 4011 ex
2972 3959 3195 4028 mystica
3238 3958 3613 4029 designatione

2013 4045 2346 4113 succingere,
2397 4040 2471 4099 ut'
2504 4045 2678 4101 lector
2704 4062 2857 4103 meus
2887 4063 2955 4104 ex
2984 4049 3101 4118 ipsa
3129 4049 3231 4105 hac
3258 4052 3613 4121 replicatione

2013 4136 2322 4190 meminerit
2370 4152 2457 4191 me
2487 4137 2540 4191 in
2571 4138 2676 4192 hoc
2705 4153 2870 4207 opere
2900 4139 3127 4207 spiritali
3176 4142 3471 4198 intellectui
3512 4142 3611 4198 de-

2019 4229 2241 4283 servire.
2273 4226 2335 4282 Et
2366 4237 2546 4284 tamen
2573 4246 2695 4285 cum
2725 4231 2973 4287 utilitatis
2997 4249 3125 4290 usus
3156 4236 3411 4304 postulat,
3443 4236 3612 4293 subti-

319 4332 467 4403 ipsos
497 4346 713 4402 quoque
760 4328 1037 4400 apostolos
1087 4328 1141 4382 in
1189 4341 1288 4382 suo
1332 4341 1515 4381 amore
1546 4335 1910 4395 regeneratos,
1938 4325 1985 4388 C
2020 4320 2142 4376 liter
2187 4337 2403 4392 quoque
2437 4324 2592 4394 182
2621 4323 2813 4380 studeo
2843 4325 3082 4382 historia:
3128 4328 3286 4383 verba
3316 4328 3611 4386 discutere.

318 4425 587 4496 passionis
613 4424 730 4493 ejus
760 4433 1006 4492 tempore
1056 4420 1165 4476 telo
1207 4418 1443 4490 perfidia:
1486 4420 1735 4489 perculit.
1778 4418 1909 4474 Vul-

318 4535 451 4575 nere
494 4518 640 4573 beati
671 4516 772 4572 Job
820 4531 1018 4585 corpus
1064 4514 1348 4578 atteritur,
1399 4514 1525 4581 quia
1578 4512 1912 4583 Redemptor

319 4618 507 4665 noster
552 4607 748 4676 conligi
779 4607 945 4661 clavis
973 4608 1025 4660 in
1055 4607 1231 4661 crucis
1261 4605 1500 4674 patibulo
1520 4620 1627 4658 non
1656 4603 1911 4672 dedigna-

322 4710 431 4757 tur.
462 4701 508 4753 A
533 4701 716 4770 planta
744 4709 922 4753 autem
945 4699 1095 4768 pedis
1120 4713 1288 4766 usque
1315 4696 1382 4752 ad
1410 4697 1666 4751 verticem
1687 4697 1907 4752 vulnera

321 4792 579 4861 suscepit,
619 4790 743 4860 quia
773 4798 1017 4844 sanctam
1047 4788 1370 4857 Ecclesium,
1418 4804 1534 4857 qua:
1562 4804 1756 4856 corpus
1799 4790 1915 4858 ejus

322 4889 429 4944 est,
463 4896 569 4935 non
602 4880 777 4933 solum
806 4894 905 4949 per
933 4885 1177 4933 extrema
1205 4888 1261 4933 et
1286 4878 1494 4946 ultima,
1525 4879 1619 4933 sed
1650 4894 1818 4949 usque
1848 4880 1916 4934 ad

322 4986 531 5028 summa
562 4971 801 5025 membra
849 4970 1228 5038 persecutione
1257 4972 1481 5024 saeviens
1511 4978 1747 5026 tentator
1776 4970 1915 5026 allii-

322 5063 417 5132 git.
456 5060 605 5116 Unde
626 5062 787 5115 etiam
814 5058 1012 5114 Paulus
1040 5058 1176 5113 dixit
1202 5077 1215 5111 :
1238 5057 1479 5127 Compleo
1508 5076 1568 5113 ea
1596 5077 1709 5131 quae
1735 5061 1918 5115 desunt

322 5154 621 5225 passionum
667 5150 859 5205 Christi
887 5150 940 5204 in
971 5165 1128 5203 carne
1173 5165 1289 5203 mea
1318 5148 1540 5219 (Coloss.
1575 5165 1613 5214 ι,
1656 5149 1782 5220 24).
1816 5151 1917 5206 Cui

322 5241 548 5295 suadere
578 5256 717 5296 uxor
745 5239 811 5294 ad
859 5238 1282 5293 maledicendum
1314 5238 1519 5301 nititur,
1567 5239 1687 5307 quia
1719 5256 1914 5294 carna-

324 5328 402 5381 les
446 5329 647 5398 quique
673 5328 810 5382 intra
840 5336 1081 5383 sanctam
1110 5325 1404 5381 Ecclesiam
1432 5327 1709 5396 adjutores
1735 5330 1916 5385 callidi

305 5416 607 5475 ‘tentatoris
635 5420 889 5475 existunt.
923 5418 1054 5488 Quae
1083 5420 1227 5474 enim
1251 5434 1374 5473 eum
1397 5418 1463 5472 ad
1486 5419 1913 5475 maledicendum

324 5518 606 5580 provocat,
654 5511 817 5565 vitam
866 5512 1163 5567 carnalium
1193 5510 1470 5579 designat;
1502 5511 1646 5580 quia,
1698 5519 1758 5564 ut.
1801 5510 1913 5579 jam

321 5615 483 5672 supra
512 5599 743 5655 diximus
765 5603 833 5673 (l.
866 5619 942 5669 tu,
970 5620 1016 5659 c.
1041 5602 1110 5657 20
1137 5621 1189 5658 η.
1224 5602 1309 5671 56,
1344 5602 1468 5675 57),
1500 5603 1637 5658 intra
1666 5610 1908 5658 sanctam

390 5765 418 5796 ι
455 5755 710 5822 Vindoc.,
748 5772 811 5809 ac
849 5773 939 5826 per
973 5773 1061 5813 eos
1098 5760 1291 5813 scilicet
1327 5760 1524 5823 studuit
1562 5756 1791 5812 membra
1834 5760 1910 5812 si-

321 5844 503 5905 gnare,
549 5828 695 5905 quod
747 5828 893 5905 prius
929 5828 1205 5905 legebatur
1248 5831 1298 5888 in
1353 5836 1515 5905 Corb.
1564 5829 1783 5905 Germ.,_
1817 5828 1912 5883 sed

321 5897 518 5957 inerito
542 5898 644 5955 fuit
670 5900 1034 5957 emendatum.
1063 5897 1319 5970 Nonnan,
1362 5897 1441 5980 gi'c
1471 5910 1742 5973 integrum
1772 5898 1911 5954 hunc

2016 4410 2151 4466 Cum
2181 4428 2313 4467 vero
2342 4428 2564 4469 necesse
2592 4424 2690 4480 est,
2722 4415 2882 4471 simul
2930 4425 3219 4490 utrumque
3258 4420 3613 4489 complector,

2016 4512 2075 4557 ut
2101 4504 2372 4573 Spiritales
2400 4503 2609 4561 fructus
2637 4505 2894 4575 allegaria
2924 4510 3190 4577 germinet
3211 4548 3227 4575 ,
3265 4525 3403 4579 quos
3433 4518 3614 4567 tamen

2017 4610 2083 4650 ex
2133 4597 2313 4651 radice
2366 4597 2605 4651 historia:
2654 4598 2851 4653 veritas
2900 4600 3167 4668 producit.
3219 4599 3438 4655 Amicos
3484 4615 3614 4657 vero

2016 4686 2163 4741 beati
2186 4684 2308 4755 Job,
2333 4672 2469 4758 quos
2494 4687 2869 4744 haereticorum
2892 4698 3077 4744 tenere
3096 4690 3329 4761 speciem
3355 4690 3611 4762 diximus,

2021 4778 2073 4831 in
2122 4776 2279 4833 dictis
2325 4778 2434 4831 suis
2486 4792 2825 4846 nequaquam
2870 4794 2969 4847 per
3013 4779 3191 4832 omnia
3235 4780 3609 4852 reprobamus,

2020 4869 2146 4939 quia
2180 4869 2300 4923 dum
2334 4884 2431 4939 per
2459 4884 2748 4937 supernam
2779 4870 3101 4924 sententiam
3142 4879 3330 4927 contra
3359 4888 3453 4929 eos
3481 4875 3615 4931 dici-

2022 4970 2111 5014 tur
2135 4978 2149 5016 :
2199 4959 2322 5015 Non
2352 4962 2475 5015 estis
2504 4961 2663 5013 locuti
2690 4976 2867 5015 coram
2894 4978 2977 5017 me
3003 4973 3197 5017 rectum
3221 5007 3237 5034 ,
3285 4974 3339 5021 et
3368 4967 3615 5038 protinus

2022 5051 2283 5119 subditur,
2313 5054 2444 5107 sicut
2470 5067 2645 5106 servus
2679 5068 2817 5107 meus
2844 5051 2943 5108 Job
2976 5052 3104 5122 (Job
3133 5072 3261 5121 xui,
3313 5057 3401 5128 7),
3435 5060 3613 5129 profe-

2023 5153 2110 5199 cto
2158 5144 2325 5216 liquet
2371 5145 2497 5214 quia
2527 5161 2634 5199 non
2664 5146 2885 5202 omnino
2913 5145 3205 5216 despicitur
3230 5151 3375 5219 quod
3404 5168 3474 5207 ex
3498 5168 3612 5208 me-

2024 5235 2171 5292 lioris
2217 5237 2623 5306 comparatione
2670 5237 3009 5307 reprobatur.
3050 5237 3107 5293 ln
3134 5242 3611 5310 reprehensionem

2023 5329 2218 5399 quippe
2246 5328 2361 5397 ejus
2388 5314 2600 5384 incaute
2626 5330 2968 5398 dilabuntur;
3000 5331 3095 5387 sed
3119 5340 3297 5388 tamen
3325 5334 3452 5403 quia
3476 5335 3610 5392 tanti

2019 5420 2117 5473 viri
2149 5421 2306 5475 amici
2335 5430 2476 5487 sunt,
2510 5436 2575 5475 ex
2609 5420 2975 5477 familiaritate
3004 5423 3148 5477 illius
3177 5424 3401 5492 mystica
3442 5427 3608 5480 multa

2018 5510 2336 5565 didicerunt.
2376 5509 2524 5566 Unde
2551 5512 2692 5567 sicut
2731 5520 2786 5567 et
2830 5513 3077 5583 superius
3104 5513 3336 5567 diximus
3368 5512 3518 5584 (Lib.
3549 5532 3604 5583 v,

2016 5620 2071 5657 η.
2100 5602 2165 5656 27
2184 5604 2223 5677 ),
2255 5618 2440 5660 eorum
2469 5604 2647 5660 verbis
2674 5604 2839 5660 etiam
2868 5602 3067 5658 Paulus
3095 5603 3282 5670 utitur,
3311 5614 3365 5660 et
3391 5605 3505 5662 haec
3548 5607 3603 5685 in

2016 5759 2545 5839 locuttt_exltihent,_
2572 5776 2785 5839 eumque
2824 5775 2913 5839 per
2938 5761 3127 5815 electos
3171 5779 3368 5828 omnes,
3417 5774 3473 5817 ut
3516 5782 3609 5839 per

2016 5830 2126 5901 ejus
2155 5831 2347 5886 scilicet
2373 5831 2567 5887 studuit
2604 5830 2832 5886 mentbra
2858 5830 3084 5901 signare.
