4180 6488
547 413 643 473 ’151

1758 410 2000 469 SANCT-l
2037 409 2080 463 (ἶ
2093 408 2369 465 liEGUIill
2409 409 2618 465 MAGNI

3711 413 3736 464 Ἰ
3747 411 3818 464 52

541 535 854 592 sssertionis
878 549 990 590 sua:
1015 533 1337 603 adiutorium
1368 547 1668 598 assumens,
1698 533 1906 604 prolata
1935 549 2000 589 ex
2026 549 2120 586 ve-
2149 536 2200 592 Δ
2227 529 2376 598 plebs
2401 528 2616 584 .ludaica
2649 532 2762 586 sine
2789 533 3066 590 intellectu
3095 535 3380 592 laboravit.
3405 533 3515 588 lius
3541 531 3820 588 famelicos

539 630 699 685 ritate
729 616 974 682 testatur.
1007 627 1138 694 Quae
1162 635 1340 680 tamen
1369 627 1567 682 veritas
1589 635 1737 680 recte
1762 626 2121 696 reprehendit,

544 720 667 791 quia
690 719 986 789 quamlibet
1009 717 1160 775 fortis
1181 718 1450 774 sententia
1469 727 1657 774 contra
1678 728 1923 773 sanctum
1951 717 2124 773 virum

543 811 771 882 proferri
801 827 906 864 non
938 810 1142 865 debuit.
1192 809 1422 865 Possunt
1465 825 1594 879 ergo
1639 810 1864 881 mystice
1908 807 2126 878 Eliphaz

543 887 706 960 verba
735 903 968 974 pensari,
999 903 1196 973 quibus
1225 903 1291 957 ad
1319 903 1536 957 beatum
1583 900 1684 957 Joh
1733 901 1992 970 loquitur,
2042 901 2126 955 di-

545 1012 673 1052 cens
697 1015 710 1050 :
1025 981 1029 988 ’

1171 1086 1402 1142 CAPUT
1440 1086 1506 1143 Π.

617 1180 779 1234 Vens.
822 1179 1084 1248 5.—Ego
1112 1179 1215 1233 vidi
1245 1179 1456 1233 stultum
1483 1178 1640 1247 ﬁrma
1665 1176 1862 1242 radice,
1891 1182 1944 1232 et
1965 1175 2128 1231 male-

542 1273 653 1328 dixi
681 1275 1052 1343 pulchritudini
1081 1275 1190 1344 ejus
1222 1275 1414 1326 statim.

614 1367 986 1421 ALLEGORICUS
1021 1381 1226 1419 sensus.
1269 1363 1323 1418 5.
1363 1363 1537 1417 Judwi
1582 1372 1700 1416 sunt
1747 1363 1926 1428 stulti,
1973 1365 2128 1416 etiam

541 1457 897 1511 Iucreticorum
926 1457 1280 1510 maledictioni
1307 1455 1368 1509 ob
1399 1456 1586 1509 Christi
1616 1457 1874 1524 repulsam
1895 1454 2122 1509 obnoxii.

538 1545 839 1602 -—-Stultus
871 1547 1069 1619 quippe
1115 1545 1417 1602 Judmurum
1471 1547 1698 1615 populus
1745 1545 1971 1611 exstitit,
2003 1547 2124 1613 quia

540 1640 712 1708 ipsam
742 1638 794 1692 in
821 1654 984 1693 carne
1006 1639 1342 1708 prtesentiam
1365 1647 1579 1692 :eterna:
1601 1637 1887 1706 Sapientia:
1902 1637 2122 1705 Sprevit.

540 1729 640 1797 Qui
671 1731 823 1800 quasi
852 1729 1005 1784 firma
1032 1730 1211 1785 radice
1235 1730 1526 1791 convaluit,
1559 1730 1680 1795 quia
1711 1730 2005 1783 electorum
2041 1728 2124 1781 vi-

2229 617 2351 674 iidei
2382 620 2638 678 Dominus
2667 625 2929 693 pmvidit,
2959 642 3080 681 cum
3107 644 3206 698 per
3231 627 3614 696 evangelistam
3641 625 3812 681 dixit:

2231 712 2378 768 Beati
2418 718 2504 786 qui
2547 719 2779 772 esuriant
2806 729 2856 774 et
2883 722 3065 790 sitiunt
3102 723 3395 794 justitiam,
3445 722 3688 793 quoniam
3713 721 3817 790 ipsi

2229 809 2597 864 saturabuntur
2643 811 2867 879 (Matth.
2912 831 2961 880 ν,
2995 816 3086 884 6).
3135 816 3210 871 De
3259 817 3342 870 his
3373 813 3634 868 famelicis
3662 813 3815 867 Anna

2228 899 2582 969 prophetante
2620 902 3081 972 dicitur:Repleti
3128 907 3307 976 prius,
3353 923 3448 976 pro
3496 903 3716 975 panibus
3762 920 3820 957 se

2227 989 2542 1059 locaverunt,
2590 1003 2639 1048 st
2682 996 2907 1065 famelici
2936 1000 3155 1052 saturati
3181 1007 3301 1052 sunt
3343 996 3407 1066 (1
3453 996 3584 1067 Reg.
3637 1012 3696 1062 u,
3724 994 3814 1062 5).

2231 1083 2336 1137 Sed
2358 1084 2482 1152 quia
2510 1101 2738 1141 messem
2768 1088 3018 1158 perdidit,
3049 1100 3196 1144 recte
3221 1088 3562 1159 subiungitur
3589 1088 3820 1156 qualiter

2230 1175 2344 1244 ipse
2391 1177 2551 1232 etiam
2583 1179 2779 1234 stultus
2809 1183 2969 1252 perit,
3002 1197 3122 1236 cum
3153 1183 3385 1238 dicitur:
3417 1181 3487 1236 Et
3532 1183 3702 1250 ipsum
3728 1195 3820 1232 ra—
3864 1191 3869 1197 ·

2228 1267 2331 1336 piat
2359 1279 2610 1324 armatus.
2642 1270 2911 1340 Autiquus
2945 1273 3113 1328 hostis
3139 1273 3420 1329 Iudaicum
3449 1272 3706 1342 populum
3733 1286 3820 1323 ar-

2229 1369 2405 1414 matus
2453 1361 2668 1429 rapuit,
2719 1364 2842 1432 quia
2895 1364 2948 1418 in
2997 1379 3064 1420 eo
3110 1366 3274 1419 vitam
3316 1365 3436 1418 ﬁdei
3467 1362 3821 1418 fraudulenta:

2228 1452 2584 1520 suggestiouis
2624 1453 2815 1521 iaculis
2859 1457 3144 1522 exstinxit,
3183 1465 3242 1511 ut
3287 1455 3430 1511 unde
3467 1470 3526 1509 se
3554 1454 3821 1508 inhaerere

2228 1543 2338 1597 Deo
2365 1546 2626 1607 crederet,
2652 1547 2778 1602 inde
2799 1548 2916 1616 ejus
2941 1549 3263 1604 ordinationi
3290 1556 3634 1619 repugnaret.
3664 1545 3819 1612 Qu0d

2229 1634 2467 1702 profecto
2497 1636 2787 1706 discipulos
2815 1638 3028 1694 Veritas
3057 1646 3374 1710 prmmonet,
3404 1638 3591 1692 dicens
3616 1653 3630 1687 :
3665 1634 3821 1687 Venit

2227 1729 2355 1781 hora
2384 1739 2439 1780 ut
2466 1733 2633 1785 omnis
2670 1733 2756 1804 qui
2797 1735 3045 1804 interﬁcit
3088 1751 3174 1788 vos
3221 1733 3498 1787 arbitretur
3526 1729 3819 1802 obsequium

539 1830 649 1877 tam
680 1821 1049 1891 teper-aliter
1092 1822 1484 1889 exstinguenda
1529 1822 1819 1888 superavit.
1850 1821 1956 1875 Sed
1984 1821 2126 1873 hunc
2224 1835 2280 1884 se
2305 1829 2554 1888 praestare
2583 1821 2692 1877 Deo
2721 1823 2951 1894 (lautia.
2981 1842 3089 1891 ut,
3123 1825 3212 1895 9).
3242 1825 3497 1892 Sequitur
3522 1841 3535 1877 :

538 1911 762 1982 Eliphaz
793 1913 1168 1968 maledicendo
1199 1913 1458 1982 despicit,
1489 1915 1612 1982 quia
1642 1915 1892 1988 nimirum
1940 1927 2128 1967 omnes
2162 1905 2205 1964 Β

540 2003 801 2069 ha:retici,
841 2019 1073 2074 quorum
1123 2014 1311 2060 tenere
1351 2006 1586 2074 speciem
1619 2008 1822 2072 amicus
1849 2006 1993 2072 beati
2021 2005 2124 2062 Job

534 2091 786 2164 diximus,
833 2111 953 2150 cum
984 2096 1052 2151 de
1079 2099 1294 2152 nomine
1339 2097 1534 2152 Christi
1564 2098 1880 2166 gloriantur,
1911 2096 2124 2152 Judaeu-

533 2199 654 2239 rum
686 2183 961 2255 perﬁdiam
990 2201 1060 2241 ex
1089 2188 1414 2242 auctoritate
1441 2188 1864 2258 reprehendunt.
1897 2187 1973 2258 De
2017 2203 2125 2258 quo

533 2277 699 2331 stulto
731 2278 975 2346 protinus
997 2278 1272 2333 subditur:

1153 2371 1380 2427 CAPUT
1417 2373 1505 2428 IIl.

609 2461 770 2516 Vsus.
811 2461 864 2516 4.
893 2494 966 2506 ——
987 2461 1166 2534 Longe
1193 2464 1326 2533 ﬁdnt
1355 2466 1453 2534 ﬁlii
1481 2467 1592 2536 ejus
1622 2483 1654 2519 a
1687 2465 1872 2534 salute,
1918 2475 1967 2536 at
1999 2482 2124 2536 con,

536 2561 762 2607 terentur
787 2554 842 2606 in
873 2563 1044 2625 porta,
1077 2564 1126 2607 et
1157 2571 1259 2609 non
1288 2558 1386 2610 erit
1412 2559 1497 2628 qui
1528 2557 1732 2626 eripiat.

605 2647 658 2716 4.
699 2647 902 2715 Horum
930 2649 1030 2719 ﬁlii
1059 2665 1235 2708 omnes
1274 2649 1481 2719 perﬁdi.
1533 2648 1598 2718 In
1637 2649 1844 2710 Christo
1867 2690 1881 2715 .
1931 2652 2016 2722 qui
2053 2660 2130 2712 est

531 2750 705 2813 porta,
737 2750 1091 2794 conteruntur.
1115 2772 1190 2781 —
1212 2740 1330 2795 Filii
1379 2741 1536 2808 hujus
1585 2741 1733 2810 stulti
1765 2749 1892 2804 sunt
1940 2757 2132 2798 uumes

532 2833 625 2900 qui
656 2831 892 2902 perﬁdia:
919 2831 1061 2886 illius
1103 2831 1483 2901 praedicatione
1509 2842 1857 2900 generantur.
1888 2833 1991 2899 Qui
2021 2833 2128 2896 sci:

532 2922 657 2978 licet
677 2939 706 2984 a
732 2923 906 2978 salute
932 2924 1091 2995 longe
1121 2933 1265 2990 sunt,
1296 2923 1422 2997 quia
1453 2923 1554 2984 etsi
1584 2925 1934 2994 temporalem
1962 2925 2130 2990 vitam

531 3013 646 3068 sine
696 3011 986 3070 afﬂictione
1033 3016 1358 3086 percipiunt,
1406 3023 1609 3070 {eterna
1660 3018 1876 3086 gravius
1924 3017 2130 3074 ultione

530 3102 817 3172 feriuntur,
848 3106 988 3173 sicut
1016 3091 1083 3160 de
1112 3106 1315 3161 eisdem
1345 3105 1468 3161 ﬁliis
1499 3106 1638 3161 illius
1667 3107 1928 3162 Dominus
1957 3108 2088 3163 dicit
2114 3128 2126 3162 :

541 3193 633 3249 Va:
663 3195 822 3263 vobis,
857 3196 1054 3252 Scribit
1081 3207 1128 3251 et
1155 3197 1414 3253 Phariswi
1445 3199 1758 3278 hypocrita’,
1790 3201 1876 3274 qui
1903 3203 2130 3266 circuitis

2552 1912 2778 1982 CAPUT
2822 1914 2859 1967 V
2901 1915 3058 1987 [Vet.
3092 1926 3141 1968 et
3173 1915 3296 1968 Rec.
3337 1913 3434 1968 ΙΙΙ

2295 2001 2594 2074 ΙΒῳ.--Εε
2633 2003 2804 2062 bibent
2832 2007 3059 2059 sitientes
3089 2006 3294 2060 divitias
3325 2006 3457 2076 ejus.

2299 2093 2350 2148 ϐ.
2391 2093 2615 2166 Eloquia
2644 2094 2736 2148 Dei
2765 2106 2814 2149 et
2841 2098 3020 2150 messis
3045 2108 3093 2150 et
3119 2097 3327 2151 divitiae.
3358 2094 3624 2160 Quomodo
3652 2103 3702 2147 et
3731 2109 3819 2147 co-

2229 2185 2382 2252 medi,
2417 2197 2465 2239 et
2495 2185 2600 2254 bibi
2627 2188 2888 2250 dicuntur.
2907 2219 2977 2230 —
2999 2187 3170 2257 Hujus
3201 2188 3350 2242 stulti
3379 2187 3590 2240 divitias
3637 2186 3820 2240 sitien-

2230 2286 2310 2332 tes
2336 2277 2548 2344 bibunt,
2579 2279 2700 2348 quia
2733 2279 2948 2334 liuentis
2977 2295 3142 2334 sacra:
3164 2279 3468 2342 locutionis,
3501 2277 3821 2348 quazludai-

2229 2384 2323 2424 cus
2370 2370 2596 2438 populus
2643 2371 2695 2424 in
2743 2370 3009 2440 superbiae
3054 2371 3413 2426 ostentatione
3467 2368 3817 2439 possederat,

2231 2475 2503 2528 conversa
2548 2463 2823 2546 gentilium
2873 2472 3080 2518 mentes
3113 2463 3418 2532 irrigantur.
3456 2461 3604 2516 Unde
3633 2470 3688 2515 et
3715 2461 3823 2515 eis-

2234 2553 2351 2604 dem
2403 2568 2499 2621 per
2549 2554 2866 2622 prophetam
2895 2551 3088 2610 dicitur
3115 2573 3128 2606 :
3156 2553 3346 2608 Omnes
3385 2555 3617 2607 sitientes
3663 2554 3824 2607 venite

2231 2647 2301 2715 .44
2325 2664 2522 2717 aquas;
2572 2657 2622 2702 et
2667 2649 2754 2721 qui
2801 2666 2906 2710 non
2955 2648 3156 2716 hebetis
3204 2657 3508 2720 argentum,
3553 2655 3826 2716 properate

2235 2739 2402 2811 (Isui,
2433 2759 2522 2812 ιν,
2557 2741 2640 2812 1)ἴ
2689 2739 2826 2814 Quia
2871 2742 3015 2796 enim
3064 2741 3272 2810 argenti
3320 2740 3581 2795 vocabulo
3610 2739 3822 2806 eloquia

2233 2833 2410 2897 divina
2443 2835 2742 2902 signantur,
2773 2831 3058 2887 Psalmista
3080 2840 3329 2897 testatur,
3361 2833 3575 2886 dicens:
3600 2830 3821 2899 Eloquia

2235 2925 2468 2994 homini,
2517 2929 2718 2998 eloquia
2766 2935 2941 3000 casta,
2988 2937 3263 2998 argentum
3306 2927 3426 2997 igne
3475 2926 3821 2979 examinatum

2237 3014 2416 3085 (Ρεαιο
2455 3032 2526 3096 XI,
2559 3015 2646 3096 7).
2687 3015 2787 3084 Qui
2836 3032 2965 3096 ergo
3011 3025 3294 3086 argentum
3327 3032 3432 3074 non
3465 3015 3702 3084 habent,
3754 3012 3823 3065 ad

2236 3124 2402 3178 aquas
2431 3093 2709 3182 vocantur,
2741 3111 2864 3186 quia
2895 3093 3144 3174 nimirum
3175 3110 3446 3178 gentilitas
3471 3152 3486 3183 ,
3532 3123 3652 3179 qua:
3679 3106 3823 3163 Scri-

2237 3213 2407 3274 ptura:
2456 3220 2623 3258 sacrm
2673 3211 2938 3276 praecepta
2971 3218 3076 3258 non
3108 3210 3413 3274 acceperat,
3456 3201 3594 3255 sacri
3627 3200 3826 3269 eloquii

530 3303 673 3339 mare
703 3295 750 3340 et
780 3289 1008 3354 aridam,
1040 3297 1094 3341 ut
1127 3291 1336 3359 faciatis
1365 3307 1523 3343 unum
1553 3292 1866 3370 proselytum
1887 3334 1902 3358 ,
1935 3302 1982 3346 et
2014 3311 2129 3350 cum
2160 3283 2206 3343 C
2237 3293 2587 3354 inuniatione
2617 3300 2860 3362 satiatur,
2885 3311 3045 3366 quam
3069 3303 3220 3370 tanto
3249 3311 3388 3348 nunc
3417 3295 3622 3348 avidius
3651 3301 3820 3363 potat,

534 3378 688 3449 fuerit
719 3379 906 3448 factus,
943 3379 1116 3447 facitis
1144 3397 1257 3432 eum
1288 3381 1453 3454 ﬁlium
1491 3382 1739 3452 gehennw
1789 3385 1944 3458 183
1977 3384 2133 3452 duplo

533 3484 687 3539 quam
717 3485 803 3522 vos
833 3467 1056 3538 (Matth.
1090 3485 1237 3535 χχιιι,
1273 3469 1394 3540 l5).
1441 3471 1699 3542 Sequitur
1732 3492 1742 3524 :
1775 3472 1841 3528 Et
1871 3485 2136 3528 conteren-

507 3568 619 3624 _tur
646 3559 699 3611 in
728 3567 902 3628 porta,
935 3568 984 3612 et
1014 3575 1118 3612 non
1147 3561 1243 3613 erit
1271 3561 1356 3626 qui
1402 3561 1609 3630 eripiat.
1644 3561 1774 3632 Quis
1803 3563 1937 3624 alius
1969 3577 2135 3633 porta:

536 3650 776 3718 nomine,
822 3651 920 3706 nisi
953 3653 1219 3706 mediator
1245 3652 1341 3707 Dei
1371 3661 1425 3707 et
1449 3653 1725 3709 hominum
1775 3655 1936 3717 debet
1973 3639 2136 3726 intel-

535 3740 651 3811 ligi,
681 3743 772 3812 qui
801 3745 877 3797 ait
902 3761 914 3796 :
940 3743 1051 3816 Ego
1081 3761 1192 3810 sum
1222 3747 1429 3814 ostium,
1474 3764 1566 3816 per
1604 3765 1681 3816 me
1706 3749 1750 3802 si
1780 3751 1892 3822 quis
1920 3751 2135 3809 introie-

535 3833 624 3895 rit,
655 3831 938 3888 salvabitur
967 3833 1192 3904 (Joann.
1227 3853 1279 3903 x,
1313 3837 1417 3907 9)?
1457 3836 1574 3898 Filii
1605 3839 1766 3920 igitur
1794 3839 1953 3920 hujus
1983 3843 2134 3899 Stulti

536 3932 689 3977 extra
738 3931 949 3992 portam
997 3925 1306 4006 proﬁciunt,
1357 3937 1412 3982 et
1460 3928 1513 3982 in
1563 3939 1716 4000 porta
1756 3942 2129 4004 conteruntur,

538 4015 664 4084 quia
692 4031 869 4084 prava:
896 4014 1200 4096 Judteorum
1245 4019 1462 4075 soboles
1507 4032 1632 4076 ante
1676 4021 1985 4079 Mediatoris
2034 4025 2130 4079 ad-

540 4114 761 4160 ventum
788 4107 842 4160 in
872 4107 1004 4176 legis
1032 4109 1411 4166 observatione
1441 4110 1763 4180 ﬂoruerunt;
1804 4116 1898 4171 sed
1931 4117 1984 4172 in
2017 4118 2131 4192 ipsa

541 4196 921 4267 Redemptoris
951 4201 1119 4254 nostri
1146 4203 1430 4270 pmsentia
1458 4219 1487 4256 a
1517 4205 1822 4262 Divinitatis
1849 4209 2128 4294 obsequio,

540 4288 776 4360 perﬁdia:
804 4304 913 4360 suae
961 4292 1167 4348 meritis
1196 4296 1399 4366 repulsi
1431 4292 1764 4364 ceciderunt.
1798 4302 1946 4376 Quos
1977 4288 2134 4361 nimi-

540 4392 660 4432 rum
689 4393 796 4433 non
827 4387 910 4434 est
950 4381 1040 4465 qui
1088 4376 1323 4468 eripiat,
1368 4387 1492 4458 quia
1533 4389 1738 4445 scilicet
1783 4394 1910 4447 dum
1957 4395 2131 4466 ipsum

543 4471 962 4558 Redemptorem
996 4476 1338 4545 exstinguere
1369 4483 1742 4555 persequendo
1773 4488 1951 4541 conati
1985 4500 2128 4560 sunt,

542 4565 723 4621 oblata
753 4553 853 4632 Sibi
880 4567 1177 4637 ereptionis
1218 4570 1456 4626 remedia
1484 4553 1859 4650 absciderunt;
1912 4577 1980 4632 de
2024 4553 2133 4648 quo

542 4654 682 4711 bene
710 4655 957 4712 subditur
980 4675 994 4712 :

1113 4750 1516 4832 ‘CAPUTlV.

619 4840 782 4897 Vens.
843 4843 892 4897 5.
916 4845 1168 4918 —Cujus
1216 4863 1430 4901 messem
1476 4847 1742 4925 famelicus
1786 4851 2054 4921 comedet,
2088 4865 2137 4909 et

545 4932 713 5002 ipsum
740 4935 907 5004 rapiet
928 4945 1177 4991 armatus.

619 5022 672 5083 5.
716 5023 940 5095 Gentiles
989 5044 1202 5092 messem
1241 5031 1530 5108 eorum,id
1552 5042 1648 5097 est,
1695 5050 1846 5088 sacra
1893 5035 2095 5110 eloquia
2120 5081 2135 5108 ,

549 5117 860 5186 comedunt,
911 5134 971 5171 ac
1016 5119 1221 5181 divitias
1267 5125 1494 5193 rapiunt.
1519 5124 1781 5196 ——Hujus
1818 5130 1959 5194 enim
1988 5134 2137 5196 stulti

549 5211 740 5268 messis
769 5210 942 5278 fuerat
969 5221 992 5246 ι·
1024 5212 1161 5280 sacri
1187 5201 1340 5297 seges
1362 5216 1581 5296 eloquii.
1613 5217 1866 5296 Quaedam
1908 5238 2137 5300 namque

484 5307 488 5309 ’
549 5308 816 5380 spicarum
847 5317 1032 5388 grana,
1064 5313 1188 5370 sunt
1216 5306 1377 5360 verba
1417 5309 1825 5394 prophetarum,
1851 5327 1971 5388 qua:
1998 5318 2133 5370 stul-

550 5408 637 5457 tus
666 5398 875 5468 habuit,
905 5395 999 5452 sed
1030 5412 1136 5452 non
1164 5398 1416 5468 comedit,
1466 5402 1589 5470 quia
1630 5400 1882 5475 Judaicus
1912 5408 2136 5478 populus

551 5491 724 5561 legem
754 5489 969 5562 quidem
1011 5489 1178 5542 verbo
1206 5497 1362 5544 tenus
1391 5493 1579 5560 tenuit,
1610 5493 1704 5548 sed
1753 5511 1849 5580 per
1877 5497 2136 5566 iatuitatis

552 5582 822 5638 fastidium
869 5581 936 5635 ab
985 5579 1102 5664 ejus
1147 5579 1419 5651 intellectu
1457 5583 1744 5662 jejunavit,
1795 5586 1961 5658 Hujus
2008 5608 2135 5646 vero

554 5676 702 5730 stulti
729 5690 957 5731 messem
988 5674 1267 5730 famelicus
1292 5677 1545 5744 comedit,
1576 5679 1697 5748 quia
1726 5681 1973 5738 nimirum
2001 5699 2132 5754 gen-

556 5767 665 5834 tilis
703 5769 932 5841 pepuli“
956 5769 1123 5839 verba
1168 5768 1304 5840 legis
1330 5769 1679 5842 intelligendo
1707 5773 1856 5841 edit,
1905 5775 1973 5835 ad
2017 5790 2136 5845 quas

629 5929 654 5956 ι
691 5918 789 5974 Ms.
819 5919 952 5977 Cod.
990 5921 1027 5976 S
1081 5922 1262 5992 Mich.,
1299 5941 1466 5980 sacra!
1494 5925 1620 5992 legis
1648 5927 1904 5985 eloquium

2161 4654 2215 4712 1)

2238 3397 2441 3458 quanto
2489 3389 2627 3444 hanc
2658 3389 2748 3442 diu
2778 3389 2920 3444 sicca
2951 3387 3187 3442 sitiebat.
3238 3384 3438 3441 Eadem
3469 3399 3598 3453 ergo
3647 3384 3824 3438 divina

2239 3473 2453 3549 eloquia
2503 3490 2560 3535 et
2600 3496 2800 3535 messes
2827 3489 2880 3534 et
2910 3478 3107 3533 divitia:
3139 3486 3402 3533 vocantur
3427 3495 3440 3528 :
3466 3491 3668 3530 messes
3698 3477 3822 3546 quia

2233 3573 2473 3646 jejuuam
2510 3581 2743 3626 mentem
2774 3568 3053 3637 reficiunt;
3087 3569 3300 3633 divitim,
3334 3568 3454 3637 quia
3486 3579 3677 3634 magna
3723 3581 3826 3621 nos

2238 3680 2449 3728 morum
2479 3670 2763 3728 venustate
2792 3671 3140 3734 componunt.
3190 3659 3381 3722 Eadem
3411 3666 3463 3711 et
3489 3655 3698 3712 comedi
3737 3656 3826 3710 di-

2237 3764 2431 3812 cuntur
2460 3762 2516 3810 et
2566 3755 2695 3822 bibi,
2727 3754 2854 3834 quia
2901 3739 3150 3807 nimirum
3183 3752 3308 3805 dum
3352 3748 3593 3819 qua:dam
3642 3747 3698 3800 in
3743 3747 3827 3802 eis

2237 3847 2460 3903 obscura
2485 3857 2639 3909 sunt,
2673 3860 2791 3916 quae
2822 3860 2927 3900 non
2959 3845 3060 3905 nisi
3082 3844 3429 3912 interpretata
3458 3838 3821 3908 intelligimus,

2235 3939 2349 3994 haec
2393 3939 2543 4010 quasi
2591 3936 2894 3993 mandendo
2935 3936 3216 4006 glutimus;
3251 3934 3376 3996 dum
3418 3932 3662 4006 quaedam
3696 3947 3826 3986 vero

2235 4029 2300 4084 ad
2331 4027 2734 4098 intelligendum
2781 4026 2957 4083 facilia
3004 4028 3076 4084 ita
3122 4029 3384 4083 sumimus
3411 4024 3820 4087 utiuvenimus,

2235 4135 2298 4174 ea
2328 4120 2482 4190 quasi
2509 4135 2615 4172 non
2647 4135 2830 4174 mansa
2864 4117 3114 4183 bibimus,
3145 4118 3268 4186 quia
3301 4132 3408 4170 non
3442 4113 3608 4169 fracta
3642 4114 3824 4168 sorbe-

2235 4226 2373 4264 mus.
2430 4209 2553 4264 11ωο
2604 4209 2702 4263 sub
2752 4209 3027 4261 intellectu
3077 4207 3304 4276 mystico
3356 4206 3504 4259 brevi
3556 4205 3824 4257 locutione

2197 4320 2204 4328 '
2235 4303 2648 4357 transcurrimus
2675 4345 2690 4371 ,
2738 4319 2806 4356 ne
2855 4302 2979 4374 quid
3029 4301 3253 4355 torsitan
3285 4299 3588 4369 prmterisse
3616 4297 3825 4352 videre-

2234 4411 2374 4462 mur,
2404 4394 2508 4448 Sed
2539 4393 2662 4462 quia
2693 4395 2833 4456 beati
2884 4394 3042 4468 184
3089 4392 3189 4447 Job
3221 4391 3377 4445 amici
3405 4405 3525 4445 esse
3557 4405 3662 4443 non
3693 4403 3825 4457 pos-

2236 4498 2375 4552 sent,
2411 4488 2509 4542 nisi
2541 4491 2592 4543 in
2623 4488 2934 4558 quihusdam
2961 4501 3176 4556 quoque
3205 4499 3398 4553 magna
3423 4498 3631 4538 morum
3656 4482 3826 4536 hone—

2236 4586 2376 4632 state
2408 4577 2690 4646 fulgereut,
2740 4586 2906 4631 restat
2931 4584 2990 4630 ut
3020 4577 3071 4630 in
3113 4590 3300 4630 eorum
3347 4574 3528 4628 verbis
3570 4573 3824 4626 virtutem

2238 4686 2491 4725 sensuum
2524 4671 2804 4724 moraliter
2845 4669 3199 4738 inquiramus,
3230 4675 3494 4736 quatenus
3523 4665 3649 4721 dum
3680 4666 3830 4720 locu-

2239 4761 2400 4815 tionis
2429 4775 2616 4815 eorum
2648 4757 2856 4829 pondus
2886 4758 3182 4823 discutitur,
3237 4757 3391 4827 cujus
3420 4757 3679 4812 doctrina:
3708 4757 3828 4812 hie-

2239 4855 2347 4908 rint
2369 4896 2385 4924 ,
2417 4853 2753 4910 ostendatur.

2371 4927 2379 4936 '
2658 4941 2900 5016 {CAPUT
2937 4943 3003 4997 Vl
3043 4943 3204 5018 ilice.
3239 4941 3371 5015 IV].

2311 5036 2473 5104 Visus.
2515 5037 2567 5090 ’5.
2591 5069 2661 5080 -
2681 5035 2795 5114 Ege
2827 5036 2928 5094 vidi
2956 5039 3165 5098 stultum
3197 5039 3351 5110 ﬁrma
3379 5037 3573 5104 radice,
3602 5045 3650 5091 et
3670 5037 3831 5100 male-

2245 5130 2353 5187 dixi
2384 5129 2757 5200 pulchritudini
2785 5129 2893 5205 ejus
2922 5131 3115 5183 statim.

2312 5222 2510 5276 Sensus
2555 5237 2798 5276 MOBALIS.
2844 5221 2894 5274 7.
2939 5222 3164 5276 Terrena
3191 5231 3442 5278 sectantes
3471 5225 3524 5276 in
3565 5225 3829 5294 prosperis

2240 5317 2473 5371 videntur
2499 5317 2656 5387 [irma
2694 5318 3152 5392 radice—Quasi
3201 5317 3350 5371 lirma
3399 5317 3578 5382 radice
3631 5317 3828 5372 stultus

2240 5408 2294 5472 in
2322 5418 2462 5474 terra
2489 5407 2688 5478 ﬁgitur,
2711 5411 2834 5480 quia
2863 5411 2990 5476 totis
3011 5393 3288 5474 desideriis
3319 5410 3370 5472 iu
3401 5418 3615 5474 terreno
3642 5423 3828 5468 amore

2240 5502 2520 5568 solidatur.
2574 5500 2726 5556 Unde
2761 5512 2816 5558 et
2861 5503 3065 5578 primus
3116 5503 3244 5564 Cain
3293 5503 3565 5578 civitatem
3599 5502 3650 5554 in
3686 5511 3825 5554 terra

2239 5595 2607 5657 construxiase
2637 5594 2952 5658 describitur
2993 5595 3199 5672 (lienes.
3249 5611 3320 5662 iv,
3375 5595 3482 5667 l7),
3535 5605 3591 5648 ut
3642 5605 3827 5670 aperte

2240 5692 2633 5738 monstraretur
2653 5684 2776 5752 quia
2801 5685 2914 5754 ipse
2944 5685 2995 5738 in
3028 5692 3168 5739 terra
3196 5684 3599 5740 fundamentum
3624 5683 3826 5754 posuit,

2238 5778 2332 5846 qui
2377 5792 2410 5837 a
2441 5775 2713 5838 soliditate
2741 5776 2976 5839 celestis
3021 5777 3209 5848 patriis
3254 5777 3461 5846 alienus
3488 5774 3609 5836 fuit.
3659 5773 3828 5843 Quasi
