4180 6454
596 401 699 458 735

1805 401 2046 458 SANCTI
2080 400 2413 487 VGREGORII
2457 400 2674 460 MACNI

596 522 901 579 afflictionis
923 536 1034 576 suae
1056 530 1299 591 tempore
1322 532 1417 590 per
1429 517 1753 589 adjutorium
1775 533 1884 573 non
1906 517 2182 572 inveniunt
2213 531 2262 593 Α
2287 518 2589 573 ornamenti
2612 519 2693 573 sui
2718 533 2871 573 usum
2898 519 3119 573 minime
3146 500 3393 589 assumit,
3410 519 3534 589 quia
3555 520 3719 575 verba
3745 520 3883 589 legis

595 623 921 685 ereptorem.
964 611 1220 683 Sequitur
1244 632 1255 665 :

1174 702 1403 757 CAPUT
1453 702 1585 757 VIII.

670 797 829 853 Vsus.
856 796 909 853 5.
936 829 1005 841 --
1032 797 1189 868 Cujus
1218 812 1432 852 messem
1457 796 1725 867 famelicus
1754 795 2002 849 comedet.

669 891 752 944 IO.
784 890 835 944 Μ
844 891 960 944 alus
988 874 1126 943 recta
1156 898 1204 943 et
1228 889 1524 960 intelligens
1553 898 1599 941 et
1623 889 1819 955 dicens,
1844 904 2058 941 messem
2090 888 2186 940 ha-

595 983 675 1039 bet
699 1000 852 1055 quam
882 984 977 1036 alii
1003 983 1296 1037 comedunt.
1326 1014 1394 1025 -—
1426 980 1600 1035 Habet
1629 982 1791 1036 etiam
1821 981 2019 1037 stultus
2048 995 2189 1036 mes-

595 1095 737 1143 sem,
770 1079 985 1148 quando
1036 1079 1251 1147 iniquus
1300 1078 1528 1148 quisque
1574 1076 1773 1131 donum
1814 1088 1961 1131 recte
1991 1077 2190 1134 intelli-

595 1172 788 1239 gentiae
817 1170 1012 1239 accipit
1041 1189 1051 1221 ε
1086 1170 1377 1238 Scriptum
1406 1184 1573 1223 sacrae
1628 1168 1912 1223 sententiis
1941 1168 2188 1236 docetur,

596 1264 741 1318 bona
769 1264 1024 1332 loquitur,
1057 1264 1148 1317 sed
1179 1273 1357 1317 tamen
1390 1263 1537 1317 nullo
1569 1262 1728 1316 modo
1756 1261 1859 1317 hoc
1888 1261 2032 1329 quod
2059 1260 2190 1315 dicit

594 1363 888 1423 operatur:
920 1356 1075 1425 136
1091 1355 1251 1406 verba
1276 1352 1368 1406 Dri
1394 1353 1629 1423 profert,
1663 1368 1762 1407 nec
1787 1361 1963 1405 tamen
1985 1353 2189 1421 diligit;

596 1446 867 1501 laudando
888 1456 1197 1514 exagzerat,
1216 1447 1443 1500 vivendo
1469 1448 1661 1500 ca’eat.
1688 1444 1821 1511 Quia
1842 1458 1971 1513 ergo
1995 1445 2191 1499 stultus

596 1536 698 1591 iste
728 1542 875 1591 recta
925 1542 979 1589 et
1031 1536 1277 1603 intelligit
1304 1545 1359 1590 et
1385 1536 1540 1600 dicit,
1573 1536 1667 1590 sed
1708 1544 1885 1589 tamen
1918 1536 2032 1590 hrec
2059 1550 2193 1605 ope-

595 1629 767 1684 rando
810 1645 917 1685 non
965 1639 1129 1693 amat,
1164 1645 1392 1684 messem
1438 1628 1686 1683 habendo
1737 1626 1964 1697 jejunat.
2018 1628 2192 1695 Quam

596 1724 851 1780 nimirum
904 1723 1183 1779 famelicus
1230 1723 1485 1788 comedit,
1513 1723 1638 1791 quia
1690 1724 1733 1776 is
1773 1723 1866 1791 qui
1916 1722 1981 1776 ad
2022 1720 2191 1776 Deum

595 1818 796 1876 sanctis
817 1817 1099 1872 desideriis
1121 1817 1356 1881 anhelat,
1374 1816 1535 1871 discit
1562 1816 1706 1886 quod
1726 1817 1893 1879 audit,
1921 1816 2028 1884 agit
2048 1816 2193 1885 quod

2289 607 2534 675 audiens,
2565 622 2759 675 magna
2782 608 2997 677 quidem
3021 625 3139 665 esse
3162 610 3488 676 considerat,
3522 611 3618 666 sed
3641 611 3707 665 ad
3732 629 3885 668 cout-

2289 700 2671 771 prehendenda
2721 701 2837 757 ba-c
2885 703 3031 756 nullo
3081 702 3259 757 studio
3290 704 3491 759 amoris
3518 704 3788 759 elaborat.
3814 706 3885 760 At

2290 804 2480 847 contra
2510 793 2646 848 alius
2672 794 2813 848 sitim
2842 794 3023 860 habet,
3059 796 3328 865 ingenium
3362 814 3467 853 non
3501 799 3698 865 habet;
3731 817 3883 857 amor

2292 885 2358 940 ad
2388 886 2756 941 meditandum
2788 888 3084 957 pertrahit,
3126 905 3317 945 sensus
3348 890 3621 946 hehetudo
3660 903 3876 947 contra-

2290 979 2447 1047 dicit;
2479 989 2533 1035 et
2562 996 2705 1050 saepe
2734 981 2838 1037 hoc
2867 982 2919 1035 in
2942 981 3135 1037 divinae
3162 984 3293 1053 legis
3317 985 3620 1039 eruditione
3648 986 3886 1054 quando-

2291 1088 2397 1143 que
2426 1071 2689 1127 studendo
2741 1072 2989 1143 intelligit
3012 1117 3026 1141 ,
3067 1075 3211 1144 quod
3261 1092 3355 1146 per
3385 1078 3765 1145 negligentiam
3799 1080 3879 1134 ine

2292 1165 2548 1231 geniosus
2591 1166 2781 1221 nescit.
2823 1166 2991 1237 Hujus
3040 1182 3170 1237 ergo
3216 1170 3363 1223 stulti
3393 1170 3605 1225 divitias
3642 1172 3886 1228 sitientes

2293 1256 2501 1320 bibunt,
2528 1261 2653 1311 dum
2679 1268 2945 1330 prmcepta
2971 1260 3086 1326 Dei,
3113 1275 3232 1329 quze
3260 1261 3519 1329 ingeniosi
3553 1262 3886 1320 fastidientes

2296 1350 2566 1417 nesciunt,
2594 1349 2818 1405 hebetes
2846 1360 3091 1405 amantes
3121 1360 3500 1421 assequuntur.
3533 1351 3590 1406 In
3620 1352 3705 1407 his
3730 1354 3885 1407 uimi-

2294 1459 2411 1497 rum
2446 1455 2468 1483 ε
2503 1444 2753 1498 tenebras
2784 1444 3123 1498 hebetudinis
3167 1445 3398 1500 illustrat
3436 1445 3626 1500 oculus
3654 1461 3884 1512 amoris;

2295 1553 2420 1591 nam
2449 1538 2555 1591 hoc
2578 1537 2905 1592 tardioribus
2955 1536 3073 1592 sitis
3100 1538 3309 1608 aperit,
3349 1536 3494 1607 quod
3525 1536 3885 1591 velocioribus

2295 1629 2565 1683 fastidium
2596 1627 2816 1683 claudit.
2852 1627 2954 1695 Qui
2984 1638 3039 1683 et
3066 1630 3266 1684 idcirco
3292 1629 3359 1683 ad
3386 1629 3751 1697 intelligentia:
3781 1630 3885 1684 alta

2296 1722 2777 1793 perveniunt,quia
2810 1736 2970 1789 agere
2993 1738 3113 1792 qua:
3144 1722 3544 1785 intellexerunt,
3562 1727 3645 1777 vel
3669 1722 3885 1776 minima

2298 1813 2443 1868 nulla
2466 1822 2847 1879 contemnunt;
2876 1822 2931 1868 et
2950 1813 3075 1867 dum
3098 1821 3313 1869 sensum
3344 1814 3591 1869 manibus
3612 1814 3886 1883 adjuvant,

595 1909 879 1975 didicerit;
912 1920 965 1964 et
1012 1908 1137 1964 dum
1170 1908 1408 1964 doctoris
1446 1908 1595 1977 pravi
1629 1916 1776 1962 recta
1810 1906 2193 1976 praedicatione
2223 1922 2270 1983 Β
2297 1921 2418 1961 sese
2474 1906 2615 1960 ultra
2662 1906 3003 1961 altitudinem
3058 1906 3459 1975 ingeniosorum
3503 1906 3706 1960 levant.
3740 1903 3886 1961 Unde

594 2001 855 2068 reficitur,
889 2002 1014 2071 quid
1056 2002 1199 2055 aliud
1228 2017 1389 2068 quam
1427 2000 1577 2055 stulti
1626 2000 1776 2068 fruge
1808 2000 2077 2053 satiatur?
2105 1998 2186 2053 An

596 2111 705 2151 non
736 2095 1011 2151 famelicos
1039 2111 1167 2149 suos
1196 2094 1445 2159 Veritas,
1479 2101 1535 2147 ut
1566 2093 1715 2147 stulti
1744 2107 1973 2146 messem
2006 2107 2191 2147 come-

594 2187 807 2253 derent,
824 2187 1305 2252 admonebat,eum
1338 2200 1435 2255 per
1455 2184 1722 2239 desideria
1748 2194 1936 2237 sancta
1961 2182 2191 2251 flagran-

595 2280 754 2341 tibus,
780 2279 847 2332 de
878 2278 1161 2331 Pharisaiis
1201 2277 1539 2347 praeciperet,
1588 2276 1776 2329 dicens
1806 2292 1818 2327 :
1854 2272 1982 2337 Quo:
2012 2276 2191 2328 dicunt

598 2373 777 2441 facile,
817 2371 973 2439 juxta
1002 2386 1160 2439 opera
1211 2387 1328 2423 vero
1367 2386 1545 2424 eorum
1573 2368 1733 2423 nolite
1763 2370 1934 2437 facere
1958 2366 2186 2438 (Matth.

597 2476 743 2525 χχιιι,
773 2460 853 2525 5).
910 2462 987 2517 Ac
1037 2462 1082 2517 si
1131 2470 1325 2531 aperto
1363 2460 1609 2515 diceret:
1641 2460 1803 2515 Verbi
1849 2475 2078 2515 messem
2112 2462 2191 2515 lo-

600 2552 815 2623 quendo
862 2552 1154 2617 excolunt,
1206 2552 1297 2607 sed
1351 2553 1490 2607 hanc
1544 2552 1683 2605 male
1712 2552 1941 2605 vivendo
1972 2552 2193 2608 minime

603 2647 939 2715 contingunt.
970 2646 1215 2702 Vestram
1238 2662 1366 2715 ergo
1398 2647 1594 2701 famim
1621 2648 1811 2702 messis
1840 2648 1941 2702 ista
1963 2648 2190 2714 reticiat,

544 2764 553 2777 ·
599 2738 725 2807 quia
750 2739 900 2793 vobis
931 2739 1070 2794 banc
1098 2755 1196 2810 per
1223 2740 1482 2797 fatuitatis
1512 2755 1622 2795 suae
1652 2740 1923 2796 fastidiqu
1952 2748 2189 2795 servant.

600 2829 748 2887 Bene
770 2837 949 2886 autem
978 2830 1224 2886 subditur
1251 2849 1263 2883 :

1212 2922 1442 2977 CAPUT
1494 2922 1580 2977 IX.

666 3012 790 3068 IBID.
817 3046 887 3056 —
912 3012 981 3067 Et
1011 3015 1179 3083 ipsum
1210 3015 1375 3083 rapiet
1404 3024 1657 3068 armatus.

667 3106 753 3159 II.
788 3104 1045 3160 Diabolus
1066 3122 1202 3177 stepe
1222 3107 1494 3160 scientiam
1520 3108 1787 3176 permittit,
1818 3116 1873 3159 ut
1896 3115 2196 3176 corrumpat

596 3200 770 3254 vitam.
793 3197 1140 3267 —Antiquus
1161 3212 1393 3266 namque
1416 3198 1586 3252 hostis
1611 3198 1764 3265 quasi
1786 3197 2008 3253 inermis
2028 3208 2052 3234 ε
2077 3199 2195 3251 vin-

2294 1998 2433 2053 bene
2457 2014 2552 2067 per
2573 1997 2919 2054 Salomonem
2947 1999 3177 2053 dicitur:
3203 1996 3386 2052 Stellio
3413 1998 3653 2051 manibus
3684 2000 3885 2066 nititur,

2292 2098 2340 2142 et
2382 2097 2615 2141 moratur
2641 2090 2696 2142 in
2728 2088 2921 2143 aedibus
2952 2091 3088 2160 regis
3120 2088 3301 2157 (Prov.
3337 2104 3467 2154 xxx,
3498 2087 3613 2156 28).
3649 2086 3885 2142 Pierttmo

2294 2195 2399 2249 que
2427 2182 2571 2235 enim
2604 2198 2748 2245 aves,
2786 2196 2920 2250 quas
2950 2182 3019 2235 ad
3050 2182 3287 2235 volatum
3334 2196 3511 2249 penna
3537 2179 3803 2243 sublevat,
3838 2182 3887 2234 in

2294 2274 2548 2341 vepribus
2579 2274 2847 2338 resident;
2877 2282 2931 2326 et
2952 2272 3163 2336 stellio,
3190 2272 3280 2341 qui
3320 2270 3387 2325 ad
3418 2270 3655 2325 volatum
3686 2286 3887 2339 pennas

2295 2381 2403 2420 non
2444 2365 2627 2428 habet,
2661 2366 2836 2417 nitens
2864 2364 3131 2426 manibus,
3160 2363 3185 2399 ά
3216 2363 3365 2431 regni
3396 2360 3674 2416 aedilicium
3723 2371 3887 2426 tenet,

2295 2458 2419 2525 quia
2452 2456 2699 2510 nimirum
2734 2472 2876 2525 stepe
2909 2456 3170 2524 ingeniosi
3218 2456 3415 2523 quique
3441 2454 3565 2508 dum
3596 2468 3693 2524 per
3720 2454 3888 2522 negli-

2296 2547 2529 2615 gentiam
2561 2555 2811 2615 torpent,
2835 2547 2890 2600 in
2932 2546 3109 2615 pravis
3146 2546 3299 2617 187
3331 2546 3541 2600 actibus
3585 2554 3888 2612 remanent,

2296 2648 2351 2693 et
2401 2639 2689 2708 simplices,
2722 2653 2859 2706 quos
2911 2639 3108 2706 ingenii
3158 2652 3333 2706 penna
3388 2654 3495 2691 non
3548 2636 3788 2706 adjuvat,
3821 2636 3887 2690 ad

2295 2733 2584 2789 obtinenda
2610 2733 2797 2787 aaterni
2825 2734 2976 2802 regni
3006 2733 3201 2787 mcenia
3228 2733 3398 2786 virtus
3446 2732 3777 2802 Operationis
3808 2731 3887 2786 Ie-

2296 2836 2404 2881 vat.
2435 2826 2627 2882 Stellio
2657 2842 2786 2895 ergo
2808 2826 2933 2881 dum
2957 2812 3206 2881 manibus
3236 2826 3443 2891 nititur,
3485 2826 3540 2880 in
3568 2826 3708 2893 regis
3761 2824 3890 2878 aedi-

2296 2918 2398 2972 bus
2421 2926 2685 2988 moratur,
2716 2919 2839 2987 quia
2871 2919 2962 2973 illo
2991 2919 3221 2988 simplex
3250 2933 3347 2987 per
3376 2917 3729 2973 intentionem
3755 2918 3889 2972 recti

2298 3009 2477 3080 operis
2502 3011 2766 3078 pervenit,
2791 3025 2898 3079 quo
2920 3010 3231 3079 ingeniosus
3255 3009 3476 3063 minime
3496 3009 3755 3064 ascendit.
3782 3008 3889 3064 Sed

2298 3102 2381 3157 his
2410 3103 2628 3164 auditis,
2657 3104 2882 3173 quaestio
2914 3116 3100 3157 nostro
3144 3103 3293 3158 cordi
3343 3103 3640 3172 suboritur,
3682 3119 3778 3158 cur
3806 3104 3888 3158 vel

2297 3195 2586 3264 negligenti
2608 3196 2972 3267 intelligentia:
2995 3195 3195 3249 donum
3223 3195 3492 3262 tribuitur,
3516 3195 3602 3250 vel
3622 3195 3889 3251 studiosus

558 3290 758 3355 .citur,
802 3304 924 3343 cum
972 3289 1113 3342 mala
1157 3297 1345 3358 aperte
1383 3302 1675 3357 suggerens
1716 3290 1965 3343 humanm
1992 3290 2191 3357 menti,
2218 3308 2263 3370 ρ
2298 3286 2525 3357 quisque
2572 3302 2764 3342 sensus
2809 3287 2889 3341 sui
2920 3286 3172 3341 tarditate
3218 3287 3579 3357 przepeditur?
3620 3288 3702 3343 Ad
3727 3302 3889 3357 quam

599 3379 744 3433 bona
774 3379 955 3433 omnia
984 3379 1145 3433 simul
1175 3381 1458 3435 destruere
1514 3390 1760 3435 conatur.
1820 3382 1925 3437 Sed
1954 3393 2194 3439 armatus

600 3472 768 3539 venit,
797 3470 1015 3541 quando
1062 3471 1205 3525 bona
1236 3472 1341 3525 alia
1388 3473 1592 3527 intacta
1632 3474 1916 3542 deserens,
1964 3475 2197 3533 latenter

600 3564 706 3618 alia
737 3562 1056 3632 corrumpit.
1084 3562 1216 3617 Nam
1242 3578 1383 3633 saepe
1408 3564 1670 3633 quosdam
1701 3566 1754 3620 in
1784 3566 2055 3622 intellectu
2086 3585 2192 3622 non

602 3663 794 3723 tentat,
813 3654 1002 3724 eisque
1024 3654 1074 3708 in
1096 3656 1236 3710 sacri
1261 3655 1461 3725 eloquii
1480 3655 1834 3713 meditatione
1856 3674 1961 3713 nou
1981 3659 2190 3726 obviat;

600 3747 695 3802 sed
746 3754 923 3800 tamen
962 3760 1151 3801 eorum
1184 3745 1347 3798 vitam
1395 3745 1450 3799 in
1509 3748 1826 3816 operatione
1864 3750 2190 3819 supplantat,

600 3844 689 3913 qui
722 3842 848 3897 dum
876 3841 944 3897 de
992 3841 1234 3897 scientiae
1262 3841 1463 3897 virtute
1508 3841 1811 3909 laudantur,
1855 3860 2195 3913 nequaquam

601 3950 819 3990 suorum
835 3949 1061 4005 operum
1084 3934 1280 3989 damna
1304 3935 1635 4006 respiciunt;
1660 3953 1891 4007 cumque
1919 3939 1971 3991 in
1997 3937 2196 3993 favoris

603 4028 626 4067 δ
652 4027 1065 4084 delectationem
1096 4028 1308 4084 animus
1330 4029 1561 4097 ducitur,
1596 4029 1717 4084 vita:
1747 4046 1855 4085 suae
1881 4030 2197 4088 vulneribus

603 4140 711 4176 non
742 4121 1005 4176 medetur.
1030 4120 1182 4177 Hunc
1204 4136 1334 4191 ergo
1358 4130 1593 4177 armatus.
1618 4124 1788 4178 hostis
1812 4124 2009 4193 rapuit,
2033 4140 2194 4193 quem

604 4213 790 4267 fraude
820 4222 995 4268 tectus
1026 4214 1077 4267 in
1108 4214 1212 4269 alia
1242 4214 1518 4281 deserens,
1548 4232 1615 4269 ex
1644 4215 1747 4269 alia
1775 4224 1933 4285 parte
1974 4233 2197 4287 supera-

606 4302 701 4358 vit.
735 4302 991 4373 Sequitur
1021 4321 1032 4356 :

1235 4395 1463 4451 CAPUT
1495 4396 1559 4450 X.

678 4508 802 4565 Isto.
830 4542 900 4553 —
922 4508 989 4563 Et
1017 4509 1187 4564 bibent
1216 4512 1445 4566 sitientes
1476 4514 1684 4567 divitias
1714 4516 1845 4583 ejus.

680 4600 762 4655 19..
806 4600 960 4673 Stepe
987 4602 1140 4657 hebes
1179 4602 1273 4657 ltoc
1308 4605 1362 4657 in
1392 4605 1579 4657 divina:
1606 4606 1735 4676 legis
1765 4606 2054 4661 eruditione
2081 4617 2195 4661 stu-i

2302 3376 2459 3431 citius
2484 3377 2860 3447 respondetur,
2900 3378 3025 3433 dum
3057 3378 3303 3449 protinus
3331 3379 3574 3436 subditur
3598 3398 3613 3434 :

2910 3488 3141 3545 CAPUT
3171 3489 3264 3546 X1.

2371 3578 2534 3634 Vens.
2562 3578 2614 3634 6.
2638 3613 2709 3624 —
2739 3580 2891 3635 Nihil
2914 3584 2969 3635 in
3000 3591 3140 3637 terra
3162 3585 3273 3638 sine
3294 3600 3469 3639 causa.

2372 3670 2459 3725 15.
2492 3670 2596 3726 Cur
2613 3673 2878 3744 ingenium
2899 3676 3067 3729 studio
3087 3676 3606 3749 tardum,negligenti
3630 3692 3751 3730 acre
3780 3685 3893 3731 trs-

2300 3762 2503 3817 buatur.
2534 3795 2605 3805 —
2630 3764 2835 3820 Idcirco
2857 3767 2997 3820 enim
3029 3783 3171 3838 saepe
3204 3778 3259 3824 et
3288 3761 3584 3825 desidiosus
3610 3768 3892 3835 ingenium

2299 3858 2511 3928 accipit,
2530 3866 2587 3912 ut
2612 3867 2635 3895 °
2660 3858 2728 3913 de
2749 3858 3069 3926 negligentia
3093 3854 3291 3927 justius
3309 3860 3579 3930 puniatur,
3596 3860 3720 3928 quia
3741 3858 3889 3930 quod

2299 3948 2415 4003 sine
2438 3949 2621 4004 labore
2648 3950 2859 4019 assequi
2884 3952 3078 4021 potuit,
3103 3952 3243 4032 scire
3264 3952 3581 4008 contemnit.
3604 3950 3666 4004 Et
3686 3952 3892 4007 idcirco

2300 4058 2685 4111 nonnunquam
2716 4043 2989 4100 studiosus
3020 4044 3271 4099 tarditate
3299 4044 3665 4121 intelligentia}
3688 4043 3891 4112 premi-

2300 4146 2407 4203 tur,
2432 4146 2490 4190 ιιι
2511 4152 2577 4192 eo
2602 4137 2810 4207 majora
2833 4138 3053 4209 praemia
3081 4130 3451 4194 retributionis
3480 4138 3749 4203 inveniat;
3779 4155 3892 4206 quo

2296 4228 2467 4297 magis
2506 4228 2560 4282 in
2598 4229 2775 4285 studio
2814 4230 3139 4286 inventionis
3166 4232 3431 4287 elaborat.
3480 4230 3620 4285 Nihil
3649 4242 3778 4298 ergo
3807 4240 3891 4286 est

2294 4322 2351 4379 in
2382 4332 2524 4378 terra
2552 4322 2668 4377 sine
2695 4339 2857 4379 causa
2881 4366 2896 4391 ,
2943 4325 3159 4393 quando
3189 4335 3245 4380 et
3269 4324 3510 4380 studioso
3550 4324 3774 4379 tarditas
3823 4322 3890 4379 ad

2296 4396 2574 4484 praemium
2634 4414 2844 4484 prolicit
2864 4455 2878 4479 ,
2912 4424 2966 4470 et
2994 4415 3264 4471 desidioso
3290 4415 3548 4470 velocitas
3580 4414 3647 4469 ad
3676 4414 3887 4483 suppli-

2294 4502 2439 4559 cium
2469 4506 2688 4560 crescit.
2722 4505 2868 4579 [Vet.
2905 4503 2996 4577 V.]
3040 4505 3120 4559 Ad
3162 4504 3508 4574 intelligenda
3555 4513 3738 4559 autem
3766 4518 3889 4573 quae

2295 4605 2445 4649 recta
2474 4606 2616 4663 sunt,
2650 4597 2939 4665 aliquando
2968 4597 3169 4653 laboris
3198 4598 3399 4663 studio,
3436 4597 3728 4667 aliquando
3756 4614 3891 4653 vero

606 4694 772 4748 dendo
821 4695 1060 4768 intelligit
1082 4736 1099 4763 ,
1148 4696 1283 4770 quod
1337 4714 1427 4767 μεν
1479 4700 1848 4770 negligentiam
1894 4703 2188 4774 ίηςεηξοεηε
2221 4688 2272 4749 Ι)
2297 4687 2485 4742 dolore
2517 4689 2876 4759 percussionis
2904 4690 3199 4745 erudimur.
3233 4689 3385 4747 Unde
3413 4706 3536 4747 cunt
3561 4690 3764 4746 dictum
3795 4693 3887 4757 sit,

606 4789 783 4842 nescit.
808 4815 876 4828 -
896 4787 1049 4858 Saepe
1074 4790 1270 4845 stultus
1300 4790 1463 4845 habet
1491 4790 1684 4847 interni
1715 4792 1936 4863 liquoris
1965 4795 2188 4861 fontem,

606 4877 699 4933 sed
746 4893 853 4934 non
896 4880 1050 4947 bibit,
1081 4882 1207 4950 quia
1239 4882 1513 4952 ingenium
1568 4884 1783 4953 quidem
1825 4886 2191 4955 intelligentia:

606 4969 830 5039 accipit,
879 4970 973 5025 sed
1004 4980 1184 5027 tamen
1230 4974 1479 5030 veritatis
1531 4977 1829 5031 sententias
1860 4990 2191 5045 cognoscere

605 5058 833 5127 legendo
878 5062 1205 5128 contemnit;
1256 5065 1358 5119 scit
1396 5064 1522 5133 quia
1574 5065 1873 5135 intelligere
1924 5066 2190 5121 studendo

603 5152 910 5223 przevaleat,
943 5154 1039 5209 sed
1068 5155 1136 5211 ab
1177 5157 1323 5212 omni
1352 5157 1609 5213 doctrinm
1657 5159 1836 5214 studio
1879 5160 2189 5217 fastidiosus

601 5256 796 5303 cessat.
830 5246 1034 5303 Divitiae
1063 5264 1278 5320 quoque
1324 5252 1538 5313 mentis,
1567 5259 1693 5305 sunt
1723 5252 1882 5307 verba
1912 5269 2078 5309 sacrae
2110 5255 2189 5310 lo-

602 5340 860 5407 cutionis;
889 5340 983 5396 Sed
1012 5342 1110 5397 bas
1134 5341 1348 5398 divitias
1376 5341 1570 5397 stultus
1600 5342 1773 5399 oculis
1800 5345 2014 5415 aspicit,
2047 5353 2103 5400 et
2134 5346 2187 5399 in

676 5512 701 5539 ι
733 5501 1031 5575 Vindocin.,
1049 5504 1196 5574 quasi
1217 5502 1427 5556 inermis
1453 5502 1628 5556 vincit.
1651 5501 1707 5556 S.
1733 5501 2002 5571 Michael.,
2034 5506 2183 5575 quasi

601 5574 819 5627 inermes
848 5574 1026 5628 vincit.

672 5640 972 5715 '{Gemetq
997 5660 1212 5715 eumque
1245 5644 1298 5715 in
1350 5644 1542 5715 favoris
1590 5644 1933 5699 dilectionem.
1978 5644 2184 5699 Recen-

601 5714 723 5767 tiori
740 5723 933 5786 tamen
964 5714 1135 5786 manu
1160 5714 1422 5786 scriptum
1442 5714 1665 5786 Alegitur,
1698 5716 2109 5771 delectationem.

675 5797 695 5823 ε
740 5784 1051 5850 Vindociu.,
1082 5784 1312 5853 Turoni,
1352 5784 1410 5841 S.
1439 5784 1595 5840 Mart.
1621 5794 1677 5840 et
1705 5787 1761 5839 S.
1798 5787 1981 5852 Mich.,
2023 5788 2079 5840 iu
2103 5788 2185 5841 his

598 5856 845 5909 nimirum
869 5857 1087 5911 tenebris
1109 5856 1428 5913 hebetudinis
1452 5856 1745 5913 illustratur
1765 5861 1939 5913 oculus
1967 5859 2182 5912 amoris.

667 5922 692 5962 ά
735 5925 813 5981 Ita
841 5926 1003 5983 Corb.
1036 5926 1243 5987 Germ.
1276 5928 1455 5997 Colb.,
1487 5929 1646 6001 Reg,
1677 5929 1905 5995 Turon.,
1952 5929 2184 5997 Bellov.,

2300 4776 2451 4833 Nihil
2472 4782 2525 4834 in
2556 4792 2694 4835 terra
2722 4782 2833 4835 sine
2861 4798 3050 4847 causa;
3082 4794 3208 4853 apte
3236 4784 3481 4853 protinus
3500 4783 3751 4838 additur:

2725 4875 2953 4931 CAPUT
2984 4877 3072 4931 XII
3101 4877 3268 4949 ,[Ιίεο.
3311 4876 3432 4948 VI].

2366 4968 2491 5022 IBID.
2523 5001 2593 5011 ——
2616 4968 2686 5022 Et
2716 4970 2779 5023 de
2808 4970 2961 5024 humo
2993 4988 3095 5025 non
3125 4971 3415 5041 egredietur
3443 4971 3612 5025 dolor.

2369 5060 2455 5115 14.
2500 5061 2604 5115 Per
2631 5064 2829 5117 occulta
2857 5065 3040 5118 merita
3080 5066 3327 5118 mentium
3351 5106 3367 5133 ,
3410 5074 3590 5136 aperta
3628 5064 3893 5133 prodeunt

2295 5157 2504 5228 ﬂagella
2554 5174 2839 5228 pomorum.
2861 5190 2933 5200 —
2962 5159 3127 5214 Dolor
3155 5173 3388 5228 namque
3437 5159 3588 5228 quasi
3618 5158 3689 5213 de
3716 5158 3891 5215 humo

2300 5248 2319 5287 ί
2347 5250 2637 5319 egreditur,
2666 5264 2787 5305 cum
2818 5251 2980 5306 homo
3007 5251 3075 5305 ad
3101 5251 3195 5306 Dei
3217 5251 3506 5320 imaginem
3536 5250 3788 5306 conditus
3819 5253 3893 5308 de

3770 383 3880 461 isi;
3928 380 3939 387 ’

2296 5343 2456 5399 rebus
2477 5343 2875 5399 insensibilibus
2900 5341 3220 5413 ﬂagellatur.
3254 5342 3363 5399 Sed
3392 5344 3518 5412 quia
3545 5358 3644 5416 per
3669 5347 3894 5400 occulta
3920 5416 3921 5419 η

2280 5503 2766 5581 I_\‘_orm._,C_nmpend
2776 5545 2789 5558 .
2804 5502 2933 5560 Coc.
2949 5514 3005 5581 e_t
3018 5520 3132 5581 seq.
3143 5504 3264 5571 Ed.,
3279 5506 3417 5581 regis
3430 5506 3713 5581 mdiﬁcium
3728 5522 3895 5569 tenet.

2287 5574 2938 5651 υιί-ᾳ.-Ιιιώριυιιιιτιιῐιιιιιξξ
2977 5574 3305 5651 lectionem;
3339 5574 3455 5637 huc
3484 5574 3546 5636 ’tn'
3586 5584 3900 5651 exemplari

2280 5646 2682 5725 scribiturstilio
2697 5664 2793 5725 pro
2804 5647 2995 5725 stellio,
3009 5657 3062 5703 et
3076 5649 3147 5702 ita
3160 5664 3383 5725 quoque
3400 5653 3453 5707 itt
3468 5654 3739 5725 plerisque
3749 5646 3896 5711 Mss.

2357 5727 2381 5754 ε
2420 5715 2580 5789 Editi,
2620 5715 3051 5787 utiingeuiosus;
3098 5715 3245 5789 quod
3285 5715 3355 5780 ab
3390 5715 3666 5781 omnibus-
3682 5726 3904 5781 nostris

2284 5787 2608 5859 Mss._abest,
2639 5795 2694 5841 et
2716 5804 2847 5843 sane
2876 5787 3175 5859 superﬂuit.

2365 5858 2381 5896 τ
2426 5854 2718 5937 In_Gemet.
2750 5867 2805 5912 et
2842 5854 3135 5937 nonnullis,
3167 5873 3313 5937 quasi
3338 5867 3403 5921 de
3424 5868 3578 5921 humo
3601 5883 3705 5921 non
3730 5883 3900 5937 egre-
3937 5854 3979 5935 ἐ

2286 5930 2447 5985 ditur.
2479 5928 2555 5984 Ita
2585 5944 2801 6001 quoquc
2842 5930 3081 5991 Barthol.
3115 5928 3477 5993 et'vctus‘Ed.
3500 5937 3661 5992 Basil.

3913 5426 3927 5443 Ι

3915 5452 3937 5477 >

3924 5481 3931 5493 1

3935 5660 3951 5717 l

3935 5720 3949 5737 ἑ

3940 5945 3962 5972 ι
