4180 6520
334 418 427 475 73.7
1230 417 1600 475 MORALIUM
1639 415 1774 473 LIB.
1808 412 1896 468 Vl.
1928 439 1985 451 —

2040 407 2109 464 IN
2146 404 2381 464 CAPUT
2419 404 2460 459 ν
2501 404 2565 461 Β.
2603 402 2748 460 JOB.
3562 379 3667 439 ⁷38

329 532 587 589 mentium
616 530 828 599 merita,
860 537 1048 603 aperta
1080 533 1350 604 prodeunt
1379 534 1591 605 ﬂagella
1620 545 1931 605 poenarum,
1961 528 2011 588 Δ
2042 524 2088 579 is
2134 522 2227 593 qui
2273 518 2679 591 apprehendet,
2718 513 2937 574 noverit
2987 511 3082 570 diu
3125 518 3278 569 stare
3324 520 3439 562 non
3474 516 3663 576 posse.

330 634 388 681 et
431 626 500 680 de
538 626 705 681 bumo
747 626 904 682 dolor
952 642 1063 683 non
1102 627 1399 697 egreditur,
1439 627 1702 697 quoniam
1741 637 1937 680 sensus
2040 616 2231 674 Sancti
2274 622 2457 670 autem
2486 612 2589 668 viri
2608 611 2735 682 quia
2766 607 3264 667 mseuntia'non
3296 605 3520 665 amant,
3550 611 3659 652 non

328 720 499 774 nostri
518 719 720 774 malitia
749 719 917 787 exigit
940 727 1042 774 uta
1064 690 1228 776 rebus
1254 690 1657 776 insensibilibus
1684 718 1929 775 feriatur.
2038 710 2218 768 solum
2256 705 2405 763 nulla
2453 701 2835 773 temporalium
2863 698 3259 756 desideriorum
3290 690 3537 765 pondera
3570 695 3658 787 to-

330 812 471 869 Ecce
500 812 644 868 enim
674 812 949 867 cernimus
976 813 1123 882 quod
1152 814 1221 869 ad
1250 814 1653 884 correptionem
1684 800 1930 868 nostram
2036 805 2251 869 lerant;
2302 797 2399 854 sed
2429 806 2485 853 et
2512 796 2560 851 si
2588 809 2697 866 qua
2734 793 2965 849 adversa
3014 794 3385 857 consurgunt,
3524 778 3659 883 ipsis

329 912 670 975 exspectatus
699 904 873 959 imber
910 872 1097 961 arente
1127 912 1270 960 terra
1299 872 1660 975 suspenditur,
1703 913 1760 960 et
1781 914 1808 941 ιι
1837 919 1933 959 ca-
2033 897 2149 953 suis
2169 890 2442 967 pressaris
2462 897 2519 945 et
2540 885 2892 956 languoribus
2911 900 3020 940 non
3044 883 3316 938 laborant.
3335 872 3479 945 Quid
3508 872 3655 975 enim,

329 963 1929 1069 liginosusaerinardescentesolesiccatiir;marem-ocellis
2035 963 2266 1056 ﬂagellis
2311 981 2535 1038 durius?
2591 986 2648 1033 et
2701 985 2886 1032 tamen
2936 976 3005 1029 de
3057 970 3345 1042 ﬂagellatis
3391 963 3655 1069 apostolis

331 1088 753 1144 tumescentibus
781 1090 951 1155 saevit,
977 1092 1037 1142 et
1060 1089 1194 1145 alios
1235 1089 1302 1143 ad
1350 1055 1790 1144 transmeandum
1830 1104 1926 1143 su-
2029 1055 2292 1149 scriptum
2340 1079 2464 1130 est:
2500 1071 2661 1128 Ibant
2687 1068 2976 1142 gaudentes
3017 1083 3051 1119 a
3080 1069 3359 1135 conspectu
3409 1055 3649 1119 concilii.

331 1188 549 1250 sceptos
595 1179 903 1250 intercipit,
937 1153 1065 1234 aliis
1104 1179 1468 1235 desideratum
1516 1180 1619 1235 iter
1644 1188 1829 1236 erecta
1868 1180 1924 1234 in
2027 1171 2277 1241 quoniam
2307 1166 2455 1238 digni
2485 1163 2651 1218 habiti
2679 1169 2803 1216 sunt
2844 1174 2944 1228 pro
2987 1156 3198 1210 nomine
3224 1153 3355 1207 Jcsu
3383 1156 3651 1250 contume-

333 1238 604 1327 cumulum
648 1238 847 1326 unda.”
879 1238 1231 1338 contradicit;
1273 1280 1416 1327 terra
1446 1286 1553 1326 non
1581 1273 1755 1327 solum
1798 1284 1922 1340 ger-
2026 1238 2156 1317 liam
2202 1261 2315 1332 pati
2357 1259 2498 1330 (Act.
2528 1273 2582 1324 ν,
2610 1254 2725 1327 Η)-
2769 1249 2911 1319 QUid
2956 1261 3089 1319 61⁸80
3135 1259 3327 1340 Wfilin
3374 1238 3650 1340 ῐῐὶθηῑίδυξ

332 1365 475 1419 mina
496 1363 836 1420 fecunditatis
858 1363 1145 1429 imminuit,
1288 1363 1453 1418 etiam
1474 1364 1678 1418 semina
1699 1328 1922 1431 accepta
2024 1352 2182 1407 labor
2203 1328 2336 1418 test,
2368 1328 2564 1421 quibus
2592 1356 2649 1403 et
2680 1359 2841 1418 pmna
2871 1340 3162 1397 verberum
3200 1334 3361 1391 labor
3387 1347 3498 1431 non
3528 1328 3650 1384 est?

332 1459 619 1515 consumit.
651 1457 710 1512 In
737 1458 933 1527 quibus
960 1423 1213 1512 nimirum
1261 1457 1468 1512 cunctis
1505 1463 1751 1527 patenter
1778 1423 1923 1525 as-pi-
2023 1442 2201 1500 Ηοῐῐιο
2250 1457 2382 1513 61⁵80
2429 1443 2497 1498 ad
2545 1442 2793 1496 laborem
2840 1434 3117 1498 nascitur.
3161 1429 3291 1501 quia
3337 1426 3447 1527 ίιξθ.
3474 1423 3644 1527 obuius

331 1552 471 1607 citur
499 1551 623 1615 hoc,
651 1516 795 1619 quod
817 1549 1035 1618 quidam
1063 1549 1278 1617 sapiens
1307 1548 1372 1603 de
1415 1516 1642 1603 Domino
1673 1516 1918 1613 testatur,
2024 1536 2211 1593 mundi
2236 1536 2508 1593 veraciter
2530 1535 2677 1590 mala
2708 1530 2897 1597 sentit,
2929 1527 3023 1600 qui
3050 1525 3170 1595 ejus
3196 1516 3649 1619 bona-inhianter

331 1642 514 1696 dicens
547 1604 949 1710 :Etlpugnltbit
991 1604 1212 1693 cum'eo
1256 1636 1394 1692 orbis
1437 1645 1694 1692 terrarum
1739 1604 1924 1691 contra
2025 1631 2252 1701 appetit.
2282 1629 2420 1685 Nam
2455 1628 2611 1699 cujus
2654 1640 2812 1682 mens
2859 1622 2926 1677 ad
2967 1620 3077 1675 alta
3104 1611 3499 1685 suspenditur,
3546 1604 3647 1661 sub

330 1735 621 1788 insensatos
653 1705 811 1801 (Sep.
832 1745 887 1793 v,
918 1728 1029 1799 Ἡ).
1057 1726 1212 1784 Orbis
1232 1729 1434 1799 quippe
1456 1736 1719 1783 terrarum
1749 1738 1771 1767 ο
1799 1743 1922 1782 cum
2025 1725 2141 1792 ipsa
2187 1731 2273 1779 est
2317 1721 2577 1792 quidquid
2624 1716 2868 1775 exterius
2908 1720 3101 1771 contra
3148 1709 3322 1801 ipsam
3352 1705 3644 1801 ‘mo-vetur.

329 1823 558 1879 Domino
607 1793 795 1878 contra
826 1793 1134 1875 insensatos
1171 1793 1405 1889 pugnat,
1436 1818 1653 1888 quando
1681 1818 1736 1873 in
1765 1833 1924 1888 poena
2028 1817 2175 1891 [Vet.
2214 1815 2340 1888 VL]
2370 1816 2516 1870 Bene
2544 1814 2729 1884 itaque
2755 1808 3029 1874 subditur,
3056 1802 3130 1857 Et
3151 1800 3262 1855 avis
3291 1796 3363 1851 ad
3390 1793 3638 1850 volatum.

330 1914 755 1984 delinquentium
806 1921 863 1968 et
908 1884 1303 1967 elementorum
1354 1884 1654 1965 adversitas
1706 1884 1919 1965 militat.
1956 1931 2003 1991 Β
2029 1884 2166 1976 Quia
2197 1884 2349 1963 tanto
2378 1907 2591 1962 animus
2619 1920 2651 1959 a
2681 1902 2887 1959 laboris
2934 1896 3235 1983 afﬂictione
3261 1905 3321 1947 se
3349 1884 3646 1984 subtrahit,

331 2003 440 2059 Sed
469 1972 650 2059 tamen
680 2004 748 2058 de
791 2003 958 2057 humo
1006 2002 1164 2056 dolor
1204 2018 1310 2055 non
1341 2000 1636 2070 egreditur,
1666 2000 1791 2069 quia
1839 2015 1928 2056 res
1957 1972 2003 1991 υ
2031 1972 2237 2070 quanto
2267 2014 2364 2069 per
2390 2013 2541 2068 spem
2580 1996 2649 2052 ad
2678 2008 2890 2051 summa
2921 1972 3185 2046 sustollit.
3228 1984 3311 2037 An
3336 1994 3447 2035 non
3490 1972 3646 2043 quasi

329 2095 587 2165 quaelibet
612 2094 940 2151 insensibilis
968 2094 1035 2148 ad
1063 2067 1411 2147 aﬂlictionem
1442 2067 1698 2147 nostram
1710 2092 1930 2149 stimulo
2030 2067 2164 2156 avie,
2190 2067 2389 2144 Paulus
2412 2067 2476 2143 ad
2502 2088 2743 2144 volatum
2769 2093 2927 2140 natus
2959 2080 3155 2143 fuerat,
3183 2075 3276 2148 qui
3306 2080 3388 2127 tot
3416 2067 3644 2123 adversa

330 2195 527 2243 nostra
556 2186 787 2242 actionis
812 2185 1097 2239 excitatur.
1143 2182 1219 2238 De
1262 2184 1427 2238 humo
1457 2183 1612 2237 dolor
1639 2198 1745 2237 non
1774 2197 1933 2251 egre-
2030 2183 2302 2237 sustinens
2343 2181 2601 2243 dicebat:
2656 2178 2855 2235 Nostra
2899 2171 3228 2231 conversatio
3273 2168 3329 2221 in
3379 2161 3523 2217 caelis
3569 2164 3644 2212 est

330 2278 492 2345 ditur,
516 2278 639 2348 quia
665 2292 1005 2347 nequaquam
1031 2291 1189 2346 poena
1213 2275 1281 2330 de
1302 2291 1367 2330 ea
1399 2275 1638 2329 nascitur
1658 2250 1927 2339 creatura,
2033 2274 2252 2345 (Philip.
2299 2290 2447 2336 xxxi,
2478 2272 2617 2343 10)?
2653 2272 2723 2327 Et
2767 2284 2987 2327 rursum
3016 2286 3029 2322 :
3063 2264 3276 2322 Scimus
3318 2257 3567 2331 quoniam
3598 2250 3645 2305 si

330 2387 450 2442 qua:
478 2345 733 2442 percutit,
755 2345 949 2425 sed—de
1067 2368 1260 2439 procul
1289 2368 1477 2433 dubio,
1508 2382 1628 2437 quae
1653 2366 1930 2439 peccando
2032 2364 2292 2417 terrestris
2322 2362 2504 2417 domus
2533 2370 2719 2417 nostra
2749 2360 2902 2431 hujus
2932 2353 3274 2412 habitationis
3303 2345 3643 2408 dissolvatur,

330 2464 439 2518 vim
469 2464 831 2535 percussionis
854 2464 1102 2519 extorsit.
1137 2463 1247 2518 Sed
1274 2464 1571 2517 curandum
1600 2476 1929 2532 magnOpere
2032 2456 2171 2527 quod
2196 2456 2598 2527 wdiﬁcationem
2625 2454 2870 2509 habemus
2897 2468 2964 2507 ea:
2996 2450 3131 2518 Deo,
3159 2447 3372 2502 domum
3399 2455 3505 2494 non
3530 2452 3642 2490 ma-

331 2565 414 2613 est
468 2565 528 2611 ut
577 2572 701 2613 cum
755 2557 809 2611 in
848 2552 1010 2611 rebus
1040 2556 1400 2611 exterioribus
1455 2527 1930 2625 pondere'doloris
2030 2551 2319 2621 nufactam,
2353 2558 2602 2604 (sternam
2628 2549 2685 2602 in
2713 2547 2854 2602 curiis
2886 2542 2977 2617 (11
2998 2541 3123 2597 Cor.
3153 2556 3207 2603 v,
3234 2536 3309 2608 1).
3339 2533 3498 2588 Velut
3528 2527 3641 2582 avis

312 2650 615 2720 efﬁcimur,
655 2667 752 2722 spe
798 2651 865 2706 ad
911 2666 1142 2722 superna
1187 2623 1502 2715 tendamus;
1553 2658 1817 2718 quatenus
1863 2663 1930 2703 eo
2032 2650 2162 2705 ergo
2186 2638 2290 2691 ima
2317 2637 2747 2701 transcenderat,
2766 2651 2927 2707 quem
2956 2632 3135 2687 adhuc
3155 2640 3392 2697 corpore
3418 2623 3472 2677 in
3498 2628 3640 2674 terra

332 2759 485 2800 mens
513 2744 581 2798 ad
602 2710 709 2798 alta
734 2710 1034 2814 perveniat,
1063 2758 1171 2813 quo
1196 2757 1296 2798 nos
1323 2710 1747 2811 exterior-poma
1770 2739 1931 2794 casti—
2032 2727 2430 2795 demorantem,
2457 2729 2571 2796 jam
2609 2728 2665 2781 in
2693 2726 3013 2782 sublimibus
3060 2722 3178 2793 spei
3223 2731 3403 2792 penna
3448 2710 3638 2768 suble°

333 2843 446 2903 gat.
478 2832 632 2889 Unde
662 2804 873 2905 erepte
903 2804 1247 2903 subiungitur
1273 2851 1285 2885 ε
1310 2886 1331 2911 Α
1591 2804 1607 2811 ’
2030 2820 2213 2874 vabat.
2244 2817 2351 2873 Sed
2378 2820 2503 2889 quia
2534 2818 2712 2874 nullus
2740 2819 2852 2874 suis
2886 2817 3089 2872 viribus
3115 2814 3263 2870 valet
3298 2824 3423 2868 sese
3446 2807 3499 2861 in
3529 2804 3639 2859 alta

743 2894 973 3001 ολΡυΤ
1001 2894 1130 2998 vx“;
1160 2894 1333 3017 [necf
1352 2942 1392 2996 γ
1399 2942 1429 2996 Ι
1435 2941 1463 2996 ι
1467 2941 1510 3015 1,
1798 2994 1801 2997 γ
2031 2912 2338 3017 sustollere,
2371 2923 2429 2966 ut
2458 2927 2581 2967 cum
2610 2910 2911 2967 visibilibus
2936 2907 3213 2978 afﬂigitur,
3247 2905 3300 2961 in
3341 2894 3632 2957 invisibilia

410 3060 567 3116 Vens.
601 3060 653 3114 7.
675 3090 747 3103 —
775 3057 948 3113 Homo
969 3057 1039 3111 ad
1069 3056 1297 3111 laborem
1318 3057 1548 3109 nascitur
1567 3096 1583 3123 ,
1623 3060 1673 3107 et
1710 3052 1820 3106 avis
1861 3049 1931 3103 ad
2032 3004 2370 3069 sublevetur’
2400 3012 2551 3060 reae
2578 3020 2705 3123 "‘2‘.
2726 3002 3021 3123 Si???

292 3131 295 3133 ’
341 3111 651 3210 uoluit-tut."
776 3111 793 3112 ί
839 3111 850 3113 ⁷
925 3111 934 3113 ⁷
1568 3111 1582 3123 ’
2137 3209 2146 3210 ί
2632 3112 2862 3171 CAPUT
2890 3111 3030 3169 xw.

409 3246 497 3302 l5.
518 3197 803 3312 'Quantum
830 3262 952 3299 caro
981 3244 1203 3316 ﬂagellis
1241 3242 1493 3314 aﬂicitur,
1538 3255 1683 3294 mens
1723 3238 1793 3292 ad
1843 3238 1927 3291 al-
1966 3312 1996 3316 _
2067 3307 2079 3316 Α
2103 3209 2268 3316 Vim:-
2297 3209 2422 3262 8-
2443 3206 2788 3316 Οααηιορνεξηξ
2818 3223 2935 3316 φυῇ
2958 3205 3277 3316 deprecabor
3313 3197 3634 3260 Dominum,

338 3341 471 3394 tiora
491 3299 1243 3392 sublevatur.—Adllaborem
1269 3299 1467 3403 quippe
1481 3299 1733 3386 nascitur
1759 3331 1925 3385 homo
1948 3312 2001 3381 ὓ
2031 3307 2081 3353 ⁸⁸
2202 3299 2369 3403 Dfum
2392 3316 2585 3403 ξ⁰²ξ⁰⁷ξ⁸
2612 3299 2869 3403 eloqui"?
2892 3314 3079 3403 ’Μαίη-

339 3382 802 3394 ..-...-..-..,---κ..
898 3382 1243 3391 --μ-πη-..
1274 3382 1720 3403 τ--η----.------
2473 3392 2483 3403 ,
3126 3386 3139 3398 ,
3426 3384 3437 3396 _

339 3430 464 3500 quia
513 3430 762 3484 nimirum
812 3429 858 3483 is
900 3429 989 3496 qui
1038 3433 1260 3496 accepta
1306 3433 1391 3480 est
1417 3423 1671 3495 pmditus
1697 3423 1926 3487 ratione,
2036 3391 2191 3500 ΜΠ·
2225 3390 2343 3445 Ποο
2384 3390 2483 3444 De!
2525 3389 2729 3500 donuml
2765 3395 2861 3443 est.
2990 3387 3067 3493 ac
3096 3402 3141 3492 si
3169 3393 3358 3500 aperte
3386 3382 3634 3500 φρει-ξι

339 3473 644 3577 ἓοηεὶᾱθι-εῑ
672 3521 816 3591 quod
854 3473 1009 3574 valde
1056 3473 1272 3574 sibirsit
1319 3473 1683 3586 impressibile,
1717 3522 1776 3569 ut
1815 3473 1930 3569 haec
2034 3484 2181 3591 mum
2210 3499 2363 3591 ξ’(ξῧίξν
2394 3498 2491 3553 per
2512 3481 2818 3591 quem’h‘n‘f
2858 3480 3024 3591 ίξίδυί
3052 3479 3294 3591 εθίῗοῇδί
3332 3477 3479 3535 enim
3504 3473 3635 3577 "130°

340 3564 644 3577 ννιιυιυινηη
672 3564 816 3591 ἰ’-νυ·
866 3564 1009 3574 ’ν’-*ν
1057 3564 1159 3574 υ--ι-
1203 3564 1272 3572 ---
1319 3564 1683 3586 ’ποινν--σ--η-ντ
1722 3564 1775 3569 -ν
1815 3564 1924 3569 --ν-ν
3135 3564 3155 3584 ,.
3544 3566 3556 3577 ,

340 3615 787 3687 peregrinationis
836 3629 947 3669 sua:
996 3622 1241 3684 tempora
1297 3613 1413 3667 sine
1463 3612 1665 3680 gemitu
1715 3610 1926 3665 evadat.
2168 3575 2540 3687 Ee‘hiberé‘se
2569 3572 2839 3639 credere"
2866 3572 3151 3644 depreca"
3197 3572 3369 3628 Deum
3396 3583 3509 3624 non
3541 3580 3631 3621 ¹¹¹⁶

340 3666 499 3765 llud;
518 3710 657 3765 bene
686 3666 1063 3763 Paulus
1092 3666 1623 3761 ti-ibulationesvsuas
1652 3704 1931 3774 discipulis
2032 3667 2261 3736 digereh
2287 3666 2582 3735 Sequitur:

338 3808 710 3864 enumeraret,
759 3799 1037 3868 adiunxit:
2141 3867 2146 3868 γ
2307 3867 2317 3868 7
2476 3864 2498 3868 Δ
2636 3755 2865 3813 CAPUT
2907 3757 3019 3812 XV-

340 3892 493 3961 positi
524 3906 699 3945 sumus
749 3864 1028 3960 (I'Thess.
1060 3864 1136 3953 ui,
1165 3885 1200 3939 5
1221 3884 1260 3955 ).
1312 3884 1419 3939 Sed
1459 3886 1509 3937 in
1536 3864 1607 3939 eo
1631 3883 1776 3953 quod
1803 3898 1932 3938 caro

2048 3960 2051 3961 ν
2110 3867 2271 3921 Vens.
2296 3867 2349 3921 9.
2367 3898 2440 3910 --
2462 3864 2565 3930 Qui
2587 3868 2717 3936 facit
2740 3883 2933 3937 magna
2953 3876 3004 3921 et
3021 3866 3383 3923 inscrutabilia
3401 3876 3453 3923 et
3471 3868 3628 3923 mira-

340 3958 567 4054 llagellis
592 3958 839 4045 afﬁcitur,
878 3982 1038 4051 188
1074 3994 1226 4032 mens
1271 3978 1339 4031 ad
1386 3974 1692 4046 appetenda
1738 3975 1933 4030 altiora
2036 3960 2164 4054 θίίξίξ
2182 3958 2371 4054 αὺξιζιιε
2398 3975 2631 4054 "timem-
2908 4006 2945 4016 ..

340 4051 680 4137 sublevatur;
712 4069 879 4125 Paulo
902 4083 1087 4124 rursus
1116 4073 1431 4129 attestante,
1460 4064 1552 4133 qui
1576 4063 1653 4117 ait
1678 4081 1689 4115 :
1718 4062 1784 4115 Et
1816 4063 1931 4116 licet
1957 4116 1959 4119 ,
2108 4051 2195 4105 18-
2242 4051 2383 4106 Mira
2412 4051 2513 4106 Dei
2535 4069 2693 4120 opera
2721 4054 2964 4108 humanis
3008 4054 3173 4109 oculis
3217 4072 3310 4110 usu
3352 4056 3627 4111 siluerunt.

341 4166 387 4219 is
414 4166 499 4238 qui
530 4165 661 4235 [oris
689 4169 767 4219 est
799 4169 974 4217 noster
996 4160 1148 4215 homo
1178 4156 1544 4227 corrumpitur,
1570 4162 1741 4207 tamen
1772 4154 1816 4207 is
1844 4153 1931 4225 qui
2033 4175 2107 4186 —
2131 4142 2261 4209 Quis
2287 4143 2677 4213 omnipotentis
2708 4143 2803 4200 Dei
2836 4145 3103 4201 mirabilia
3132 4147 3462 4217 perscrutari
3484 4142 3629 4201 sufﬂ-

342 4234 482 4312 intus
526 4234 626 4326 est,
656 4262 932 4311 renovatur
975 4252 1039 4306 de
1078 4252 1162 4305 die
1198 4251 1254 4305 in
1284 4249 1416 4303 diem
1449 4245 1538 4319 (11
1563 4246 1683 4301 Cor.
1711 4261 1782 4310 IV,
1819 4244 1929 4315 16).
2034 4234 2159 4302 ciat,
2183 4234 2325 4305 Quod
2354 4243 2545 4291 cuncta
2587 4251 2655 4291 ex
2682 4236 2849 4294 nihilo
2876 4239 3098 4303 creavit,
3127 4240 3272 4309 quod
3297 4241 3413 4311 ipsa
3444 4236 3629 4294 mundi

343 4350 519 4407 Homo
546 4364 676 4420 ergo
704 4348 773 4404 ad
798 4347 1042 4403 laborem
1063 4344 1323 4405 nascitur,
1354 4349 1411 4397 et
1438 4341 1551 4395 avis
1580 4339 1647 4395 ad
1670 4339 1928 4403 volatum,
2035 4328 2236 4385 fabrica
2280 4329 2417 4384 mira
2444 4330 2703 4401 potentiae
2725 4330 2927 4387 virtute
2953 4332 3214 4403 disposita
3244 4340 3349 4399 est.
3382 4341 3438 4388 et
3465 4345 3629 4402 super

344 4444 470 4514 quia
494 4442 620 4498 inde
638 4456 793 4497 mens
813 4439 882 4495 ad
901 4453 1109 4519 summa
1130 4432 1489 4497 evolat,unde
1508 4445 1637 4487 caro
1660 4430 1712 4485 in
1736 4429 1933 4484 intimis
2036 4438 2163 4478 aera
2208 4423 2404 4479 coelum
2453 4423 2823 4494 suspenditur,
2878 4436 2932 4480 et
2978 4439 3143 4496 super
3188 4425 3440 4495 abyssum
3489 4432 3629 4479 terra

345 4513 531 4590 durius
554 4533 785 4589 laborat,
944 4518 947 4519 ⁷
2033 4513 2290 4581 libratur;
2321 4514 2466 4585 quod
2495 4530 2565 4572 ex
2592 4517 2757 4572 rebus
2787 4517 3144 4573 invisibilibus
3168 4516 3343 4571 omnis
3372 4516 3489 4569 haec
3512 4515 3630 4569 uui-

417 4625 505 4681 l6.
546 4626 851 4680 Carnalium
880 4624 1049 4697 grauis
1094 4622 1259 4687 labor,
1291 4617 1603 4689 spiritalium
1651 4616 1934 4671 nullus.—
2035 4607 2263 4663 versitas
2302 4622 2369 4663 ac
2410 4607 2708 4664 visibilibus
2736 4609 2940 4671 existit,
2972 4607 3122 4678 quod
3150 4606 3426 4662 hominem
3468 4605 3627 4673 fecit,

347 4718 535 4775 Potest
558 4731 773 4788 quoque
817 4714 1178 4787 appellatione
1226 4711 1458 4767 hominis
1505 4709 1800 4765 carnalium
1826 4708 1934 4761 vita
1964 4705 2016 4765 D
2038 4708 2100 4754 ut
2126 4700 2202 4754 ita
2247 4700 2496 4765 dixerim,
2528 4700 2584 4755 in
2608 4700 2761 4757 brevi
2788 4700 3051 4769 colligens
3091 4698 3349 4753 mundum
3379 4697 3631 4769 alterum,

348 4810 566 4882 signari.
614 4807 768 4865 Unde
792 4816 847 4863 et
875 4806 1074 4861 Paulus
1102 4806 1212 4859 ait:
1245 4803 1373 4858 Cum
1415 4804 1551 4857 enim
1579 4803 1647 4855 sit
1682 4801 1818 4854 inter
1844 4815 1933 4854 vos
2038 4789 2133 4846 sed
2160 4790 2512 4857 rationalem;
2541 4789 2687 4860 quod
2710 4790 2854 4845 hunc
2872 4805 2940 4845 ex
2962 4789 3140 4843 anima
3171 4796 3227 4843 et
3246 4802 3410 4844 carne
3429 4789 3632 4844 consti-

347 4880 489 4958 selus
516 4910 568 4957 et
595 4900 875 4964 contentio,
896 4914 1068 4953 nonne
1093 4896 1331 4950 carnales
1356 4894 1516 4948 estis?
1540 4892 1591 4962 (1
1615 4890 1735 4946 Cor.
1754 4906 1827 4953 ιιι.
1854 4888 1932 4960 3.)
2039 4891 2228 4949 tuens,
2277 4880 2638 4950 investigabili
2666 4881 2881 4936 virtutis
2923 4881 3279 4950 dispositione
3326 4880 3632 4951 permiscuit

349 4995 553 5065 Quibus
594 4992 756 5065 paulo
800 4998 925 5063 post
951 4988 1201 5058 subjecit,
1234 4988 1454 5041 dicens:
1488 4983 1677 5038 Nonne
1704 4983 1935 5037 homines
2040 4976 2290 5047 spiritum
2308 4982 2363 5029 et
2382 4973 2595 5029 lutum?
2620 4973 2699 5028 Ex
2715 4972 2803 5028 bis
2827 4974 2986 5044 189
3004 4973 3187 5042 itaque
3207 4972 3351 5028 aliud
3367 4973 3631 5038 novimus,

350 5088 513 5144 estis?
537 5083 728 5159 (lbid.,
750 5081 831 5155 4.)
856 5081 913 5137 ln
942 5080 1045 5135 hac
1075 5080 1255 5147 itaque
1280 5078 1391 5131 vita
1416 5076 1579 5129 homo
1602 5073 1668 5127 ad
1697 5072 1937 5127 laborem
2041 5067 2187 5122 aliud
2215 5077 2273 5122 et
2300 5081 2514 5132 sumus;
2560 5067 2654 5121 sed
2694 5073 2873 5121 tamen
2919 5066 3103 5121 mirari
3141 5066 3477 5136 negligimus,
3508 5067 3632 5136 quia

352 5155 611 5243 nascitur,
646 5173 771 5244 quia
799 5171 1031 5228 carnalis
1066 5168 1298 5238 quisque
1326 5180 1450 5221 cum
1479 5160 1809 5217 transeuntis
1837 5176 1937 5231 ap-
2043 5172 2107 5213 ea
2151 5171 2271 5226 qua:
2324 5155 2850 5227 incomprehensibili
2908 5155 3253 5225 indagatione
3291 5157 3426 5212 mira
3480 5165 3631 5221 sunt,

350 5268 510 5337 petit,
526 5264 916 5323 desideriorum
938 5275 1159 5316 suorum
1180 5273 1239 5315 se
1268 5257 1507 5328 pondere
1527 5253 1732 5322 aﬂligit.
1749 5251 1939 5307 Gravis
2044 5249 2291 5304 humanis
2316 5246 2489 5303 oculis
2518 5262 2618 5302 usu
2653 5246 2946 5303 viluerunt.
2977 5245 3132 5303 Unde
3162 5247 3221 5301 ﬂt
3247 5257 3308 5302 ut
3329 5247 3372 5302 si
3394 5255 3634 5302 mortuus

356 5361 555 5431 quippe
582 5360 735 5415 labor
762 5366 865 5424 est,
894 5358 1033 5413 hanc
1060 5356 1233 5426 ipsam
1261 5349 1537 5423 prazsentis
1564 5348 1687 5402 vitae
1713 5346 1939 5415 gloriam
2044 5344 2210 5399 homo
2249 5341 2562 5408 suscitetur,
2593 5341 2648 5396 in
2687 5340 3099 5396 admirationem
3124 5354 3315 5396 omnes
3361 5337 3631 5404 exsiliant,

359 5467 629 5523 quaerere,
676 5452 954 5520 quaesitam
1005 5447 1330 5519 quandoque
1378 5442 1681 5514 percipere,
1714 5446 1769 5493 et
1815 5450 1943 5507 per-
2048 5446 2102 5493 et
2144 5435 2386 5505 quotidie
2431 5435 2596 5491 homo
2637 5433 2732 5504 qui
2777 5448 2885 5490 non
2935 5442 3055 5489 erat
3098 5431 3356 5499 nascitur,
3382 5437 3438 5485 et
3476 5443 3635 5484 nemo

360 5520 569 5616 ceptam
591 5559 713 5599 cum
741 5543 1223 5614 circumspectione
1249 5538 1539 5595 custodire.
1575 5534 1765 5589 Gravis
1794 5533 1948 5587 labor
2050 5528 2295 5594 miratur,
2319 5542 2440 5584 cum
2459 5525 2649 5597 procul
2676 5524 2839 5581 dubio
2866 5523 3116 5580 omnibus
3138 5528 3351 5578 constet
3369 5520 3494 5591 quia
3516 5520 3633 5591 plus

361 5614 462 5702 est,
494 5636 597 5692 hoc
623 5650 747 5690 cum
776 5647 969 5704 magna
1000 5632 1313 5703 fatigatione
1341 5625 1771 5705 apprehendere,
1799 5621 1945 5693 quod
2049 5623 2119 5679 sit
2162 5624 2335 5679 creari
2380 5621 2524 5694 quod
2544 5636 2654 5678 non
2681 5626 2819 5687 erat,
2851 5633 3014 5690 quam
3048 5616 3291 5688 reparari
3314 5614 3461 5685 quod
3490 5624 3641 5671 erat.

436 5822 462 5852 ι
490 5812 740 5882 Plerique
768 5809 918 5883 Mss”
953 5817 1001 5861 ει
1021 5807 1273 5883 σαιέθοεηε
1302 5827 1417 5875 aer.
1555 5875 1605 5883 ,,
1638 5872 1648 5883 ,
1720 5865 1793 5883 ,η
1842 5867 1854 5883 .
1902 5880 1925 5883 μ

2123 5808 2148 5837 °
2190 5795 2443 5883 νίὲδοὲεε
2485 5788 3161 5883 9⁸ης),
3210 5799 3336 5883 ²¹Ρίθ
3386 5788 3633 5883 emenda!

366 5862 983 6011 ἱηιῖνίιέὶἐῇιῖὧὺδῖίέεη
1005 5862 1149 5930 κητΙᾶ
1166 5862 1499 5954 mugiat,
1520 5875 1609 5936 ubi
1637 5872 1691 5928 in
1720 5865 1818 5921 Ed.
1842 5867 1943 5936 leg.
2052 5868 2337 5996 133,552,.0lﬂ
2374 5862 2601 5926 Vindoc.
2644 5866 2781 5922 infra
2803 5904 2821 5932 ,
2849 5862 2990 5918 orbis
3023 5864 3212 5937 quippe
3252 5874 3509 5920 terrarum
3541 5874 3636 5931 prs
