4180 6526
350 408 446 464 741
1227 400 1593 458 MORALIUM
1634 399 1761 454 ΜΒ.
1803 394 1891 452 Vl.
1932 425 1950 436 -

2052 393 2108 449 IN
2145 382 2376 448 CAPUT
2415 382 2459 443 ν
2502 387 2562 444 Β.
2606 385 2745 444 JOB.
3533 377 3631 438 7η

345 522 588 594 repellit,
620 535 741 576 cum
772 519 937 575 fortes
965 517 1247 583 humiliat,
1287 517 1472 572 venire
1519 514 1586 569 ad
1631 529 1691 569 se
1728 512 1934 568 debiles
1959 514 2011 574 Α
2036 509 2130 578 qui
2155 522 2302 564 nunc
2329 521 2363 562 ι
2387 517 2623 562 maerore
2651 500 3082 572 compunctionis
3119 500 3326 555 alienus
3355 506 3458 566 est,
3499 505 3629 557 tunc

344 591 452 672 non
481 621 729 676 recusat;
761 627 882 668 cum
914 609 1124 666 notiles
1150 609 1374 678 colligit,
1403 608 1563 664 simul
1593 616 1647 662 et
1674 604 1936 676 ignobiles
2043 603 2320 684 particeps
2340 600 2409 684 ad
2438 598 2681 655 laetitiam
2702 595 3088 680 consolationis
3117 611 3222 650 non
3249 601 3352 649 est.
3376 591 3512 646 Hinc
3542 601 3630 684 est
3723 676 3734 681 §

345 703 732 777 apprehendit;
779 717 899 758 cum
944 701 1218 770 sapientes
1263 677 1512 770 suscipit,
1563 698 1938 769 imperitorum
2043 677 2187 769 quod
2230 698 2286 754 in
2324 677 2618 767 Evangelia
2662 677 2877 777 Veritas
2910 689 3090 746 dicit:
3127 689 3286 743 Amen
3337 701 3488 742 amen
3518 683 3629 742 dico

345 775 627 854 stultitiam
657 811 764 852 non
791 794 1110 851 contemnit.
1161 791 1423 848 Universa
1453 806 1582 862 ergo
1610 791 1750 847 Deus
1785 791 1940 861 aquis
2039 789 2203 858 vobis,
2219 787 2345 864 quia
2366 785 2637 860 plorabitis
2663 795 2712 841 et
2737 775 2926 858 ﬂebitis
2955 785 3066 854 vos,
3087 783 3307 837 mundus
3321 792 3491 837 autem
3516 799 3637 856 gau-

345 891 551 959 irrigat,
580 890 674 959 qui
700 889 845 945 dono
874 888 1048 942 sancti
1076 885 1310 956 Spiritus
1338 901 1406 941 ex
1436 885 1585 941 omni
1612 899 1813 956 genere
1841 884 1941 941 ho-

347 986 546 1038 minum
577 984 642 1038 ad
666 997 819 1039 suam
848 980 1214 1050 cognitionem
1238 987 1416 1035 vocat.

419 1090 566 1163 [Rea
599 1088 684 1145 IX
689 1088 729 1160 .]
759 1087 846 1141 ᾗ.
882 1085 1136 1142 Universa
1164 1085 1306 1140 Deus
1329 1087 1556 1156 irrigat,
1595 1087 1715 1156 quia
1738 1087 1838 1140 vim
1861 1086 1942 1140 sui

347 1185 603 1239 sermonis
633 1183 686 1237 in
709 1181 929 1252 singulis
948 1179 1108 1250 juxta
1132 1195 1334 1233 morum
1355 1178 1704 1233 diversitatem
1729 1180 1940 1250 format.

345 1308 417 1320 -
442 1274 674 1330 Possunt
693 1281 876 1328 autem
906 1271 1281 1326 universorum
1306 1271 1527 1325 nomine
1570 1271 1698 1341 ipsa:
1731 1286 1944 1326 morum

346 1363 808 1420 dissimilitudines
860 1361 1152 1431 designari.
1213 1359 1365 1415 Alius
1422 1374 1657 1429 namque
1711 1358 1948 1414 elatione

345 1456 588 1525 erigitur,
621 1454 760 1508 alius
791 1453 1034 1522 pondere
1060 1451 1272 1506 timoris
1301 1450 1605 1524 inclinatur,
1661 1450 1798 1505 alius
1825 1450 1946 1504 libi-

345 1547 471 1602 dine
497 1553 719 1612 arstuat,
753 1545 892 1600 alius
920 1545 1148 1600 avaritia
1178 1543 1424 1609 anhelat,
1458 1543 1596 1598 alius
1629 1543 1946 1599 remissione

345 1655 405 1696 se
449 1640 664 1710 dejicit,
715 1639 852 1694 alius
898 1639 978 1692 ira
1027 1635 1295 1693 fervescit.
1348 1635 1456 1692 Sed
1498 1651 1594 1706 per
1635 1636 1944 1692 doctrinam

345 1733 484 1787 sacri
507 1731 728 1800 eloquii,
757 1731 883 1785 dum
905 1728 1138 1800 superbo
1159 1729 1436 1785 humilitas
1459 1729 1726 1797 tribuitur,
1755 1729 1946 1791 timido

348 1823 679 1879 confidentia
717 1823 1018 1892 praebetur,
1065 1821 1374 1877 luxuriosus
1406 1838 1498 1889 I-cr
1531 1823 1795 1877 castitatis
1832 1831 1947 1877 stu-

2042 869 2211 946 debit;
2250 898 2338 937 vos
2363 891 2534 936 autem
2573 869 3030 954 conlristabimini,
3069 873 3162 931 sed
3200 875 3417 929 tristitia
3464 889 3633 930 vestra

2042 969 2338 1028 verteturin
2367 967 2612 1044 gaudium
2644 971 2823 1044 (Joan.
2852 981 2962 1036 xv},
2993 969 3106 1041 20).
3141 964 3208 1022 Et
3234 983 3447 1022 rursum
3483 987 3493 1018 :
3536 966 3634 1023 Vos

2043 1063 2204 1136 igitur
2240 1079 2377 1118 nunc
2413 1064 2615 1135 quidem
2655 1061 2922 1126 tristitiam
2963 1059 3192 1126 habetis,
3235 1053 3422 1114 illrum
3471 1067 3637 1114 (uitem

2044 1154 2223 1208 videbo
2248 1171 2355 1220 vos,
2381 1163 2428 1209 et
2449 1155 2687 1226 gaudebit
2703 1170 2792 1208 cor
2813 1163 3058 1209 vestrum.
3086 1160 3135 1204 et
3155 1147 3405 1221 gaudium
3422 1157 3639 1202 vestrum

2046 1261 2196 1298 nemo
2223 1244 2421 1315 auferet
2452 1261 2483 1297 a
2517 1239 2656 1298 vobis
2682 1241 2874 1316 (lbid.,
2901 1229 3015 1314 Ξῖ).
3047 1235 3322 1311 Sospiiiite
3361 1245 3490 1311 ergo
3530 1237 3639 1295 Do-

2048 1336 2223 1392 minus
2246 1346 2536 1392 mmrcntcs
2559 1335 2765 1406 erigere
2791 1336 3006 1404 dicitur,
3044 1338 3173 1407 quia
3192 1353 3291 1408 pro
3321 1349 3381 1392 se
3411 1323 3642 1403 atilictos

2050 1427 2427 1508 temporaliter
2454 1445 2582 1482 vera
2626 1429 2802 1486 salute
2827 1431 3160 1488 consolatur.
3187 1431 3342 1499 Quod
3367 1438 3548 1485 tamen
3577 1427 3645 1484 de

2049 1518 2238 1575 electis
2277 1509 2373 1573 Dei
2403 1517 2564 1574 etiam
2586 1519 2637 1574 in
2673 1521 2773 1576 hac
2801 1523 2905 1576 vita
2939 1523 3012 1577 nil
3038 1524 3221 1578 obstat
3248 1509 3491 1590 intelligi.

2123 1609 2214 1664 24.
2249 1609 2486 1666 Humiles
2501 1612 2616 1684 jam
2645 1631 2709 1668 ea;
2736 1613 2832 1668 hac
2862 1615 2964 1670 vita
3002 1615 3057 1670 in
3081 1613 3288 1671 sublimi
3315 1609 3433 1669 sunt
3463 1613 3641 1685 positi.

2049 1734 2121 1746 --
2148 1697 2206 1757 In
2229 1697 2446 1758 sublimi
2475 1704 2673 1774 quippe
2701 1705 2929 1762 humiles
2957 1717 3249 1777 ponuntur,
3278 1705 3403 1777 quia
3435 1711 3555 1762 cam
3582 1721 3641 1762 se

2052 1813 2115 1852 ex
2138 1794 2438 1853 humilitate
2461 1793 2830 1867 substernunt,
2864 1800 2986 1854 altae
3007 1799 3203 1856 mentis
3229 1783 3429 1871 judicio
3451 1814 3644 1858 cuncta

346 1914 492 1970 dium
508 1915 576 1970 ab
597 1914 936 1970 immunditia
954 1914 1200 1982 tergitur,
1231 1928 1428 1970 avarus
1451 1930 1544 1982 per
1556 1916 1944 1982 continentiam

2053 1888 2372 1959 tempoalia
2402 1897 2713 1957 transeunt;
2757 1907 2985 1964 cumque
3015 1908 3072 1948 se
3103 1883 3350 1963 indignos
3389 1893 3440 1948 in
3472 1893 3645 1949 omni-

349 2005 416 2060 ab
437 2005 745 2060 ambitionis
772 2015 908 2059 aestu
933 2013 1284 2074 temperatur,
1317 2005 1577 2059 remissus
1604 2006 1715 2058 zeli
1733 2007 1948 2060 rectitu-

346 2097 473 2152 dine
513 2097 768 2166 erigitur,
809 2099 962 2168 191
995 2095 1282 2152 iracundus
1311 2111 1342 2150 a
1369 2097 1812 2166 prcccipitationis
1838 2113 1948 2152 suae

351 2193 686 2249 excitatione
714 2193 1052 2258 refrenatur,
1085 2192 1339 2247 universa
1367 2191 1511 2248 Deus
1538 2193 1692 2262 aquis
1730 2193 1942 2262 irrigat;

347 2287 474 2358 quia
499 2287 608 2341 vim
637 2287 719 2341 sui
745 2287 1014 2342 sermonis
1039 2287 1094 2341 in
1119 2287 1342 2356 singulis
1360 2285 1512 2356 juxta
1536 2305 1747 2344 morum
1768 2289 1945 2345 diver-

345 2379 562 2435 sitatem
592 2377 817 2444 format,
860 2386 920 2432 ut
943 2378 1049 2434 hoc
1077 2377 1132 2432 in
1155 2377 1272 2448 ejus
1302 2379 1519 2447 eloquio
1545 2379 1773 2449 quisque
1796 2379 1948 2434 inve-

347 2471 479 2535 niat,
503 2485 602 2540 per
625 2469 770 2538 quod
796 2470 1012 2526 virtutis
1029 2470 1347 2526 necessaria:
1366 2483 1585 2539 germen
1615 2467 1772 2530 ferat.
1795 2469 1948 2526 Unde

347 2577 444 2631 per
459 2561 747 2631 quemdam
762 2563 1062 2631 sapientem
1078 2561 1147 2616 de
1167 2575 1378 2616 marinas
1407 2561 1691 2616 dulcedine
1715 2561 1941 2616 dicitur:

347 2653 605 2708 Paratum
648 2670 837 2724 panem
877 2654 941 2708 de
975 2654 1102 2710 creto
1132 2655 1419 2724 prastitisti
1458 2655 1562 2708 illis
1598 2654 1711 2708 sine
1738 2653 1945 2718 labore,

347 2763 498 2800 omne
526 2746 954 2800 delectamentum
977 2747 1032 2800 in
1060 2763 1117 2800 se
1143 2745 1415 2800 habentem
1436 2735 1462 2812 ,’
1486 2754 1636 2817 atque
1665 2746 1832 2800 omnis
1861 2761 1949 2797 sa—

347 2839 490 2907 poris
514 2839 818 2892 suavitatem
842 2837 997 2908 (Sap.
1026 2855 1173 2906 xxw,
1205 2837 1320 2904 20).
1346 2837 1541 2892 Manna
1563 2838 1764 2907 quippe
1788 2852 1950 2892 omne

351 2930 811 2987 delectamentum
835 2939 998 3001 atque
1025 2930 1202 2986 omnis
1230 2929 1442 2999 saporis
1463 2929 1515 2983 in
1545 2945 1604 2984 se
1623 2931 1948 2986 suavitatem

349 3021 568 3086 habuit,
601 3023 746 3092 quod
776 3021 1030 3076 videlicet
1074 3023 1129 3076 in
1159 3036 1255 3076 ore
1281 3019 1602 3091 spiritalium
1622 3059 1639 3086 ,
1665 3019 1819 3088 juxta
1849 3035 1948 3073 vo-

348 3111 609 3168 luntatem
666 3111 975 3181 edentium,
1024 3127 1277 3183 saporem
1327 3110 1510 3177 dedit,
1563 3111 1687 3180 quia
1739 3110 1951 3166 divinus

347 3219 527 3261 sermo
572 3212 626 3259 et
665 3205 916 3261 omnibus
953 3218 1287 3275 congruens,
1338 3213 1396 3260 et
1434 3219 1466 3259 a
1512 3204 1810 3274 semetipso
1841 3221 1948 3259 non

2050 1980 2152 2034 bus
2201 1979 2510 2045 azstimant,
2566 1989 2730 2035 recta:
2786 1981 3128 2052 cogitationis
3185 1983 3432 2039 esamine
3490 1983 3647 2054 hujus

2049 2067 2235 2128 mundi
2256 2072 2481 2142 gloriam
2513 2063 2959 2129 transcentlentes
2979 2076 3210 2130 calcant.
3238 2073 3528 2130 Videamus
3556 2075 3648 2129 hu-

2050 2165 2228 2220 milem
2261 2161 2504 2219 Paulum.
2531 2159 2672 2220 Ecce
2699 2163 2978 2236 discipulis
2998 2165 3129 2222 dicit
3163 2183 3175 2218 :
3211 2161 3334 2220 Non
3360 2165 3493 2219 enim
3524 2183 3649 2221 nos-

2048 2258 2289 2328 metipsas
2327 2257 2694 2328 praedicamus,
2729 2257 2819 2311 sed
2847 2249 3025 2311 Jesum
3058 2257 3314 2312 Christum
3367 2251 3649 2312 Dominum

2049 2364 2302 2421 nostrum,
2335 2365 2444 2428 nos.
2481 2362 2654 2406 autem
2693 2369 2865 2406 servos
2901 2363 3095 2406 vestros
3131 2370 3222 2425 per
3268 2351 3527 2407 Christum
3557 2350 3644 2424 (Il

2049 2447 2170 2501 Cor.
2201 2463 2274 2507 IV,
2299 2443 2376 2519 5).
2428 2437 2722 2502 Videamus
2751 2445 2894 2500 hunc
2920 2442 3172 2502 humilem
3213 2447 3264 2502 in
3295 2447 3508 2503 sublimi
3534 2448 3648 2518 jam

2050 2539 2303 2609 positam.
2357 2537 2488 2592 Ait:
2519 2533 2599 2592 An
2640 2535 2851 2592 nescitis
2894 2539 3014 2608 quia
3057 2537 3268 2610 angelos
3299 2539 3648 2610 judicabimus

2052 2627 2102 2700 (1
2133 2623 2254 2683 Cor.
2287 2646 2357 2695 vr,
2396 2625 2497 2700 3)?
2528 2627 2592 2682 Et
2633 2645 2844 2683 rursum
2876 2647 2888 2682 :
2923 2628 3358 2684 Couresuscitavit
3381 2641 3427 2684 et
3471 2649 3650 2686 ωηερε

2051 2721 2176 2774 dere
2205 2739 2301 2776 nos
2332 2723 2454 2793 fecit
2494 2724 2549 2776 in
2605 2722 2893 2777 caelestibus
2934 2721 3150 2794 (Ep/tes.
3185 2741 3240 2790 ιι,
3275 2723 3352 2796 6).
3399 2717 3652 2782 Fortasse

2053 2811 2196 2867 hunc
2245 2813 2485 2867 exterius
2523 2823 2648 2868 tunc
2695 2820 2888 2868 catena
2935 2813 3218 2883 religabat,
3259 2823 3439 2870 mente
3472 2827 3652 2872 tamen

2055 2903 2264 2974 positus
2296 2905 2348 2958 in
2390 2897 2708 2961 sublimibus
2746 2903 2938 2973 fuerat,
2990 2908 3080 2978 qui
3107 2909 3217 2975 jam
3261 2923 3357 2978 per
3384 2908 3498 2979 Spei
3544 2925 3653 2964 sum

2053 2997 2434 3053 certitudincm
2462 3002 2515 3053 in
2546 2983 2856 3054 caelestibus
2872 2989 3116 3054 sedebat.
3150 3000 3335 3058 Sancti
3357 3003 3536 3072 itaque
3552 3003 3652 3060 viri

2055 3085 2184 3142 foris
2223 3083 2465 3158 despecti
2495 3099 2643 3154 sunt,
2669 3097 2728 3144 et
2754 3091 2905 3145 velut
2931 3089 3134 3160 indigni
3176 3091 3356 3147 omnia
3389 3081 3653 3161 tolerant;

2071 3185 2227 3254 1,92
2268 3183 2360 3238 sed
2402 3184 2595 3253 dignos
2641 3199 2702 3240 se
2750 3184 3000 3254 supernis
3043 3185 3260 3240 sedibus
3297 3187 3651 3252 conlidentes,

349 3297 683 3369 discrepans,
705 3298 951 3368 qualitati
975 3273 1305 3354 audientium
1328 3273 1757 3362 condescendit;
1783 3312 1943 3366 quem
1973 3280 2020 3343 C
2056 3273 2618 3369 m‘e’f'i'aiisgl‘l’iifm
2640 3289 2763 3369 09m
2787 3274 3108 3369 οςπιίιυάίηθ
3132 3285 3448 3369 θΧεΡκ-οἰῑληι
3463 3295 3488 3369 ;,
3503 3295 3652 3334 CUI"-

350 3389 476 3444 dum
524 3391 729 3447 electus
759 3391 989 3461 quisque
1016 3392 1219 3447 utiliter
1243 3391 1398 3460 juxta
1427 3390 1649 3446 modum
1679 3405 1834 3446 suum
1865 3391 1947 3444 in-

351 3466 562 3550 telligit,
593 3481 746 3573 qqasi
770 3491 1052 3553 acceptum
1077 3497 1276 3536 manna
1307 3481 1362 3536 in
1390 3481 1758 3538 voluntarium
1789 3497 1950 3551 sapo—

349 3585 462 3624 rem
485 3571 665 3626 vertit.
699 3571 765 3626 Et
792 3573 919 3642 quia
947 3573 1192 3628 laborem
1215 3572 1345 3628 boni
1373 3573 1557 3643 operis
1580 3573 1752 3642 gloria
1777 3573 1953 3642 sequi-

351 3671 436 3717 tur
482 3665 888 3730 retributionis,
947 3673 1070 3734 post
1115 3679 1376 3735 aquarum
1430 3665 1752 3734 rigationem
1802 3676 1952 3720 recte

349 3754 686 3824 subiungitur
713 3773 726 3808 :
758 3753 857 3819 Qui
879 3757 1022 3824 ponit
1044 3755 1261 3809 humiles
1281 3757 1337 3809 in
1356 3754 1586 3820 sublimi,
1609 3764 1660 3810 et
1679 3767 1950 3812 maerentes

349 3849 504 3919 erigit
531 3849 798 3918 sospitate.

423 3951 576 4026 [Vet.
617 3949 784 4016 VIII,
822 3950 942 4004 Rec.
976 3949 1088 4023 1.]
1123 3951 1213 4006 3'5.
1252 3953 1440 4007 Servos
1469 3950 1568 4005 Dei
1597 3965 1734 4005 nunc
1763 3952 1949 4022 despe-

351 4051 460 4097 ctos
489 4051 538 4096 et
567 4041 783 4112 afﬂictos
813 4040 980 4112 gloria
1010 4051 1061 4095 et
1090 4040 1338 4112 gaudium
1365 4041 1644 4111 excipient.
1675 4067 1747 4081 -—
1775 4040 1829 4096 In
1862 4057 1954 4096 su-

350 4135 499 4189 blimi
544 4135 778 4189 humiles
822 4142 1126 4204 ponuntur,
1170 4134 1296 4202 quia
1335 4132 1392 4187 hi
1427 4136 1518 4203 qui
1550 4149 1694 4187 nunc.
1727 4150 1824 4204 pro
1859 4133 1951 4188 Dei

351 4241 538 4281 amore
565 4227 804 4297 despecti
834 4233 981 4294 sunt,
1013 4233 1144 4280 tunc
1171 4238 1297 4280 cum
1325 4224 1440 4279 Deo
1465 4224 1675 4293 iudices
1704 4225 1948 4290 veniunt,

349 4322 489 4376 sicut
512 4322 617 4376 hoc
639 4320 784 4391 quod
807 4319 967 4390 paulo
983 4327 1107 4373 ante
1125 4317 1236 4388 jam
1259 4317 1512 4383 diximus,
1536 4317 1744 4372 eisdem
1773 4317 1950 4370 humi-

352 4416 491 4471 libus
516 4415 730 4471 Veritas
759 4414 1076 4484 pollicetur,
1110 4413 1296 4468 dicens
1329 4430 1341 4464 :
1382 4411 1485 4465 Vos
1514 4411 1600 4484 qui
1638 4413 1798 4464 secuti
1827 4412 1952 4464 estis

351 4524 450 4573 me,
475 4508 530 4560 in
552 4507 940 4577 regeneratione
961 4520 1076 4557 cum
1097 4503 1290 4558 sederit
1309 4499 1483 4556 Filius
1507 4501 1731 4554 hominis
1751 4501 1805 4553 in
1830 4499 1951 4553 sede

351 4599 639 4668 majestatis
669 4614 794 4664 sure,
825 4595 1068 4650 sedebitis
1103 4605 1153 4649 et
1187 4612 1276 4649 vos
1305 4611 1460 4665 super
1481 4593 1751 4647 duodecim
1777 4593 1947 4660 sedes,

354 4663 641 4755 iudicantes
681 4688 951 4741 duodecim
999 4685 1161 4741 tribus
1199 4663 1376 4740 Israel
1402 4684 1630 4757 (Matth.
1665 4701 1785 4748 nx,
1814 4683 1880 4738 28
1904 4692 1944 4753 ).
1980 4663 2031 4723 Ῐ)

354 4780 504 4836 Tunc
526 4789 816 4836 mmrentes
836 4780 1095 4834 Dominus
1117 4779 1379 4848 sospitate
1403 4779 1582 4847 erigit,
1609 4778 1734 4847 quia
1757 4777 1812 4830 hi
1834 4777 1950 4846 qui,

353 4876 468 4945 ejus
507 4873 789 4930 desideriis
833 4870 1074 4937 accensi,
1126 4885 1385 4942 prospera
1436 4871 1674 4940 fugiunt,
1724 4871 1952 4925 adversa

352 4969 648 5040 patiuntur,
678 4966 950 5022 cruciatus
989 4965 1429 5035 persequentium
1481 4965 1736 5031 tolerant,
1783 4979 1952 5032 seque

356 5064 456 5133 ipsi
486 5076 585 5134 per
626 5061 863 5115 lamenta
894 5059 1186 5128 castigant,
1226 5065 1378 5112 tanto
1415 5057 1787 5112 sublimiorem
1823 5070 1952 5112 tunc

353 5157 670 5226 sospitatem
717 5154 1014 5225 recipiunt,
1071 5161 1280 5222 quanto
1323 5166 1469 5206 nunc
1510 5151 1718 5205 cunctis
1767 5149 1953 5206 mundi

353 5252 562 5321 gaudiis
605 5251 803 5305 devote
836 5249 1158 5303 moriuntur.
1200 5245 1335 5300 Hinc
1371 5253 1454 5300 est
1491 5244 1633 5298 enim
1681 5243 1826 5313 quod
1855 5257 1952 5313 per

355 5344 701 5398 Salomonem
747 5341 948 5398 dicitur
989 5357 1001 5394 :
1047 5340 1146 5394 Cor
1189 5338 1323 5399 quod
1362 5337 1504 5391 novit
1552 5336 1953 5389 amaritudinem

356 5440 545 5493 anima:
573 5454 700 5502 suta,
731 5439 786 5492 in
836 5437 1024 5508 gaudio
1054 5437 1168 5506 ejus
1212 5418 1316 5488 non
1347 5432 1644 5487 miscebitur
1673 5441 1952 5486 extraneas

355 5530 538 5603 (Prov.
571 5529 817 5596 x1v,l0).
851 5531 1091 5584 Humana
1121 5528 1324 5582 etenim
1355 5541 1506 5582 mens
1536 5525 1950 5579 amaritudinem

353 5625 546 5680 anima:
575 5639 684 5678 suae
728 5623 849 5686 scit,
882 5637 1028 5689 cum,
1077 5630 1292 5676 aeternae
1323 5621 1512 5694 patrita
1549 5617 1831 5673 desideriis
1860 5633 1952 5674 ac-

351 5735 532 5785 censa,
568 5718 1016 5790 peregrinationis
1044 5729 1154 5774 sua:
1181 5731 1402 5788 poenam
1430 5716 1609 5775 ﬂendo
1637 5716 1946 5785 cognoscit;

353 5811 450 5868 sed
487 5811 542 5866 in
586 5811 704 5866 eius
753 5809 946 5878 gaudio
977 5817 1266 5867 extraneus
1305 5833 1420 5883 non
1455 5809 1792 5874 miscebitur,
1825 5808 1950 5878 quia

416 5977 452 6028 ua
486 5967 755 6038 Plerique,
795 5967 909 6038 ﬁlia
938 5963 1185 6035 Babylon.
1217 5968 1297 6040 ita
1336 5988 1497 6056 etiam
1524 5975 1628 6028 vet.
1659 5961 1799 6018 Edlt.

2055 3382 2160 3436 quc
2188 3365 2437 3420 laborant
2462 3363 2592 3420 foris
2621 3361 2951 3422 adversitate
2975 3365 3388 3438 persecutionis,
3423 3359 3490 3424 ad
3527 3387 3651 3426 mu-

2055 3460 2222 3514 nitam
2272 3468 2560 3515 recurrunt
2602 3460 2927 3515 intrinsecus
2955 3469 3133 3515 arcem
3164 3461 3392 3526 mentis;
3435 3459 3489 3515 et
3529 3461 3652 3516 inde

2054 3563 2245 3610 cuncta
2283 3553 2383 3608 sub
2409 3569 2469 3608 se
2523 3554 2601 3608 ire
2630 3548 2959 3624 despiciunt,
2987 3552 3128 3607 inter
3155 3551 3275 3624 qua:
3315 3555 3372 3607 et
3421 3553 3588 3606 transi
3621 3569 3653 3608 e

2053 3648 2412 3716 corporaliter
2463 3648 2628 3703 etiam
2678 3648 3000 3718 semetipsos
3046 3639 3304 3712 cernunt;
3335 3645 3508 3700 minas
3548 3661 3652 3704 non

2054 3751 2324 3804 metuunt,
2375 3742 2500 3808 quia
2551 3730 2606 3795 et
2658 3749 2925 3794 tormenta
2974 3739 3230 3810 patiendo
3278 3737 3651 3794 contemnunt.

2056 3831 2189 3886 Hinc
2221 3831 2362 3886 enim
2390 3847 2484 3901 per
2505 3823 2856 3885 Salomoaem
2888 3831 3083 3885 dicitur
3119 3851 3128 3884 :
3156 3833 3337 3884 Justus
3379 3825 3528 3900 quasi
3577 3827 3654 3884 leo

2054 3922 2320 3992 conﬁdens
2349 3915 2536 3992 absque
2565 3930 2760 3974 terrore
2810 3923 2912 3974 erit
2970 3920 3363 3992 (Pramum-'1",
3407 3920 3472 3989 l).
3520 3915 3654 3976 Hinc

2056 4017 2123 4071 ab
2153 4031 2219 4070 eo
2244 4005 2440 4071 iterum
2463 4014 2724 4083 scriptum
2757 4022 2842 4068 est
2883 4031 2896 4068 :
2931 4011 3057 4066 Non
3089 4012 3652 4081 contristabitjustum,

2054 4103 2303 4178 quidquid
2330 4105 2378 4160 ei
2409 4105 2655 4159 acciderit
2678 4097 2859 4178 (Prov.
2907 4121 3002 4173 xu,
3029 4099 3142 4173 21).
3176 4101 3311 4172 Quia
3343 4103 3483 4157 cnim
3519 4101 3654 4158 recti

2055 4199 2257 4268 quique
2285 4193 2341 4276 in
2363 4197 2476 4252 alto
2509 4195 2826 4252 intentionis
2849 4211 2959 4250 sua:
3003 4196 3203 4249 rcrtice
3230 4193 3319 4250 siti
3347 4201 3489 4262 sunt,
3525 4193 3653 4248 dum

2055 4303 2289 4350 mortem
2312 4284 2594 4350 moriendo
2623 4308 2733 4346 non
2770 4291 3034 4358 sentiunt,
3067 4291 3203 4344 miro
3247 4281 3408 4346 modo
3448 4306 3544 4346 eos
3566 4304 3654 4344 re-

2055 4387 2350 4459 proborum
2375 4384 2558 4455 jacula
2599 4373 2903 4450 etl'eiiunt,
2957 4392 3148 4438 clnun
3202 4385 3541 4452 contingunt.
3595 4378 3653 4437 In

2056 4484 2273 4540 sublimi
2297 4497 2426 4552 ergo
2447 4483 2678 4538 humiles
2700 4473 3020 4550 suntpositi,
3059 4482 3186 4548 quia
3216 4481 3356 4534 unde
3373 4495 3430 4534 se
3457 4481 3510 4534 in
3543 4493 3653 4532 om-

2060 4579 2214 4633 nibus
2235 4577 2557 4647 despiciunt,
2581 4576 2706 4630 inde
2744 4584 2938 4630 contra
2962 4574 3141 4626 onmia
3162 4574 3463 4626 securiores
3495 4574 3651 4628 liunt.

2129 4674 2274 4746 [Vet.
2304 4672 2410 4739 IX,
2442 4671 2568 4726 Rec.
2601 4659 2736 4740 XL]
2785 4653 2936 4724 blens
2969 4669 3038 4722 ad
3062 4686 3124 4720 ea
3153 4684 3266 4739 qua:
3297 4680 3453 4740 supra
3485 4685 3653 4740 ipsum

2057 4773 2174 4820 sunt
2202 4766 2410 4819 inhiare
2436 4780 2666 4828 cessans,
2692 4760 2785 4814 sub
2809 4763 3138 4831 semetipsum
3157 4759 3504 4815 indesinenter
3525 4762 3648 4816 ruit.

2054 4892 2125 4904 -—-
2154 4859 2272 4926 Quo
2301 4865 2485 4912 contra
2523 4864 2672 4910 recte
2716 4853 2813 4907 sub
2841 4851 3134 4937 Babylonis
3182 4851 3364 4920 specie
3408 4868 3506 4922 per
3533 4867 3653 4923 pro-

2056 4956 2275 5021 phetam
2304 4950 2473 5006 menti
2491 4948 2738 5017 reprobm
2765 4946 2962 4999 dicitur
2989 4964 3000 4997 :
3027 4941 3444 5010 Descende,sede
3465 4947 3519 4998 in
3540 4945 3651 5013 pul-

2057 5067 2190 5115 vere,
2235 5064 2376 5119 virgo
2430 5048 2544 5115 [itm
2577 5067 2594 5077 -ι
2629 5039 2932 5111 Babylonis,
2963 5046 3082 5094 sede
3127 5043 3179 5092 in
3219 5048 3389 5106 terra;
3424 5056 3526 5092 non
3575 5046 3652 5092 est

2055 5129 2241 5194 saliunt
2269 5138 2394 5206 ﬁliae
2444 5135 2807 5190 Chaldseorum
2853 5132 3009 5202 (Isai.
3044 5150 3210 5199 xum,
3244 5133 3318 5202 l).
3359 5129 3474 5186 Hoc
3506 5131 3650 5184 enim

2055 5235 2180 5290 loco
2197 5236 2431 5289 humana
2447 5245 2607 5285 utens
2629 5230 2781 5296 virgo
2806 5243 2912 5283 non
2953 5237 3290 5299 incorrupta,
3314 5239 3369 5280 ut
3393 5226 3646 5290 arbitror,

2055 5330 2268 5392 dicitur,
2297 5327 2392 5384 sed
2417 5324 2728 5382 infecunda.
2769 5322 2836 5376 Et
2864 5323 2988 5393 quia
3016 5322 3257 5396 Babylon
3285 5318 3527 5374 confusio
3568 5317 3649 5370 in-

2057 5429 2404 5492 terpretatur,
2448 5427 2597 5493 recte
2647 5416 2933 5471 i..fecunda
2995 5431 3146 5470 mens
3205 5412 3489 5484 Babylonis
3538 5406 3646 5465 lilia

2053 5530 2296 5580 vacatur,
2326 5529 2446 5585 quae
2476 5513 2525 5566 in
2554 5526 2622 5565 eo
2637 5509 2782 5580 quod
2809 5523 3144 5578 nequaquam
3166 5505 3306 5560 bona
3335 5519 3496 5574 opera
3527 5509 3649 5571 ger-

2054 5611 2241 5671 minat,
2277 5607 2402 5661 dum
2461 5605 2606 5659 nullo
2659 5602 2847 5657 ordine
2901 5607 3062 5654 recta:
3104 5599 3228 5652 vita:
3283 5595 3644 5666 componitur,

2052 5702 2205 5772 quasi
2229 5699 2546 5767 confusione
2574 5703 2748 5750 matre
2793 5699 3102 5762 generatur.
3131 5688 3224 5745 Sin
3267 5696 3444 5743 autem
3497 5688 3646 5756 virgo

2053 5812 2163 5852 non
2206 5791 2491 5850 infecunda
2538 5789 2760 5852 dicitur,
2809 5785 2904 5842 sed
2944 5785 3257 5856 incorrupta
3283 5825 3297 5852 ,
3357 5792 3640 5852 postquam
