4180 6466
576 540 680 594 743

1770 526 2014 585 SANCTI
2054 524 2381 582 GREGORII
2419 526 2636 584 MAGNI

3741 521 3871 578 744

571 661 767 710 statum
791 648 979 705 salutis
1001 641 1249 720 perdidit,
1280 648 1349 703 ad
1380 646 1711 704 confusionis
1739 662 1849 702 suae
1877 646 2148 703 cumulum
2176 646 2226 705 Α
2254 646 2514 701 stratione
2556 646 2755 716 quippe
2801 644 2981 715 operis
3026 642 3303 713 turpitudo
3344 642 3668 707 denudatur,
3722 643 3866 699 dum

570 744 870 814 appellatur
898 742 1040 812 quod
1070 741 1187 797 fuit.
1218 740 1318 797 Cui
1346 750 1472 812 apte
1499 756 1596 813 per
1624 740 2045 811 increpationem
2075 738 2157 792 di-

568 838 711 892 citur
730 835 910 890 divina
931 848 1103 889 voce:
1135 832 1418 888 Descende.
1446 832 1504 888 in
1534 826 1644 889 alto
1672 833 1869 902 quippe
1892 834 2156 885 humanus

568 932 778 985 animus
797 935 925 990 stat.
949 926 1166 996 quando
1196 927 1446 997 supernis
1473 925 1917 981 retributionibus
1947 922 2152 991 inhiat];

565 1022 661 1077 sed
691 1020 759 1076 ab
786 1020 891 1075 hoc
918 1027 1062 1074 statu
1089 1018 1395 1085 descendit,
1428 1034 1551 1074 cum
1583 1019 1810 1088 turpiter
1838 1017 2011 1071 victus
2038 1028 2157 1070 sese

564 1110 925 1171 deﬂuentibus
950 1112 1135 1166 mundi
1158 1111 1439 1168 desideriis
1468 1111 1703 1181 subjicit.
1736 1108 1834 1164 Cui
1865 1109 2003 1164 bene
2028 1122 2155 1164 mox

564 1205 777 1259 additur
806 1222 819 1257 :
854 1203 992 1259 Sede
1018 1206 1074 1258 in
1097 1203 1319 1272 pulvere.
1342 1203 1684 1259 Descendens
1704 1203 1847 1257 enim
1865 1202 1915 1255 in
1939 1201 2156 1274 pulvere

561 1296 792 1361 residet,
822 1296 947 1365 quia
974 1296 1212 1351 etelestia
1240 1295 1517 1358 deserens,
1550 1296 1777 1349 terrenis
1808 1293 2154 1363 cogitationi-

563 1388 663 1444 bus
694 1403 947 1457 aspersus
971 1386 1025 1440 in
1056 1385 1281 1440 inﬁrmis
1307 1386 1536 1441 vilescit.
1591 1384 1690 1440 Ubi
1721 1385 1895 1439 adhuc
1918 1383 2155 1454 {ingemi-

564 1482 746 1537 nando
772 1479 1147 1551 subiungitur:
1182 1479 1321 1535 Sede
1364 1480 1420 1533 in
1459 1488 1617 1532 terra.
1660 1477 1738 1533 Ac
1766 1478 1812 1533 si
1842 1483 2029 1547 aperte
2052 1490 2152 1530 ex-

563 1573 829 1644 probrans
857 1571 1002 1626 dicat
1034 1590 1047 1624 :
1089 1570 1225 1637 Quia
1257 1570 1464 1626 etelesti
1491 1569 1907 1625 conversatione
1938 1566 2153 1621 noluisti

562 1674 617 1720 te
642 1665 872 1733 erigere,
902 1664 1001 1718 sub
1029 1662 1316 1732 temetipso
1342 1667 1647 1731 prostratus
1673 1661 1726 1714 in
1756 1659 1986 1714 terrenis
2017 1659 2155 1714 acti-

560 1755 660 1811 bus
687 1755 991 1810 humiliare.
1025 1752 1178 1809 Unde
1206 1762 1261 1809 et
1289 1753 1593 1808 necessario
1624 1753 1868 1821 protinus
1895 1750 2107 1805 additur
2134 1768 2147 1803 :

560 1844 687 1901 Non
716 1856 793 1901 est
824 1846 1011 1901 solium
1039 1846 1168 1916 ﬁlia:
1208 1843 1589 1899 Chaldarorum.
1640 1843 1875 1899 Chaldmi
1924 1858 2152 1913 namque

557 1938 770 1994 feroces
798 1936 1433 2008 interpretantur.Valde
1455 1947 1634 1993 autem
1660 1935 1868 1992 feroces
1890 1943 2035 2002 sunt,
2059 1935 2149 2004 qui

2257 738 2382 794 vilis
2410 754 2564 795 mens
2590 739 2910 809 abjectaque
2938 738 2991 792 in
3015 737 3245 792 actionis
3266 738 3633 792 ostentatione
3658 753 3864 806 cogno-

2257 832 2444 897 scitur,
2476 847 2596 902 quze
2615 832 2799 901 quieta
2822 832 2971 901 prius
2999 844 3188 899 magna
3210 830 3521 901 putabatur.
3554 828 3864 885 Humerum

2257 938 2409 979 mens
2438 923 2784 994 discooperit,
2818 923 3034 993 quando
3056 937 3192 993 opus
3221 937 3376 977 suum
3398 921 3543 990 quod
3574 921 3866 991 ignoraba-

2258 1023 2346 1070 tur
2365 1015 2617 1072 ostendit.
2642 1015 2811 1071 Crura
2834 1016 3062 1082 revelat,
3086 1015 3211 1084 quia
3234 1015 3429 1084 quibus
3458 1012 3859 1070 desideriorum

2255 1106 2501 1176 passibus
2552 1108 2716 1162 lucris
2760 1107 2943 1162 mundi
2998 1106 3170 1163 inhiet
3214 1105 3541 1161 manifestat.
3596 1105 3857 1162 Flumina

2255 1199 2416 1253 etiam
2445 1201 2664 1264 transit,
2695 1200 2820 1269 quia
2850 1199 3091 1254 actiones
3116 1198 3275 1268 hujus
3303 1199 3484 1253 smeuli
3505 1238 3521 1264 ,
3554 1214 3677 1270 qum
3705 1214 3855 1268 quo-

2255 1288 2382 1342 tidie
2411 1288 2478 1342 ad
2510 1290 2799 1345 terminum
2843 1288 3118 1359 deﬂuunt,
3172 1290 3550 1346 indesinenter
3597 1292 3853 1360 appetit;

2255 1381 2493 1451 dumque
2521 1382 2655 1437 alias
2681 1383 2969 1453 relinquit,
3002 1384 3134 1437 alias
3161 1384 3486 1452 assequitur,
3519 1383 3676 1452 quasi
3704 1398 3855 1438 sem-

2254 1488 2353 1543 per
2380 1471 2404 1510 ἀ
2438 1474 2505 1529 de
2533 1472 2752 1529 ﬂumine
2780 1474 2846 1528 ad
2874 1473 3075 1529 ﬂumen
3103 1474 3295 1530 tendit.
3346 1472 3474 1529 Haec
3522 1473 3708 1543 paucis
3755 1489 3857 1544 per

2256 1580 2535 1620 excessum
2558 1566 2810 1632 diximus,
2836 1575 2896 1621 ut
2922 1582 3075 1622 mens
3099 1583 3129 1621 a
3151 1567 3290 1622 solio
3313 1575 3514 1622 sancta:
3538 1568 3855 1625 intentionis

2255 1671 2481 1711 excussa
2507 1672 2618 1726 quo
2641 1657 2821 1727 jaceat
2847 1666 3291 1722 monstraremus,
3322 1659 3445 1729 quia
3467 1658 3517 1714 si
3547 1658 3613 1712 ad
3637 1674 3703 1713 ea
3728 1674 3852 1729 quae

2254 1763 2416 1817 super
2444 1748 2612 1819 ipsam
2640 1758 2767 1805 sunt
2791 1749 3001 1804 inhiare
3027 1750 3341 1817 cessaverit,
3369 1752 3472 1804 sub
3499 1750 3847 1820 semetipsam

2255 1840 2416 1893 etiam
2440 1840 2809 1895 indesinenter
2828 1842 2956 1896 ruit.
2988 1840 3045 1895 lu
3070 1841 3182 1896 alto
3204 1849 3383 1895 autem
3409 1841 3605 1921 ﬂgitur,
3630 1843 3675 1898 si
3698 1859 3851 1898 amo.

2254 1948 2368 1987 rem
2400 1936 2777 2003 temporalium
2806 1935 3081 2002 deserens,
3114 1934 3181 1989 ad
3207 1950 3360 2004 spem
3393 1936 3849 1991 incommutabilis

559 2042 584 2069 ⁸
615 2032 921 2087 voluntates
966 2031 1211 2101 proprias
1256 2038 1578 2099 sequentes,
1630 2044 1732 2084 nec
1778 2029 1888 2083 suis
1930 2043 2152 2098 parcere
2183 2021 2570 2081 Bmternitatis
2601 2028 2815 2094 ligatur.

555 2123 820 2179 mortibus
847 2125 1045 2179 sciunt.
1069 2123 1290 2178 Ferocia
1314 2132 1441 2177 sunt
1476 2134 1687 2178 terrena
1713 2122 1999 2186 desideria,
2034 2136 2154 2191 qua:

554 2228 664 2267 non
687 2213 861 2268 solum
878 2221 1067 2268 contra
1089 2222 1357 2283 praecepta
1381 2214 1698 2276 conditoris,
1719 2214 1813 2267 sed
1835 2228 1976 2282 saepe
1990 2212 2149 2266 etiam

460 2343 471 2363 .
555 2311 747 2359 contra
776 2304 1190 2373 percussionum
1218 2308 1473 2371 verbera,
1514 2306 1704 2360 duram
1736 2314 1899 2375 atque
1928 2305 2153 2359 insensi-

557 2393 721 2448 bilem
744 2402 982 2448 mentem
1007 2394 1262 2449 reddunt.
1290 2393 1400 2450 Sed
1423 2396 1526 2449 lilia
1550 2396 1805 2452 l'erocium
1825 2396 2023 2452 solium
2046 2414 2151 2451 non

558 2484 749 2550 habet,
779 2499 907 2554 quia
937 2501 1125 2555 mens,
1155 2502 1276 2556 qum
1305 2487 1373 2541 ad
1404 2503 1645 2542 amorem
1674 2489 1856 2544 mundi
1880 2505 1947 2545 ex
1973 2491 2153 2559 pravis

560 2572 845 2631 desideriis
882 2575 1151 2643 nascitur,
1185 2586 1349 2647 atque
1378 2578 1579 2633 eisdem
1607 2578 1887 2636 desideriis
1916 2580 2150 2636 obdura-

558 2671 677 2731 tur,
710 2665 763 2719 in
795 2680 862 2721 eo
890 2666 1037 2735 quod
1067 2682 1127 2723 se
1153 2669 1386 2724 terrenis
1413 2669 1872 2741 concupiscentiis
1900 2672 2113 2740 subjicit
2132 2715 2148 2741 ,

555 2757 740 2812 sedem
762 2756 950 2827 judicii
979 2760 1206 2827 amittit;
1245 2761 1485 2829 nullique
1512 2762 1651 2831 apud
1691 2778 1750 2817 se
1792 2763 1929 2818 solio
1960 2764 2149 2833 praesi-

554 2851 674 2919 det,
706 2852 833 2922 quia
862 2853 1113 2908 examiue
1152 2853 1498 2910 discretionis
1526 2862 1711 2923 caret,
1743 2866 1797 2909 et
1825 2857 1977 2927 quasi
2006 2872 2034 2909 a
2062 2856 2152 2924 ju-

555 2941 681 2997 dicii
710 2943 794 2997 sui
812 2943 1058 3000 sessione
1081 2944 1382 3015 repellitur,
1413 2947 1539 3015 quia
1569 2962 1665 3017 per
1690 2948 1987 3003 exteriores
2016 2964 2149 3003 con-

553 3035 918 3105 cupiscentias
947 3045 1191 3106 vagatur.
1223 3034 1419 3106 Liquet
1457 3038 1620 3102 enim,
1655 3038 1801 3107 quod
1831 3054 2000 3104 mens,
2032 3054 2150 3107 quae

557 3126 703 3182 intus
724 3127 935 3184 consilii
956 3127 1139 3185 sedem
1166 3127 1484 3198 perdiderit,
1512 3129 1654 3184 loras
1682 3144 1740 3183 se
1769 3145 1865 3199 per
1885 3128 2149 3183 desideria

555 3219 1023 3277 innumerabiliter
1074 3222 1299 3292 spargit.
1358 3220 1424 3276 Et
1478 3223 1605 3291 quia
1659 3236 1819 3290 agere
1872 3221 2147 3276 intellecta

554 3311 894 3382 dissimulat,
944 3320 1178 3368 cmeatur
1221 3321 1401 3378 recte,
1453 3321 1515 3368 ut
1552 3312 1713 3368 etiam
1756 3313 1961 3368 nesciat
2003 3314 2147 3382 quod

2327 2118 2415 2172 26.
2452 2119 2658 2175 Lretitia
2716 2136 2973 2175 servorum
3010 2120 3106 2174 Dei
3155 2137 3311 2183 vera;
3343 2121 3526 2175 laztitia
3553 2120 3848 2188 iniquon

2256 2212 2569 2271 emineanin,
2600 2227 2705 2265 non
2741 2229 2805 2265 ex
2840 2212 3107 2281 sospitate.
3147 2244 3219 2255 —
3250 2211 3397 2267 Bene
3427 2226 3556 2279 ergo
3606 2211 3844 2265 dicitur:

2259 2302 2360 2366 Qui
2390 2307 2531 2375 ponit
2556 2305 2770 2360 humiles
2793 2306 2846 2359 in
2872 2306 3097 2360 sublimi.
3118 2306 3290 2375 Atque
3318 2314 3443 2375 apte
3468 2305 3842 2373 subjungitur:

2256 2393 2325 2448 Et
2374 2405 2641 2450 maerentes
2697 2398 2849 2467 erigit
2889 2399 3154 2466 sospitate.
3205 2395 3360 2468 Smpe
3406 2398 3459 2451 in
3508 2398 3609 2452 hoc
3645 2400 3845 2451 mundo

2256 2489 2420 2542 etiam
2452 2489 2557 2542 keti
2586 2489 2811 2558 quilibet
2853 2491 3020 2545 erecti
3067 2498 3211 2554 sunt,
3263 2491 3388 2545 dum
3418 2491 3486 2545 de
3528 2490 3641 2560 ipsa
3671 2490 3842 2559 gloria

2255 2597 2365 2635 sua:
2387 2581 2761 2649 prosperitatis
2783 2581 3167 2637 intumescunt.
3197 2580 3305 2637 Sed
3342 2592 3635 2637 maerentes
3666 2582 3843 2638 Domi-

2255 2690 2353 2727 nus
2383 2674 2642 2743 sospitate
2671 2673 2844 2739 erigit,
2876 2673 3002 2743 quia
3025 2672 3254 2729 afﬂictos
3268 2688 3396 2729 suos
3411 2674 3479 2729 ad
3507 2674 3732 2743 gloriam
3749 2691 3840 2730 ve-

2254 2780 2328 2819 rze
2355 2765 2549 2819 laetitiae
2578 2764 2851 2820 soliditate
2898 2765 3153 2820 sustollit.
3186 2764 3458 2836 Sospitate
3487 2769 3706 2838 quippe,
3734 2784 3841 2823 non

2255 2857 2459 2911 insania
2490 2857 2655 2911 erecti
2685 2864 2846 2922 sunt,
2877 2857 2969 2925 qui
3014 2857 3067 2912 in
3097 2858 3254 2912 bonis
3290 2858 3498 2913 actibus
3528 2858 3706 2929 positi,
3749 2874 3843 2929 spe

2253 2946 2304 2999 in
2336 2945 2501 3001 Deum
2535 2946 2685 3000 ﬁrma
2726 2946 3080 3015 gratulantur.
3112 2945 3364 3002 Nonnulli
3408 2948 3572 3015 enim,
3600 2949 3737 3004 sicut
3762 2950 3843 3005 di-

2253 3038 2446 3104 ximus,
2503 3046 2559 3092 et
2609 3039 2916 3107 iniquitates
2961 3048 3296 3110 perpetrant,
3354 3048 3408 3095 et
3445 3041 3682 3111 gaudere
3735 3057 3840 3097 non

2252 3135 2505 3194 cessant;
2537 3128 2604 3183 de
2629 3130 2823 3199 quibus
2852 3145 2950 3199 per
2977 3129 3324 3187 Salomonem
3352 3131 3557 3187 dicitur
3581 3151 3593 3186 :
3629 3132 3728 3197 Qui
3753 3134 3839 3187 lte-

2252 3227 2427 3272 tuntur
2463 3236 2578 3273 cum
2606 3222 2979 3291 malefecerint,
3011 3215 3060 3275 el
3088 3224 3351 3278 exsultant
3377 3225 3433 3278 in
3483 3225 3636 3280 rebus
3677 3228 3840 3297 pessi-

2252 3312 2349 3364 mis
2380 3311 2561 3383 (Prov.
2588 3328 2646 3375 ll,
2681 3311 2794 3381 M).
2822 3311 2889 3365 Et
2925 3329 3138 3368 rursum
3165 3332 3177 3368 :
3206 3314 3344 3369 Sunt
3364 3318 3533 3386 impii,
3562 3319 3647 3388 qui
3674 3319 3746 3371 ita
3770 3335 3843 3372 se-

556 3413 711 3472 agat;
742 3414 800 3461 et
827 3421 971 3475 saepe
996 3404 1144 3474 justo
1168 3406 1374 3474 judicio
1404 3406 1458 3460 in
1488 3422 1584 3460 sua
1614 3406 1729 3475 ipsa
1758 3406 2033 3460 voluntate
2063 3421 2148 3459 re-
2174 3405 2219 3466 C
2253 3405 2361 3456 euri
2402 3411 2540 3467 sunt,
2573 3420 2635 3456 ac
2662 3405 2707 3457 si
2729 3403 2990 3475 justorum
3033 3406 3176 3477 facta
3205 3405 3426 3461 habeant
3470 3411 3487 3478 (
3513 3407 3688 3462 Eccle.
3730 3424 3839 3474 vnn,

557 3497 838 3567 linquitur,
862 3505 919 3553 et
932 3497 1032 3552 sub
1053 3512 1119 3552 ea
1138 3512 1257 3567 qum
1277 3497 1437 3552 anxie
1453 3497 1660 3567 appetit
1679 3497 1944 3552 laboriosa
1966 3498 2148 3552 mundi

555 3589 856 3644 ministeria
883 3588 1182 3644 relaxatur.
1211 3586 1354 3659 [νει.
1386 3586 1439 3643 Χ
1446 3587 1485 3661 .]
1515 3585 1667 3644 Unde
1689 3596 1813 3659 apte
1835 3588 1943 3644 illic
1963 3588 2147 3644 subdi-

555 3689 645 3735 tur
675 3698 689 3733 :
724 3679 859 3745 Quia
898 3682 1039 3735 ultra
1066 3697 1170 3735 non
1199 3679 1466 3736 vocaberis
1510 3682 1681 3737 mollis
1710 3692 1761 3736 et
1788 3693 1997 3749 tenera;
2028 3682 2151 3738 tolle

553 3775 775 3839 molam,
805 3782 855 3827 et
882 3774 1016 3827 mole
1040 3773 1269 3844 farinam
1299 3772 1495 3842 (lbid.,
1527 3773 1615 3842 2).
1642 3772 1868 3830 Constat
1896 3776 2148 3830 nimirum

553 3867 695 3936 quod
724 3877 923 3921 tenerae
968 3881 1078 3920 sum
1122 3865 1242 3919 ﬁlim
1274 3874 1526 3936 parentes
1564 3877 1823 3939 parcunt,
1875 3884 1977 3923 nec
2004 3869 2151 3923 duris

553 3968 716 4028 atque
740 3959 1025 4014 servilibus
1055 3959 1195 4014 hanc
1221 3959 1476 4027 operibus
1502 3958 1766 4027 ailligunt.
1797 3958 2151 4031 Omnipotens

553 4067 683 4122 ergo
710 4051 853 4108 Deus
878 4052 1031 4124 quasi
1061 4060 1305 4108 teneram
1336 4053 1505 4108 tiliam
1532 4062 1714 4119 vocat,
1752 4054 1907 4125 193
1935 4055 2151 4124 quando

554 4144 806 4201 dilectam
836 4144 1255 4216 uniuscujusque
1292 4146 1528 4201 animam
1574 4161 1605 4200 a
1654 4146 1941 4202 laboriosis
1993 4147 2152 4216 hujus

555 4237 740 4292 mundi
771 4238 1008 4293 servitiis
1030 4245 1284 4303 revocat;
1315 4253 1385 4293 ne
1409 4238 1537 4293 dum
1558 4239 1916 4296 exterioribus
1944 4240 2153 4295 actibus

557 4329 821 4395 allicitur,
852 4329 921 4384 ab
947 4330 1174 4386 internis
1201 4329 1485 4386 desideriis
1509 4330 1823 4387 obduretur.
1856 4330 1963 4387 Sed
1992 4330 2153 4388 Chal-

556 4419 793 4476 daeorum
816 4420 920 4476 tilia
944 4420 1124 4477 mollis
1147 4429 1202 4476 et
1222 4430 1406 4478 tenera
1428 4438 1535 4479 non
1555 4430 1819 4489 vocatur;
1850 4423 1977 4492 quia
2000 4438 2153 4480 mens

556 4515 739 4585 pravis
764 4514 1047 4570 desideriis
1073 4514 1286 4580 dedita,
1326 4515 1381 4570 in
1425 4531 1493 4573 eo
1514 4514 1544 4555 ι)
1574 4517 1717 4587 quod
1759 4517 1919 4573 anxie
1946 4518 2154 4589 appetit

555 4606 717 4675 hujus
736 4606 920 4662 saeculi
949 4606 1135 4662 labore
1162 4606 1511 4676 relinquitur,
1543 4617 1602 4663 ut
1620 4607 1765 4665 foras
1784 4608 1986 4665 mundo
2004 4610 2155 4666 velut

558 4699 757 4754 ancilla
797 4699 1033 4768 serviat,
1063 4714 1184 4770 quae
1214 4700 1358 4755 intus
1387 4700 1554 4755 Deum
1579 4709 1640 4757 ut
1678 4700 1782 4757 ﬁlia
1811 4717 2151 4774 nequaquam

2255 3493 2365 3564 14).
2400 3494 2462 3548 lli
2495 3495 2745 3549 nimirum
2781 3512 2890 3551 non
2920 3497 3181 3572 sospitate
3226 3500 3534 3584 eriguntur,’
3572 3499 3664 3555 sed
3694 3501 3843 3555 insa-

2253 3584 2363 3648 nia,
2394 3600 2485 3654 qm
2514 3586 2831 3654 supezbiunt
2879 3602 3001 3642 cum
3032 3586 3194 3658 alﬂigi
3239 3589 3569 3655 debuerant;
3612 3599 3667 3645 et
3712 3591 3847 3647 inde

2252 3676 2433 3730 miseri
2464 3677 2517 3730 in
2540 3677 2900 3734 exsultatione
2927 3677 3190 3748 deﬂuunt,
3220 3681 3356 3735 unde
3382 3698 3411 3735 a
3441 3682 3595 3737 bonis
3618 3680 3846 3739 ﬂentur.

2253 3766 2697 3825 Phreneticorum
2728 3770 2976 3827 videlicet
3016 3773 3263 3829 sensibus
3307 3774 3507 3829 similes
3534 3816 3547 3837 ,
3579 3774 3845 3831 insaniam

2254 3876 2358 3928 qua
2388 3860 2704 3931 praevalent,
2731 3864 2985 3919 virtutem
3012 3873 3203 3934 putant
3230 3884 3245 3932 ;
3278 3867 3369 3936 qui
3415 3882 3482 3921 ex
3509 3869 3699 3922 morbo
3727 3882 3844 3923 esse

2253 3955 2502 4010 nesciunt
2530 3956 2655 4023 hoc,
2698 3956 2843 4025 quod
2869 3958 3099 4027 amplius
3141 3959 3288 4014 sanis
3315 3967 3542 4030 possunt
3566 3977 3580 4025 ;
3610 3968 3666 4014 et
3694 3961 3844 4028 quasi

2253 4045 2489 4126 crevisse
2509 4062 2568 4102 se
2596 4048 2803 4103 viribus
2827 4050 3120 4117 mstimant,
3150 4050 3277 4105 dum
3308 4052 3373 4105 ad
3401 4051 3528 4107 vitm
3556 4052 3844 4108 terminum

2253 4156 2351 4210 per
2380 4150 2670 4210 augmenta
2697 4141 2970 4212 languoris
2992 4145 3445 4215 appropinquant.
3473 4146 3576 4213 Qui
3607 4147 3729 4214 quia
3758 4161 3845 4200 ra-

2254 4232 2417 4288 tionis
2438 4248 2654 4289 sensum
2676 4250 2787 4290 non
2815 4235 3036 4306 habent,
3068 4236 3282 4305 ﬂentur,
3306 4248 3363 4293 et
3387 4238 3592 4306 rident;
3616 4247 3673 4294 et
3695 4247 3844 4292 tanto

2255 4324 2310 4379 in
2340 4338 2531 4393 magna
2581 4326 2942 4383 exsultatione
2981 4343 3041 4384 se
3070 4329 3317 4397 dilatant,
3348 4340 3551 4399 quanto
3581 4341 3637 4387 et
3667 4331 3845 4385 insen-

2253 4416 2435 4471 sibiles
2484 4417 2683 4471 malum
2737 4420 2882 4486 quod
2924 4421 3203 4490 patiuntur
3252 4422 3521 4489 ignorant.
3574 4422 3843 4492 Sospitate

2253 4520 2382 4577 ergo
2413 4506 2671 4563 Dominus
2701 4520 2993 4567 maerentes
3021 4512 3196 4582 erigit,
3223 4513 3347 4581 quia
3377 4513 3671 4579 elecwrnm
3698 4529 3846 4567 mens

2254 4616 2361 4656 non
2397 4600 2464 4657 de
2516 4604 2795 4671 pnesentis
2842 4602 2963 4659 vita:
3005 4603 3233 4665 insania,
3265 4603 3359 4659 sed
3406 4604 3474 4658 de
3516 4604 3839 4659 certitudine

2255 4700 2471 4747 aeternae
2498 4693 2685 4749 salutis
2715 4694 3008 4750 hilarescit.
3055 4693 3208 4751 Unde
3237 4703 3361 4766 apte
3387 4711 3513 4751 mox
3542 4695 3609 4751 de
3637 4696 3737 4752 hac
3766 4696 3845 4766 ip-

556 4800 725 4846 arnat.
759 4788 908 4846 Unde
931 4800 987 4847 et
1012 4793 1209 4847 molam
1242 4791 1459 4859 tollere,
1492 4808 1555 4848 ac
1577 4792 1804 4849 farinam
1833 4796 2038 4851 molere
2061 4796 2149 4864 ju-
2178 4786 2231 4847 D
2254 4802 2312 4842 sa
2344 4802 2633 4857 pravorum
2663 4788 3029 4843 destructione
3055 4788 3395 4856 sul-jungitur
3421 4806 3434 4841 :

555 4879 733 4936 betur.
786 4882 924 4937 Mula
962 4883 1017 4937 in
1044 4898 1234 4955 gyrum
1278 4884 1519 4950 ducitur,
1561 4895 1617 4941 et
1654 4887 1825 4943 farina
1854 4886 2143 4959 profertur.

558 4970 904 5043 Unaquaeque
936 4985 1115 5030 autem
1143 4976 1327 5031 mundi
1357 4977 1515 5047 hujus
1542 4980 1684 5035 actio
1714 4981 1855 5035 mola
1881 4990 1998 5046 est,
2030 4998 2149 5052 quae

560 5064 689 5121 dum
717 5064 913 5121 multas
931 5082 1087 5123 curas
1115 5070 1390 5139 congerit,
1440 5070 1702 5128 humanas
1744 5082 1956 5128 mentes
1994 5075 2149 5143 quasi

557 5174 658 5231 per
685 5172 874 5232 gyrum
904 5161 1096 5229 vertit;
1128 5172 1291 5234 atque
1320 5180 1388 5221 ex
1417 5181 1475 5220 se
1499 5168 1645 5221 velut
1681 5168 1879 5221 lariuas
1907 5168 2146 5238 projicit,

555 5252 680 5321 quia
704 5250 928 5307 seducto
950 5253 1134 5313 corde.
1163 5269 1378 5325 semper
1392 5256 1772 5311 minutissimas
1792 5258 2148 5325 cogitationes

555 5345 744 5413 gignit.
803 5343 947 5417 [γει.
981 5342 1116 5417 Χ.1.]
1171 5345 1565 5417 Nonnunquam
1612 5361 1745 5401 vero
1792 5346 1885 5415 qui
1932 5347 2148 5416 quietus

557 5436 781 5507 alicujus
829 5453 949 5493 esse
998 5439 1176 5495 meriti
1226 5438 1496 5505 creditur,
1553 5438 1761 5508 positus
1808 5439 1859 5492 in
1908 5440 2149 5508 qualibet

556 5530 769 5584 actione
798 5528 1136 5597 denudatur,
1184 5530 1326 5584 unde
1356 5530 1467 5585 illic
1494 5530 1739 5600 protinus
1764 5530 2096 5586 subinfertur
2128 5550 2141 5585 :

556 5619 777 5675 Denuda
826 5622 1195 5695 turpitudinem
1251 5630 1423 5690 tuam,
1482 5623 1771 5694 dis'cooperi
1829 5625 2099 5679 humerum
2124 5667 2139 5692 ,

556 5716 724 5771 revela
756 5726 779 5754 θ
803 5732 985 5786 crura,
1019 5719 1182 5774 transi
1213 5717 1430 5782 ﬂumina
1462 5716 1664 5789 (Ibid.,
1696 5718 1786 5791 2).
1822 5719 1878 5774 In
1910 5720 2146 5775 admini-

610 5871 979 5971 .:_I_3:e_llovac.,
1009 5875 1127 5931 Val.
1159 5875 1240 5931 Cl.
1270 5885 1323 5932 et
1355 5892 1493 5948 pene
1513 5893 1723 5942 omnes,
1754 5881 1839 5952 qui
1858 5880 2144 5953 voluptates

558 5957 897 6072 In?)pr
929 6015 1090 6072 Corb.
1124 6014 1304 6073 Germ.
1347 6028 1399 6075 ct
1422 6020 1573 6078 Colb.
1594 6058 1610 6088 ,
1641 6039 1787 6093 quem
1825 6025 2000 6079 αηείεο

2835 4878 3066 4935 CAPUT
3106 4879 3268 4934 XVII.

2330 4971 2488 5043 Ι.θὶ
2510 4971 2850 5028 Vnus.l2.—
2873 4972 2971 5036 Qui
2994 4973 3213 5045 dissipat
3234 4973 3573 5043 cogitationes
3597 4972 3843 5043 maligne-

2254 5087 2366 5124 rum
2397 5088 2461 5124 ne
2489 5071 2685 5141 possint
2716 5071 2929 5141 implere
2953 5086 3137 5123 manus
3162 5086 3341 5123 eorum
3369 5068 3503 5140 quod
3529 5079 3804 5136 ceperant.

2323 5160 2413 5215 27.
2449 5160 2713 5217 Malorum
2733 5179 2872 5232 saepe
2899 5177 3064 5215 6088(8
3090 5169 3206 5214 sunt
3232 5176 3290 5212 co
3308 5160 3591 5223 ,itationes,
3621 5174 3713 5211 nec
3741 5160 3841 5212 mi-

2254 5270 2351 5308 nus
2378 5271 2469 5308 rea
2488 5255 2823 5309 conscientia.
2848 5285 2918 5296 —
2940 5252 3313 5323 Reproborunt
3340 5261 3549 5305 mentes
3579 5251 3843 5321 perversis
3871 5238 3914 5295 Ρ

2252 5344 2677 5410 cogitationibus
2716 5359 2933 5414 semper
2962 5343 3257 5410 invigilant,
3297 5343 3390 5396 sed
3423 5342 3737 5412 plerumque
3768 5342 3845 5396 eis

2250 5453 2482 5510 superna
2511 5438 2842 5508 dispensatio
2886 5437 3110 5501 obviat;
3157 5444 3212 5489 et
3251 5436 3493 5504 quamvis
3522 5435 3840 5505 pravitatem

2250 5530 2459 5593 consilii
2487 5546 2588 5586 nec
2617 5530 2770 5586 fracti
2801 5527 3216 5583 adversitatibus
3244 5527 3537 5593 corrigant,
3562 5543 3629 5581 ne
3660 5537 3837 5581 tamen

2253 5630 2440 5680 contra
2469 5622 2641 5679 bonos
2658 5624 3007 5695 praevaleant,
3032 5635 3221 5675 eorum
3250 5619 3392 5673 vires
3417 5619 3672 5675 refrenat.
3698 5618 3844 5684 Quos

2252 5722 2441 5771 contra
2471 5716 2608 5770 miro
2655 5715 2859 5784 judicio
2890 5714 3084 5782 agitur,
3125 5720 3184 5767 ut
3212 5711 3405 5767 eﬂectu
3447 5709 3664 5781 quidem
3696 5711 3843 5779 grati

2326 5890 2347 5918 ε
2370 5868 2693 5948 Compend,
2735 5875 3005 5931 Bellovac.
3026 5917 3041 5941 ,
3072 5872 3256 5930 Germ.
3289 5880 3343 5928 et
3368 5870 3644 5942 plerique,
3677 5870 3843 5927 revela

2250 5967 2385 6003 crus.
2411 5959 2467 6003 et
2494 5948 2649 6012 infra,
2678 5965 2793 6001 crus
2819 5948 3021 6001 revelat.

2324 6019 2346 6056 τι
2390 6019 2512 6073 Mss.
2547 6019 2727 6073 Norln.
2761 6034 2811 6073 et
2837 6018 2956 6082 alii,
2992 6018 3057 6073 ad
3086 6018 3273 6087 ﬁumen
3308 6017 3515 6071 transit.
