4180 6522
326 333 429 394 745

318 810 472 870 Unde
500 817 557 868 et
581 810 759 867 adhuc
786 811 926 867 bene
951 810 1237 866 subditur:

691 900 922 961 CAPUT
961 902 1124 959 XVIII
1165 903 1315 978 [Rec.
1361 902 1529 976 x11].

390 1000 551 1057 Vens.
584 999 673 1055 15.
703 998 895 1064 —Qui
916 998 1306 1068 comprehendit
1333 1000 1595 1070 sapientes
1637 999 1695 1053 in
1720 998 1920 1053 astutia

316 1110 515 1159 eorum,
539 1105 589 1149 et
614 1094 835 1149 consilia
864 1108 1141 1165 pravorum
1167 1092 1413 1163 dissipat.

386 1186 476 1242 98.
506 1185 605 1242 Dei
632 1186 867 1240 consiliis
917 1185 1198 1240 renitentes
1220 1224 1237 1251 ,
1260 1185 1390 1255 ipsis
1421 1184 1746 1253 famulantur
1775 1183 1914 1238 invi-

315 1278 375 1333 ti.
409 1274 715 1332 Ostenditur
738 1276 986 1346 exemplis
1012 1278 1237 1347 fratrum
1255 1274 1473 1343 Josepli,
1502 1274 1703 1341 Saulis,
1733 1273 1910 1339 Jonte,

318 1367 634 1424 Iudaeorum.
664 1400 737 1411 —
759 1365 915 1438 Saepe
941 1367 1087 1423 enim
1114 1367 1360 1423 nonnulli
1382 1367 1619 1421 humana
1645 1364 1915 1435 sapientia

316 1456 506 1526 inﬂati,
536 1457 666 1515 dum
712 1456 995 1514 desideriis
1034 1458 1147 1513 suis
1176 1457 1356 1512 divina
1399 1456 1603 1525 judicia
1641 1454 1915 1511 contraire

316 1550 679 1620 conspiciunt,
706 1549 902 1606 astulis
926 1549 1006 1604 eis
1028 1548 1284 1604 reluctari
1308 1548 1796 1605 machinationibus
1819 1562 1913 1604 co-

316 1648 551 1707 nantur;
580 1648 637 1697 et
661 1655 769 1711 quo
796 1640 866 1695 ad
892 1647 1080 1696 votum
1109 1654 1266 1696 suum
1286 1640 1395 1694 vim
1420 1653 1666 1709 supernae
1692 1638 1911 1708 dispen-

314 1732 539 1789 sationis
559 1733 928 1802 intorqueant,
952 1732 1161 1789 callidis
1190 1731 1610 1802 cogitationibus
1637 1731 1909 1798 insistunt,

1231 328 1599 388 MOBALIUM
1638 328 1772 385 LIB.
1805 323 1895 381 Vl.
1928 351 2002 367 ——
2030 321 2103 380 ΙΝ
2141 319 2376 380 CAPUT
2418 321 2461 378 V
2502 323 2564 379 Β.
2605 319 2746 381 JOB.

322 447 499 520 operis
518 452 763 512 careant,
791 450 848 501 et
871 450 1052 501 tamen
1078 442 1242 513 justae
1270 448 1556 501 sententia:
1576 443 1783 515 judicis
1808 456 1937 498 reos
1964 443 2018 505 Α
2046 438 2229 496 conati
2251 445 2398 502 sunt,
2425 436 2714 493 renitendo
2735 431 3063 490 servierunt.
3106 428 3240 486 Inde
3259 372 3670 520 quippe/éoacti

320 537 659 596 conscientiae
696 535 932 592 addicat.
965 533 1125 602 Quod
1153 548 1286 605 ergo
1314 535 1457 590 mala
1499 535 1764 604 cogitant,
1798 532 1931 605 quid

318 628 417 700 ipsi
443 627 643 683 faciant
679 626 1012 693 ostendunt;
1060 626 1205 697 quod
1233 641 1367 683 vero
1398 627 1544 682 mala
1568 626 1797 697 implere
1826 640 1926 681 ne-

316 732 539 792 queunt,
578 721 633 775 hi
676 729 866 777 contra
911 734 1051 791 quos
1094 721 1486 790 cogitaverant,
1535 720 1919 779 defenduntur.

3565 298 3675 365 74.6

2038 538 2167 589 sunt
2192 529 2292 585 Dei
2318 528 2655 584 voluntatem
2662 540 2964 597 peragere,
2995 525 3141 580 unde
3165 524 3308 577 hanc
3334 517 3514 576 moliti
3535 522 3669 573 sunt

2038 544 2167 589 sunt
2192 544 2292 585 uel
2318 544 2655 584 voruntatem
2721 544 2964 597 eragere,
2995 544 3141 580 unae
3165 544 3308 577 nam:
3334 544 3514 576 muuu
3535 544 3669 573 sum

2035 631 2219 683 astute
2247 544 2750 691 commntum/stic
2776 620 3021 675 divinum
3054 615 3342 671 consilium
3388 611 3519 666 dum
3558 607 3694 663 de-'

2033 720 2260 781 vitatur,
2304 712 2598 784 impletur;
2629 712 2708 768 sic
2734 712 2975 767 humana
3004 707 3273 780 sapientia
3304 705 3433 760 dum
3473 701 3660 758 reluc-

2031 818 2200 877 tatur,
2250 802 2752 877 comprehenditur.
2785 801 3108 857 Timuerunt
3135 799 3353 863 fratres,
3393 794 3552 883 195
3581 804 3657 848 ne

2027 902 2232 975 Joseph
2259 914 2426 971 super
2452 912 2549 953 eos
2578 904 2923 951 excresceret
2949 910 2964 959 ;
3006 892 3104 950 sed
3142 892 3251 947 hoc
3281 886 3431 958 quod
3458 883 3655 941 divini-

2026 1008 2114 1055 tus
2143 995 2469 1069 dispositum
2494 990 2695 1057 fuerat,
2726 987 2974 1043 cavendo
3014 986 3220 1041 factum
3260 992 3345 1038 est
3385 989 3443 1035 ut
3464 978 3654 1034 eveni-

2022 1098 2129 1147 ret.
2160 1088 2409 1144 Humana
2438 1100 2569 1155 ergo
2600 1078 2867 1153 sapientia
2898 1079 2954 1132 in
2996 1092 3056 1133 se
3102 1078 3221 1146 ipsa
3252 1072 3653 1143 comprehensa

2021 1188 2129 1248 est,
2160 1194 2282 1250 quae
2312 1174 2575 1234 voluntati
2592 1172 2708 1239 Dei,
2743 1170 2887 1225 unde
2910 1182 3008 1239 per
3034 1166 3395 1222 intentionem
3418 1161 3648 1227 restitit,

2025 1284 2047 1311 ο
2078 1271 2207 1327 inde
2236 1270 2356 1341 ejus
2377 1265 2685 1338 impletioni
2708 1261 2982 1318 militavit.
3636 1322 3657 1339 .

2092 1364 2239 1438 [γει.
2271 1361 2476 1434 ΧΙΙΙ.]
2524 1360 2612 1416 30.
2656 1359 2749 1415 Sic
2777 1355 2908 1413 Saul
2954 1352 3084 1409 dum
3125 1350 3299 1406 David
3336 1346 3645 1416 subjectum

2018 1457 2334 1530 quotidiano
2378 1468 2733 1513 succrescere
2761 1452 3026 1511 virtutum
3070 1456 3327 1501 successu
3367 1440 3645 1509 conspice-

2016 1561 2124 1623 ret,
2154 1568 2312 1610 suam
2343 1552 2394 1608 ei
2423 1552 2478 1607 in
2523 1548 2842 1619 conjugium
2875 1542 3041 1597 ﬁliam
3090 1536 3428 1613 spopondit,
3476 1540 3643 1603 atque

2016 1622 2076 1700 in
2105 1622 2223 1713 ejus
2250 1644 2435 1701 dotem
2467 1650 2690 1699 centum
2720 1639 2839 1696 dari
2868 1637 2937 1692 ab
2963 1650 3031 1691 eo
3060 1631 3473 1689 Philistinorum
3500 1639 3641 1695 prm-

2017 1738 2170 1809 putia
2196 1737 2373 1809 petiit,
2405 1746 2467 1792 ut
2490 1752 2614 1794 cum
2637 1739 2970 1805 provocatus
2995 1727 3156 1781 miles
3184 1723 3325 1778 ultra
3350 1735 3411 1775 se
3440 1731 3637 1809 excre-

313 1824 593 1880 subtiliora
637 1824 863 1881 consilia
892 1824 1219 1895 exquirunt;
1272 1822 1368 1878 sed
1401 1822 1528 1878 inde
1575 1822 1909 1879 voluntatem
1938 1833 1988 1892 Β
2014 1841 2168 1883 scere
2195 1808 2486 1897 quaereret,
2515 1820 3080 1890 inimicorumgladiis
3108 1816 3341 1872 traditus
3379 1812 3546 1867 vitam
3575 1808 3639 1861 fi-

316 1914 411 1971 Dei
448 1924 739 1986 peragunt,
768 1915 912 1971 unde
936 1915 1075 1971 hanc
1105 1915 1395 1969 immutare
1425 1915 1799 1983 contendunt;
1829 1924 1913 1969 at-

313 2023 419 2079 que
462 2008 851 2078 omnipotentis
876 2007 975 2062 Dei
1003 2007 1255 2075 consilio,
1286 2006 1415 2061 dum
1444 2006 1700 2062 resistere
1726 2007 1910 2062 nitun-

312 2106 419 2166 tur,
452 2098 843 2168 obsequuutur,
874 2098 1001 2168 quia
1032 2112 1176 2167 saepe
1203 2104 1260 2152 et
1286 2097 1391 2153 hoc
1418 2096 1538 2165 ejus
1566 2097 1913 2168 dispositioni

312 2199 439 2261 apte
465 2190 681 2255 militat,
728 2189 875 2259 quod
902 2189 955 2245 ei
984 2203 1083 2259 per
1109 2188 1408 2243 humanum
1435 2185 1675 2242 studium
1720 2186 1912 2244 frivole

311 2283 557 2339 resultat.
589 2282 875 2353 Sapientes
901 2294 1032 2350 ergo
1058 2279 1321 2336 Dominus
1346 2279 1402 2334 in
1431 2279 1548 2349 ipsa
1588 2293 1779 2335 eorum
1824 2294 1912 2335 as-

310 2375 449 2430 tutia
495 2373 926 2445 comprehendit,
976 2370 1192 2444 quando
1242 2371 1361 2442 ejus
1412 2371 1653 2427 consiliis
1673 2372 1912 2427 humana

312 2463 453 2522 facta
501 2467 667 2522 etiam
693 2474 825 2521 tunc
869 2478 1109 2536 congrue
1148 2463 1410 2533 serviunt,
1461 2478 1585 2519 cum
1630 2464 1906 2521 resistunt.

310 2556 467 2625 Quod
508 2557 701 2612 melius
730 2555 1084 2623 ostendimus,
1117 2556 1164 2611 si
1205 2569 1377 2626 pauca
1420 2561 1696 2624 gestarum
1725 2568 1909 2611 rerum

313 2650 382 2705 ad
410 2648 651 2705 medium
678 2649 926 2718 exempla
948 2646 1307 2718 proferamus.

385 2739 541 2814 [Ven
573 2738 742 2813 XII.)
780 2738 871 2795 29.
909 2736 1111 2810 Ioseph
1158 2738 1426 2794 somnium
1474 2738 1713 2808 viderat,
1763 2737 1910 2808 quod

313 2849 411 2890 suo
434 2834 715 2904 manipulo
736 2832 961 2889 fratrum
983 2831 1099 2902 ejus
1127 2848 1187 2888 se
1216 2833 1476 2907 manipuli
1496 2831 1912 2904 prosternebant

313 2922 526 2997 (Cenes.
575 2938 779 2985 xxxvii.
832 2924 928 2993 7);
976 2921 1524 2989 somniumviderat,
1558 2921 1704 2991 quod
1743 2919 1828 2976 sol
1855 2929 1911 2974 et

314 3016 440 3073 luna
469 3031 530 3073 se
556 3032 679 3073 cum
710 3015 931 3087 reliquis
958 3015 1128 3081 stellis
1157 3010 1631 3081 adorabant.'Qu:e
1656 3016 1783 3083 quia
1806 3027 1909 3083 pu-

313 3122 373 3165 re
414 3108 673 3165 fratribus
717 3108 942 3178 retulit,
991 3123 1181 3164 eorum
1215 3107 1379 3163 corda
1426 3107 1677 3176 protinus
1715 3104 1909 3160 futurae

312 3201 695 3259 dominationis
722 3202 922 3258 invidia
942 3216 1220 3273 pavorque
1248 3201 1535 3272 percussit.
1568 3199 1812 3270 Cumque
1838 3200 1907 3256 ad

311 3309 373 3351 se
400 3294 547 3351 hunc
575 3294 761 3350 venire
807 3294 1207 3365 conspicerent,
1239 3293 1444 3347 malitia
1475 3293 1733 3348 saeviente
1758 3291 1909 3349 dixe-

312 3396 440 3442 runt
469 3404 482 3439 :
514 3385 652 3440 Ecce
680 3387 968 3442 somniator
984 3386 1074 3441 ille
1095 3388 1250 3452 venit,
1274 3386 1440 3440 venite
1459 3386 1753 3439 occidamus
1772 3402 1908 3451 eum,

310 3487 360 3532 et
383 3478 643 3533 videamus
664 3479 788 3550 quid
812 3480 891 3533 illi
932 3478 1214 3547 proderunt
1236 3478 1438 3532 somnia
1459 3494 1555 3530 sua
1579 3476 1767 3549 (Ibid.,
1793 3476 1905 3549 20).

236 3548 293 3629 /
311 3559 552 3637 Cuthue
578 3581 640 3623 se
668 3548 785 3637 ejus
813 3567 1056 3624 dominio
1082 3567 1276 3635 subjici
1304 3574 1574 3633 metuunt,
1592 3548 1909 3623 somniato-

312 3674 427 3716 rem
455 3660 510 3714 in
538 3667 760 3730 puteum
790 3658 1088 3728 deponunt,
1120 3675 1353 3729 eumque
1394 3659 1681 3715 lsmaelitis
1728 3668 1907 3716 trans-

312 3751 567 3807 euntibus
594 3748 875 3817 venduntt
901 3748 992 3817 qui
1019 3750 1073 3803 in
1098 3748 1392 3820 Egyptum
1423 3750 1634 3816 ductus,
1662 3751 1910 3806 servituti

315 3842 583 3906 subditus,
630 3840 858 3894 luxuriae
904 3841 1247 3895 accusatione
1294 3841 1601 3907 damnatus,
1647 3840 1911 3895 castitatis

313 3933 505 3989 merito
547 3931 783 4001 adjutus,
829 3931 1127 4001 prophetiae
1171 3930 1376 3999 judicio
1431 3941 1456 3968 ει
1489 3939 1725 3995 erectus,
1761 3932 1909 3986 omni

315 4025 550 4098 Egypto
578 4025 831 4096 praelatus
853 4032 971 4091 est;
996 4039 1095 4095 per
1119 4039 1410 4095 supernam
1430 4039 1561 4080 vero
1590 4026 1911 4095 sapientiam

314 4118 567 4191 providus
613 4116 884 4173 frumenta
914 4117 1208 4186 congessit,
1234 4126 1288 4172 et
1316 4117 1496 4174 futuro
1545 4118 1787 4189 periculo
1816 4134 1912 4174 ne-

314 4212 579 4270 cessitatis
608 4212 863 4268 obviavit.
895 4210 1138 4281 Cumque
1177 4211 1231 4266 in
1260 4212 1446 4267 orbem
1478 4210 1506 4249 ι)
1536 4210 1705 4268 fames
1733 4212 1909 4278 irruit,

314 4306 386 4362 de
434 4305 812 4362 alimentorum
852 4304 1250 4375 praeparatione
1278 4304 1541 4361 sollicitus
1573 4304 1743 4362 Jacob
1772 4305 1912 4363 filios

316 4416 441 4459 suos
461 4400 515 4456 in
544 4398 841 4472 Egyptum
866 4400 1015 4454 misit
1039 4415 1054 4455 :
1086 4398 1179 4469 qui
1205 4398 1599 4454 frumentorum
1628 4400 1911 4469 dispensa-
1948 4448 1951 4451 ἰ

315 4495 450 4550 tioni
478 4493 823 4564 praepositum
851 4491 1053 4563 Joseph
1082 4492 1386 4547 nescientes
1416 4492 1716 4557 inveniunt,
1742 4501 1907 4563 atque

317 4597 376 4646 ut
397 4596 735 4643 mererentur
775 4587 1032 4641 alimenta
1060 4587 1359 4657 percipere,
1409 4600 1595 4640 eorum
1626 4585 1906 4656 dispensa-
1940 4623 1988 4682 Ι)

320 4689 491 4737 torem
512 4677 772 4747 compulsi
792 4680 915 4731 sunt
944 4676 1127 4746 pronis
1157 4676 1211 4730 in
1233 4684 1431 4731 terram
1455 4675 1753 4731 cervicibus
1775 4675 1907 4731 ado-

318 4787 458 4829 rare.
505 4770 795 4826 Pensemus
824 4782 953 4837 ergo
979 4776 1144 4837 gesta:
1175 4769 1252 4823 rei
1300 4767 1569 4835 ordinem,
1620 4783 1909 4839 pensemus

317 4864 595 4938 quomodo
643 4863 915 4934 sapientes
963 4861 1018 4915 in
1069 4861 1184 4931 ipsa
1214 4876 1311 4917 sua
1364 4861 1561 4915 astutia
1614 4861 1695 4916 vis
1733 4861 1911 4917 divina

316 4956 761 5030 comprehendat.
795 4954 923 5029 Ideo
953 4955 1020 5008 ab
1066 4954 1144 5008 eis
1190 4953 1437 5010 venditus
1463 4954 1639 5010 fuerat
1686 4955 1911 5026 .Ioseph,

318 5068 387 5109 ne
416 5052 734 5107 adoraretur
758 5066 773 5115 ;
804 5047 899 5103 sed
916 5036 1043 5103 ideo
1072 5054 1155 5102 est
1184 5047 1458 5110 adoratus,
1487 5048 1611 5117 quia
1638 5030 1912 5103 venditusf

318 5146 514 5201 Astute
542 5156 778 5211 namque
807 5138 1009 5209 aliquid
1038 5152 1198 5207 agere
1227 5140 1344 5193 ausi
1372 5147 1518 5203 sunt,
1564 5148 1623 5193 ut
1651 5140 1747 5195 Dei
1776 5155 1910 5196 con-

321 5237 501 5293 silium
529 5241 862 5300 mutaretur;
887 5231 983 5287 sed
1022 5231 1204 5287 divino
1226 5230 1452 5301 judicio,
1477 5230 1623 5300 quod
1643 5230 1915 5287 declinare

395 5383 420 5411 ιι
448 5373 609 5453 Corb.
641 5370 823 5427 Germ.
846 5412 862 5440 ,
893 5378 1111 5426 erectus.
1155 5369 1215 5425 ln
1246 5368 1423 5437 Utic.,
1466 5379 1667 5439 ereptus
1716 5378 1770 5423 et
1798 5386 1911 5424 ere-

320 5458 451 5504 ctus.

390 5519 423 5606 ξ’
458 5516 667 5573 Gemet.
690 5556 704 5581 ,
760 5512 937 5581 Utic.,
967 5513 1086 5568 Val.
1123 5511 1204 5568 Cl.
1236 5520 1291 5568 et
1332 5513 1459 5578 alii,
1512 5514 1673 5583 fames
1730 5512 1911 5567 inhor-

319 5601 684 5737 mi'anic...
714 5656 1123 5737 είιιεληκηρίοηί
1161 5656 1414 5737 Milevit-

397 5736 421 5773 ά
451 5724 1023 5797 VindocinILYirtujis
1049 5726 1159 5797 ejus
1189 5724 1356 5797 gloria
1378 5731 1499 5788 inde
1529 5725 1806 5797 convaluit.

399 5816 422 5843 °
440 5798 763 5873 ῧοωβθπάον
786 5795 907 5873 vffl'
931 5795 1045 5873 βιοῖ
1068 5795 1316 5873 Ῑλοηὲβιν
1335 5804 1500 5870 Corb.
1526 5795 1912 5873 Germ.,AColb.

328 5858 607 5941 Normanf,
657 5858 793 5924 unus
821 5858 1104 5921 Vindocin.
1138 5885 1151 5919 :
1181 5858 1253 5923 Εἰ
1274 5858 1535 5949 ηἠδνξξηα
1564 5858 1759 5929 ingenii
1796 5883 1917 5924 σοη-

682 5964 960 6021 Patnon.
1009 5957 1263 6023 LXXV.

2014 1916 2174 1983 niret,
2207 1918 2347 1973 sicut
2373 1919 2639 1988 scriptum
2666 1925 2778 1971 est:
2805 1911 2933 1968 Non
2957 1911 3113 1965 habet
3128 1924 3224 1963 rea:
3245 1920 3457 1961 necesse
3476 1918 3637 1973 spon-

2016 2010 2168 2075 salia,
2202 2010 2303 2063 nisi
2332 2018 2531 2064 tantum
2560 2016 2766 2063 centum
2808 2005 3071 2076 praeputia
3100 1999 3536 2064 Philistinorum,
3577 1999 3638 2048 ut

2015 2102 2110 2172 ﬁat
2136 2102 2265 2156 ultio
2296 2102 2361 2155 de
2395 2102 2621 2156 inimicis
2666 2101 2804 2172 regis
2836 2096 2890 2170 (1
2924 2096 3054 2167 Reg.
3110 2108 3263 2159 xvm,
3309 2088 3424 2157 25).
3458 2085 3635 2141 Porro

2014 2193 2143 2249 Saul
2157 2194 2427 2263 cogitabat
2450 2193 2666 2249 tradere
2692 2190 2861 2247 David
2881 2190 2937 2246 in
2957 2201 3153 2244 manus
3176 2182 3634 2246 Philistinorum;

2015 2285 2111 2341 sed
2162 2285 2331 2340 David
2387 2283 2759 2355 dispositionis
2809 2282 3015 2337 intimae
3066 2278 3256 2333 favore
3309 2273 3629 2336 roboratus,

2014 2386 2229 2433 centum
2252 2391 2310 2431 se
2329 2376 2458 2431 dare
2478 2374 2769 2446 perhibuit,
2795 2382 2850 2429 et
2879 2375 3114 2428 ducenta
3138 2366 3407 2441 praeputia
3431 2377 3629 2433 repor-

2014 2466 2170 2522 tavit.
2199 2465 2367 2537 Cujus
2394 2466 2647 2520 nimirum
2677 2465 2856 2536 operis
2883 2463 3013 2520 Saul
3039 2467 3366 2533 argumento
3396 2469 3628 2527 supera-

2015 2565 2120 2623 tus,
2149 2570 2382 2626 superna
2408 2556 2749 2625 providentia
2777 2555 2832 2609 in
2871 2554 3152 2625 sapientia:
3180 2565 3294 2607 suae
3324 2555 3409 2604 est
3439 2543 3627 2601 consi-

2012 2646 2089 2703 lio
2117 2646 2576 2716 comprehensus;
2625 2646 2751 2715 quia
2798 2644 2942 2701 unde
2990 2640 3384 2701 succrescentis
3432 2634 3625 2692 militis

2013 2741 2180 2796 vitam
2203 2755 2262 2797 se
2287 2740 2633 2810 exstinguere
2658 2737 2903 2805 credidit,
2936 2736 3150 2794 virtutis
3179 2733 3207 2772 ἀ
3238 2731 3358 2803 ejus
3387 2727 3624 2801 gloriam

2014 2835 2143 2891 inde
2167 2835 2478 2890 cumulavit.

2088 2927 2176 2981 51.
2226 2926 2333 2982 Sed
2360 2928 2485 2997 quia
2534 2942 2921 2997 nonnunquam
2963 2933 3144 2982 astute
3172 2923 3378 2995 aliquid
3425 2933 3622 2992 sapere

2016 3021 2180 3078 etiam
2210 3022 2370 3078 electi
2411 3021 2728 3088 moliuntur,
2771 3021 2906 3077 libet
2934 3020 3002 3076 ad
3046 3020 3286 3077 medium
3316 3018 3479 3073 alium
3525 3031 3619 3070 sa-

2014 3114 2253 3184 pientem
2281 3114 2569 3181 deducere,
2606 3124 2628 3153 ε
2654 3123 2708 3170 et
2729 3115 3003 3184 quomodo
3033 3115 3088 3169 in
3114 3114 3343 3170 internis
3374 3107 3623 3168 consiliis

1937 3226 1984 3290 ο
2015 3207 2212 3263 astutia
2264 3207 2571 3262 mortalium
2623 3207 3154 3277 comprehendatur,
3211 3213 3618 3262 demonstrare.

2015 3297 2316 3353 Prudenter
2358 3299 2560 3367 quippe
2588 3298 2753 3354 Jonas
2776 3313 2968 3368 sapere
3000 3298 3187 3362 voluit,
3223 3314 3347 3353 cum
3372 3297 3439 3352 ad
3471 3308 3618 3365 pra:-

2011 3388 2349 3447 dicandamf
2396 3388 2753 3444 Ninivitarum
2804 3390 3177 3460 paenitentiam
3219 3390 3435 3455 missus,
3485 3385 3619 3457 quia

2012 3482 2201 3538 electis
2265 3480 2514 3551 gentibus
2578 3479 2819 3537 Judaeam
2881 3481 3055 3536 deseri
3120 3481 3345 3545 timuit,
3412 3476 3617 3550 prmdi—

2011 3572 2239 3628 cationis
2298 3571 2535 3627 officium
2601 3571 2826 3642 implere
2882 3573 3155 3627 recusavit
3221 3571 3418 3644 (Jona:
3464 3588 3504 3637 ι,
3556 3568 3616 3638 2,

2011 3662 2065 3730 5,
2094 3663 2249 3735 seq.).
2278 3662 2467 3717 Navim
2492 3664 2666 3733 petiit,
2694 3663 2877 3732 fugere
2897 3664 3115 3720 Tharsis
3138 3666 3332 3734 elegit;
3365 3665 3459 3720 sed
3482 3678 3614 3734 pro-

2012 3756 2156 3810 tinus
2207 3764 2501 3824 tempestas
2528 3756 2788 3823 exoritur,
2821 3772 2939 3812 sors
2961 3759 3213 3826 mittitur,
3242 3766 3302 3812 ut
3356 3757 3614 3813 videlicet
3665 3799 3671 3802 ν

2013 3856 2371 3914 cognoscatur
2382 3846 2532 3917 cujus
2552 3848 2709 3919 culpa
2730 3864 2877 3903 mare
2901 3851 3167 3905 turbetur.
3186 3849 3351 3906 Jonas
3374 3850 3428 3904 in
3445 3849 3611 3920 culpa
3628 3908 3629 3911 η

2013 3937 2451 4007 deprehenditur,
2476 3938 2530 3993 in
2550 3939 2875 4009 profundum
2898 3942 3179 4010 mergitur,
3196 3950 3319 3996 ceto
3345 3942 3609 3997 sorbente

2014 4026 2322 4092 devoratur,
2356 4036 2519 4098 atque
2546 4028 2672 4084 illuc
2708 4037 2955 4097 gestante
2978 4031 3156 4085 bellua
3183 4033 3448 4102 pervenit,
3493 4048 3605 4103 quo

2015 4117 2094 4173 ire
2122 4126 2315 4188 sponte
2359 4118 2671 4175 contemnit.
2700 4117 2842 4175 Ecce
2871 4118 3148 4191 fugitivum
3186 4122 3283 4177 Dei
3315 4130 3614 4194 tempestas

2015 4211 2238 4278 invenit,
2269 4227 2388 4267 sors
2428 4211 2578 4282 ligat,
2610 4228 2761 4268 mare
2787 4214 3030 4284 suscipit,
3069 4215 3248 4270 bellua
3278 4216 3528 4284 includit,
3555 4225 3617 4273 et

2015 4303 2138 4373 quia
2188 4304 2395 4359 auctori
2441 4319 2540 4359 suo
2586 4304 2808 4360 obedire
2858 4306 3127 4373 renititur,
3166 4307 3232 4361 ad
3263 4308 3441 4364 locum
3496 4324 3610 4379 quo

2014 4394 2209 4449 missus
2247 4392 2440 4461 fuerat,
2484 4410 2583 4450 suo
2626 4411 2752 4451 reus
2795 4410 3017 4453 carcere
3064 4405 3329 4467 portatur.
3377 4399 3612 4454 lubente
3674 4394 3677 4395 ⁷

2017 4487 2129 4544 Deo
2176 4489 2485 4545 ministrare
2504 4490 2667 4546 homo
2714 4491 3055 4561 prophetiam
3094 4492 3286 4557 noluit,
3335 4492 3615 4561 aspirante

2016 4578 2131 4636 Deo
2174 4580 2351 4635 bellua
2398 4583 2720 4652 prophetam
2766 4582 2952 4637 vomit.
3006 4579 3433 4651 Comprehendit
3474 4596 3597 4651 ergo

2015 4673 2275 4728 Dominus
2304 4674 2573 4745 sapientes
2603 4674 2657 4729 in
2687 4676 2883 4730 astutia
2923 4690 3132 4741 eorum,
3176 4673 3392 4743 quando
3422 4682 3477 4729 et
3505 4676 3615 4732 hoc

2017 4765 2074 4820 in
2097 4782 2252 4821 usum
2281 4782 2392 4822 sua:
2420 4766 2712 4822 voluntatis
2738 4766 2951 4835 redigit,
2985 4779 3082 4834 per
3122 4766 3266 4834 quod
3292 4766 3393 4822 sibi
3421 4766 3613 4825 volun-

2019 4868 2100 4914 tas
2128 4859 2359 4913 humana
2389 4858 2727 4913 contradicit.

2091 4951 2179 5006 '52.
2234 4951 2641 5006 Perscrutemur
2679 4948 2856 5004 adhuc
2882 4948 3232 5004 Hebraeorum
3261 4950 3609 5020 sapientiam,

2019 5054 2081 5102 ut
2108 5046 2387 5101 videamus
2414 5045 2543 5115 quid
2581 5043 2911 5115 providendo
2939 5044 3232 5115 prohibuit,
3271 5044 3398 5114 quid
3426 5046 3613 5115 prohi-
3649 5029 3666 5045 ’

2014 5140 2190 5197 bendo
2220 5139 2553 5211 provocavit.
2583 5136 2745 5193 Certe
2775 5153 2896 5193 cum
2925 5136 2992 5193 ad
3023 5136 3403 5208 Redemptoris
3431 5137 3613 5193 nostri

2016 5232 2273 5287 miracula
2305 5230 2644 5287 credentium
2675 5229 2828 5284 turba
2857 5227 3174 5293 conﬂueret,
3206 5243 3326 5283 cum
3355 5226 3614 5283 sacerdo-

2016 5368 2121 5424 silii
2161 5367 2351 5422 astutia
2382 5365 2677 5420 mortalium
2721 5364 3183 5435 comprehendatur
3231 5363 3613 5435 demonstrare.

2016 5439 2075 5494 In
2103 5437 2305 5493 TUI'Ol‘l.
2352 5438 2587 5505 legitur:
2622 5437 2686 5490 Et
2727 5431 2863 5507 quod
2909 5439 3097 5490 interni
3151 5434 3356 5507 consilii
3405 5431 3611 5507 judicio

2018 5512 2233 5577 astutia,
2265 5517 2369 5564 etc.
2399 5502 2456 5563 S.
2506 5508 2668 5563 Mich.
2712 5502 2767 5561 et
2803 5506 3017 5571 Germ.,
3060 5516 3110 5560 et
3156 5520 3283 5575 quos
3323 5504 3378 5577 in
3420 5502 3615 5577 interni

2019 5570 2230 5637 consilii.
2265 5581 2455 5634 astutia
2476 5619 2490 5644 ,
2524 5588 2630 5635 etc.
2664 5577 2783 5632 γει.
2838 5578 2978 5632 Edit.
3002 5618 3017 5642 ,
3065 5586 3113 5629 et
3156 5570 3409 5645 quomodo
3437 5572 3615 5645 inin-

2019 5655 2153 5709 terni
2184 5652 2385 5709 consilii
2431 5641 2623 5706 astutia
2664 5641 3250 5719 comprehendaturaln
3293 5641 3616 5713 quibusdam

2016 5726 2390 5863 degslilii‘oic”
2419 5734 2488 5851 itd
2510 5792 2906 5868 praedicandam
2935 5788 3189 5847 Ninivitis
3228 5786 3611 5864 paenitentiam.

3094 5952 3169 6013 Ξῖ

3097 5994 3133 6011 ﬂ
