4180 6464
556 328 658 386 τ47

1783 317 2027 377 δΑΝση
2067 316 2396 383 GBEGOBII
2436 315 2655 375 MAGNI

3745 318 3863 377 Ἴδε
3934 392 3937 393 ,

555 453 639 499 tea
687 440 890 513 populi,
934 435 1145 493 invidia!
1190 432 1399 490 lacibus
1435 432 1668 498 accensi,
1716 431 1975 487 mundum
2017 437 2141 503 post
2164 435 2221 494 Α
2244 427 2372 485 liter
2409 429 2579 485 etiam
2610 444 2679 487 ea
2723 442 2849 500 qua
2889 429 3177 500 stibio-sta
3198 437 3345 495 sunt,
3378 442 3577 486 eorum
3616 431 3861 493 cuius

556 551 685 591 eum
714 535 793 589 ire
829 529 1234 602 proclamarem
1258 526 1501 582 dicentes
1543 545 1557 582 :
1624 524 1825 579 Videtis
1858 527 1979 597 iptio
2016 525 2149 579 nihil

555 626 883 699 proﬁcimus,
911 637 1028 676 eccs
1054 617 1279 674 munda
1315 626 1451 671 totus
1488 625 1605 684 post
1646 633 1761 671 eum
1805 614 1931 670 abiit
1962 615 2145 685 (toan.

554 735 650 783 xu,
689 716 779 786 i9)
803 733 819 783 ;
850 722 911 768 ut
934 714 1002 767 ab
1030 712 1124 766 illo
1168 710 1279 765 vim
1308 718 1472 764 tantae
1501 710 1874 765 cnncursionis
1901 708 2148 765 abscide-

554 820 699 876 rent,
728 808 885 862 ﬁnire
911 805 1027 876 ejus
1053 804 1353 876 potentiam
1382 811 1556 857 morte
1582 802 1762 857 conati
1790 810 1938 866 sunt,
1964 801 2149 857 dicen-

554 914 677 959 tes:
710 887 937 972 Expedit
960 910 1015 952 ut
1034 912 1169 951 unus
1190 897 1341 950 homo
1377 897 1653 959 moriatur,
1675 904 1726 949 et
1753 910 1856 949 non
1886 902 1993 949 tota
2020 910 2149 964 gena

554 1000 731 1065 pereat
755 993 934 1061 (toan.
968 1005 1043 1053 xi,
1074 985 1186 1058 50).
1218 986 1323 1040 Sed
1347 985 1724 1055 Redemptoris
1751 1001 1897 1040 mors
1924 986 1991 1040 ad
2013 1000 2149 1041 cou-

551 1080 890 1151 juuctioncm
918 1078 1001 1132 sui
1028 1077 1296 1146 corporis,
1327 1076 1382 1131 id
1411 1084 1493 1131 est
1515 1073 1788 1141 Ecclesia,
1823 1076 2007 1141 valuit,
2039 1092 2149 1131 non

555 1174 625 1229 ad
672 1171 1092 1242 scparationem.
1145 1168 1301 1224 Unde
1349 1177 1406 1223 et
1456 1184 1552 1238 per
1599 1169 1768 1239 legem
1818 1170 2012 1223 turturi
2065 1169 2148 1223 vel

556 1267 840 1332 columbm,
895 1267 949 1320 in
1000 1265 1167 1332 ﬁgura
1214 1264 1385 1319 nostri
1420 1262 1691 1331 sacriﬁcii,
1741 1264 1913 1319 secari
1966 1272 2155 1331 guttur

554 1342 888 1433 praecipitur,
920 1366 974 1412 et
996 1370 1101 1411 non
1122 1356 1339 1426 penitus
1363 1354 1583 1420 abscidi,
1614 1361 1670 1408 ut
1695 1362 1749 1408 et
1775 1362 1900 1423 post
1918 1364 2148 1410 mortem

556 1451 774 1522 corpori
804 1456 970 1520 caput
992 1448 1252 1513 inbrereat
1282 1445 1468 1516 (Leuit.
1500 1461 1538 1511 ι,
1586 1442 1675 1517 i5)
1700 1463 1717 1513 ;
1748 1446 1873 1516 quia
1896 1445 2153 1501 videlicet

555 1546 813 1603 mediator
848 1543 948 1598 Dei
968 1552 1017 1597 et
1038 1543 1305 1597 hominum
1328 1540 1382 1611 (1
1410 1540 1545 1595 Tim.
1570 1557 1630 1609 ιι,
1664 1539 1738 1611 5),
1773 1541 1826 1595 id
1856 1550 1961 1609 est,
1987 1551 2151 1611 caput

556 1638 799 1693 omnium
826 1642 1089 1700 nostrum,
1130 1634 1287 1705 196
1306 1640 1361 1687 et
1391 1647 1531 1688 verte
1553 1632 1924 1688 mundationis
1951 1634 2149 1699 hostia,

555 1728 701 1784 unde
728 1743 828 1799 pro
874 1727 1029 1782 nobis
1056 1734 1287 1781 mortem
1315 1723 1557 1795 pertulit,
1607 1724 1731 1779 inde
1777 1725 1933 1780 nobis
1969 1726 2153 1780 verius

2254 530 2579 592 congruant,
2611 522 2982 580 atomus.
3008 522 3300 592 Sequitur:

2636 617 2869 675 CAPUT
2908 616 3027 673 XII
3067 618 3216 692 [Rea
3258 617 3464 690 Il").

2324 711 2490 767 Vens.
2534 711 3009 768 tL.—Peratietn
3043 716 3311 771 incurrent
3339 715 3599 783 tenebras,
3628 720 3859 789 «quasi

2250 804 2308 859 in
2336 812 2504 869 nocte,
2538 806 2613 858 sic
2640 806 2929 876 palpabunt
2955 808 3015 859 in
3037 807 3273 861 meridie.

2325 898 2412 955 54.
2444 899 2636 954 Christi
2664 909 3019 972 persecutores
3048 902 3106 955 in
3141 896 3229 955 die
3267 898 3504 980 miras
3533 902 3680 973 passi
3704 915 3848 960 sunt.

2251 988 2327 1045 Et
2352 993 2499 1061 quasi
2539 993 2667 1047 eieci
2690 994 2979 1063 palparnnt
3015 994 3071 1047 in
3102 992 3334 1048 meridie.
3366 1018 3438 1033 -—
3465 992 3573 1048 Per
3595 994 3743 1050 diem
3769 1002 3851 1051 te-

2252 1083 2449 1138 nebras
2486 1083 2849 1150 incurrerunt,
2882 1084 3012 1154 quia
3039 1085 3099 1139 in
3140 1084 3255 1154 ipsa
3282 1084 3531 1139 veritatis
3563 1086 3855 1153 prtesentia

2253 1175 2715 1246 perﬁdimsrrore
2756 1175 3535 1246 αιωαίθωιῧιπθᾳήρο
3575 1176 3853 1246 peritiora

2253 1266 2510 1332 cemitur,
2542 1281 2641 1336 per
2663 1274 2883 1322 noctem
2922 1280 3055 1321 vero
3096 1274 3284 1323 nostra
3313 1266 3460 1321 acies
3508 1273 3852 1322 optemus.

2255 1356 2641 1413 Persecutores
2682 1359 2847 1426 igitur
2875 1357 3257 1428 Redemptoris
3288 1358 3461 1414 nostri
3487 1356 3515 1396 δ
3546 1357 3679 1412 dn-
3718 1358 3855 1413 sivi-

2254 1464 2340 1504 na:
2366 1451 2581 1505 virtutis
2610 1450 2872 1505 mirawla
2902 1459 3210 1517 cernerent,
3242 1457 3297 1506 et
3329 1456 3508 1507 tamen
3537 1450 3750 1520 deeius
3768 1448 3857 1505 di-
3950 1432 3957 1441 ’

2252 1541 2482 1595 vinitate
2515 1540 2846 1605 dubitarent,
2883 1542 2937 1597 in
2967 1542 3055 1596 ie
3083 1541 3336 1597 tenebras
3361 1544 3505 1612 passi
3547 1551 3698 1607 sunt,
3726 1543 3855 1613 quia

2253 1633 2429 1687 visum
2454 1632 2504 1687 in
2536 1634 2655 1691 luce
2698 1633 3065 1703 perdiderunt.
3102 1633 3243 1689 Hine
3267 1641 3350 1689 est
3402 1622 3551 1704 quod
3597 1648 3697 1691 eos
3737 1636 3855 1704 ipsa

2255 1723 2372 1780 Lux
2402 1723 2661 1781 admonet
2686 1727 2875 1782 dicens
2918 1745 2934 1783 :
2966 1727 3242 1783 Ambula»
3278 1729 3402 1783 dans
3439 1730 3611 1783 lucem
3632 1729 3853 1794 habetis,

556 1820 788 1876 inhaesit.
820 1818 953 1876 Post
967 1820 1264 1875 sectionem
1290 1832 1420 1885 ergo
1450 1827 1617 1886 caput
1647 1818 1873 1872 turturis
1898 1834 2000 1873 suo
2026 1833 2152 1873 eor-
2182 1832 2233 1894 Β
2258 1832 2323 1870 ne
2349 1834 2432 1871 res
2469 1833 2487 1855 υ
2515 1818 2737 1872 tenebris
2764 1819 3203 1889 comprehendant
3240 1818 3423 1887 μου..
3450 1832 3543 1884 ιη,
3576 1818 3691 1889 55).
3719 1818 3859 1875 Hine

554 1910 678 1985 pori
722 1910 965 1974 inhaeret,
1016 1910 1141 1979 quia
1187 1906 1461 1964 Christum
1507 1907 1575 1961 ab
1606 1905 1843 1962 Ecclesia
1874 1923 1975 1962 nec
2002 1923 2151 1963 mors

559 2001 924 2057 interveniens
942 2000 1150 2056 dividit.
1198 1998 1582 2055 Persecutores
1619 1999 1784 2068 igitur
1826 2007 2153 2069 peregerunt

559 2094 663 2150 hoc
686 2094 831 2163 quod
862 2093 1162 2163 perniciose
1190 2092 1362 2147 moliti
1391 2101 1538 2160 sunt,
1570 2092 1866 2147 intulerunt
1896 2101 2149 2159 mortem,

560 2200 622 2245 ut
651 2190 718 2245 ab
740 2205 809 2244 eo
837 2198 859 2225 ⁸
895 2188 1237 2243 absciderent
1262 2185 1498 2242 ﬁdelium
1520 2187 1864 2242 devotionem
1892 2204 1907 2253 ;
1939 2186 2033 2241 sed
2064 2187 2152 2241 in—

560 2281 628 2336 de
658 2280 793 2335 ﬁdes
816 2280 1006 2343 crevit,
1047 2279 1188 2334 unde
1217 2279 1357 2333 hanc
1381 2294 1441 2334 se
1482 2280 1826 2349 exstinguere
1856 2280 2151 2335 inﬁdelium

563 2370 851 2427 crudelitas
887 2368 1132 2423 credidit.
1172 2369 1413 2438 Cumque
1444 2383 1503 2423 se
1543 2370 1809 2424 aestimant
1838 2370 1955 2439 ejus
1984 2371 2150 2423 mira-

562 2463 681 2518 cula
706 2461 1081 2532 persequendo
1112 2460 1409 2528 abscidere,
1457 2462 1574 2517 bznc
1601 2462 1852 2516 nimirum
1887 2460 2154 2530 compulsi

558 2564 686 2609 sunt
714 2552 1002 2609 nesciendo
1025 2552 1271 2607 dilatare.
1295 2553 1721 2623 Cauprehendit
1740 2567 1870 2621 ergo
1895 2552 2155 2607 Dominus

476 2700 479 2703 ,
565 2646 834 2716 sapientes
862 2646 916 2700 in
946 2646 1141 2700 astutia
1166 2661 1375 2713 eorum,
1405 2646 1623 2716 quando
1646 2655 1699 2701 et
1742 2648 1845 2701 hoc
1882 2645 1948 2699 ad
1974 2646 2154 2715 pieta-

564 2737 630 2792 tis
650 2752 761 2791 sum
781 2736 1100 2806 obsequium
1120 2736 1334 2806 redigit,
1366 2736 1514 2805 quod
1537 2746 1727 2793 contra
1748 2737 1896 2791 illum
1919 2738 2153 2792 humana

563 2832 855 2887 crudelitas
877 2832 1100 2885 exarsit.

632 2945 721 3000 55.
756 2946 896 2999 Deus
922 2947 1029 2998 alia
1054 2946 1289 2999 concedit
1325 2944 1596 3015 propitius,
1630 2944 1738 2998 alia
1766 2944 2017 3012 permittit
2038 2944 2150 2997 ira-

563 3043 663 3089 tus.
695 3064 766 3075 --
792 3034 977 3091 Justus
1002 3049 1249 3105 namque
1273 3045 1327 3089 et
1356 3035 1664 3089 misericors
1696 3036 2003 3089 mortalium
2033 3043 2151 3089 acta

562 3130 872 3199 disponens,
902 3129 1004 3182 alia
1027 3128 1276 3183 concedit
1301 3127 1589 3196 propitius,
1617 3127 1719 3180 alia
1753 3128 2018 3196 permittit
2047 3128 2154 3181 ira-

2258 1916 2345 1961 est
2369 1909 2512 1977 quod
2534 1908 2602 1962 de
2619 1906 2802 1962 ludia
2832 1909 3030 1963 dicitur
3056 1925 3070 1961 :
3104 1907 3313 1962 Occidit
3337 1910 3386 1961 ei
3410 1910 3513 1975 sal,
3538 1922 3657 1961 eum
3682 1909 3855 1961 adhuc

2258 2010 2391 2053 esset
2419 2001 2527 2055 dies
2561 2000 2773 2067 ςδεηιη.
2804 2016 2895 2067 xv,
2926 1999 3002 2071 9).
3030 1998 3172 2055 [line
3188 2008 3271 2055 est
3292 1999 3437 2070 quod
3465 2014 3658 2054 voce
3686 2001 3852 2065 poeni-

2258 2094 2486 2148 tentinm
2514 2095 2569 2148 in
2597 2110 2655 2149 se
2688 2096 2953 2164 propheta
2982 2095 3176 2148 iterum
3201 2093 3454 2162 sumpsit,
3484 2101 3671 2146 dicens
3695 2108 3709 2143 :
3741 2090 3857 2145 Iat-

2256 2184 2485 2253 pegitnus
2513 2184 2728 2237 meridie
2753 2188 2901 2255 quasi
2923 2187 2977 2237 ir
3003 2184 3242 2249 tenebris,
3273 2184 3329 2236 in
3367 2182 3677 2253 caliginis
3706 2184 3861 2248 quasi

2255 2276 2447 2327 mortui
2490 2273 2647 2345 (lsai.
2691 2288 2801 2341 th,
2854 2275 2956 2344 10).
3006 2274 3141 2329 Hinc
3171 2264 3367 2330 iteer
3412 2274 3583 2327 dicit:
3614 2273 3638 2309 ά
3672 2272 3857 2328 Custos

2255 2367 2384 2435 quid
2402 2367 2466 2419 de
2486 2377 2635 2421 nocte
2655 2367 2678 2418 .’
2697 2381 2867 2419 custos
2888 2367 3009 2438 quid
3030 2367 3095 2419 de
3117 2376 3265 2420 nocte
3284 2367 3310 2418 2
3336 2365 3490 2419 Dixit
3507 2375 3715 2418 castus:
3754 2364 3857 2419 νε·-

2257 2460 2334 2511 nit
2359 2468 2580 2512 manest
2614 2475 2719 2514 nos:
2741 2458 2899 2528 (Issi.
2933 2474 3043 2524 xxi,
3076 2458 3186 2529 ii).
3221 2458 3297 2513 De
3318 2467 3478 2513 nocte
3502 2458 3703 2512 etenim
3729 2473 3859 2511 cus-

2257 2556 2344 2603 tos
2372 2550 2541 2615 venit,
2576 2551 2700 2621 qnia
2732 2552 2951 2605 bumani
2974 2552 3191 2619 generis
3210 2558 3489 2620 protector
3518 2560 3575 2605 et
3598 2550 3858 2605 manifes-

2258 2649 2345 2696 tus
2399 2642 2451 2695 iu
2489 2644 2641 2716 E97
2691 2659 2855 2698 carne
2895 2645 3165 2714 apparuit,
3197 2653 3255 2700 et
3293 2652 3475 2698 tamen
3500 2645 3644 2700 bene
3674 2659 3859 2715 pressa

2259 2732 2502 2803 perﬁdiae
2544 2748 2656 2787 suae
2696 2735 2934 2789 tenebris
2972 2733 3157 2790 Iud-na
3203 2733 3425 2790 minime
3469 2737 3709 2803 agnovit.
3760 2735 3856 2792 Ubi

2255 2825 2399 2881 bene
2443 2842 2510 2881 ex
2550 2840 2683 2882 voce
2711 2828 2951 2883 custodis
2996 2828 3230 2895 additur,
3270 2827 3431 2883 Venit
3458 2845 3612 2885 mane
3652 2840 3705 2885 et
3730 2846 3859 2899 non,

2260 2922 2385 2989 quia
2415 2934 2514 2989 per
2534 2922 2651 2989 eius
2700 2923 3042 2991 prtesentiam
3078 2931 3135 2977 et
3163 2936 3303 2979 nova
3331 2922 3423 2978 lux
3449 2925 3650 2981 mundo
3688 2926 3858 2981 incla-

2259 3012 2389 3078 ruit,
2421 3021 2479 3066 et
2528 3021 2707 3067 tamen
2748 3013 2800 3067 in
2850 3015 3015 3069 corde
3043 3012 3340 3070 inﬁdelium
3386 3025 3597 3072 vetusta
3642 3020 3859 3075 caecitas

2260 3108 2536 3162 remansit.
2572 3105 2712 3181 [νεα.
2747 3106 2901 3180 ινα]
2944 3109 3091 3165 Bene
3119 3118 3299 3165 autem
3341 3110 3566 3167 dicitur:
3599 3109 3761 3176 Quasi
3804 3114 3857 3164 in

562 3230 689 3285 tus;
721 3230 882 3289 atque
912 3234 975 3275 ea
1006 3236 1124 3289 qua:
1155 3220 1436 3289 permittit,
1469 3221 1548 3273 sic
1583 3221 1815 3286 tolerat,
1848 3230 1909 3273 ut
1947 3220 2059 3275 haec
2100 3219 2151 3274 in

2262 3210 2432 3265 nocte,
2454 3202 2530 3256 sic
2554 3202 2845 3272 palpabunt
2878 3203 2933 3256 in
2955 3203 3189 3258 meridie.
3220 3202 3339 3259 Hoc
3363 3207 3566 3275 quippe
3592 3206 3860 3275 palpando

562 3312 645 3367 Sui
683 3311 890 3365 consilii
941 3324 1095 3367 usum
1147 3318 1345 3363 vertat.
1380 3309 1525 3381 [νει.
1574 3307 1760 3380 κη’.)
1813 3308 1966 3365 Unde
2022 3311 2158 3367 miro

563 3402 726 3455 modo
757 3389 911 3453 ﬁtQut
956 3408 1010 3453 et
1041 3398 1183 3469 quod
1228 3400 1344 3452 sine
1374 3398 1651 3453 voluntate
1682 3399 1777 3453 Dei
1824 3401 2016 3468 agitur,
2052 3418 2155 3456 vo-

563 3494 759 3549 luntati
788 3493 885 3547 Dei
910 3492 1240 3547 contrarium
1264 3507 1388 3546 non
1427 3492 1515 3558 sit,
1548 3494 1669 3561 quia
1699 3490 1827 3545 dum
1869 3493 1921 3546 in
1952 3493 2163 3548 bonum

565 3602 722 3641 usum
770 3586 912 3640 mala
962 3584 1101 3640 facta
1145 3591 1446 3649 vertuntur,
1500 3574 1615 3653 ejus
1655 3583 1882 3640 consilio
1932 3584 2166 3641 militant

565 3678 730 3733 etiam
778 3692 899 3748 quae
939 3676 1059 3745 ejus
1098 3676 1326 3731 consilio
1371 3685 1691 3745 repugnant.
1718 3675 1856 3733 Hinc
1883 3679 2027 3733 enim
2066 3692 2167 3749 per

565 3770 907 3827 Psalmistam
939 3770 1177 3826 dicitur:
1209 3770 1409 3843 Magna
1438 3786 1595 3840 opera
1635 3769 1865 3839 Domini,
1909 3774 2167 3844 exquisita

566 3866 620 3919 in
658 3880 834 3917 omnes
877 3867 1165 3918 voluntates
1216 3863 1326 3934 ejus
1377 3861 1551 3933 (Psal.
1582 3876 1676 3930 cx,
1719 3856 1807 3935 2):
1831 3864 1919 3919 Sic
1965 3866 2167 3935 quippe

568 3958 683 4026 ejus
711 3973 876 4027 opera
902 3970 1092 4026 magna
1125 3966 1269 4023 sunt,
1302 3963 1359 4009 ut
1391 3970 1486 4025 per
1528 3970 1687 4007 omne
1715 3957 1859 4024 quod
1890 3956 1957 4009 ab
1985 3958 2163 4011 homi-

567 4051 725 4105 nibus
757 4050 949 4117 agitur,
1001 4048 1120 4117 ejus
1164 4049 1416 4101 voluntas
1466 4048 1799 4117 exquiratur.
1846 4049 1973 4101 Nam
2023 4064 2165 4119 saepe

568 4141 695 4198 inde
725 4143 1022 4211 perﬁcitur,
1052 4140 1191 4195 unde
1233 4141 1420 4209 repelli
1450 4142 1757 4210 putabatur.
1793 4139 1926 4196 Hinc
1952 4158 2164 4199 rursum

571 4238 806 4291 dicitur:
852 4232 1045 4289 Omnia
1092 4251 1405 4307 (puramque
1451 4237 1614 4289 voluit
1657 4234 1914 4291 Dominus
1961 4239 2083 4309 fecit
2110 4241 2165 4294 in

572 4329 697 4383 caelo
720 4336 768 4380 et
796 4329 847 4381 in
884 4338 1021 4381 terra
1046 4326 1217 4397 (Psal.
1244 4338 1457 4384 cxxxrv.
1494 4324 1569 4398 6).
1603 4327 1739 4384 Hinc
1766 4327 2021 4381 Salomon
2049 4331 2122 4381 ait
2148 4344 2165 4384 ε

575 4416 701 4474 Non
730 4427 807 4472 est
826 4417 1102 4481 sapientia,
1128 4434 1229 4471 non
1262 4426 1334 4471 est
1356 4418 1650 4488 prudentia,
1681 4436 1781 4473 non
1799 4430 1873 4472 est
1895 4421 2165 4474 consilium

575 4517 756 4565 contra
800 4507 1079 4561 Dominum
1113 4506 1295 4571 (Prov.
1344 4523 1452 4574 XXI,
1489 4507 1601 4577 50).
1640 4507 1823 4562 Restat
1856 4522 1984 4576 ergo
2024 4519 2081 4562 ut
2111 4511 2163 4563 in

2261 3290 2613 3359 exquirimus,
2644 3293 2788 3361 quod
2826 3294 2997 3349 oculis
3024 3308 3131 3349 non
3158 3295 3421 3351 videmus.
3469 3296 3637 3351 Judtei
3679 3306 3859 3352 autem

2263 3394 2451 3453 aperta
2490 3384 2610 3453 ejus
2649 3385 2911 3441 miracula
2942 3386 3203 3451 viderant,
3247 3394 3305 3442 et
3332 3388 3511 3443 adhuc
3542 3402 3667 3442 eum
3709 3389 3861 3457 quasi

2264 3475 2545 3547 palpantes
2572 3478 2902 3545 quaerebant,
2950 3492 3072 3532 cum
3104 3478 3377 3534 dieercnt:
3412 3476 3528 3541 Qua
3550 3493 3714 3547 usque
3738 3478 3861 3530 ani-

2264 3583 2404 3623 mattt
2440 3578 2678 3623 nostram
2705 3569 2889 3624 tollis?
2916 3568 2978 3625 Si
3005 3578 3059 3623 tl
3081 3586 3134 3624 es
3164 3568 3413 3635 Christus,
3446 3569 3529 3621 die
3569 3567 3720 3621 nobis
3765 3583 3866 3636 pa-

2265 3659 2374 3713 lam
2393 3659 2578 3722 (Joan.
2601 3668 2658 3725 ι,
2689 3658 2805 3731 Si).
2836 3659 2973 3716 Ecce
3001 3660 3377 3715 miraculorum
3400 3660 3488 3713 lux
3513 3667 3643 3713 ante
3663 3658 3866 3713 oculos

2267 3752 2473 3816 aderat,
2505 3759 2563 3805 ct
2607 3760 2788 3807 tamen
2815 3752 2872 3806 in
2897 3751 3078 3808 cordis
3113 3752 3195 3806 sui
3226 3751 3475 3807 tenebras
3500 3749 3863 3817 oﬁendentes,

2269 3841 2447 3899 adhuc
2471 3846 2803 3914 requirendo
2826 3845 3137 3915 palpabunt.
3170 3844 3409 3912 Quorum
3432 3846 3683 3901 nimirum
3710 3846 3865 3902 caeci-

2270 3943 2355 3989 tas
2371 3936 2436 3989 ad
2458 3937 2853 4002 crudelitatem,
2876 3937 3168 3993 crudelitas
3199 3939 3366 3993 etiam
3393 3953 3565 4007 usque
3590 3938 3654 3992 ad
3679 3946 3863 4004 aperta

2270 4043 2435 4098 opera
2470 4031 2864 4099 persecutionis
2889 4034 3109 4086 exarsit.
3142 4031 3251 4087 Sed
3282 4030 3615 4102 Redemptor
3641 4031 3862 4086 humani

2270 4122 2485 4189 generis
2524 4133 2930 4192 persecutorum
2984 4139 3206 4179 suorum
3256 4126 3504 4182 manibus
3549 4122 3642 4181 diu
3694 4126 3865 4183 teneri

2269 4230 2379 4271 non
2406 4217 2601 4286 potuit.
2636 4214 2783 4272 [inde
2804 4226 2861 4273 et
2885 4220 3127 4288 protinus
3156 4218 3438 4275 subditur:

2886 4329 3118 4387 CAPUT
3155 4328 3272 4390 XX.

2344 4420 2506 4477 Vens.
2544 4420 2874 4478 15.—Porro
2900 4424 3097 4478 salvum
3120 4426 3276 4497 faciet
3304 4435 3328 4463 ο
3355 4440 3568 4497 egenum
3598 4424 3662 4479 de
3692 4425 3868 4497 gladio

2269 4516 2376 4570 oris
2406 4531 2595 4581 eorum,
2630 4516 2764 4570 etde
2792 4532 2946 4570 manu
2986 4518 3191 4571 violenti
3212 4532 3505 4587 pauperem.

574 4612 783 4659 CUllCllS
807 4616 927 4671 qua:
956 4602 1160 4669 agimus
1187 4602 1294 4654 vim
1324 4614 1567 4670 superna:
1615 4599 1903 4653 voluntatis
1934 4601 2163 4670 inquira-
2191 4608 2247 4669 Β
2340 4607 2429 4661 33.
2457 4606 2687 4662 Christus
2716 4607 3017 4663 ludworum
3046 4608 3251 4681 linguas
3272 4618 3319 4662 et
3348 4609 3613 4679 gentilium
3636 4609 3867 4680 gladium

577 4712 717 4760 mus,
749 4695 835 4750 cui
862 4693 1113 4749 videlicet
1138 4694 1366 4762 cognitm
1395 4693 1553 4748 debet
1583 4700 1766 4747 nostra
1804 4694 1945 4747 actio
1975 4694 2169 4752 devote

576 4788 845 4853 famulari,
878 4797 932 4842 et
958 4791 1107 4857 quasi
1136 4798 1328 4843 ducem
1356 4788 1437 4841 sui
1476 4787 1680 4842 itineris
1712 4788 1977 4858 persequi,
2006 4805 2075 4845 ne
2118 4792 2168 4846 ei

578 4881 741 4934 etiam
793 4882 981 4936 nolens
1024 4880 1243 4947 serviat,
1276 4882 1317 4935 si
1362 4881 1499 4935 hanc
1543 4881 1861 4951 superbiens
1909 4881 2164 4939 declinat.

579 4969 751 5025 Vitari
781 4970 921 5025 cnim
948 4972 1028 5027 vis
1058 4974 1274 5043 superni
1315 4973 1522 5029 consilii
1565 4990 1902 5046 nequaquam
1945 4988 2121 5048 potest
2151 4998 2163 5046 ;

579 5061 674 5118 scd
706 5076 894 5132 magna
924 5065 1024 5119 sibi
1064 5064 1261 5121 virtute
1311 5067 1451 5121 banc
1499 5075 1783 5137 temperat,
1834 5068 2013 5138 quise
2066 5072 2165 5125 sub

496 5172 499 5176 ·
579 5152 699 5221 ejus
730 5153 944 5209 nutibus
971 5154 1244 5221 refrenat;
1286 5156 1509 5225 ejusque
1538 5157 1636 5209 sibi
1676 5154 1915 5225 pondera
1952 5157 2168 5227 levigat,

581 5243 673 5312 qui
706 5244 843 5299 hanc
868 5245 1112 5315 subjecto
1137 5245 1315 5301 cordis
1343 5247 1571 5300 humero
1597 5244 1786 5305 volens
1816 5256 2015 5317 portat.
2063 5248 2172 5305 Sed

581 5338 707 5407 quia
730 5348 1136 5408 persecutorum
1159 5341 1406 5409 superius
1426 5340 1743 5395 memoriam
1768 5340 2015 5413 fecimus,
2037 5361 2172 5416 qua-

659 5509 697 5571 δέ
718 5498 923 5568 Ubique
948 5499 1075 5571 Mss.
1129 5500 1328 5553 habent
1373 5500 1721 5567 absciderent,
1776 5502 2067 5571 abscidere,
2116 5516 2172 5561 et

583 5568 773 5622 similia
792 5612 805 5633 ,
832 5587 929 5637 pro
958 5570 1340 5635 absrinderent,
1373 5581 1478 5625 etc.

657 5642 681 5678 ι·
710 5640 921 5716 Euroic.
952 5650 1005 5716 ct
1032 5642 1118 5716 alii
1148 5642 1402 5695 Nortuau.
1422 5682 1435 5705 ,
1484 5647 1604 5696 dum
1630 5645 1817 5699 divina:
1846 5648 2049 5716 metatis
2072 5651 2173 5702 mi-

582 5712 779 5765 racula.
816 5712 955 5767 Utic.
984 5714 1144 5766 habet
1171 5722 1450 5781 ulramquc
1476 5716 1775 5770 Ινριίυιινιιι.

588 5852 619 5903 d
660 5796 679 5820 ο
720 5783 944 5838 Viudoc.
977 5792 1031 5837 et
1058 5785 1165 5850 alii,
1196 5800 1260 5838 ne
1290 5787 1509 5840 teut-bra
1530 5792 1707 5842 mortis
1724 5806 1808 5844 vos
1838 5792 2172 5858 comprehen—

624 5862 728 5903 ant.

624 5862 728 5905 ant.

2278 4699 2590 4773 resurgendo
2638 4703 2915 4769 superavit.
2937 4701 3139 4772 ——lpse
3164 4703 3363 4772 quippe
3401 4702 3499 4757 iste
3531 4716 3737 4772 pauper
3764 4709 3868 4771 est,

2278 4793 2343 4847 de
2364 4808 2471 4863 quo
2502 4807 2598 4863 per
2628 4793 2848 4847 Paulum
2879 4794 3074 4849 dicitur
3113 4812 3124 4846 :
3177 4792 3397 4863 Propter
3434 4810 3526 4848 nos
3566 4811 3756 4866 egenus
3788 4796 3869 4865 fa-

2278 4896 2386 4939 ctus
2418 4894 2519 4952 est,
2553 4886 2664 4939 cum
2696 4886 2831 4941 dives
2860 4897 3009 4941 esset.
3034 4885 3100 4941 Et
3118 4889 3242 4957 quia
3270 4886 3435 4943 Judzci
3466 4887 3750 4943 Dominum
3781 4905 3869 4944 ac-

2279 4978 2513 5032 cusando
2545 4975 2903 5042 tradiderunt,
2934 4992 3095 5047 quem
3126 4978 3383 5032 traditum
3414 4980 3639 5049 gentiles
3676 4979 3693 5015 '
3728 4979 3870 5033 occi-

2279 5068 2574 5139 derunt_(ll
2599 5067 2718 5123 Cor.
2746 5084 2859 5135 vui,
2890 5067 2969 5141 9),
2993 5078 3175 5140 potest
3201 5085 3297 5139 per
3317 5071 3425 5126 oris
3446 5070 3679 5140 gladium
3709 5086 3872 5126 accu-

2276 5160 2509 5216 santium
2559 5159 2905 5215 Hebraeorum
2955 5160 3133 5231 lingua
3180 5162 3408 5229 signari,
3442 5162 3508 5215 de
3537 5162 3732 5232 quibus
3772 5175 3874 5234 per

2277 5250 2613 5306 Psalmistam
2640 5251 2836 5306 dicitur
2886 5271 2900 5304 :
2949 5250 3079 5307 Filii
3128 5253 3423 5317 hominum,
3474 5252 3653 5307 dentes
3695 5268 3871 5309 eorum

2277 5360 2425 5399 arma
2470 5352 2521 5399 et
2564 5344 2803 5415 sagittae,
2852 5353 2903 5399 et
2957 5344 3134 5417 lingua
3177 5361 3357 5401 eorum
3404 5344 3666 5400 machara
3718 5356 3873 5399 acuta

2346 5505 2374 5545 ά
2400 5505 2458 5561 ln
2491 5505 2629 5581 Utic.
2659 5513 2716 5559 et
2745 5504 2929 5561 Germ.
2956 5514 3208 5562 correcto
3243 5524 3254 5560 :
3289 5506 3474 5563 Custos
3499 5511 3583 5581 qui
3610 5509 3675 5562 de
3698 5519 3871 5575 nocte,

2277 5577 2458 5653 Custos
2475 5580 2557 5648 qui
2577 5580 2638 5631 de
2668 5586 2831 5631 nocte.

2352 5661 2374 5685 ε
2408 5647 2563 5702 Deest
2593 5666 2803 5718 egenum
2850 5650 2900 5702 in
2929 5647 3226 5718 Compeud.
3247 5691 3261 5714 ,
3307 5651 3493 5707 Norm.
3512 5693 3526 5719 ,
3549 5662 3679 5720 etc,
3706 5654 3793 5707 hic
3825 5663 3876 5707 cl

2279 5720 2532 5785 deinceps
2565 5724 2653 5773 ubi
2685 5720 2820 5773 idem
2849 5730 3027 5775 textus
3048 5724 3340 5788 profertur.

2359 5790 2375 5827 ί
2410 5790 2513 5863 l’ro
2556 5792 2883 5863 occiderunt,
2916 5794 3060 5859 quod
3096 5794 3292 5863 legitur
3340 5797 3392 5851 in
3438 5795 3563 5852 Mss.
3611 5794 3781 5853 Gilot.
3822 5804 3879 5852 et

2285 5864 2375 5930 al.,
2408 5862 2633 5919 lleceut.
2664 5862 2864 5917 habent
2888 5862 3276 5934 cruciﬁxerant.
