4180 6522
326 328 438 391 ἠε

1226 341 1592 399 MORALIUM
1631 341 1765 398 LIB.
1813 343 1901 397 Vl.
1947 369 2022 384 —

2060 341 2131 398 IN
2168 339 2400 399 CAPUT
2438 342 2484 399 V
2526 344 2585 399 Β.
2626 343 2764 400 JOB.
2835 376 2846 385 -

325 448 498 522 (Paul.
524 464 632 512 tm.
665 449 754 521 ll);
786 452 916 522 quia
944 451 1244 522 Evangelia
1282 458 1446 513 etiam
1480 467 1621 514 teste
1646 460 1925 514 clamave-
1957 461 2010 518 Α
2040 455 2178 514 lucis
2219 457 2580 524 obscuratur;
2633 458 2758 530 quia
2781 470 2925 530 smpe
2954 456 3010 514 in
3055 451 3325 534 proximis
3372 446 3502 505 dum
3531 447 3675 506 bona

2051 556 2242 618 aperta
2265 548 2648 618 considerant,
2688 550 2736 605 si
2763 565 2868 626 qua
2899 551 3044 608 mala
3084 549 3292 606 lateant
3321 543 3693 618 investigatan

320 549 448 596 runt
494 558 508 593 :

318 631 540 687 violenti
571 647 704 688 vero
743 651 991 703 inanem,
1024 638 1138 704 ipsa
1182 642 1504 709 erucitigens
1529 643 1806 710 gentilitas
1835 658 1928 698 ex-

317 729 476 800 primi
506 737 707 798 potest,
737 744 856 799 qua
882 733 942 786 in
965 731 1346 803 Redemptoris
1377 744 1552 792 morte
1573 736 1926 792 Hebraeorum

317 835 480 876 voces
508 835 672 893 opere
701 822 963 891 implevit.
999 823 1140 880 Deus
1169 827 1354 895 itaque
1381 829 1523 882 hunc
1547 845 1842 899 pauperem
1871 837 1929 884 et

317 915 392 970 de
409 915 630 994 violenti
655 929 837 982 manu,
863 925 918 972 et
943 917 1010 972 de
1033 919 1143 973 oris
1163 919 1344 988 gladio
1365 921 1570 977 salvum
1596 922 1762 989 fecit;
1794 923 1922 994 quia

214 1056 220 1062 .
317 989 569 1062 videlicet
615 1007 952 1078 Redemptor
984 1019 1170 1064 noster
1213 1019 1268 1064 et
1311 1011 1456 1066 vires
1501 989 1828 1080 gentilium,
1864 1020 1923 1068 et

317 1097 523 1168 linguas
549 1098 860 1157 Judmorum
895 1103 1177 1157 moriendo
1206 1119 1275 1158 ex
1303 1105 1640 1160 humanitate
1669 1104 1914 1174 pertulit,

315 1187 415 1244 sed
443 1204 508 1243 ex
535 1190 832 1246 divinitatis
860 1206 970 1246 suae
1000 1195 1242 1262 potentia
1263 1195 1594 1260 resurgendo
1616 1195 1911 1265 superavit.

315 1276 434 1344 Qua
457 1279 706 1336 videlicet
742 1284 1136 1338 resurrectione
1165 1285 1297 1342 quid
1324 1285 1470 1340 aliud
1494 1287 1692 1355 agitur,
1726 1287 1828 1342 nisi
1855 1296 1914 1343 ut

315 1367 385 1422 ad
411 1384 562 1441 spem
590 1372 712 1425 vitae
758 1376 1135 1444 subsequentis
1161 1375 1444 1433 infirmitas
1473 1386 1658 1434 nostra
1684 1379 1913 1436 robore-

315 1459 438 1532 ιιινῖ
466 1457 619 1514 Unde
643 1469 698 1516 et
727 1461 873 1518 bene
891 1479 1014 1518 mox
1046 1465 1292 1519 subditur
1324 1483 1337 1519 ε

902 1553 1132 1609 CAPUT
1179 1553 1318 1611 XXI.

384 1635 549 1694 Vna.
584 1638 820 1695 “iu—Et
845 1646 946 1696 erit
976 1661 1138 1715 egeno
1169 1663 1302 1710 spes.

383 1731 472 1785 36.
505 1732 732 1788 Summ
762 1753 904 1805 spem
942 1737 1500 1812 ediderit—Erepto
1527 1743 1726 1815 quippe
1772 1760 1910 1817 pau-

565 542 847 614 Cruciﬁge,
891 546 1138 616 eruciﬁ'ge
1196 547 1365 619 (Luc.
1415 567 1580 616 xxm,
1631 551 1692 604 Si
1723 552 1765 621 j.
1827 550 1934 606 Per

2046 647 2104 695 et
2145 638 2394 693 sollicitis
2443 638 2886 708 inquisitionibus
2940 642 3228 712 laborant,
3281 638 3333 695 si
3373 636 3504 708 quid
3534 635 3677 696 forte

2041 729 2188 799 quod
2212 745 2475 784 accusare
2503 731 2712 800 possint
2743 733 3040 788 inveniant.
3069 732 3212 789 Sana
3244 730 3469 808 quidem
3494 743 3673 785 metu-

2037 827 2137 883 bra
2181 825 2528 897 conspiciunt
2573 845 2585 880 :
2635 827 2731 887 sed
2775 829 2974 886 clausis
3021 830 3206 888 cordis
3250 827 3425 890 oculis
3473 825 3674 882 vulnus

3576 331 3690 390 750

3687 431 3698 456 l

2035 918 2322 992 palpantes
2351 927 2620 987 quaerunt.
2649 917 2804 976 Unde
2833 930 2889 974 et
2915 923 3055 978 bene
3083 921 3336 978 subditur
3363 936 3376 980 :
3406 914 3481 976 Et
3517 907 3686 996 quasi

2030 1013 2093 1066 in
2111 1019 2278 1077 nocte,
2320 1013 2398 1066 sic
2419 1011 2709 1082 palpabunt
2728 1014 2782 1067 in
2811 1014 3050 1069 meridie.
3077 1013 3204 1070 Dies
3235 1013 3366 1069 boni
3395 1010 3582 1082 operis
3609 1008 3668 1066 in

2028 1107 2285 1175 proximo
2331 1107 2574 1161 exterius
2598 1106 2774 1174 lucet;
2827 1107 2923 1161 sed
2948 1107 3102 1177 quasi
3142 1107 3194 1164 in
3223 1113 3385 1161 nocte
3415 1103 3681 1184 palpant,

2024 1199 2152 1266 quia
2185 1198 2372 1254 livoris
2394 1199 2478 1255 sui
2517 1199 2664 1254 intus
2695 1197 2952 1254 tenebras
2980 1197 3234 1252 tolerant.
3266 1191 3561 1251 Pcrvenire
3590 1189 3675 1275 ad_

2023 1289 2237 1359 aliqua,
2294 1305 2415 1359 quae
2466 1289 2905 1366 reprehendant,
2961 1294 3248 1356 satagunt,
3297 1281 3658 1340 detractionis

2021 1381 2225 1436 aditum
2257 1393 2535 1452 quaerunt;
2568 1382 2666 1438 sed
2696 1381 2826 1458 quia
2857 1381 3001 1436 hunc
3030 1376 3280 1433 invenire
3307 1390 3418 1430 non
3446 1371 3656 1436 valent,

2021 1477 2150 1530 caeci
2196 1477 2436 1534 exterius
2486 1477 2855 1533 circumeunt-
2901 1471 3059 1542 Quod
3109 1473 3251 1526 bene
3305 1463 3660 1566 estprimitur,

2018 1581 2140 1620 cum
2170 1566 2292 1634 Lot,
2324 1568 2736 1637 protegentibus
2757 1565 2987 1635 angelis,
3023 1563 3076 1618 in
3107 1561 3273 1617 domo
3303 1557 3656 1658 ejus-ostium

2016 1659 2310 1716 Sodomita:
2339 1679 2447 1718 non
2473 1663 2825 1730 invenerunt,
2869 1659 3016 1716 sicut
3044 1654 3309 1724 scriptum
3352 1655 3438 1704 est
3473 1665 3486 1701 :
3529 1645 3649 1702 Vim

2017 1754 2276 1823 faciebant
2318 1754 2416 1809 Lot
2457 1755 2945 1822 vehementissime,
2971 1759 3022 1805 et
3055 1751 3174 1822 jam
3198 1745 3499 1817 proxumum
3532 1744 3650 1793 erat

312 1837 460 1893 pere,
491 1837 689 1892 egenus
709 1827 776 1880 ad
796 1843 948 1897 spem
968 1829 1259 1896 reducitur,
1288 1833 1411 1900 quia
1434 1833 1650 1889 humilis
1671 1835 1904 1891 fidelium

2015 1855 2073 1898 ut
2096 1849 2400 1919 frangerent
2445 1849 2609 1918 fores,
2631 1855 2681 1899 et
2708 1847 2964 1900 miserunt
2994 1855 3208 1896 manum
3240 1835 3369 1899 viri,
3397 1840 3447 1886 et
3478 1833 3646 1885 intro-

312 1914 572 1983 populus,
605 1914 970 1985 Redemptore
998 1920 1263 1975 moriente
1284 1963 1297 1986 ,
1343 1937 1545 1992 pavore
1576 1928 1906 1993 concutitur,

313 2005 404 2058 sed
430 2015 742 2074 resurgente
770 2009 1048 2065 solidatur.
1077 2011 1228 2080 Ipsos
1262 2029 1492 2090 namque
1523 2019 1724 2084 primos
1752 2022 1912 2090 hujus

313 2097 493 2164 papuli
524 2112 822 2167 pauperes,
853 2100 1056 2155 electos
1079 2102 1328 2157 videlicet
1351 2105 1760 2175 pmdicatores,
1795 2113 1910 2168 visa

311 2186 430 2254 ejus
458 2204 604 2243 mors
624 2191 870 2260 perculit,
904 2192 997 2246 sed
1026 2195 1355 2250 resurrectio
1376 2205 1591 2252 ostensa
1615 2199 1905 2269 reparavit.

312 2278 531 2335 Salvato
575 2295 703 2350 ergo
753 2298 1027 2352 paupere,
1079 2300 1230 2354 spem
1280 2300 1480 2353 egenus
1528 2291 1747 2360 recipit,
1781 2295 1905 2364 quia

311 2382 624 2440 resurgente
654 2374 710 2427 in
736 2389 900 2429 carne
924 2375 1172 2444 Domino,
1197 2378 1366 2434 lidelis
1390 2381 1621 2449 quisque
1653 2384 1718 2437 ad
1745 2394 1905 2440 :eter-

312 2479 394 2518 tm
425 2465 544 2519 vitae
564 2465 810 2520 ﬁduciam
839 2469 1185 2524 convalescit.
1221 2471 1327 2525 Sed
1359 2489 1488 2529 ecce
1513 2476 1622 2542 jam
1656 2478 1706 2532 in
1731 2482 1904 2533 mani—

311 2552 449 2610 festa
489 2557 800 2612 ostensione
836 2557 1048 2613 Veritas
1094 2561 1270 2624 venit,
1294 2562 1406 2628 jam
1461 2566 1640 2621 carnis
1678 2577 1905 2624 mortem

311 2644 558 2714 pertulit,
588 2661 820 2717 eamque
846 2651 1178 2718 resurgendo
1208 2653 1507 2717 destruxit,
1545 2664 1569 2693 ι
1589 2656 1698 2725 jam
1727 2675 1906 2714 resur-

311 2735 605 2790 rectionem
669 2738 839 2806 gloria
891 2742 1225 2798 ascensionis
1274 2745 1590 2812 honoravit;
1631 2756 1685 2802 et
1724 2758 1908 2806 tamen-

311 2819 660 2882 Hebrmorum
699 2827 879 2896 lingua
909 2830 1086 2885 adhuc
1108 2848 1230 2886 cum
1273 2836 1611 2892 contumeliis
1639 2839 1906 2897 lacessere

310 2930 418 2972 non
445 2915 669 2985 desinit,
713 2935 852 2988 quos
893 2923 1140 2979 nimirum
1168 2929 1544 2998 aequanimiter
1581 2931 1811 2998 tolerat,
1844 2942 1906 2990 ut

273 3008 445 3066 salios
476 3011 754 3068 tolerando
790 3025 1105 3083 convertat,
1139 3026 1306 3087 atque
1335 3021 1472 3078 alios
1515 3024 1734 3080 minime
1771 3042 1905 3082 con-

310 3117 495 3159 versos
523 3105 846 3176 quandoque
866 3109 1155 3165 districtius
1179 3111 1353 3167 feriat.
1381 3114 1534 3171 Tunc
1555 3118 1696 3173 enim
1720 3120 1903 3189 lingua

2020 1937 2280 1991 duxerunt
2315 1937 2387 1990 ad
2406 1955 2461 1992 se
2485 1936 2602 1992 Lot.
2649 1937 3051 2004 clausa-antque
3079 1931 3298 1992 ostium,
3336 1933 3386 1979 et
3418 1938 3506 1977 eos
3555 1926 3654 1993 qui.

2017 2042 2166 2084 erant
2207 2033 2355 2102 foris,
2408 2039 2773 2101 percusserunt
2815 2029 3049 2083 cwcitate
3077 2041 3110 2078 a
3140 2022 3356 2076 miniata
3383 2031 3542 2087 usque
3569 2012 3644 2066 ad
3659 2087 3662 2090 .

2017 2126 2322 2189 maximam,
2346 2127 2420 2179 ita
2446 2135 2499 2179 ut
2520 2127 2708 2180 ostium
2729 2125 2962 2179 invenire
2983 2139 3086 2176 non
3109 2124 3325 2192 possent
3349 2111 3505 2187 (Gen.
3524 2124 3644 2178 xxx,

2017 2215 2072 2282 9,
2107 2215 2171 2270 10
2201 2217 2355 2289 seq.).
2390 2217 2528 2284 Quid
2557 2226 2637 2273 est
2663 2216 2812 2290 quod
2841 2216 2997 2270 malis
3025 2208 3463 2271 adversantibus,
3493 2204 3637 2258 intra

2015 2306 2232 2362 domum
2266 2308 2367 2363 Lot
2414 2310 2688 2363 reducitur
2723 2318 2780 2365 et.
2816 2308 3088 2372 munitur,
3123 2303 3226 2360 nisi
3260 2297 3406 2372 (100d
3456 2294 3644 2366 Ῐυείυδ

2013 2398 2242 2465 quisque
2269 2398 2395 2454 dum
2423 2415 2713 2469 pravorum
2747 2398 2968 2454 insidias
2997 2396 3261 2461 sustinet,
3294 2390 3362 2446 ad
3392 2395 3633 2443 mentem

2012 2490 2330 2557 revertitur,
2360 2499 2414 2544 et
2443 2490 2834 2560 imperterritus
2865 2492 3082 2546 manet?
3111 2486 3408 2545 Sodomita:
3446 2489 3657 2558 autem“

2013 2580 2113 2634 viri
2146 2583 2194 2635 in
2227 2583 2388 2636 domo
2422 2583 2519 2636 Ι,οῐ
2544 2583 2786 2638 invenire
2809 2585 3006 2639 ostium
3029 2587 3330 2649 nequeunt,
3355 2574 3482 2646 quia
3505 2584 3655 2639 cor-.

2013 2682 2264 2736 ruptores
2306 2669 2562 2731 mentium
2594 2685 2780 2731 contra
2812 2678 2974 2732 vitam
3000 2676 3132 2748 justi
3164 2673 3369 2730 nullum
3397 2677 3654 2738 accusa-_

2013 2763 2176 2818 tionis
2207 2765 2406 2819 aditum
2449 2767 2878 2836 deprehendunt.
2912 2768 3160 2825 Percussi
3197 2766 3341 2822 enim
3375 2760 3628 2820 caecitate

2010 2857 2164 2924 quasi
2185 2856 2404 2912 domum
2433 2860 2792 2928 circumeunt,
2825 2863 2913 2930 qui
2947 2862 3249 2918 invidentes
3279 2858 3422 2915 facta
3448 2853 3651 2924 (ἥρω’,

2010 2962 2116 3015 que
2155 2957 2580 3018 perscrutantur.
2618 2951 2723 3008 Sed
2745 2954 2871 3026 quia
2927 2953 3004 3008 eis
3040 2951 3106 3008 de
3136 2951 3248 3007 vita
3290 2947 3418 3020 justi
3462 2943 3649 3020 fortis,

2009 3043 2246 3116 undique
2269 3060 2333 3100 ac
2359 3044 2641 3101 laudabilis
2663 3048 2804 3104 actia
2827 3047 3027 3113 obviat,
3058 3056 3300 3102 errantes
3323 3041 3456 3100 nihil
3472 3034 3628 3098 aliud

2009 3150 2171 3206 quam
2195 3136 2455 3206 parietem
2486 3137 2729 3206 palpant.
2767 3139 2907 3196 Bene
2939 3153 3066 3209 ergo
3095 3138 3294 3200 dicitur
3321 3156 3331 3189 :
3369 3130 3536 3198 Quasi
3561 3129 3621 3184 in.

330 3195 599 3253 nlidelium
632 3199 699 3254 ab
729 3199 1082 3259 elli'enatione
1125 3222 1234 3260 suae
1283 3208 1625 3279 loquacitatis
1656 3214 1903 3270 obmute-
1930 3233 1984 3296 ο
2011 3195 2300 3290 nacta-sic
2344 3195 2628 3297 palpcibunt
2669 3230 2725 3283 in
2769 3195 3029 3294 meridie:
3063 3197 3198 3298 quia.
3231 3227 3360 3284 dum
3408 3225 3618 3279 bonum

308 3297 450 3354 scct,
481 3306 604 3348 cum
625 3294 812 3349 venire
840 3311 961 3350 eum
1001 3297 1204 3366 justum
1229 3301 1463 3371 judicem
1485 3306 1706 3371 viderit,
1736 3324 1899 3378 quem
1949 3294 1976 3296 ί
2010 3316 2152 3390 quod
2209 3294 2392 3370 vident
2434 3294 2702 3373 accusare
2767 3329 3037 3390 nequeunt
3063 3294 3094 3386 ,i
3138 3317 3323 3376 caecati
3381 3312 3616 3380 malitia-

309 3395 448 3438 nunt
479 3382 678 3452 injuste
701 3385 982 3454 judicavit.
1018 3388 1170 3445 Unde
1214 3403 1268 3446 et
1297 3393 1434 3449 bene
1462 3397 1708 3454 subditur
1741 3418 1753 3452 :

898 3479 1126 3537 CAPUT
1167 3483 1364 3553 xxu.,

376 3563 843 3638 latnt—Iniquum
871 3580 1040 3626 autem
1067 3577 1339 3629 contrahet
1358 3593 1415 3631 os
1444 3594 1611 3632 suam.

377 3657 464 3713 '57.
494 3659 666 3715 Judazi
691 3679 721 3714 a
743 3666 1064 3719 contumeliis
1089 3666 1143 3719 in
1167 3665 1426 3721 Christum
1462 3671 1900 3728 cessabunt.—Os

308 3751 452 3822 cuius
475 3766 632 3804 suum
656 3767 796 3807 nunc
825 3755 998 3810 adhuc
1026 3756 1278 3824 iniquitas
1297 3759 1504 3825 dilatat,
1528 3763 1651 3829 quia
1682 3764 1898 3818 humani

307 3842 518 3908 generis
549 3839 961 3910 Redemptorem
1008 3845 1188 3913 lingua
1225 3847 1516 3902 infidelium
1560 3854 1900 3906 contumeliis

309 3927 574 3983 lacessere
610 3944 947 3997 nequaquam
989 3942 1183 3988 cessat.
1215 3933 1324 3988 Sed
1353 3945 1478 3990 tunc
1509 3953 1569 3991 os
1597 3941 1897 4006 contrahet,

308 4033 432 4072 cum
456 4018 560 4074 hoc
599 4019 746 4090 quod
782 4036 890 4074 non
931 4021 1052 4076 vult-
1085 4037 1180 4090 per
1216 4025 1372 4094 193
1412 4026 1642 4080 studium
1667 4069 1680 4090 ,
1734 4028 1759 4065 δ
1804 4045 1912 4098 per

308 4112 628 4180 supplicium
673 4114 902 4168 claudet.
947 4115 1100 4181 Quod
1151 4125 1330 4171 tamen
1371 4119 1509 4172 bene
1539 4121 1707 4191 accipi
1737 4122 1901 4176 etiam

309 4201 378 4253 de
422 4203 694 4258 conversis
739 4205 1176 4272 persecutoribus
1224 4215 1419 4277 potest.
1481 4207 1704 4264 Salvam
1758 4213 1900 4266 enim

309 4310 578 4362 paupere,
615 4297 742 4350 dum
769 4312 972 4366 egenus
999 4299 1065 4351 ad
1105 4315 1258 4366 spem
1294 4301 1463 4367 redit,
1495 4311 1772 4359 contracto
1806 4321 1902 4362 ore

310 4385 566 4453 iniquitas
593 4388 948 4457 obmutescit,
989 4392 1116 4460 quia
1139 4396 1556 4450 resurrectionis
1584 4397 1700 4462 ejus
1726 4399 1904 4455 clare-

310 4485 494 4530 scente
547 4478 840 4541 iiiis-acula.
888 4481 1016 4535 dum
1037 4483 1255 4546 copiosa
1301 4485 1586 4544 multitudo
1610 4488 1900 4548 infidelium

2004 3408 2209 3463 malum
2241 3410 2384 3476 quod
2425 3426 2532 3465 non
2574 3412 2758 3466 vident
2795 3411 2869 3467 ad.
2899 3412 3298 3468 accusationem
3335 3414 3622 3482 quierunt.

2078 3498 2167 3554 '59.
2227 3501 2306 3554 Ad
2351 3502 2554 3571 culpam
2600 3520 2692 3558 nos
2743 3505 2901 3558 trahit
2941 3505 3211 3560 delectatio
3267 3512 3357 3557 aut
3411 3509 3618 3564 terror;

2006 3603 2248 3647 neutram
2278 3594 2410 3647 valet
2436 3595 2487 3648 in
2511 3595 2954 3652 humilem—Ubi
2975 3607 3030 3651 et
3055 3606 3201 3654 recte
3228 3595 3571 3668 subiungitur
3593 3606 3612 3648 :

2008 3678 2180 3734 Porro
2210 3682 2402 3735 salvum
2436 3684 2591 3752 faciet
2617 3685 2678 3737 de
2704 3685 2878 3753 gladio
2909 3686 3014 3740 oris
3043 3703 3249 3752 eorum,
3283 3695 3335 3740 et
3365 3685 3430 3738 de
3450 3699 3611 3736 manu

2007 3772 2215 3825 violenti
2246 3789 2540 3841 pauperem.
2576 3771 2788 3845 Pauper
2812 3777 3010 3848 quippe
3042 3786 3154 3844 est,
3199 3772 3442 3847 quisquis
3467 3771 3622 3845 apud

2008 3862 2358 3930 semetipsum
2387 3862 2560 3917 elatus
2602 3879 2706 3919 non
2735 3873 2836 3919 est.
2871 3863 3024 3920 Unde
3046 3875 3099 3921 et
3132 3883 3230 3931 per
3259 3865 3622 3938 Evangelium.

2009 3950 2221 4006 Veritas
2249 3951 2378 4006 dicit
2410 3971 2421 4004 :
2461 3951 2608 4008 Beati
2637 3970 2888 4027 pauperes
2915 3965 3134 4029 spiritu,
3179 3976 3422 4032 quoniam
3467 3961 3608 4028 ipso-

2009 4060 2125 4097 rum
2167 4053 2241 4097 est
2285 4061 2498 4114 regnum
2534 4047 2774 4100 caelorum
2817 4047 3032 4118 (Matth.
3065 4067 3128 4119 v,
3161 4049 3234 4120 ⁸5).
3268 4050 3483 4106 Duobus
3505 4065 3606 4106 au-

2009 4143 2119 4191 tem
2146 4135 2322 4190 modis
2346 4138 2410 4189 ad
2443 4136 2652 4203 culpam
2697 4141 3062 4211 unusquisque
3109 4141 3455 4213 pertrahitur.
3498 4141 3616 4200 Aut.

2011 4227 2152 4280 enim
2200 4226 2559 4283 delectatione
2605 4229 2849 4300 ducitur,
2897 4242 2993 4289 aut
3035 4243 3247 4291 terrore
3293 4244 3602 4307 superatur.

2011 4315 2235 4372 Gladius
2265 4334 2498 4388 namque
2517 4336 2628 4377 oris
2655 4330 2741 4377 est
2766 4323 3017 4391 iniquitas
3061 4327 3450 4398 persuasionis,
3482 4344 3600 4384 ma-

2011 4424 2111 4463 nus
2139 4421 2316 4464 autem
2341 4410 2561 4466 violenti
2589 4421 2671 4468 est
2696 4416 2992 4474 adversitas
3020 4419 3314 4492 potestatis.
3339 4418 3448 4475 Sed
3475 4421 3602 4491 quia

2011 4503 2274 4558 veraciter
2303 4503 2536 4571 humilis,
2571 4507 2661 4578 qui
2700 4509 2806 4564 hoc
2843 4509 2964 4567 loco
2994 4527 3198 4583 pauper
3217 4523 3463 4580 vocatur,
3493 4529 3601 4582 quo

310 4562 559 4675 credinna
586 4565 958 4636 Redemptoris
977 4573 1058 4625 sui
1087 4573 1296 4640 injuriis
1315 4579 1760 4651 contumeliisque
1785 4598 1904 4640 ces-
1927 4613 1984 4673 ι)
2010 4592 2153 4647 nulla
2183 4593 2342 4662 hujus
2371 4597 2551 4650 mundi
2587 4562 2846 4669 prospera
2874 4562 3287 4675 apptitit,r199
3311 4618 3377 4658 eo
3400 4602 3602 4658 audens

311 4657 468 4708 savit.
499 4654 572 4710 Os
597 4660 738 4711 enim
759 4675 914 4714 suum
933 4704 948 4729 ,
979 4664 1123 4732 quod
1154 4666 1320 4722 Deum
1351 4669 1642 4728 deridendo
1671 4677 1899 4743 aperuit,

307 4745 420 4816 jam
452 4748 786 4806 formidando
821 4757 1112 4810 contraxit.

387 4838 403 4911 j
418 4837 530 4894 νει.
573 4838 980 4913 Χν1.].εει‹εῠε
1003 4851 1415 4908 nonus—58.
1447 4852 1741 4910 [avidorum
1764 4865 1904 4913 tene-

313 4928 421 4986 brat
453 4940 501 4985 et
532 4936 690 4987 mia
709 4937 1163 4996 malitia.—Libet
1186 4943 1297 4999 hinc
1329 4948 1631 5015 moraliter,
1681 4959 1906 5021 postpo-

311 5026 420 5078 sita
436 5021 742 5078 Iudaeorum
781 5026 1198 5098 significatione,
1247 5043 1637 5104 transcurrere,
1684 5051 1844 5111 atque
1874 5059 1906 5100 a

312 5117 496 5185 pravis
515 5117 836 5185 generaliter
854 5122 1125 5188 quomodo
1149 5135 1376 5194 agantur
1395 5130 1663 5199 indagare.
1688 5134 1906 5205 iniquo-

315 5225 432 5262 rum
463 5210 660 5279 quippe
691 5211 966 5266 hominum
997 5227 1204 5271 mentes
1233 5235 1352 5274 cum
1384 5222 1624 5289 quaedam
1655 5240 1685 5278 a
1718 5230 1905 5296 proxi-

317 5302 419 5356 mis
445 5304 583 5358 bene
617 5313 765 5366 tzesta
807 5307 1182 5380 conspiciunt,
1232 5313 1283 5366 in
1328 5322 1552 5370 extenso
1601 5317 1786 5374 livoris
1823 5323 1906 5378 sui

317 5393 546 5462 equuleo
575 5403 909 5466 torquentur,
943 5409 998 5455 et
1039 5413 1255 5468 gravem
1286 5405 1503 5460 malitim
1538 5423 1648 5462 sum
1691 5425 1906 5479 pinnam

319 5484 604 5551 sustinent,
630 5502 748 5542 cum
769 5488 909 5544 bona
939 5490 990 5544 in
1012 5491 1130 5546 aliis
1155 5493 1492 5552 tabescentes
1513 5499 1712 5554 vident.
1741 5500 1907 5560 Recte

320 5577 500 5645 itaque
519 5577 712 5634 dicitur
736 5598 748 5633 :
776 5579 881 5635 Per
900 5582 1032 5637 diem
1056 5585 1314 5641 incurrent
1335 5589 1588 5654 tenebras.
1609 5593 1730 5662 quia
1755 5610 1908 5653 mens

319 5683 512 5725 eorum
530 5687 654 5727 cum
681 5672 747 5727 de
772 5674 943 5729 aliena
973 5677 1348 5740 melioratione
1373 5683 1646 5754 aﬂiigitur,
1669 5686 1736 5742 de
1757 5689 1918 5745 radio

395 5792 418 5816 “
470 5782 721 5847 Viu:loc..

325 5855 345 5906 Ι
395 5792 418 5816 ει
470 5785 721 5865 Vin-.loc..
769 5785 889 5840 Jam
935 5789 1317 5850 resurrectionis
1358 5802 1578 5884 gloriam
1613 5801 1910 5854 ascensione

343 5864 587 5906 tonoraru

343 5864 587 5910 tonoraru

2011 4690 2094 4736 ter
2122 4684 2283 4738 etiam
2329 4686 2551 4744 adversa
2583 4692 2907 4756 contemnit,
2950 4700 3096 4747 recte
3123 4692 3317 4747 dicitur
3344 4711 3355 4745 :
3389 4692 3601 4749 Salvum

2012 4777 2165 4850 faciet
2191 4779 2254 4831 de
2284 4779 2460 4850 gladia
2488 4781 2592 4834 oris
2631 4799 2805 4836 eorum
2837 4793 2887 4837 et
2914 4783 2979 4837 de
3000 4799 3156 4838 manu
3175 4783 3382 4839 violenti
3409 4802 3598 4856 paupe-

2010 4887 2137 4924 rem.
2172 4869 2247 4924 Ac
2275 4872 2319 4924 si
2350 4881 2534 4940 aperte
2571 4873 2878 4929 diceretur:
2913 4874 2999 4931 Sic
3041 4875 3093 4930 in
3133 4892 3192 4932 se
3224 4875 3364 4933 Deus
3394 4885 3600 4934 mentes

2009 4960 2286 5014 humilium
2315 4961 2524 5025 sondat,
2558 4972 2618 5017 ut
2647 4979 2738 5018 eas
2767 4965 2832 5019 ad
2862 4973 3272 5037 prrpetrandam
3309 4968 3601 5036 nequitiam

2011 5065 2111 5105 nec
2137 5049 2500 5107 blandimenta
2526 5054 2832 5110 suasionum
2873 5056 3191 5127 pertrabant
3209 5099 3230 5124 ,,
3247 5072 3347 5114 nec
3387 5060 3602 5120 dolores

2009 5141 2392 5212 suppliciorum
2422 5144 2688 5215 frangant.
2730 5146 2866 5218 Spes
2905 5151 3104 5222 quippe
3145 5151 3196 5206 in
3245 5151 3601 5208 aeternitatem

2011 5232 2247 5285 animum
2288 5233 2470 5300 erigit,
2518 5243 2574 5289 et
2615 5235 2814 5293 idcirco
2853 5239 2995 5294 nulla
3025 5240 3164 5296 mala
3209 5243 3450 5298 exterius
3483 5257 3600 5310 quze

2010 5325 2206 5378 tolerat
2232 5325 2417 5380 sentit.
2449 5325 2604 5381 Unde
2629 5337 2683 5383 et
2711 5330 2956 5387 subditur
2984 5316 3004 5386 ¹τ
3034 5333 3104 5388 Et
3149 5335 3252 5388 erit
3271 5349 3442 5406 egon
3460 5348 3596 5402 spes.

2012 5415 2089 5470 Ad
2121 5416 2274 5485 cujus
2299 5419 2414 5487 spei
2437 5419 2686 5476 videlicet
2705 5421 2941 5491 fructum.
2963 5440 3085 5483 cuiu
3109 5440 3313 5498 pauper
3340 5440 3589 5500 pervene-

2009 5507 2112 5573 rit,
2145 5509 2316 5564 omnis
2338 5511 2512 5568 elatus
2547 5513 2886 5572 obmutescit.
2928 5516 3081 5574 Unde
3128 5524 3184 5572 et
3208 5516 3384 5578 adhuc
3410 5515 3594 5572 subdi-

2012 5607 2098 5654 tur
2129 5618 2140 5653 :
2179 5599 2431 5672 linquitur
2479 5612 2648 5659 mitem
2677 5609 2946 5662 contrahet
2988 5624 3050 5663 eo
3073 5623 3242 5663 stum.
3275 5607 3426 5662 Nunc
3454 5607 3606 5664 edn

2012 5691 2184 5746 malus
2225 5693 2381 5749 bonis
2427 5694 2683 5765 derogat,
2729 5708 2784 5754 et
2835 5706 2978 5759 recta
3008 5713 3130 5772 qua:
3160 5713 3322 5771 agere
3356 5698 3593 5772 negligi:

2081 5802 2108 5842 ι’
2140 5806 2297 5862 Deest
2324 5828 2411 5879 per
2444 5811 2500 5866 in
2522 5809 2722 5869 Gerart.
