4180 6474
536 321 645 385 751

1770 311 2016 369 SANC'I‘I
2054 308 2387 370 GREGORII
2426 306 2643 366 MAGNI

3736 304 3849 359 753

541 450 655 493 nec
673 431 729 489 in
747 428 865 487 aliis
885 427 1235 485 obtrectando
1256 422 1496 482 lacerare
1518 439 1628 481 non
1648 432 1848 480 cessat.
1875 422 1981 479 Sed
2007 432 2134 479 tunc
2162 427 2212 487 Α
2236 422 2452 492 gatione
2472 420 2733 488 criminis,
2757 420 2852 476 sed
2874 434 2973 490 pro
2994 420 3156 491 200
3174 418 3506 475 fortitudinis
3520 419 3850 489 probatione

540 526 791 597 miquitas
810 536 871 577 os
898 536 1052 577 suum
1072 518 1360 584 contrahit,
1388 533 1512 574 cum
1528 516 1687 587 justis
1709 523 1911 585 quanta
1936 531 2132 586 suppe—

538 628 617 677 tat
645 617 815 687 gloria
842 611 1214 671 retributionis
1239 610 1507 681 agnoscit.
1560 609 1713 664 Tunc
1739 609 1883 663 enim
1913 609 1964 663 ei
1986 608 2135 678 loqui

537 716 727 766 contra
755 706 930 761 bonos
944 719 1053 758 non
1082 708 1258 768 vacat,
1286 701 1412 770 quia
1441 699 1708 755 malorum
1731 713 1953 754 suorum
1974 698 2136 766 digna

538 796 897 856 retributione
938 793 1171 863 linguam
1228 798 1499 847 tormenta
1528 790 1714 859 ligant.
1771 789 1919 845 Unde
1974 791 2135 856 bene,

538 892 696 947 Anna
725 888 1114 959 prephetante,
1146 884 1342 939 dicitur
1368 902 1380 936 :
1409 882 1575 936 Pedes
1602 891 1899 937 sanctorum
1927 898 2136 935 suorum

539 978 783 1047 servabit,
806 986 855 1033 et
875 978 1023 1049 impii
1044 978 1099 1030 in
1123 974 1344 1030 tenebris
1372 977 1714 1029 conticescent
1741 972 1796 1045 (Ι
1814 973 1945 1045 Reg.
1962 989 2018 1036 ιι,
2046 972 2133 1042 9).

542 1072 653 1129 Sed
680 1080 740 1125 ut
781 1070 985 1125 electus
1014 1069 1241 1139 quisque
1267 1074 1469 1122 aeterna
1510 1066 1773 1136 supplicia
1822 1065 2046 1128 evadat,
2085 1074 2141 1119 et

539 1166 606 1222 ad
648 1178 943 1235 perennem
995 1162 1224 1232 gloriam
1273 1176 1478 1231 pauper
1522 1159 1808 1227 ascendat,
1852 1157 2014 1213 debet
2052 1156 2141 1211 hic

542 1257 773 1312 assiduis
816 1254 1038 1323 ﬂagellis
1077 1254 1266 1319 atteri,
1319 1263 1585 1322 quatenus
1627 1253 1681 1306 in
1716 1252 1916 1321 judicio
1966 1250 2142 1304 valeat

540 1355 799 1421 purgatus
844 1345 1089 1400 inveniri.
1121 1344 1244 1414 Ipso
1292 1359 1526 1415 namque
1573 1342 1900 1397 inﬁrmitatis
1945 1349 2141 1397 nostra:

540 1437 786 1511 pondere
812 1435 1065 1490 deorsum
1084 1433 1326 1502 quotidie
1356 1434 1623 1497 ducimur,
1648 1444 1673 1469 ⁸
1699 1433 1798 1487 nisi
1820 1433 1954 1486 mira
1980 1448 2144 1487 manu

544 1527 770 1584 artiﬁcis
799 1541 895 1597 per
921 1526 1295 1582 subvenientia
1325 1524 1532 1595 ﬂagella
1563 1526 1884 1580 relevemur.
1911 1523 2063 1580 Unde
2089 1531 2146 1579 et

543 1620 793 1679 subditur
827 1639 840 1673 :

904 1708 1131 1764 CAPUT
1160 1706 1325 1763 XXIII
1374 1706 1519 1781 [Vet.
1562 1704 1781 1777 XVII].

2236 513 2537 579 feriuntur,
2589 528 2712 566 cum
2760 527 2951 568 causas
2998 527 3109 567 sua:
3138 511 3514 580 .percussionis
3540 511 3846 580 inquirunt,

2236 621 2574 676 nequaquam
2600 606 3022 674 increpationem
3054 603 3265 658 Domini
3288 603 3582 673 reprobare
3626 602 3846 658 dicendi

2238 706 2390 763 sunt,
2439 699 2563 767 quia
2594 698 2645 751 in
2676 698 2981 767 semetipsis
3041 712 3061 736 ο
3116 704 3365 765 satagunt
3418 695 3660 751 invenire
3699 697 3856 766 quod

2239 791 2505 847 nesciunt.
2540 790 2690 846 Unde
2713 798 2769 844 et
2797 791 2987 845 beatus
3015 788 3116 844 Job
3137 789 3203 844 ad
3234 788 3498 844 libertatis
3519 789 3685 843 verba
3704 790 3853 844 inter

2240 880 2600 952 percussionis
2632 880 2853 936 verbera
2902 896 3193 952 erumpens
3214 922 3229 948 ,
3264 888 3416 935 tanto
3446 880 3515 935 de
3553 895 3612 936 se
3645 882 3858 937 rectius

2238 971 2440 1042 judicia
2484 972 2725 1028 ferientis
2751 974 3080 1043 interrogat,
3110 983 3314 1043 quanto
3348 974 3403 1028 in
3432 975 3727 1044 semetipso
3748 991 3854 1029 ve-

2242 1068 2355 1124 rius
2384 1080 2575 1123 causas
2603 1064 2629 1104 ἀ
2664 1068 2927 1137 passionis
2948 1068 3178 1136 ignorat.
3226 1068 3448 1138 Eliphaz
3476 1068 3655 1137 itaque
3674 1108 3690 1135 ,
3722 1068 3860 1139 quia

2244 1158 2388 1213 hunc
2415 1174 2724 1229 percussum
2757 1176 2865 1214 non
2898 1161 3234 1231 probationis
3263 1162 3543 1227 examine,
3586 1162 3680 1216 sed
3720 1178 3860 1232 pur-

2244 1253 2477 1321 gationis
2503 1253 2806 1319 aestimavit,
2841 1254 2968 1307 dum
2998 1253 3165 1309 libere
3194 1254 3334 1308 inter
3358 1253 3567 1322 ﬂagella
3595 1254 3858 1323 loquere-

2248 1348 2367 1405 tur,
2402 1343 2723 1411 reprohasse
2773 1343 2867 1398 Dei
2915 1344 3339 1413 increpationem
3389 1344 3635 1399 credidit.
3677 1346 3858 1410 Quem

2247 1441 2374 1502 apte
2396 1433 2558 1487 etiam
2585 1434 2960 1489 bzereticorum
2994 1442 3181 1489 tenere
3203 1435 3441 1505 speciem
3467 1434 3698 1490 diximus
3717 1475 3733 1500 ,
3758 1436 3858 1505 qui

2248 1542 2410 1581 ontne
2436 1526 2581 1595 quod
2611 1543 2642 1581 a
2669 1534 2856 1581 sancta
2885 1527 3129 1582 Ecclesia
3172 1537 3319 1583 recte
3356 1528 3563 1596 agitur,
3598 1527 3737 1596 apud
3765 1527 3856 1595 ju-

2250 1619 2447 1673 dicium
2476 1634 2631 1673 suum
2653 1633 2866 1688 semper
2893 1618 2961 1673 ad
2980 1620 3167 1672 vitium
3194 1618 3524 1672 tortitudinis
3546 1616 3851 1671 inﬂectunt.

2251 1707 2386 1775 Quia
2416 1726 2545 1764 vero
2575 1710 2716 1764 bona
2741 1709 3039 1764 intentione
3062 1708 3129 1763 ad
3154 1708 3483 1779 loquendum
3506 1709 3733 1773 ducitur,
3758 1709 3855 1762 sed

618 1805 781 1861 Vens.
809 1802 1178 1859 i7.——Beatus
1202 1803 1354 1856 homo
1384 1802 1469 1871 qui
1507 1800 1787 1869 corripitur
1829 1816 1860 1851 a
1894 1797 2138 1852 Domino.
2176 1811 2223 1870 Β
2250 1815 2360 1854 non
2404 1809 2559 1854 curat
2605 1800 2911 1856 discernere
2954 1801 3041 1854 cui
3090 1801 3371 1870 loquatur,
3402 1801 3579 1855 adhuc
3607 1816 3856 1869 superna:

618 1896 708 1951 40.
758 1894 991 1951 Assiduis
1036 1892 1259 1964 ﬂagellis
1312 1892 1392 1945 hic
1442 1892 1593 1944 atteri
1634 1896 1821 1945 electus
1872 1889 2037 1943 debet.
2078 1921 2149 1933 —-

546 1990 725 2046 Prima
772 1989 941 2042 virtus
982 1993 1095 2049 est,
1138 1984 1165 2023 ι’
1212 2000 1281 2040 ne
1324 1984 1627 2054 perpetrari
1666 1983 1925 2047 debeant,
1980 1982 2151 2036 vitare

544 2094 803 2160 peccata;
826 2081 1061 2139 secunda
1085 2087 1288 2147 autem,
1312 2078 1501 2133 saltem
1526 2085 1834 2147 perpetrata
1856 2078 2149 2145 corrigere.

545 2175 655 2233 Sed
684 2176 1000 2247 plerumque
1022 2172 1207 2241 culpas
1238 2185 1345 2223 non
1367 2168 1543 2223 solum
1569 2168 1909 2221 imminentes
1930 2166 2152 2219 minime

546 2266 812 2333 vitamus,
849 2280 1035 2321 verum
1067 2263 1230 2317 etiam
1280 2277 1380 2316 nec
1427 2260 1739 2315 commissas
1787 2258 2148 2327 agnoscimus.

547 2358 617 2415 Et
644 2366 989 2430 peccatorum
1022 2371 1173 2411 mens
1194 2362 1344 2408 tanto
1372 2353 1531 2407 altius
1561 2353 1915 2419 tenehrescit,
1947 2358 2149 2419 quanto

548 2465 655 2507 nec
676 2449 928 2503 damnum
950 2462 1059 2501 sua:
1080 2444 1333 2501 ezecitatis
1354 2442 1622 2514 intelligit.
1658 2442 1809 2498 Unde
1830 2441 1889 2496 ﬁt
1914 2444 2150 2512 plerum-

550 2555 659 2614 que
705 2538 871 2594 divini
907 2537 1143 2592 muneris
1184 2536 1433 2604 largitate
1454 2576 1467 2599 ,
1507 2543 1566 2587 ut
1595 2533 1808 2602 culpam
1836 2548 1993 2603 poena
2024 2532 2151 2587 sub-

548 2646 844 2703 sequatur,
891 2638 947 2687 et
975 2628 1184 2698 ﬂagella
1234 2628 1422 2684 oculos
1472 2627 1834 2689 delinquentis
1883 2627 2147 2697 aperiant,

550 2740 690 2798 quos
718 2725 857 2779 inter
894 2722 1023 2776 vitia
1065 2720 1325 2776 securitas
1369 2719 1622 2774 cascahat.
1668 2717 1911 2788 Torpens
1953 2718 2153 2789 quippe

551 2817 766 2873 animus
786 2814 1133 2886 percussione
1159 2813 1423 2880 tangitur,
1459 2819 1516 2864 ut
1562 2812 1857 2877 excitetur;
1887 2822 2153 2880 quatenus

551 2905 647 2976 qui
672 2913 871 2961 statum
894 2920 1002 2960 sua:
1031 2902 1367 2958 rectitudinis
1395 2917 1617 2958 securus
1640 2902 1891 2971 perdidit,
1922 2902 2152 2958 amictus

554 2998 866 3057 consideret
892 3012 1001 3066 quo
1026 2996 1191 3065 jacet.
1224 2992 1360 3048 Hinc
1391 2994 1573 3064 itaque
1602 2994 1716 3063 ipsa
1748 2993 2009 3063 asperitas
2031 3009 2153 3048 eor-

553 3091 816 3163 mptionis
842 3090 991 3157 origo
1021 3087 1079 3141 iit
1108 3086 1341 3141 luminis.
1384 3084 1537 3140 Unde
1567 3093 1620 3140 et
1640 3100 1737 3154 per
1764 3085 1986 3139 Paulum
2017 3086 2152 3149 dici-

557 3190 644 3237 tur
700 3199 713 3235 2

558 3270 777 3344 (Ephes.
802 3284 865 3335 γ,
896 3267 1015 3337 15),
1049 3274 1423 3334 argumentum
1452 3263 1595 3319 enim
1635 3264 1819 3319 salutis
1847 3272 1929 3319 est
1949 3264 2029 3319 vis
2060 3265 2160 3319 do-

555 3363 711 3419 leris.
736 3360 873 3415 Hinc
891 3367 974 3413 est
999 3357 1139 3411 enim
1162 3358 1307 3426 quod
1330 3356 1583 3410 Salomon
1602 3356 1703 3409 ait:
1726 3355 1934 3409 Curatio
1956 3373 2158 3410 cessure

561 3454 718 3528 faciet
761 3458 971 3523 peccata
1016 3450 1244 3501 maxima
1289 3445 1485 3519 (Eccle.
1529 3462 1594 3507 χ,
1652 3445 1729 3513 4).
1784 3444 1918 3500 Hinc
1962 3446 2158 3501 iterum

560 3546 695 3605 dicit
730 3563 744 3598 :
780 3540 942 3609 Quem
970 3541 1109 3595 enim
1128 3540 1298 3609 diligit
1342 3537 1617 3602 Dominus,
1649 3538 1902 3607 castigat;
1930 3539 2162 3609 ﬂagellat

560 3649 733 3698 autem
759 3652 960 3693 omnem
986 3634 1151 3707 ﬁlium
1179 3648 1326 3703 quem
1348 3632 1529 3699 recipit
1555 3629 1741 3701 (Hebr.
1792 3648 1882 3697 xu,
1915 3631 1991 3702 6).
2024 3630 2161 3687 Hinc

562 3747 701 3791 voce
723 3728 962 3799 angelica
993 3724 1250 3782 Dominus
1271 3722 1336 3776 ad
1365 3720 1622 3777 Joannem
1647 3722 1899 3791 loquitur,
1933 3722 2116 3776 dicens
2140 3740 2153 3775 :

562 3825 680 3901 Ego
714 3841 840 3899 quos
887 3839 1033 3886 amo,
1076 3818 1332 3888 redarguo
1370 3824 1415 3869 et
1446 3816 1643 3885 castigo
1676 3815 1866 3884 (Apoc.
1899 3832 1986 3879 ιιι,
2035 3814 2155 3884 19).

563 3917 703 3975 Hinc
734 3918 932 3971 Paulus
962 3913 1036 3967 ait
1068 3929 1081 3964 :
1118 3907 1299 3963 Omnis
1322 3916 1493 3961 autem
1516 3905 1792 3974 disciplina
1830 3906 1884 3958 in
1920 3909 2161 3975 pra’senti

562 4004 771 4085 quidem
791 4024 895 4063 non
920 4005 1118 4060 videtur
1148 4018 1258 4057 esse
1296 3999 1506 4071 gaudii,
1556 3996 1647 4052 sed
1684 3997 1950 4060 maeroris;
1983 4007 2159 4067 postea

563 4109 739 4156 autem
764 4100 985 4170 fructum
1014 4092 1399 4165 pacatissimum
1420 4089 1716 4144 exercitatis
1741 4106 1831 4159 per
1856 4105 1969 4141 eam
1992 4089 2160 4143 reddit

565 4191 781 4265 iustitia:
832 4186 1026 4260 (Hebr.
1072 4201 1178 4251 xu,
1228 4182 1355 4251 li).
1405 4180 1659 4248 Quamvis
1706 4195 1834 4249 ergo
1873 4180 2160 4235 convenire

567 4283 729 4340 simul
752 4286 1019 4349 nequeant
1047 4277 1201 4332 dolor
1228 4285 1283 4331 et
1306 4274 1601 4342 beatitudo,
1630 4281 1778 4329 recte
1810 4282 1987 4328 tamen
2019 4290 2161 4328 nunc

570 4375 802 4441 dicitur,
834 4372 1021 4427 Beatus
1060 4369 1209 4423 homo
1238 4368 1323 4439 qui
1365 4366 1639 4437 corripitur
1681 4383 1712 4418 a
1754 4364 2010 4430 Domino;
2036 4365 2160 4434 quia

570 4486 671 4544 per
692 4470 819 4535 hoc,
845 4464 990 4538 quod
1015 4470 1269 4535 peccator
1294 4460 1478 4516 dolore
1500 4460 1856 4529 correptionis
1878 4459 2156 4527 premitur,

2254 1889 2670 1958 dispensationis
2736 1891 3105 1945 moderamina
3172 1891 3513 1960 praedicando
3558 1892 3855 1962 subjungit,

2254 1979 2442 2035 dicens
2476 1998 2489 2034 :

2601 2070 2828 2127 CAPUT
2868 2070 3010 2127 XXV
3052 2072 3197 2144 [νει.
3241 2071 3495 2143 XVIII).

2324 2163 2487 2217 Vens.
2515 2162 2816 2227 18.—Quia
2833 2165 2940 2235 ipse
2960 2163 3212 2229 uulnerat,
3238 2172 3287 2217 et
3321 2166 3592 2231 medetur;
3615 2169 3855 2236 percutit,

2253 2266 2302 2310 et
2323 2273 2506 2310 manus
2547 2258 2659 2327 ejus
2681 2259 2956 2311 sanabunt.

2324 2349 2415 2403 42.
2446 2350 2657 2404 Duobus
2680 2351 2845 2405 modis
2876 2350 3012 2404 Deus
3057 2352 3127 2403 ad
3165 2352 3384 2405 salutem
3413 2352 3664 2406 vulnerat.
3690 2352 3855 2409 Menti

2254 2441 2325 2495 ad
2354 2441 2522 2495 Deum
2560 2442 2825 2509 redeunti,
2852 2442 2920 2496 ad
2949 2444 3280 2497 tentationem
3322 2446 3559 2508 vertitur,
3608 2446 3855 2517 quidquia

2253 2534 2397 2600 prius
2419 2534 2472 2585 in
2498 2534 2686 2587 swculo
2729 2533 3294 2590 blandum—Duobus
3320 2535 3495 2589 modis
3515 2538 3856 2606 omnipotens

2256 2623 2399 2677 Dens
2425 2624 2693 2691 vulnerat,
2719 2639 2855 2692 quos
2900 2624 3161 2680 reducere
3190 2624 3256 2680 ad
3284 2626 3514 2682 salutem
3542 2637 3713 2682 curat.
3748 2630 3844 2684 Ali-

2257 2714 2473 2783 quando
2512 2715 2655 2769 enim
2698 2730 2915 2770 carnem
2962 2718 3226 2789 percutit,
3268 2727 3323 2772 et
3371 2720 3565 2774 mentis
3610 2720 3856 2776 duritiam

2258 2821 2358 2861 suo
2404 2822 2607 2876 pavore
2648 2807 2918 2863 tabelacit.
2948 2807 3295 2865 Vulnerando
3341 2825 3472 2880 ergo
3518 2813 3585 2866 ad
3633 2814 3856 2871 salutem

2257 2907 2499 2965 revocat,
2532 2914 2653 2953 cum
2678 2899 2881 2954 electos
2904 2916 3032 2956 suos
3054 2901 3242 2971 afﬂigit
3262 2903 3522 2970 exterius,
3552 2914 3611 2958 ut
3630 2906 3856 2962 interius

2258 2990 2463 3045 vivant.
2506 2989 2657 3045 Unde
2687 3007 2783 3061 per
2814 2992 3033 3063 Moysen
3081 3009 3297 3064 quoque
3327 2996 3598 3066 loquitur,
3631 2998 3808 3055 dicens
3837 3017 3853 3056 :

2259 3077 2375 3149 Ego
2406 3080 2665 3144 occidam,
2704 3089 2752 3133 et
2774 3082 2935 3135 vivere
2976 3085 3203 3153 faciam:
3226 3088 3537 3155 percutiam,
3571 3098 3619 3142 et
3657 3106 3748 3160 ego
3770 3108 3844 3144 sa-

774 3181 939 3233 Omne
985 3177 1119 3249 quod
1166 3176 1436 3247 arguitur,
1487 3191 1518 3228 a
1567 3175 1756 3229 lumine
1794 3177 2227 3247 manifestaturc
2260 3171 2393 3225 nabo
2437 3173 2611 3242 (Deut.
2663 3190 2841 3242 xxxii,
2892 3174 3005 3245 59).
3058 3175 3265 3231 Occidit
3312 3179 3455 3234 enim
3504 3190 3561 3234 ut
3607 3183 3855 3251 vivilieet,

2263 3265 2498 3335 percutit
2519 3273 2578 3319 ut
2598 3274 2781 3331 sanet;
2804 3268 2929 3335 quia
2950 3268 3151 3323 ideirco
3174 3269 3317 3323 foras
3344 3272 3565 3326 verbera
3587 3274 3859 3343 admovet,

2264 3364 2324 3411 ut
2345 3358 2487 3411 intus
2516 3358 2739 3413 vulnera
2783 3359 3102 3415 delictorum
3148 3371 3319 3418 curet.
3353 3364 3655 3434 Aliquando
3683 3377 3858 3424 autem

2263 3448 2427 3502 etiam
2470 3448 2515 3504 si
2562 3447 2769 3517 ﬂagella
2821 3450 3058 3504 exterius
3093 3467 3307 3507 cessare
3353 3453 3662 3519 videantur,
3718 3457 3862 3515 intus

2263 3538 2485 3593 vulnera
2533 3539 2755 3609 inﬂigit,
2796 3542 2920 3610 quia
2970 3544 3165 3597 mentis
3214 3554 3403 3599 nostra:
3452 3546 3709 3600 duritiam
3758 3565 3863 3603 suo

2264 3627 2533 3684 desiderio
2563 3632 2812 3700 percutit.
2857 3631 2960 3686 Sed
2986 3634 3332 3702 percutiendo
3360 3644 3541 3700 sanat,
3572 3637 3701 3705 quia
3742 3646 3862 3693 ter-

2263 3720 2402 3774 roris
2430 3721 2512 3773 sui
2535 3720 2715 3789 jaculo
2756 3723 3038 3778 translixos
3068 3725 3133 3777 ad
3158 3740 3369 3779 sensum
3399 3742 3496 3779 nos
3524 3728 3861 3786 rectitudinis

2261 3821 2503 3867 revocat.
2547 3812 2723 3867 Corda
2767 3815 2910 3868 enim
2957 3824 3140 3870 nostra
3186 3816 3326 3871 male
3364 3832 3494 3871 sana
3543 3826 3699 3881 sunt,
3743 3835 3855 3875 cum

2264 3905 2410 3959 nullo
2441 3906 2534 3960 Dei
2565 3922 2749 3962 amore
2772 3909 3097 3975 sauciantur,
3122 3925 3245 3965 cum
3278 3910 3726 3980 peregrinationis
3754 3928 3857 3968 sua:

2262 4017 2554 4057 (erumnam
2579 4019 2685 4058 non
2708 4004 2974 4070 sentiunt,
2998 4022 3118 4060 cum
3144 4020 3272 4074 erga
3296 4005 3660 4061 infirmitatem
3683 4008 3859 4077 proxi-

2262 4092 2337 4146 mi
2382 4108 2482 4147 nec
2527 4095 2825 4163 quamlibet
2865 4096 3086 4151 minimo
3117 4095 3313 4152 aﬂ‘eetu
3357 4097 3725 4166 languescunt.
3758 4098 3860 4155 Sed

2262 4188 2613 4244 vulnerantur
2666 4200 2723 4244 ut
2772 4201 3055 4259 sanentur,
3108 4195 3231 4262 quia
3277 4193 3477 4247 amoris
3516 4195 3595 4248 sui
3646 4193 3862 4264 spiculis

2263 4289 2473 4335 mentes
2504 4281 2640 4335 Deus
2682 4282 3016 4337 insensibiles
3044 4284 3305 4353 percutit,
3342 4298 3578 4352 moxque
3621 4300 3709 4339 eas
3746 4300 3861 4339 sen-

2265 4371 2447 4427 sibiles
2475 4389 2571 4442 per
2595 4373 2842 4429 ardorem
2868 4375 3149 4429 eliaritatis
3184 4376 3376 4430 reddit.
3414 4375 3566 4431 Unde
3589 4385 3644 4431 et
3668 4392 3862 4446 sponsa

2265 4463 2318 4518 in
2343 4463 2577 4519 Canticis
2606 4466 2937 4520 canticorum
2973 4466 3139 4521 dicit:
3175 4466 3459 4520 Vulnerata
3498 4468 3751 4521 charitate
3773 4484 3864 4538 ego

570 4562 892 4636 quandoque
920 4557 987 4613 ad
1016 4554 1428 4620 beatitudinem,
1458 4569 1575 4624 quae
1602 4554 1719 4607 sine
1746 4552 2052 4607 interventu
2080 4559 2164 4609 est
2191 4573 2243 4633 Ι)
2267 4572 2379 4610 sum
2426 4554 2599 4620 (Cant.
2626 4571 2688 4619 ιι,
2732 4555 2783 4618 5,
2822 4573 2923 4609 sec.
2961 4554 3151 4625 LXX).
3187 4556 3324 4611 Male
3347 4558 3490 4611 enim
3512 4573 3640 4613 sana
3663 4558 3861 4623 anima,

570 4655 806 4722 doloris,
838 4649 1100 4707 eruditur.
1131 4646 1386 4715 Sequitur
1419 4662 1431 4698 :

963 4737 1189 4796 CAPUT
1219 4736 1382 4791 xxxv
1415 4735 1561 4809 (nec.
1590 4734 1770 4805 XIV].

641 4830 1267 4901 Intu.—Increpationem
1290 4843 1410 4897 ergo
1444 4825 1651 4880 Domini
1672 4842 1736 4878 ne
1762 4824 2019 4893 reprobes.

642 4920 732 4975 41.
765 4920 1030 4990 Correptio
1058 4916 1155 4970 Dei
1175 4917 1281 4970 alia
1307 4914 1452 4983 punit
1470 4953 1484 4978 ,
1511 4914 1615 4967 alia
1639 4915 2166 4986 probat.—-Quisquis

572 5027 675 5086 pro
704 5010 861 5083 culpa
886 5009 1201 5080 percutitur,
1226 5006 1321 5061 sed
1344 5007 1394 5061 in
1425 5006 1643 5077 querela
1672 5022 1782 5061 sure
1809 5009 2166 5076 percussionis

574 5104 841 5168 elevatur,
868 5100 1293 5170 increpationem
1317 5099 1526 5154 Domini
1563 5099 1848 5169 reprobat,
1874 5102 1997 5169 quia
2027 5102 2165 5157 hanc

573 5196 774 5267 injuste
802 5209 861 5251 se
898 5192 1109 5264 perpeti
1136 5198 1374 5247 accusat.
1409 5191 1510 5258 Qui
1558 5198 1735 5244 autem
1765 5205 1871 5244 non
1900 5208 1997 5259 pro
2038 5208 2167 5262 pur-

612 5340 675 5387 in
722 5329 848 5388 Mss.
898 5326 1084 5382 Norm.
1113 5364 1130 5391 ,
1180 5324 1281 5377 nisi
1322 5320 1674 5392 misericordia
1724 5323 1958 5392 artiﬁcis.
2021 5323 2163 5379 Utic.

575 5408 771 5475 praeter
815 5401 953 5475 hanc
993 5390 1281 5475 lectionem
1314 5393 1477 5473 aliam
1507 5390 1750 5454 exhibet,
1798 5390 2032 5462 scilicet,
2064 5395 2165 5448 nisi

574 5463 896 5530 misericordi
932 5483 1091 5523 manu
1132 5463 1367 5587 artiﬁcis.

620 5541 675 5579 'b
706 5543 805 5587 Hic.
839 5539 1049 5587 variant
1072 5535 1194 5587 MSS.
1281 5547 1367 5585 nus

620 5541 675 5579 'b
706 5543 805 5597 Hic
839 5539 1049 5594 variant
1072 5535 1194 5589 Mss.
1230 5531 1378 5587 Unus
1407 5531 1630 5603 Vindoc.
1674 5540 1727 5603 et
1756 5533 1905 5589 Colb.
1939 5534 2157 5603 habent,

579 5630 647 5670 ne
674 5619 969 5685 perpetrare
994 5608 1211 5660 debeant
1241 5611 1468 5685 peccata.
1498 5602 1647 5685 Alter
1676 5602 1934 5685 \_i_indoc_.m,
1957 5622 2028 5685 ne.
2046 5602 2161 5677 per?

582 5673 787 5755 peti-are
817 5680 1036 5735 debeant
1057 5674 1415 5755 praemeditata
1429 5682 1663 5755 peccata.
1684 5673 1838 5755 licg._,
1872 5673 2084 5731 Ehroic.
2109 5685 2163 5731 et

582 5743 672 5809 alii
710 5752 965 5808 Norman.
989 5790 1003 5810 ,
1050 5743 1115 5799 ne
1154 5745 1440 5816 perpetrari
1488 5743 1704 5816 debeant
1736 5748 1887 5800 vetita
1928 5756 2156 5816 peccata.

584 5823 766 5879 Germ.
801 5830 855 5877 et
881 5817 1068 5883 Corb.,
1089 5814 1187 5887 pro
1218 5816 1392 5881 vetita,
1418 5814 1583 5872 habet
1599 5816 1755 5870 vitata
1777 5814 2007 5888 peccata.
2033 5819 2155 5884 Alii,

2273 4656 2434 4716 atque
2465 4645 2515 4698 in
2549 4644 2703 4713 hujus
2734 4647 2904 4700 exsilii
2939 4654 2959 4681 ε
2988 4654 3217 4701 stratum
3244 4662 3386 4702 caeca
3413 4648 3706 4703 securitate
3737 4664 3862 4716 pro-

2272 4744 2462 4802 strata,
2488 4750 2586 4790 nec
2609 4736 2822 4789 videbat
2848 4736 3130 4790 Dominum
3146 4779 3160 4802 ,
3191 4752 3289 4792 nec
3311 4738 3493 4792 videre
3518 4739 3859 4806 requirebat;

2272 4842 2524 4898 percussa
2552 4839 2727 4880 autem
2756 4828 3034 4883 charitatis
3070 4829 3185 4898 ejus
3204 4831 3448 4899 spiculis,
3478 4830 3787 4885 vulneratur
3811 4832 3861 4887 in

2273 4915 2475 4969 intimis
2514 4916 2706 4971 aﬂectu
2754 4918 2995 4987 pietatis,
3029 4919 3180 4973 ardet
3211 4920 3479 4973 desiderio
3528 4921 3860 4989 contempla-

2274 5007 2452 5071 tionis,
2478 5016 2532 5061 et
2556 5009 2689 5062 miro
2716 5010 2878 5064 modo
2903 5011 3205 5066 viviticatur
3225 5027 3289 5067 ex
3314 5012 3554 5075 vulnere,
3579 5028 3695 5081 quae
3716 5016 3860 5083 prius

2265 5106 2476 5152 mortua
2510 5098 2722 5166 jaeebat
2768 5101 2820 5153 in
2868 5101 3076 5166 salute;
3122 5110 3341 5163 aestuat,
3389 5102 3639 5167 anhelat,
3673 5111 3725 5156 et
3750 5103 3859 5172 jam

2266 5189 2448 5246 videre
2475 5190 2741 5246 desiderat
2770 5208 2927 5263 quem
2969 5193 3222 5261 fugiebat.
3258 5193 3611 5250 Percussione
3637 5208 3764 5264 ergo
3794 5195 3859 5250 ad

2266 5339 2327 5379 ne
2352 5328 2638 5399 perpetrari
2660 5326 2912 5399 debeant,
2942 5329 3105 5382 vitare
3124 5337 3354 5399 peccata.

2340 5408 2360 5435 ο
2394 5396 2620 5470 Additur
2656 5398 2708 5450 in
2752 5396 2848 5451 Ed.
2892 5396 3229 5470 castigando,
3280 5399 3424 5469 quod
3471 5400 3764 5466 redundat,
3807 5411 3855 5458 et

2266 5465 2419 5521 abest
2446 5483 2474 5520 a
2504 5467 2627 5522 Mss.
3027 5465 3046 5470 ⁷
3224 5508 3227 5511 ς

2341 5539 2363 5572 (ί
2396 5537 2557 5614 βαίη,
2588 5539 3324 5614 locopassionis,adhibent
3367 5551 3751 5614 persecutionis.

2341 5618 2363 5645 θ
2396 5608 2450 5661 ln
2482 5610 2590 5673 ed.,
2621 5608 2792 5665 exsilii
2830 5621 2988 5667 statu.
3022 5613 3254 5668 Stratum
3287 5608 3591 5675 invenimus
3620 5620 3673 5674 in
3702 5618 3831 5675 Com

2266 5680 2462 5748 pend.,
2517 5680 2631 5736 Val.
2681 5682 2759 5736 Cl.
2812 5699 2875 5738 ac
2935 5685 3191 5740 Norman.
3243 5687 3404 5744 Corb.
3458 5688 3642 5746 Germ.
3696 5690 3854 5747 habet

2266 5752 2434 5805 exsilii
2478 5755 2649 5807 statim
2678 5769 2817 5810 caaca
2845 5758 3132 5811 securitate.
