4180 6522
334 448 437 511 753
1254 443 1624 503 nonALwM
1666 440 1800 499 LIB.
1848 438 1938 494 Vl.
1982 466 2053 480 -
2095 434 2162 493 IN
2202 432 2433 492 CAPUT
2473 432 2517 490 v
2558 433 2619 489 Β.
2664 430 2808 489 JOB.
3030 470 3037 473 .
3581 403 3688 462 755

329 572 557 628 salutem
580 568 876 631 reducitur,
898 576 1019 633 quae
1036 560 1105 616 ad
1125 562 1478 617 securitatem
1499 559 1698 630 quietis
1721 557 1949 622 intimm,
1978 556 2033 616 Α
2061 552 2395 609 tentationes
2424 548 2675 619 corporis
2703 546 2876 602 fortes
2904 538 3105 598 reddit.
3135 533 3247 594 Sed
3276 533 3413 633 sunt
3437 521 3690 633 nonnulli

331 610 557 628 ναιυιυ...
581 610 845 625 ..μμ-νη...
863 610 876 631 ,
902 610 1017 633 η-..
1036 610 1105 616 η
1125 610 1478 617 ---η-ηπ---
1504 610 1695 630 νη---
1934 610 1948 622 ,
1978 610 2033 616 __
2524 610 2539 619 _

331 665 529 721 amoris
558 664 637 720 sui
665 660 1070 733 perturbatione
1090 665 1397 712 revocatur.
1424 657 1533 712 Sed
1557 671 1681 711 cum
1700 655 1943 713 sauciata
2060 649 2154 717 qui
2203 644 2305 701 etsi
2354 658 2422 698 ex
2469 640 2654 697 divino
2706 636 2926 706 eloquio
2954 632 3025 688 ab
3052 630 3268 686 interna
3294 637 3359 681 se
3384 618 3533 675 fame
3559 610 3687 671 reli-

2472 731 2481 733 _
2931 725 2943 733 .
3224 732 3227 733 ,
3286 715 3359 733 ης..
3396 706 3685 733 --.ηιξ-ιιι..-

331 706 529 721 ...........
558 706 637 720 ω..
666 706 1066 733 pensum”---
1090 706 1397 712 --.η---η
1425 706 1533 712 η--
1563 706 1845 713 "mesen
2076 706 2093 717 _

328 772 481 812 meus
518 755 772 812 anhelare
812 754 864 807 in
894 751 1066 806 Deum
1097 751 1325 822 cceperit
1344 792 1358 817 ,
1389 766 1512 806 cum
1536 757 1730 805 cuncta
1754 745 1941 802 mundi
2048 741 2219 802 ciunt,
2252 736 2298 791 si
2323 733 2437 804 jam
2471 731 2497 768 δ
2528 738 2720 786 contra
2753 725 3087 784 tentationes
3107 706 3686 822 corporiscpntinen-

330 800 481 812 ...υηυ
518 800 772 812 ...ωυηη
812 800 864 807 ,η
896 800 1066 806 ------
1103 800 1358 822 Mr---”
1394 800 1512 806 -____
1542 800 1730 805 ____--_
2206 800 2213 802 ,
2324 800 2339 804 ,

329 853 488 924 hujus
514 852 880 924 blandimenta
919 848 1243 918 despiciens,
1275 848 1342 901 ad
1384 860 1675 914 supernam
1706 843 1940 914 patriam
2046 832 2138 887 tite
2164 829 2370 884 νὶΐῑυιθ
2396 823 2713 886 ῖυιοὶυηῑυΐν
2745 817 2923 873 adhuc
2956 824 3136 924 “me?
3164 802 3380 924 Ρθξίξυῑί
3425 800 3685 924 ῙᾚῙξίλξέη

330 898 488 924 ⁸·υδνν
518 898 880 927 ν·“···“τ··--·-·---
925 898 1243 918 --πΓν--ννίτι
1384 898 1470 914 ηίι
1497 898 1673 901 ν-ηηηί
1708 898 1721 914 ι

330 962 428 1020 per
456 947 777 1004 desiderium
825 942 1025 1008 tendit,
1075 941 1143 995 ad
1177 941 1535 995 tentationem
1585 938 1634 993 ei
1688 936 1937 1007 protinus
2043 918 2478 979 detractionibus
2521 918 2792 1012 metuunt,
2839 917 3067 1020 el‘SﬂePe
3094 904 3222 959 dum
3255 898 3683 1020 liugluafu‘l‘:::;

330 975 428 1020 [K'l‘
456 975 777 1004 ucalucnum
828 975 1025 1008 ιυιιυιι,
1075 975 1143 995 au
1180 975 1535 995 ιωιιαιιυιιωιι
1585 975 1634 993 ι..
1690 975 1937 1007 γιυυιιιυυ
2051 975 2227 979 τνν-ρκ

330 1041 573 1108 vertitur,
607 1035 863 1110 quidquid
893 1035 1123 1090 amicum
1164 1031 1396 1102 priusiin
1424 1030 1622 1085 saeculo
1644 1028 1935 1084 blandum-
2042 1016 2165 1071 cula
2194 1009 2513 1075 formidant,
2558 1001 2774 1077 peccati
2804 1013 2865 1056 se
2894 998 3093 1069 laqueo
3119 986 3489 1061 strangulant.
3522 975 3681 1036 Unde

330 1145 435 1202 que
459 1131 765 1201 putabatur.
797 1128 931 1183 Nam
961 1126 1053 1196 qui
1079 1132 1393 1197 peccantem
1422 1137 1606 1177 amare
1636 1133 1935 1176 consueve-

330 1233 475 1289 rant,
498 1232 644 1279 recte
668 1222 941 1277 viventem
962 1216 1254 1273 crudeliter
1279 1216 1615 1284 impugnant.
1632 1212 1698 1267 Et
1718 1219 1932 1267 erectus

332 1312 386 1367 in
415 1312 582 1367 Deum
612 1312 851 1375 animus,
904 1308 1080 1364 carnis
1116 1323 1227 1362 suae
1266 1305 1409 1361 bella
1450 1305 1678 1370 tolerat,
1732 1304 1783 1359 in
1825 1317 1931 1372 qua

329 1404 482 1474 prius
500 1404 644 1459 vitiis
670 1403 932 1467 serviens,
950 1399 1340 1456 delectabiliter
1354 1397 1600 1467 jacebat;
1625 1394 1932 1465 voluptates

328 1497 521 1568 prisca:
567 1496 634 1551 ad
681 1495 1001 1551 memoriam
1049 1493 1308 1558 redeunt,
1359 1498 1413 1545 et
1471 1490 1931 1545 contradicentem

331 1597 565 1643 mentem
586 1590 733 1657 gravi
761 1587 1055 1642 certamine
1076 1584 1336 1653 aﬂligunt.
1362 1582 1467 1638 Sed
1482 1582 1605 1652 quia
1622 1582 1746 1636 dum
1773 1582 1927 1651 201

332 1680 642 1735 transitorio
670 1680 857 1735 labore
886 1679 1186 1743 atterimur,
1225 1692 1255 1730 a
1286 1683 1549 1746 perpetuo
1579 1673 1769 1728 dolore
1798 1672 1931 1727 libe-

331 1789 540 1841 ramur,
572 1781 697 1844 apte
725 1773 1065 1840 subjungitur
1099 1789 1112 1824 :

731 1862 959 1919 CAPUT
992 1861 1159 1915 XXVI
1197 1860 1346 1933 [Rea
1382 1856 1533 1928 XV].

2040 1113 2096 1162 et
2127 1112 2255 1175 apte
2284 1100 2580 1160 subditur:

2408 1207 2643 1269 CAPUT
2683 1203 2902 1262 xxvm
2941 1193 3327 1275 [Vet.X1X].

2110 1332 2275 1388 Vens.
2317 1329 2407 1384 2|.
2428 1360 2501 1373 —
2521 1327 2565 1381 Α
2595 1323 2808 1396 ﬂagello
2839 1318 3036 1390 linguae
3063 1308 3426 1368 absconderis.

2107 1424 2196 1480 45.
2242 1424 2438 1479 Contra
2476 1419 2750 1492 ﬂagellum
2780 1415 2998 1484 linguas,
3033 1413 3217 1461 contra
3256 1410 3436 1470 plenas
3481 1405 3668 1462 corpo-

2034 1519 2173 1574 rales
2214 1532 2426 1571 armare
2455 1531 2511 1568 se
2539 1519 2766 1582 Oportet.
2790 1537 2866 1550 ——
2885 1498 3187 1570 Flagellum
3222 1493 3419 1560 linguae
3445 1492 3531 1582 est
3565 1496 3668 1537 ex-

2036 1610 2316 1683 probratio
2347 1607 2511 1663 illatae
2559 1576 2927 1660 contumeliae.
2964 1587 3211 1683 Flagello
3240 1583 3445 1652 linguae
3489 1576 3667 1683 bonos

2035 1672 2257 1768 feriunt,
2306 1699 2399 1768 qui
2449 1712 2637 1753 eorum
2687 1704 2858 1762 opera
2906 1679 3187 1742 irridendo
3236 1672 3665 1746 persequuntur.

2035 1791 2193 1862 Saepe
2222 1766 2367 1845 enim
2395 1789 2578 1859 lingua
2607 1801 2639 1839 a
2669 1785 2818 1839 bono
2848 1790 3037 1848 opere,
3069 1772 3199 1827 dum
3230 1766 3527 1862 vituperat,
3576 1769 3666 1811 re-

2034 1852 2228 1950 vecat;
2280 1891 2335 1937 ct
2382 1852 2537 1951 quasi
2586 1877 2861 1947 ﬂagellum
2910 1885 2973 1927 se
3020 1863 3221 1930 exerit,
3271 1856 3401 1927 quia
3440 1852 3666 1951 dorsum

400 1959 565 2015 Vens.
607 1957 695 2012 19.
722 1991 791 2000 -
816 1955 882 2009 In
908 1972 1003 2009 sea:
1035 1953 1452 2007 tribulationibus
1494 1950 1731 2005 liberabit
1760 1958 1841 2019 te,
1887 1961 1935 2006 et
1963 1951 2014 2011 A
2041 1942 2241 2029 timida;
2270 1942 2467 2028 meniis
2514 1942 2690 2026 and":
2740 1966 2857 2021 Hoc
2888 1959 3161 2030 ﬂagellum
3200 1953 3422 2020 linguae,
3474 1942 3666 1999 electa

329 2051 383 2104 in
414 2051 628 2117 septima
658 2066 760 2103 non
790 2056 963 2117 tanget
995 2054 1040 2098 te
1068 2044 1281 2097 malum.

402 2140 491 2195 45.
536 2138 858 2193 Transitorio
885 2135 1059 2189 labore
1086 2134 1316 2187 eruimur
1337 2150 1369 2186 a
1391 2141 1636 2203 perpetuo
1660 2131 1933 2187 dolore.—

329 2231 465 2300 Quid
497 2233 639 2287 enim
670 2229 885 2285 senario
915 2240 1161 2289 numero,
1187 2239 1347 2293 quem
1378 2223 1638 2292 septimus
1664 2222 1931 2291 sequitur,

334 2325 434 2379 nisi
475 2323 754 2394 prmsentis
781 2322 905 2375 vita:
936 2318 1183 2390 Operatio
1230 2317 1597 2384 decursusque
1646 2314 1932 2383 signatur?

335 2416 500 2470 Sexto
533 2414 734 2484 quippe
764 2410 851 2467 die
879 2410 1058 2465 omnia
1090 2407 1397 2478 perlicieus,
1430 2406 1704 2460 hominem
1745 2404 1931 2459 condi-

333 2508 433 2577 dit,
464 2516 519 2561 et
546 2506 776 2576 septimo
807 2505 949 2558 Deus
978 2503 1065 2558 die
1094 2500 1377 2569 requievit.
1406 2496 1508 2564 Qui
1531 2497 1739 2553 scilicet
1765 2496 1933 2566 septi-

333 2608 454 2647 mus
498 2604 782 2660 vesperam
826 2604 934 2642 non
982 2586 1175 2651 habet,
1227 2585 1352 2653 quia
1399 2584 1815 2651 subsequentem
1845 2596 1935 2636 re-

332 2685 511 2755 quiem
554 2682 734 2738 nullus
778 2681 888 2750 jam
931 2677 1192 2733 terminus
1235 2674 1453 2731 claudit.
1502 2672 1759 2728 Perfectis
1803 2684 1932 2739 ergo

335 2775 585 2831 omnibus
613 2772 827 2841 requies
857 2770 1135 2840 sequitur;
1171 2767 1296 2837 quia
1329 2775 1451 2836 post
1474 2764 1617 2819 bona
1644 2764 1770 2817 vitae
1796 2777 1935 2832 prm-

337 2865 504 2921 sentis
542 2877 728 2933 opera,
762 2860 1044 2916 retributio
1088 2870 1303 2913 aeterna:
1333 2856 1527 2924 quietis
1558 2854 1842 2909 invenitur.
1874 2852 1933 2907 ln

338 2971 435 3013 sex
464 2956 647 3024 itaque
694 2968 792 3008 nos
832 2949 1263 3005 tribulationibus
1292 2947 1552 3002 Dominus
1580 2945 1811 3011 liberat,
1866 2957 1935 2997 ne

339 3064 437 3104 nos
486 3048 539 3101 in
589 3046 816 3115 septima
854 3043 1056 3097 malum
1103 3048 1327 3109 tangat,
1380 3039 1506 3108 quia
1551 3053 1650 3108 per
1697 3046 1935 3106 paternae

339 3141 556 3215 pietatis
582 3139 943 3195 eruditionem
973 3134 1252 3206 prmsentis
1293 3133 1417 3187 vim
1455 3133 1643 3187 labore
1668 3145 1768 3185 nos
1798 3138 1935 3184 atte—

336 3234 429 3302 rit,
459 3230 552 3287 sed
595 3230 650 3285 in
694 3228 927 3284 adventu
967 3226 1162 3297 judicis
1203 3242 1234 3279 a
1278 3224 1504 3280 verbere
1534 3223 1844 3288 abscondit;
1878 3233 1935 3277 ut

337 3331 490 3379 tanto
540 3332 668 3377 tunc
712 3321 778 3375 ad
824 3320 1052 3376 salutem
1104 3318 1365 3374 certiores
1411 3316 1685 3381 exhibeat,
1731 3321 1934 3384 quanto
1963 3333 2009 3395 ο

337 3432 483 3472 nunc
524 3430 625 3472 nos
668 3414 877 3483 ﬂagella
918 3413 1106 3468 durius
1143 3420 1347 3466 secant.
1400 3408 1502 3476 Qui
1542 3418 1668 3479 apte
1710 3423 1839 3464 mox
1886 3419 1941 3465 et

337 3513 477 3569 mala
507 3514 628 3569 vitm
657 3511 957 3583 praesentis,
991 3520 1048 3565 et
1075 3507 1344 3578 adjutoria
1371 3520 1619 3576 superna:
1642 3503 1932 3577 protectio-

345 3607 431 3662 nis
460 3620 783 3662 enumerans
808 3602 1025 3659 subdit:

889 3691 1121 3748 CAPUT
1158 3690 1373 3746 XXVII.

408 3791 573 3845 Vnus.
614 3789 704 3843 ‘20.
729 3820 800 3831 —
822 3786 887 3841 In
922 3790 1058 3857 fame
1089 3797 1229 3840 eruet
1263 3794 1309 3839 te
1338 3785 1400 3838 de
1428 3792 1613 3851 morte,
1643 3792 1691 3835 et
1720 3784 1776 3836 in
1807 3781 1939 3836 bello

341 3884 407 3939 de
437 3898 595 3937 manu
624 3880 807 3952 gladii.
1442 3894 1445 3895 ν

413 3972 502 4027 44.
545 3970 685 4025 Deus
730 3970 853 4023 dum
882 3967 1019 4022 verbi
1046 3967 1127 4022 sui
1155 3965 1342 4037 pabulo
1371 3972 1564 4018 mentes
1592 3962 1783 4032 reﬁcit,
1813 3977 1938 4015 con-

341 4075 422 4122 tra
470 4065 778 4119 tentationes
836 4063 995 4133 fortes
1049 4058 1237 4113 reddit.
1264 4089 1341 4131 1——
1362 4055 1515 4110 Sicut
1558 4052 1727 4107 fames
1763 4052 1943 4108 carnis

341 4167 424 4215 est
451 4157 785 4213 subtractum
815 4151 1117 4208 subsidium
1148 4148 1411 4218 corporis,
1446 4147 1520 4201 ita
1550 4147 1716 4199 fames
1745 4144 1944 4199 mentis

343 4259 427 4305 est
452 4248 725 4304 silentium
753 4245 948 4300 divina:
978 4241 1286 4298 locutionis.
1320 4237 1473 4293 Unde
1497 4245 1649 4293 recte
1693 4251 1788 4306 per
1814 4250 1942 4305 pro-

342 4343 559 4412 phetam
590 4341 789 4395 dicitur
817 4356 829 4391 :
860 4335 1111 4389 Emittam
1142 4335 1331 4404 famem
1356 4332 1411 4383 in
1446 4338 1632 4384 terram
1654 4369 1667 4395 ,
1714 4343 1815 4381 non
1858 4328 1943 4397 [a-

343 4450 475 4486 mem
516 4433 687 4501 panis,
731 4446 890 4500 neque
930 4428 1067 4482 sitim
1108 4441 1283 4496 aqum,
1334 4423 1423 4477 sed
1468 4424 1654 4492 famem
1696 4417 1944 4473 audiendi

345 4522 548 4575 verbum
579 4520 679 4573 Dei
711 4520 887 4588 (Amos
915 4535 1027 4581 vm,
1064 4516 1175 4587 il).
1209 4514 1275 4567 Et
1297 4514 1424 4583 quia
1468 4513 1758 4565 humanam
1784 4524 1939 4565 men-

346 4619 453 4665 tem
485 4625 604 4664 cum
652 4608 832 4662 divina
861 4608 1117 4662 allocutio
1146 4605 1367 4669 deserit,
1400 4610 1589 4658 contra
1617 4615 1737 4656 eam
1766 4608 1940 4654 tenta-

349 4702 427 4756 tio
476 4700 655 4755 carnis
703 4698 1017 4765 invalescit,
1050 4704 1173 4765 apte
1218 4692 1555 4763 subiungitur
1583 4709 1597 4744 :
1626 4689 1695 4744 Et
1721 4692 1776 4744 in
1807 4690 1937 4744 bello

348 4795 411 4848 de
452 4808 609 4847 manu
647 4790 827 4862 gladii.
868 4788 1074 4843 Bellum
1106 4787 1303 4858 quippe
1332 4784 1587 4855 patimur,
1619 4797 1739 4837 cum
1765 4781 1943 4837 carnis

350 4893 550 4943 nostrae
576 4882 964 4938 tentationihus
994 4882 1407 4950 impugnamur;
1438 4878 1505 4933 de
1534 4893 1642 4947 quo
1690 4875 1941 4930 nimirum
1973 4901 1981 4913 -

350 4981 489 5037 bello
513 4994 609 5049 per
628 4976 965 5034 Psalmistam
989 4973 1184 5028 dicitur
1208 4990 1221 5025 :
1249 4981 1272 5006 ει
1306 4968 1569 5024 Obumbra
1595 4978 1744 5037 caput
1773 4985 1942 5022 meum

349 5073 401 5127 in
438 5071 519 5124 die
558 5067 677 5122 belli
723 5065 902 5139 (Psal.
954 5078 1152 5119 cxxxrx
1177 5104 1192 5129 ,
1241 5061 1328 5130 5).
1374 5060 1507 5125 Quia
1540 5059 1699 5127 igitur
1727 5057 1945 5127 reprobi

352 5162 476 5217 dum
524 5160 665 5215 fame
708 5157 855 5213 verbi
905 5156 999 5211 Dei
1049 5153 1321 5215 deﬁciunt,
1374 5151 1539 5205 etiam
1589 5148 1714 5203 belli
1764 5148 1945 5216 gladio

357 5253 777 5324 transfiguntur;
828 5251 1031 5306 electos
1077 5262 1203 5303 suos
1255 5243 1509 5298 Dominus
1549 5248 1603 5296 et
1645 5240 1698 5295 in
1743 5239 1885 5295 fame
1912 5256 1946 5294 a
2026 5292 2029 5299 ,

358 5348 537 5401 morte
558 5345 740 5415 eripit,
771 5350 827 5398 et
854 5342 907 5396 in
936 5340 1080 5395 bello
1112 5354 1141 5392 a
1171 5336 1351 5407 gladio
1379 5332 1678 5395 abscondit,
1703 5332 1828 5399 quia
1858 5346 1951 5385 eo-

358 5453 477 5493 rum
519 5444 729 5491 mentes
778 5434 905 5489 dum
934 5431 1087 5487 verbi
1131 5429 1215 5485 sui
1265 5425 1462 5498 pabulo
1493 5422 1705 5491 reficit,
1750 5430 1949 5501 contra

432 5564 457 5592 η
497 5553 586 5609 Sic
612 5553 751 5623 pler.
783 5550 931 5614 Mss.,
960 5544 1255 5623 quomodo
1300 5544 1460 5623 etiam
1499 5548 1689 5623 exstat-
1706 5538 1758 5592 in
1784 5538 1950 5623 Boni.

359 5625 523 5681 Psalt.
592 5609 648 5678 In
716 5609 1037 5693 perpaucis,
1080 5614 1393 5693 obu_mbrasti
1426 5620 1621 5693 “caput.
1674 5609 1733 5693 In
1781 5609 1946 5693 (lari).

357 5678 567 5758 Geni...
600 5678 918 5748 obumbravit
949 5678 1117 5759 caput.
1172 5687 1226 5740 In
1272 5704 1379 5746 uno
1423 5678 1581 5753 Reg,
1634 5689 1693 5736 ut
1721 5680 1773 5734 in
1821 5678 1950 5745 Ed.,

360 5766 675 5824 obumbrasti
708 5778 858 5832 super
877 5769 1059 5832 caput.

430 5836 458 5875 ι’
504 5821 834 5898 νὶιιόθο.,’δί
857 5821 970 5900 jam
999 5837 1177 5900 contra
1209 5837 1542 5900 tentaiiones,
1567 5822 1756 5900 prwlia
1788 5821 1958 5900 conti-

360 5890 778 5979 nentiazhvirtut'e
806 5890 1103 5979 fulcittntur.
1133 5896 1309 5971 Colb.,
1337 5890 1775 5979 ﬁbrl),'Gerin.,.
1801 5890 1962 5979 Corn-

365 5977 527 6045 bend.
556 5984 612 6034 et
637 5964 840 6033 Turon.
870 5990 880 6024 :
915 5970 979 6027 Si
995 5970 1112 6047 jam
1138 5964 1315 6041 conm}
1350 5964 1650 6061 ξέῇιαιίοηίδ
1674 5964 1777 6038 (vel
1804 5970 1965 6017 tenta-

2034 2066 2202 2120 menti
2248 2062 2489 2119 insidiari
2527 2059 2805 2131 Propheta
2837 2051 3248 2124 conspexerat,
3298 2052 3425 2131 cum
3450 2044 3666 2131 super-

2034 2119 2162 2211 num
2191 2154 2517 2224 adjutorium
2544 2119 2808 2223 pollicens
2837 2119 3053 2203 dicebat
3081 2158 3095 2194 :
3122 2136 3248 2209 Ipse
3273 2126 3517 2189 liberabit
3545 2119 3662 2224 ide

2034 2248 2215 2319 laqueo
2256 2212 2561 2302 imitantium
2581 2286 2598 2313 ,
2627 2255 2677 2299 et
2719 2261 2751 2297 a
2788 2238 2939 2296 verbo
2984 2248 3173 2306 aspera
3221 2224 3407 2301 (Psal.
3439 2233 3531 2286 xc,
3564 2212 3658 2319 δῖ.

2036 2309 2309 2395 Venantes
2351 2338 2496 2393 enim
2543 2309 2674 2391 nihil
2727 2331 2872 2388 aliud
2909 2342 3075 2399 quam
3123 2331 3349 2379 carnem
3378 2309 3662 2406 quaerunt.

2035 2434 2141 2489 Sed
2179 2450 2209 2487 a
2236 2434 2544 2488 venantium
2570 2431 2787 2499 laqueo,
2821 2433 2987 2495 atque
3015 2420 3085 2476 ab
3111 2424 3313 2486 aspero
3343 2402 3517 2499 verbo
3543 2402 3659 2454 eri-

2036 2526 2231 2595 pimur,
2282 2523 2498 2594 quando
2528 2530 2584 2577 et
2612 2518 2836 2575 insidias
2864 2511 3167 2571 carnalium
3192 2547 3208 2573 ,
3251 2511 3309 2559 et
3334 2494 3656 2555 irrisiomlm

2035 2594 2235 2686 probra
2257 2613 2603 2685 despiciendo
2628 2623 2966 2681 superamus.
2991 2604 3205 2673 Aspera
3227 2594 3435 2686 quippe
3462 2594 3659 2686 eorum

2039 2709 2202 2764 verba
2230 2715 2377 2775 sunt,
2408 2721 2527 2775 quae
2555 2704 2712 2760 bonis
2735 2700 2938 2757 nostris
2959 2694 3243 2754 itineribus
3266 2683 3632 2742 adversamur
3636 2709 3653 2725 -

2038 2799 2146 2856 Sed
2176 2800 2526 2870 asperitatem
2551 2796 2703 2851 verbi
2734 2792 2988 2859 evadere,
3039 2795 3124 2845 est
3153 2782 3437 2842 irrisiones
3466 2772 3655 2870 dflia:

2038 2858 2282 2948 bentiuni
2331 2887 2716 2944 dissimulando
2760 2858 2995 2941 calcare.
3051 2880 3255 2935 Sancta
3304 2882 3438 2940 ergo
3488 2858 3656 2935 202

2038 2988 2216 3042 anima
2264 3000 2295 3039 a
2346 2983 2559 3053 ﬂagello
2590 2982 2785 3051 linguae
2812 2974 3202 3037 absconditur,
3253 2964 3384 3039 quia
3406 2960 3547 3041 dum
3594 2951 3655 3010 in

2038 3080 2145 3134 hoc
2170 3076 2370 3132 mundo
2398 3052 2679 3130 honorem
2712 3070 2884 3127 laudis
2915 3083 3023 3123 non
3053 3062 3267 3137 quaerit,
3315 3070 3419 3114 nec
3447 3052 3652 3137 contui-

2038 3169 2230 3225 melias
2279 3166 2633 3223 detractionis
2681 3162 2861 3220 sentit.
2918 3158 3028 3216 Sed
3071 3134 3203 3213 sunt
3252 3142 3505 3208 nonnulli
3554 3134 3654 3209 qui

2037 3263 2149 3333 jam
2197 3259 2571 3329 derogantium
2619 3256 2785 3311 verba
2834 3251 3160 3323 despiciunt,
3203 3245 3316 3316 jam
3365 3235 3655 3331 irrisioues

2044 3319 2144 3425 pro
2174 3319 2361 3406 niIlIIOV
2388 3346 2693 3411 attendunt,
2746 3319 2952 3399 adhue
2970 3349 3155 3396 tamen
3181 3347 3374 3409 paenae
3400 3319 3655 3425 corpori!

2045 3417 2422 3514 cruciatusque
2448 3441 2860 3513 pertimescunt.
2892 3434 3160 3504 Antiquus
3186 3438 3423 3495 namque
3449 3417 3654 3514 adver-

2042 3528 2216 3596 sarius
2244 3546 2303 3593 ut
2331 3510 2363 3591 a
2391 3510 2539 3590 recta
2586 3530 2886 3588 intentione
2934 3541 3034 3583 nos
3075 3522 3337 3584 retrahat,
3376 3510 3652 3574 multiforn

2042 3632 2203 3688 miter
2231 3630 2538 3699 impugnat;
2571 3632 2628 3680 et
2645 3621 3006 3679 tentationem
3034 3624 3277 3674 nostram
3304 3609 3470 3668 modo
3496 3600 3665 3661 verbi

2040 3723 2206 3788 fame,
2251 3719 2414 3774 modo
2442 3716 2621 3772 carnis
2648 3710 2966 3778 certamine,
2996 3707 3159 3764 modo
3188 3702 3401 3774 ﬂagello
3436 3708 3651 3755 sermo-

2044 3813 2146 3877 nis,
2192 3782 2355 3864 inodo
2404 3806 2712 3861 calamitate
2757 3799 3151 3873 persecutionis
3180 3793 3513 3866 aggreditur.
3539 3782 3650 3842 Sed

2044 3904 2171 3974 quia
2219 3900 2489 3973 perlectus
2517 3898 2745 3966 quisque
2774 3910 2897 3948 cum
2925 3894 2981 3947 in
3011 3891 3190 3961 seipse
3236 3887 3368 3942 vitia
3411 3878 3606 3938 vicerit
3626 3914 3648 3945 ,

2044 3970 2239 4049 statim
2254 3996 2489 4043 mentem
2518 3987 2680 4041 etiam
2702 3992 2895 4041 contra
2916 3982 3139 4037 vulnera
3162 3974 3435 4050 passionis
3462 3970 3650 4029 accin-

2046 4086 2141 4155 git,
2174 4090 2299 4153 apte
2327 4078 2667 4151 subjungitur
2695 4096 2709 4130 :
3044 4122 3047 4123 ν

2610 4188 2840 4245 CAPUT
2878 4185 3071 4242 XXIX.

2116 4309 2429 4369 Imm—Et
2471 4324 2574 4363 non
2621 4304 2819 4359 timebis
2864 4299 3230 4364 calamitatem,
3275 4311 3391 4350 cum
3428 4290 3644 4348 venerit.

2117 4407 2206 4461 46.
2231 4404 2425 4461 Contra
2446 4400 2812 4471 multiformem
2832 4392 3187 4449 adversarium
3205 4395 3490 4461 pugnantes
3516 4381 3649 4438 mul-

2047 4502 2272 4574 tiplicius
2299 4515 2393 4554 nos
2422 4513 2609 4569 parare
2638 4488 3159 4549 debemus.—-Sancti
3203 4485 3347 4541 enim
3376 4481 3477 4536 viri
3516 4477 3647 4547 quia

2047 4601 2237 4650 contra
2286 4588 2669 4645 multiformem
2718 4582 3082 4640 adversarium
3112 4594 3171 4633 se
3202 4587 3442 4645 pugnare
3471 4569 3648 4625 conisi-

2048 4684 2259 4750 derant,
2286 4683 2605 4751 semetipsos
2630 4679 2683 4732 in
2710 4676 3007 4732 certamine
3030 4666 3399 4737 multipliciter
3431 4668 3645 4733 parant.

2051 4746 2262 4833 Habent
2308 4774 2451 4831 enim
2479 4746 2688 4826 contra
2733 4768 2927 4822 famem
2974 4762 3137 4817 divini
3168 4758 3315 4815 verbi
3346 4754 3601 4828 pabulum
3624 4746 3655 4818 ,’

2051 4878 2240 4926 contra
2289 4865 2417 4920 belli
2462 4861 2720 4931 gladium,
2768 4854 3112 4912 continentiae
3158 4858 3404 4914 scutum;
3453 4854 3648 4902 contra

2052 4960 2319 5029 ﬂagellum
2372 4956 2598 5024 lingum,
2655 4949 3047 5021 protectionem
3096 4942 3407 5015 patientiae;
3457 4948 3648 4996 contra

2054 5050 2343 5108 exterioris
2369 5043 2691 5103 calamitatis
2720 5042 2996 5105 damnum,
3038 5036 3235 5092 interni
3266 5034 3465 5089 amoris
3495 5030 3649 5101 adju-

2056 5142 2276 5198 torium.
2311 5138 2461 5194 Unde
2489 5135 2626 5189 miro
2666 5133 2829 5187 modo
2875 5129 3083 5199 agitur,
3130 5137 3187 5180 ut
3214 5139 3322 5194 quo
3352 5138 3447 5178 eos
3475 5121 3649 5177 hostis

2054 5235 2278 5292 callidus
2303 5227 2644 5285 numerosius
2673 5232 2868 5291 tentat,
2917 5237 2982 5277 eo
3021 5215 3398 5288 circumspecti
3428 5212 3524 5267 Dei
3553 5211 3651 5264 mi-

2054 5326 2179 5381 lites
2222 5322 2508 5378 virtutibus
2533 5318 2755 5374 ditiores
2783 5313 2933 5369 ﬁant.
2977 5310 3045 5365 Et
3072 5311 3198 5380 quia
3245 5306 3399 5363 electi
3445 5301 3648 5372 quique

2057 5416 2183 5471 dum
2213 5412 2492 5485 praesentis
2535 5410 2659 5463 vitae
2708 5405 3003 5463 certamina
3048 5401 3262 5456 fortiter
3290 5396 3559 5462 tolerant,
3591 5392 3651 5451 in

2063 5531 2289 5600 tionum)
2336 5529 2521 5600 prcelia
2549 5524 2882 5600 continentia:
2930 5520 3115 5600 virtute
3163 5501 3648 5600 [utfiuntunLH-t‘if.

2062 5613 2118 5657 et
2147 5589 2309 5671 aliqui
2336 5589 2531 5671 'Norm.
2562 5614 2573 5647 :
2607 5612 2661 5671 se
2700 5594 2814 5671 jam
2855 5599 3034 5671 contra
3079 5589 3383 5671 tentationes
3431 5589 3605 5629 carnis
3628 5612 3648 5643 ,

2063 5659 2392 5728 contin'entite
2421 5670 2605 5723 virtute
2636 5659 2886 5728 fulciunt;
2918 5659 3109 5723 adhuc,
3131 5663 3237 5728 etc.

2145 5714 2601 5808 :."u,'g,;:".;',;i;:.2:
2627 5714 3045 5808 insiderant
3076 5714 3151 5808 te
3179 5719 3527 5808 sicaniae.
3554 5714 3653 5808 ha:

2066 5818 2197 5873 bent
2213 5787 2933 5869 ,I—Ktlianas.
2981 5787 3418 5873 Sixtinaeditio,
3446 5798 3553 5845 etc.
3582 5787 3654 5871 At

2070 5864 2443 5941 VII—evaderetus
2472 5864 2605 5949 legit
2628 5864 2861 5933 liberabit
2890 5887 2999 5939 nte,
3023 5870 3349 5943 astipulante
3373 5864 3534 5935 Aug,
3561 5864 3655 5938 qui

2073 5960 2233 6015 habet
2265 5964 2404 6010 eruet
2430 5971 2527 6007 me.
