4180 6512
542 436 641 495 155

1694 433 1936 493 SANCTl
1976 426 2304 489 GREGORH
2342 428 2556 486 MAG-Nl

3724 424 3832 484 755

536 563 744 610 terrore
772 551 873 608 sibi
900 551 1109 609 venturi
1134 549 1321 622 iudicii
1349 550 1697 608 securitatem
1740 562 1954 625 parant,
1985 522 2132 610 recte
2157 552 2211 614 Α
2235 549 2504 604 ridebunt.
2535 544 2672 615 Quia
2720 543 2866 601 enim
2892 544 3054 601 modo
3084 543 3151 598 ad
3180 558 3369 600 eorum
3417 542 3527 600 labi
3574 543 3837 602 imitatio-

534 645 876 720 subjungitur
904 666 915 701 :

748 734 980 798 CAPUT
1018 736 1165 798 XXX
1198 742 1222 817 [
1250 743 1361 799 Vel.
1397 740 1520 811 XX,
1565 741 1689 798 Rec.
1720 738 1913 815 XVI

530 818 541 823 ’
606 826 768 890 Vt-ztts.
809 829 896 889 22.
920 868 993 879 —
1017 829 1082 892 In
1112 837 1348 891 vastitate
1376 846 1424 892 et
1458 839 1594 908 fame
1620 837 1832 892 ridebis.

527 916 538 1002 ί
602 918 693 980 47.
739 918 961 997 Reprobi
1009 926 1228 983 interius
1274 931 1599 1002 exteriusque
1652 930 2035 1001 torquebantur.
2061 958 2136 972 -—-

528 1000 685 1089 :Tunc
726 1013 926 1088 quippe
955 1020 1172 1086 reprobi
1216 1000 1525 1075 vastitatem
1566 1000 1875 1088 famemque
1922 1020 2135 1090 passuri

530 1102 678 1173 sunt,
701 1123 824 1163 cum
845 1106 1082 1165 damnati
1106 1109 1158 1165 in
1184 1120 1430 1167 extremo
1446 1111 1649 1181 judicio
1677 1111 1745 1166 ab
1765 1112 1955 1166 aeterni
1982 1112 2136 1181 panis

533 1196 741 1251 visione
787 1208 1125 1268 separantur.
1176 1200 1447 1269 Scriptum
1492 1216 1723 1270 namque
1753 1199 2136 1267 estzTollatur

534 1289 741 1357 impius,
791 1306 854 1342 ne
892 1290 1065 1343 videat
1092 1286 1314 1363 gloriam
1356 1286 1455 1346 Dei
1500 1291 1656 1364 (Isai.
1701 1308 1845 1356 xxvr,
1898 1292 1981 1357 10,
2028 1308 2131 1345 sec.

547 1378 744 1449 LXX).
775 1378 846 1434 Et
893 1394 993 1451 per
1016 1386 1368 1454 semetipsum
1398 1382 1656 1441 Dominus
1684 1386 1813 1441 dicit
1840 1404 1852 1439 :
1885 1387 1993 1458 Ego
2020 1404 2136 1442 sum

534 1470 688 1539 panis
718 1470 877 1536 vivus,
907 1474 999 1543 qui
1022 1474 1089 1528 de
1114 1475 1241 1530 caelo
1266 1476 1512 1531 descendi
1544 1477 1724 1549 (Joan.
1764 1494 1836 1545 vr,
1885 1476 1944 1531 51
1974 1481 2014 1547 ).
2043 1478 2134 1533 Si-

535 1560 647 1615 mul
695 1575 827 1631 ergo
871 1578 971 1619 eos
1017 1567 1239 1620 vastitas
1284 1567 1563 1638 tantosque
1610 1570 1843 1635 cruciat,
1882 1570 1974 1639 qui
2027 1582 2137 1625 non

534 1658 711 1713 solum
741 1659 885 1716 thros
917 1668 1186 1718 tormenta
1216 1665 1477 1733 sentiunt,
1530 1666 1623 1721 sed
1655 1667 1797 1722 intus
1825 1666 1985 1721 etiam
2016 1666 2137 1720 ine-

535 1750 637 1805 diae
676 1760 829 1822 peste
856 1755 1180 1811 moriuntur.
1213 1755 1401 1812 Vastat
1428 1759 1671 1827 gehenna
1702 1803 1715 1826 ,
1767 1760 1888 1830 quia
1916 1773 2139 1815 concre

536 1851 680 1906 mat,
708 1842 879 1899 (ames
908 1843 1181 1913 interﬁcit,
1213 1848 1340 1916 quia
1366 1862 1520 1904 suam
1549 1849 1655 1906 illis
1678 1850 1872 1905 faciem
1903 1850 2140 1905 Redem-

534 1943 662 2005 ptor
688 1936 991 1994 abscondit.
1025 1947 1056 1977 ι
1085 1939 1234 1995 Bene
1280 1954 1513 2011 namque
1554 1943 1966 1997 retributionem
1996 1943 2140 1997 inte-

535 2025 650 2082 rius
674 2028 1026 2099 exteriusque
1049 2027 1355 2100 recipiunt,
1400 2034 1531 2101 quia
1556 2040 1618 2087 et
1644 2032 1931 2103 cogitando
1956 2030 2143 2087 miseri

533 2127 592 2174 et
616 2121 897 2189 operando
925 2120 1291 2192 deliquerunt.
1327 2121 1481 2179 Unde
1511 2124 1651 2179 bene
1681 2140 1779 2195 per
1798 2124 2141 2181 Psalmistam

2236 659 2358 699 nem
2401 649 2666 714 possunt,
2717 640 2802 695 hic
2849 638 3049 694 habent
3094 636 3471 705 formidinem;
3519 636 3644 708 quia
3693 653 3827 696 vero

2234 734 2505 791 damnatis
2535 742 2661 788 tunc
2688 731 2947 802 prodesse
2976 738 3251 799 nequeunt
3275 769 3290 791 ,
3338 728 3453 783 illic
3488 744 3600 784 non
3640 728 3842 786 habent

2237 828 2691 900 compassionem.
2726 824 2956 880 Eterno
3000 823 3182 892 itaque
3211 821 3475 892 supplicio
3508 819 3701 875 deditis
3729 838 3836 878 non

2237 938 2355 978 esse
2400 920 2783 981 misereudum,
2816 918 2869 971 in
2900 917 3014 987 ipsa
3058 930 3162 986 qua
3194 914 3339 969 beati
3367 923 3496 969 sunt
3531 906 3737 983 justitia
3762 915 3839 984 ju-

2238 1013 2467 1068 dicantis
2498 1013 2699 1081 legunt,
2733 1010 2844 1079 qui,
2876 1009 3019 1077 quod
3050 1006 3312 1077 suspicari
3335 1006 3414 1061 fas
3446 1022 3553 1060 non
3584 1014 3687 1071 est,
3714 1022 3845 1075 qua.

2238 1106 2447 1160 litatem
2495 1104 2594 1160 sibi
2644 1110 2913 1175 percepta:
2963 1100 3236 1156 felicitatis
3284 1100 3643 1163 imminuent,
3695 1115 3735 1155 st
3794 1100 3843 1152 in

2240 1215 2407 1270 regno
2456 1200 2619 1271 positi
2662 1199 2854 1256 volunt
2899 1197 3042 1267 quod
3086 1198 3311 1266 implere
3340 1210 3680 1266 nequaquam
3714 1211 3841 1265 pos-

2240 1301 2382 1345 sunt.
2419 1290 2523 1345 Sed
2552 1289 2793 1359 quisquis
2833 1288 2899 1344 ad
2938 1289 3056 1342 vita!
3088 1295 3359 1359 pt‘mcepta
3389 1301 3449 1342 se
3485 1285 3688 1355 dirigit,
3735 1284 3848 1354 pri-

2244 1380 2468 1451 usquam
2499 1382 2714 1446 praemia
2762 1391 2963 1436 acterna
2992 1380 3275 1450 percipiat,
3306 1380 3394 1434 hic
3414 1378 3532 1449 jam
3578 1377 3729 1433 initia
3756 1392 3848 1433 se-

2242 1485 2448 1529 cutura:
2478 1476 2529 1527 in
2566 1483 2879 1543 perpetuum
2920 1472 3229 1529 securitatis
3278 1471 3557 1540 degustat;
3609 1478 3667 1523 ut
3708 1469 3851 1523 anti-

2243 1582 2409 1636 quum
2440 1565 2650 1620 hostem
2694 1582 2802 1621 non
2850 1573 3095 1628 metuat,
3148 1572 3207 1617 ut
3238 1563 3633 1618 interveniente
3657 1561 3851 1619 mortis

2246 1659 2472 1713 articulo
2497 1658 2762 1712 violentos
2794 1673 2909 1726 eius
2937 1658 3170 1727 impetus
3201 1655 3507 1709 nullatenus
3551 1650 3845 1721 perhorre-

2246 1760 2382 1806 scat.
2417 1750 2572 1823 [Vet.
2606 1746 2800 1821 XXI.)
2832 1750 2993 1805 Juslts
3026 1764 3257 1817 namque
3287 1747 3495 1801 initium
3536 1744 3852 1801 retributio-

2247 1841 2331 1895 nis
2377 1850 2457 1895 est
2504 1841 2619 1909 ipsa
2669 1840 2987 1911 plerumque
3036 1841 3089 1895 in
3137 1840 3289 1896 obitu
3332 1836 3597 1895 securitas
3625 1839 3842 1893 mentis.

2172 1942 2223 2003 Β
2252 1929 2407 1987 Unde
2433 1938 2487 1987 et
2515 1939 2664 1987 recte
2693 1926 3070 2002 subjungitur:

532 2206 731 2265 dicitur
766 2224 806 2288 :~
836 2207 1007 2267 Penes
1050 2222 1145 2268 eos
1180 2223 1239 2268 ut
1294 2213 1557 2271 clibanum
1608 2217 1745 2288 ignis
1804 2218 1857 2271 in
1914 2226 2143 2286 tempore
2198 2196 2203 2213 γ’

535 2298 701 2355 vultus
744 2302 850 2364 tui;
896 2296 1151 2359 Dominus
1188 2307 1241 2358 in
1284 2302 1366 2360 ira
1410 2324 1507 2360 sua
1553 2308 1877 2363 conturbabit
1925 2323 2009 2362 eos
2034 2346 2047 2370 ,
2090 2313 2142 2361 et

536 2388 799 2445 decoram
845 2406 933 2446 eos
979 2395 1116 2464 ignis
1149 2393 1333 2464 (Psal.
1382 2408 1477 2462 xx,
1529 2396 1651 2466 ιο).
1698 2396 1854 2463 Quod
1884 2398 2025 2451 enim
2070 2396 2140 2451 ab

538 2480 665 2548 igne
688 2480 1002 2551 devoratur,
1049 2486 1119 2540 ab
1162 2486 1426 2541 exteriori
1474 2494 1630 2557 parte
1659 2488 1990 2557 accenditur,
2037 2485 2137 2542 cli-

538 2572 713 2629 banus
740 2587 868 2631 vero
894 2576 1122 2633 interius
1164 2576 1554 2635 inﬂammatur.
1606 2578 1664 2635 In
1712 2588 1957 2650 tempore
2004 2593 2138 2650 ergo

538 2663 715 2721 vultus
758 2664 970 2723 Domini
1017 2669 1199 2740 iniusti
1238 2680 1429 2727 omnes
1456 2680 1512 2727 et
1538 2680 1601 2727 ut
1624 2672 1869 2728 clibanus
1919 2686 2137 2742 ponun-

539 2764 645 2820 tur,
694 2765 750 2813 et
780 2758 848 2814 ab
893 2760 1016 2830 igne
1040 2764 1406 2831 devoraatur;
1436 2765 1583 2834 quia,
1616 2774 1909 2836 apparente
1932 2765 2133 2835 judice,

540 2862 665 2904 cum
695 2863 728 2905 tt
768 2852 980 2910 visione
1007 2854 1150 2911 illius
1175 2868 1361 2913 eorum
1398 2859 1686 2915 multitudo
1734 2859 2034 2930 repellitur,
2080 2869 2139 2914 et

536 2940 686 2999 intus
712 2956 813 3013 per
837 2943 1165 3002 desiderium
1194 2949 1348 3006 ardet
1370 2951 1704 3007 conscientia
1730 2991 1746 3017 ,
1777 2960 1832 3007 et
1860 2951 1988 3007 foris
2017 2966 2136 3007 car-

538 3046 663 3091 nem
688 3038 895 3093 cruciat
921 3039 1189 3109 gehenna.
1888 3022 1911 3037 ‘

550 3123 701 3181 εκ.
741 3126 879 3184 Iusti
909 3138 1029 3185 tunc
1054 3131 1332 3199 ridebunt,
1382 3150 1477 3191 nec
1505 3135 1614 3191 ulla
1641 3137 1698 3191 in
1728 3132 2004 3195 dtimnatos
2033 3141 2134 3194 mi-

536 3219 816 3277 sericordia
852 3224 1203 3281 attinebantur.
1224 3227 1495 3285 -—Potest
1523 3229 1683 3285 etiam
1724 3230 1994 3300 ﬂagellum
2023 3232 2131 3288 lin-

2816 2018 3043 2077 CAPUT
3084 2020 3274 2077 XXXI.

2321 2114 2485 2171 Vens.
2526 2113 2786 2169 22.—-Et
2813 2115 3026 2169 bestiam
3058 2127 3207 2169 terra:
3228 2130 3336 2170 non
3363 2108 3685 2187 formidabis.

2322 2203 2411 2261 49.
2458 2204 2847 2278 διερεὶηοὺὶια
2881 2208 3168 2277 percipiunt
3191 2209 3516 2261 securitatem
3558 2206 3849 2259 mentis.—

2249 2296 2491 2353 Callidus
2536 2300 2735 2368 quippe
2800 2298 3143 2353 adversarius
3190 2297 3361 2351 bestia
3408 2305 3564 2351 terrae
3613 2295 3848 2365 dicitur,

2250 2388 2372 2457 quia
2402 2388 2471 2443 ad
2502 2390 2786 2460 rapiendas
2818 2391 3007 2445 mortis
3055 2398 3301 2461 tempore
3346 2398 3697 2461 peccatorum
3730 2389 3849 2443 ani-

2248 2497 2363 2535 mas
2395 2481 2647 2537 violentia
2692 2482 3025 2538 crudelitatis
3067 2482 3341 2537 eﬂeratur.
3392 2482 3541 2547 Quos
3588 2482 3732 2536 enim
3764 2484 3847 2536 vi-

2248 2583 2437 2630 ventes
2484 2574 2766 2631 blandiens
2814 2574 3052 2646 decipit,
3083 2575 3378 2630 morientes
3404 2575 3633 2630 satviens
3680 2575 3845 2645 rapit.

2249 2665 2366 2729 Quo
2396 2672 2587 2720 contra
2634 2666 2701 2721 de
2744 2668 3042 2723 electorum
3093 2667 3335 2723 Ecclesia
3379 2683 3479 2738 per
3523 2667 3846 2738 praphetam

2248 2754 2506 2811 Dominus
2550 2757 2858 2826 pollicetur,
2888 2758 3108 2812 dicens:
3137 2756 3283 2812 Mala
3307 2757 3470 2811 bestia
3518 2774 3622 2813 non
3673 2768 3847 2813 uatis-

2245 2844 2341 2899 ibit
2382 2865 2474 2916 per
2502 2865 2618 2902 eam
2648 2847 2804 2918 (lsai.
2834 2865 2997 2915 xxxv,
3029 2850 3107 2918 9).
3140 2848 3219 2903 llli
3246 2850 3408 2919 igitur
3433 2858 3589 2905 terra:
3617 2849 3846 2905 bestiam

2246 2936 2540 2994 morientes
2588 2940 2815 3008 timent,
2862 2942 2955 3012 qui
2995 2941 3290 2996 conditoris
3315 2942 3398 2996 sui
3428 2942 3726 3011 potentiam
3758 2943 3843 2996 vi-

2244 3042 2435 3089 ventes
2460 3050 2567 3090 non
2595 3035 2807 3090 timent.
2838 3034 3023 3091 Sancti
3053 3036 3252 3090 etenim
3285 3035 3379 3090 viri
3410 3036 3537 3106 quia
3567 3036 3760 3092 divinae
3783 3050 3847 3092 se

2243 3123 2517 3182 formidini
2544 3128 2849 3184 medullitus
2888 3129 3145 3195 subdunt,
3180 3144 3344 3185 omne
3390 3129 3458 3185 de
3482 3130 3718 3186 adventu
3745 3129 3843 3185 ad-

2244 3220 2466 3277 versarii
2512 3222 2722 3292 pondus
2780 3223 2989 3279 timoris
3045 3224 3325 3292 abjiciunt.
3383 3223 3519 3281 Hinc
3567 3235 3654 3280 est
3701 3226 3844 3279 enim

538 3322 677 3380 suae,
704 3315 971 3371 sententia
999 3317 1201 3372 ultima:
1228 3318 1709 3378 animadversionis
1740 3324 1981 3393 intelligi,
2025 3336 2132 3394 qua
2162 3340 2212 3403 α
2246 3313 2395 3383 quod
2416 3313 2699 3369 Psalmista
2724 3316 3008 3371 Dominum
3034 3326 3244 3391 exorat.
3274 3317 3460 3373 dicens
3487 3334 3503 3372 :
3528 3317 3613 3372 Ne
3638 3318 3843 3390 quando

540 3399 814 3457 districtus
838 3403 1002 3471 iudex
1035 3409 1279 3476 mprobis
1306 3408 1437 3465 dicit
1463 3429 1475 3463 :
1503 3407 1819 3467 Disceditea
1846 3430 1944 3481 me,
1976 3417 2141 3471 mule-

541 3492 687 3558 dlcti,
715 3494 771 3547 in
796 3496 972 3565 ignem
998 3505 1282 3566 (etet-nam,
1332 3502 1417 3573 qui
1460 3512 1677 3573 paratus
1722 3516 1798 3560 est
1843 3507 2050 3564 diabolo
2092 3518 2143 3565 et

540 3584 737 3657 angelis
781 3589 893 3659 ejus
932 3589 1164 3662 (Matth.
1209 3605 1336 3659 xxv,
1386 3593 1511 3665 41).
1565 3592 1752 3652 Justus
1790 3614 1919 3669 ergo
1967 3616 1994 3655 a
2044 3601 2141 3658 ila-

541 3678 683 3747 gello
732 3679 925 3752 linguis
968 3688 1131 3755 atque
1160 3702 1190 3741 a
1218 3684 1525 3741 calamitate
1568 3689 1823 3746 veniente
1853 3691 2139 3748 abscondi-

542 3778 647 3840 tur,
695 3770 724 3810 δ
766 3775 893 3844 quia
940 3773 997 3831 in
1040 3784 1192 3833 tanta
1236 3776 1577 3836 distriCtione
1612 3783 1899 3838 sententia:
1944 3784 2142 3840 blanda

541 3872 669 3921 tunc
692 3865 889 3937 judicis
925 3884 1060 3927 voce
1104 3869 1380 3928 relevetur
1407 3887 1532 3929 cum
1560 3874 1757 3931 dicitur
1782 3893 1794 3929 :
1818 3874 2046 3943 Esurivi,
2090 3882 2142 3932 et

539 3956 753 4013 dedistis
791 3960 918 4015 mihi
960 3960 1273 4017 manducare
1291 3980 1311 4028 ,'
1348 3964 1507 4032 silici,
1553 3972 1604 4019 et
1647 3966 1860 4022 dedistis
1882 3968 2026 4025 mihi
2073 3970 2144 4024 bi-

539 4048 694 4115 bere;
726 4050 910 4119 hospes
938 4064 1102 4121 erant,
1149 4064 1199 4109 et
1244 4054 1525 4129 collegisti:
1561 4074 1677 4124 me;
1727 4062 1927 4128 nudus,
1976 4070 2026 4115 et
2053 4078 2140 4117 co-

542 4143 815 4210 operuistis
862 4161 971 4209 me;
1017 4146 1256 4215 infirmus
1280 4188 1294 4213 ,
1336 4158 1386 4201 et
1414 4148 1663 4203 visitastis
1703 4166 1811 4216 me;
1841 4151 1895 4206 in
1935 4140 2144 4207 carcere

539 4248 704 4296 eram,
734 4242 784 4286 et
808 4235 1020 4289 venistis
1048 4237 1118 4289 ad
1140 4236 1442 4308 mUbiL,
1481 4237 1578 4307 55,
1605 4240 1729 4312 56).
1767 4240 1970 4308 Quibus
1999 4259 2139 4313 prae—

464 4395 473 4400 -
541 4323 773 4377 mittitur
798 4342 809 4376 :
841 4324 1043 4394 Venite,
1065 4328 1320 4383 benedicti
1346 4333 1503 4402 203
1525 4332 1706 4388 Patris
1732 4336 1850 4399 mei,
1884 4338 2144 4404 possidete

542 4423 785 4484 paratum
830 4418 971 4472 vobis
1000 4436 1217 4491 regnum
1244 4440 1279 4477 α
1302 4424 1669 4481 constitutione
1710 4432 1889 4485 mundi
1930 4433 1949 4501 (
1973 4430 2140 4499 lbid.,

544 4504 670 4583 54).
696 4503 755 4561 In
784 4508 1034 4565 vastitate
1061 4526 1192 4581 ergo
1233 4522 1289 4568 et
1330 4513 1472 4569 fame
1509 4516 1689 4585 justus
1731 4520 1960 4589 ridebit;
2012 4524 2143 4593 quia

542 4612 666 4654 cum
692 4599 909 4670 iniquos
938 4618 1128 4660 omnes
1169 4614 1413 4662 extrema
1444 4608 1578 4665 ultio
1607 4612 1858 4680 percutit,
1909 4614 2025 4683 ipse
2071 4616 2144 4671 de

2245 3405 2419 3469 rapiat
2446 3412 2500 3459 ut
2532 3407 2608 3461 leo
2635 3408 2862 3461 animum
2890 3424 3052 3461 meam
3084 3407 3255 3478 (Psal.
3273 3425 3363 3475 vn,
3392 3409 3467 3479 3).
3492 3408 3628 3464 Hinc
3657 3421 3842 3465 rursus

2248 3493 2325 3548 ait
2348 3511 2359 3547 :
2386 3493 2617 3563 Exaudi,
2651 3495 2810 3559 Deus,
2845 3500 3132 3552 orationem
3162 3516 3329 3553 meant
3350 3498 3373 3535 δ
3400 3516 3513 3552 cum
3543 3499 3779 3567 tribulor,
3807 3515 3845 3553 a

2248 3587 2433 3643 timore
2460 3589 2658 3643 inimici
2686 3591 2826 3659 eripe
2855 3592 3083 3644 animum
3127 3609 3288 3646 meam
3337 3592 3355 3661 (
3383 3591 3523 3646 Psal.
3570 3607 3728 3657 ωυιι,
3784 3590 3855 3670 i,‘

2248 3677 2337 3747 ‘2).
2388 3679 2641 3736 Viventes
2681 3682 2881 3751 quippe
2931 3683 3169 3752 perfecte
3217 3684 3401 3737 timent
3441 3683 3712 3747 iudicem,
3768 3696 3843 3736 ne

2248 3770 2542 3825 morientes
2572 3782 2813 3827 metuant
2857 3784 3250 3829 accusatorem.
3285 3775 3427 3829 Bene
3452 3790 3580 3844 ergo
3604 3775 3842 3829 dicitur:

2246 3856 2320 3915 Et
2350 3861 2564 3915 bestiam
2595 3872 2744 3918 terra:
2766 3880 2869 3918 non
2906 3865 3232 3935 formidabis.
3279 3868 3357 3922 Ac
3385 3868 3430 3922 si
3454 3877 3645 3937 aperte
3688 3869 3839 3925 dicc-

2248 3961 2398 4008 retur
2426 3973 2436 4005 ε
2464 3954 2599 4019 Quia
2628 3970 2657 4008 a
2690 3956 2997 4029 blandiente
3029 3958 3184 4014 hoste
3218 3958 3386 4014 modo
3434 3975 3542 4015 non
3590 3959 3839 4028 vinceris,

2250 4044 2393 4099 hunc
2436 4046 2746 4102 saevientem
2794 4049 3137 4117 postmodum
3168 4065 3275 4105 non
3305 4052 3543 4107 timebis.
3588 4051 3693 4107 Sed
3724 4068 3846 4110 cum

2250 4136 2390 4191 bene
2415 4137 2632 4205 vivitur,
2658 4136 2816 4193 valde
2842 4142 3140 4195 cavendum
3170 4155 3254 4197 est
3282 4159 3349 4197 ne
3380 4159 3552 4209 mens,
3578 4144 3845 4214 despectis

2253 4225 2483 4291 cmteris,
2512 4224 2577 4279 de
2608 4226 2778 4295 gloria
2828 4228 3217 4297 singularitatis
3245 4231 3507 4287 elevetur.
3546 4230 3695 4287 Unde
3721 4241 3846 4301 apte

2252 4316 2319 4372 ad
2350 4318 2665 4372 memoriam
2692 4317 2892 4375 bonum
2923 4323 3123 4377 sociale
3167 4324 3446 4380 reducitur
3466 4364 3481 4390 ,
3526 4341 3652 4381 cum
3682 4327 3848 4397 proti-

2252 4426 2352 4468 nus
2382 4412 2741 4468 subinlertur:

2803 4506 3031 4563 CAPUT
3074 4507 3282 4563 XXXII.

2326 4598 2489 4655 Vens.
2532 4599 2621 4654 25.
2646 4600 2839 4656 --Sed
2881 4618 2996 4656 cum
3042 4601 3303 4673 lapidibus
3338 4602 3607 4673 regionum
3632 4614 3848 4669 pactum

540 4690 713 4759 gloria
758 4691 933 4765 dignae
953 4695 1329 4753 retributionis
1370 4696 1664 4755 hilarescit.
1714 4702 1826 4757 Nec
1871 4704 2143 4761 damnatis
2174 4727 2230 4787 Β
2256 4700 2417 4787 ωαψ-

539 4784 652 4852 jam
702 4794 828 4842 tunc
874 4802 943 4843 ex
989 4788 1326 4846 humanitate
1372 4792 1724 4861 compatitur;
1776 4811 1900 4865 quia
1954 4797 2153 4857 divina

542 4875 766 4943 iustitia;
793 4893 893 4948 per
916 4881 1155 4950 speciem
1182 4882 1471 4950 inhaerens,
1503 4885 1828 4941 inconcusso
1858 4888 2153 4946 districtio-

544 4966 630 5022 nis
654 4965 858 5025 intimte
886 4970 1072 5040 vigore
1098 4972 1388 5029 solidatur.
1419 4972 1643 5031 Erectas
1670 4991 1903 5046 namque
1932 4978 1986 5032 in
2026 4980 2145 5034 cla.

543 5057 707 5114 ritate
746 5075 994 5131 supernae
1021 5064 1360 5136 rectitudinis
1407 5065 1702 5121 electorum
1751 5075 1957 5123 mentes
1995 5071 2143 5127 nulla

546 5150 918 5208 misericordia
947 5152 1129 5221 allicit,
1159 5156 1283 5226 quia
1316 5157 1411 5211 has
1440 5172 1470 5211 a
1496 5159 1727 5215 miseriis
1753 5160 1981 5217 altitudo
2010 5163 2142 5218 bea-

544 5242 791 5300 titudinis
818 5244 1021 5303 alienas
1046 5245 1241 5303 reddit.
1272 5245 1425 5304 Unde
1469 5251 1608 5305 bene
1636 5252 1799 5305 etiam
1838 5268 1937 5321 per
1983 5252 2138 5308 Psal-

545 5336 761 5391 mistam
788 5336 1023 5392 dicitur:
1059 5336 1313 5394 Videbunt
1334 5340 1466 5411 justi
1494 5350 1544 5395 et
1583 5340 1829 5395 timebunt
1854 5384 1868 5407 ,
1911 5353 1961 5397 et
1986 5361 2145 5414 super

547 5440 664 5481 eum
704 5426 973 5493 ridebunt,
1022 5437 1073 5483 et
1110 5429 1481 5485 dicent:Ecce
1524 5431 1672 5486 homo
1713 5439 1800 5503 qut
1840 5451 1943 5488 non
1971 5439 2144 5505 posuit

551 5529 575 5559 ο
609 5517 774 5575 Deum
811 5520 1102 5594 adjutorem
1125 5540 1272 5577 suum
1303 5521 1492 5591 (Psal.
1537 5539 1606 5589 Li,
1640 5522 1731 5592 8).
1758 5523 1973 5593 lniquos
1997 5528 2141 5581 enim

546 5607 677 5668 iusti
713 5629 857 5669 nunc
903 5614 1088 5671 vident
1115 5624 1170 5670 et
1198 5621 1487 5679 metuunt,
1537 5621 1664 5669 tunc
1711 5613 1874 5669 visuri
1922 5624 2046 5670 sunt
2084 5625 2141 5671 et

620 5779 651 5841 ξ
676 5768 814 5841 ξω.
841 5770 1082 5834 Gemet.,
1110 5767 1526 5841 Poenarumque
1553 5770 1956 5825 retributionem.

620 5838 650 5879 δ
678 5838 927 5905 'Ebroic.,
1115 5842 1318 5894 intenta
1340 5838 1683 5895 districtione.

624 5919 648 5947 °
688 5906 922 5964 Gemet..
1036 5927 1121 5963 unt
1142 5912 1432 5964 adiutorem
1457 5911 1575 5964 sibi.

624 5919 649 5980 ξ
688 5906 922 5980 ρωποι..
954 5906 1121 5964 Deum
1142 5912 1432 5980 adjutorem
1457 5911 1575 5964 sibi.
1732 5932 1743 5939 ο

624 5971 651 6015 δ
689 5971 917 6035 Coccius
936 5996 999 6034 ac
1021 5971 1295 6048 deinceps,
1320 5997 1431 6034 cum
1462 5984 1726 6051 deprecor,
1746 5982 2141 6037 reluctantibus

2168 6088 2208 6120 at

2343 4784 2429 4840 50.
2476 4785 2572 4840 Pie
2618 4788 2896 4841 viventibus
2944 4789 3171 4843 cavenda
3216 4784 3851 4861 singulamilia—Qud

2268 4876 2529 4932 distinctae
2558 4878 2609 4931 in
2640 4878 2837 4933 mundo
2868 4879 3114 4949 regiones
3143 4890 3267 4935 sunt
3296 4880 3551 4936 Ecclesiae
3588 4883 3850 4951 gentium,

2265 4983 2383 5038 quae
2406 4970 2457 5022 iu
2489 4986 2593 5023 una
2628 4969 2728 5025 lide
2754 4972 2962 5041 positae,
2994 4989 3204 5027 morum
3236 4974 3645 5045 linguarumque
3671 4974 3849 5030 diver-

2259 5060 2420 5115 sitate
2440 5061 2773 5115 dividuntur.
2788 5062 2922 5128 Quid
2943 5077 3072 5131 ergo
3094 5065 3373 5133 regionum
3391 5065 3612 5135 lapides,
3634 5067 3735 5121 nisi
3751 5065 3852 5121 Ec-

2260 5151 2539 5206 clesiarum
2566 5153 2769 5207 electos
2785 5153 3117 5221 accipimus?
3134 5156 3326 5224 quibus
3343 5157 3501 5225 primi
3516 5157 3852 5211 instructoris

2253 5260 2389 5300 voce
2416 5244 2641 5299 dicitur:
2668 5242 2943 5298 Vosautem
2966 5247 3424 5316 tanquamlapides
3445 5248 3543 5301 vivi
3566 5246 3846 5317 superanti-

2253 5338 2484 5407 ﬁcamim‘
2510 5335 2569 5405 (Ι
2618 5336 2761 5390 Petr.
2809 5352 2843 5390 ll
2866 5376 2879 5399 ,
2910 5337 2942 5390 5
2968 5339 3004 5405 ).
3032 5338 3108 5393 De
3151 5338 3343 5405 quibus
3378 5346 3580 5393 sanctae
3602 5336 3852 5394 Ecclesim

2256 5446 2353 5499 per
2382 5431 2704 5500 prophetam
2741 5428 2999 5485 Dominus
3040 5430 3328 5500 pollicetur
3347 5428 3720 5485 dicenszEcce
3760 5446 3851 5499 ego

2254 5532 2482 5575 sternam
2529 5539 2621 5592 per
2666 5521 2901 5576 ordinem
2944 5521 3143 5591 lapides
3192 5530 3305 5576 tuos
3354 5519 3528 5591 (Isai.
3581 5537 3688 5586 Liv,
3732 5520 3848 5589 il).

2256 5612 2358 5680 Qui
2388 5614 2549 5682 igitur
2578 5620 2728 5669 recte
2756 5612 2903 5678 vivit,
2938 5621 3099 5699 pacto
3144 5627 3203 5668 se
3250 5612 3518 5683 lapidibus
3568 5606 3729 5684 50h.
3774 5627 3844 5666 re

2256 5772 2375 5825 aliis
2414 5770 2512 5826 Ed.
2553 5780 2607 5827 et
2652 5768 2801 5833 Mss,
2827 5769 3023 5839 quibus
3067 5748 3306 5823 concinit
3333 5767 3493 5823 Rom.
3532 5762 3843 5839 Psalterium

2254 5841 2413 5897 Juxta
2442 5850 2618 5896 tamen
2649 5838 2853 5897 textum
2884 5839 3021 5896 Heb.
3050 5841 3230 5911 potius
3258 5839 3541 5909 legendum
3580 5838 3838 5911 deprecer,

2255 5929 2415 5982 quam
2447 5914 2684 5969 tribulor.
