4180 6464
579 406 673 465 759

1785 398 2029 463 SANCTI
2068 401 2395 459 GREGORII
2433 401 2644 460 MAGNI

3744 402 3847 457 760

568 541 662 595 que
684 523 879 593 faciens
915 523 1156 592 (metum,
1177 528 1227 574 et
1246 520 1438 574 habens
1459 519 1854 591 unumquodque
1880 525 2156 574 sementem
2180 520 2233 579 Α
2258 527 2441 573 menta
2482 518 2647 573 etiam
2684 517 2751 574 ad
2786 532 2973 574 semen
3010 524 3311 590 reportant.
3367 516 3600 588 Frugem
3646 516 3849 588 quippe

566 614 845 668 secundum
868 613 1085 672 speciem
1106 629 1254 666 suam
1280 609 1487 684 (Cenes.
1504 627 1544 679 ι,
1567 610 1677 681 12).
1704 610 1933 679 Lignum
1952 610 2153 685 quippe

564 706 858 761 secundum
891 706 1130 775 speciem
1159 720 1312 759 suam
1342 718 1525 759 semen
1556 702 1820 774 producit,
1851 718 1971 759 cum
2001 716 2153 756 mens

563 805 751 855 nostra
777 807 802 834 ³
830 812 898 851 ex
924 812 982 851 se
1008 796 1495 851 considerationem
1519 795 1572 849 in
1596 794 1824 849 alterum
1853 793 2073 863 colligit,
2098 800 2154 848 et

563 889 700 946 recti
722 884 899 960 operis
922 904 1141 958 germen
1168 892 1327 960 parit.
1354 890 1488 944 Hinc
1509 890 1728 960 quidam
1750 890 1963 958 sapiens
1986 889 2148 943 dicit:

570 980 721 1045 Quod
746 981 836 1034 tibi
865 998 967 1035 non
996 982 1069 1034 vis
1099 982 1235 1050 ﬁeri,
1261 982 1411 1035 alteri
1440 998 1503 1034 ne
1534 982 1714 1051 feceris
1745 980 1895 1051 (Tob.
1929 997 2002 1050 tv,
2037 979 2148 1052 16).

565 1074 698 1129 Hinc
727 1076 779 1128 in
810 1074 1100 1144 Evangelio
1144 1074 1402 1129 Dominus
1432 1074 1561 1129 dicit
1593 1093 1605 1127 ς
1640 1072 1767 1137 Qua:
1804 1074 1955 1127 vultis
1983 1083 2038 1126 ut
2067 1075 2152 1143 fa-

560 1169 702 1220 ciant
731 1165 869 1221 vobis
903 1168 1156 1234 homines,
1181 1176 1229 1221 et
1269 1185 1357 1222 vos
1394 1168 1573 1221 eadem
1610 1168 1765 1238 facile
1794 1168 1899 1220 illis
1933 1166 2148 1239 (Matth.

564 1274 649 1323 vn,
682 1257 794 1328 12).
830 1258 906 1312 Ac
951 1260 995 1313 si
1039 1266 1226 1328 aperte
1269 1258 1509 1313 diceret:
1542 1257 1793 1327 Speciem
1834 1268 2068 1313 vestram
2098 1259 2153 1313 in

564 1349 732 1403 altero
760 1349 975 1405 visitate
995 1393 1010 1418 ,
1042 1358 1203 1419 atque
1249 1364 1317 1403 ex
1353 1348 1755 1420 vobismetipsis
1803 1349 2113 1417 cognoscite
2134 1389 2151 1417 ,

563 1440 691 1510 quid
720 1457 816 1496 vos
860 1450 1110 1513 oporteat
1155 1442 1273 1496 aliis
1322 1442 1597 1497 exhibere.
1650 1436 1787 1496 Hinc
1814 1440 2011 1496 Paulus
2037 1441 2151 1496 ait:

564 1531 756 1587 Factus
795 1551 907 1587 sum
935 1532 1133 1587 Judazis
1174 1544 1421 1605 tanquam
1458 1532 1694 1599 Judazus,
1726 1542 1782 1586 ut
1820 1532 2033 1587 Judwos
2070 1534 2153 1587 lu-

564 1641 766 1691 crarer;
798 1634 845 1679 et
876 1626 956 1678 his
997 1627 1082 1696 qui
1110 1624 1200 1679 sub
1228 1626 1336 1697 lege
1365 1634 1501 1692 sunt,
1533 1626 1679 1693 quasi
1708 1625 1798 1678 sub
1830 1625 1939 1696 lege
1964 1641 2149 1689 essem,

564 1732 674 1770 cum
706 1718 814 1787 ipse
836 1733 941 1771 non
970 1733 1130 1771 essem
1155 1715 1247 1771 sub
1269 1717 1396 1788 lege,
1422 1727 1478 1770 ut
1517 1733 1602 1771 eos
1630 1718 1717 1788 qui
1747 1715 1837 1769 sub
1868 1716 1978 1787 lege
2006 1722 2155 1769 erant

563 1806 951 1878 lucrifacerem;
982 1817 1031 1862 et
1069 1807 1149 1861 his
1178 1809 1265 1880 qui
1294 1809 1404 1861 sine
1448 1809 1556 1879 lege
1586 1816 1705 1861 sunt
1734 1808 1879 1878 quasi
1908 1808 2019 1860 sine
2046 1808 2155 1877 lege

2256 609 2326 664 ad
2355 624 2506 665 esum
2535 610 2699 665 etiam
2742 610 2897 666 liberi
2942 610 3263 682 accipimus,
3290 624 3414 665 cum
3440 617 3497 665 et
3537 624 3694 665 sacro
3722 609 3845 665 elo-

2253 700 2381 771 quio
2431 701 2722 770 pascimur,
2770 710 2825 756 et
2859 710 3040 758 tamen
3084 702 3153 757 ad
3177 702 3454 773 quaedam,
3488 716 3610 772 quae
3655 700 3708 755 in
3737 701 3847 761 hoc

2254 792 2454 847 mundo
2482 793 2784 863 appetimus
2810 793 2865 848 in
2894 794 3092 849 nostris
3120 792 3488 863 voluptatibus
3513 803 3535 830 ε
3567 805 3847 860 vagamur.

2255 882 2361 938 Sed
2386 885 2528 939 servi
2572 884 2719 949 facti,
2752 893 2807 940 et
2846 884 2915 940 ad
2961 900 3148 941 semen
3191 884 3461 939 frumenta
3490 884 3843 954 percipimus,

2256 976 2381 1047 quia
2408 977 2534 1031 dum
2559 975 2715 1046 plene
2744 976 2856 1031 Deo
2880 976 3181 1042 subdimur,
3211 978 3374 1031 etiam
3396 977 3562 1031 verbo
3590 975 3850 1038 pradica-

2254 1068 2420 1122 tionis
2446 1068 2736 1138 replemur.
2780 1066 2847 1122 Et
2884 1068 3137 1135 quoniam
3168 1082 3360 1137 magna
3403 1066 3583 1137 proles
3612 1066 3855 1120 ﬁdelium

2255 1160 2519 1230 sequitur,
2537 1175 2658 1215 cum
2678 1168 2862 1214 sancta
2887 1160 3197 1229 praedicatio
3213 1165 3564 1229 puerogatur,
3584 1165 3707 1227 post
3722 1154 3860 1209 mul-

2258 1252 2589 1323 tiplicitatcm
2624 1252 2841 1306 seminis
2879 1260 3028 1306 recte
3056 1249 3395 1319 subjungitur
3432 1248 3538 1303 :Et
3582 1249 3859 1319 progenies

2259 1356 2346 1400 tua
2387 1346 2517 1399 sicut
2561 1344 2718 1398 herba
2756 1351 2926 1398 terrte.
2976 1342 3110 1398 Justi
3162 1341 3449 1413 progenies
3487 1340 3667 1395 herba:
3699 1349 3861 1393 terra:

2257 1446 2631 1509 comparatur,
2661 1437 2786 1506 quia
2834 1435 2925 1506 qui
2970 1434 3040 1490 de
3082 1434 3199 1505 ejus
3244 1433 3544 1488 imitatione
3588 1431 3858 1496 nascitur,

2215 1593 2223 1603 _
2257 1530 2381 1585 dum
2412 1537 2656 1585 arentem
2684 1530 2809 1584 vita:
2854 1529 3133 1600 praesentis
3168 1527 3395 1597 gloriam
3444 1526 3662 1591 deserit,
3701 1524 3725 1561 ά
3757 1537 3860 1593 spe

2258 1622 2313 1676 in
2354 1631 2557 1678 aeterna
2585 1622 2879 1679 viridescit.
2912 1622 3012 1677 Vel
3043 1628 3190 1677 certe
3224 1620 3353 1690 justi
3401 1618 3688 1689 progenies
3716 1616 3861 1671 sicut

2258 1713 2425 1769 herba
2442 1706 2636 1783 oritur,
2663 1715 2787 1784 quia
2813 1714 2940 1768 dum
2959 1715 3189 1770 vivendo
3210 1721 3476 1769 monstrat
3498 1712 3642 1783 quod
3665 1711 3862 1782 przedi-

2262 1809 2434 1863 cando
2472 1809 2686 1875 asserit,
2718 1808 3007 1864 multitudo
3056 1809 3399 1879 sequentium
3446 1805 3861 1863 innumerabilis

562 1915 743 1966 essem,
772 1916 887 1952 cum
914 1901 1025 1953 sine
1055 1900 1165 1970 lege
1192 1897 1290 1952 Dei
1320 1894 1423 1953 non
1450 1915 1633 1967 essem,
1661 1899 1750 1953 sed
1776 1900 1831 1952 in
1859 1898 1967 1969 lege
1995 1914 2156 1951 essem
2190 1899 2231 1960 Β
2262 1900 2521 1969 exsurgit.
2547 1899 2654 1955 Sed
2675 1900 2917 1970 quisquis
2936 1901 3045 1970 jam
3079 1908 3295 1955 terrena
3315 1898 3581 1955 desideria
3608 1897 3860 1967 despicit,

562 1990 773 2046 Christi.
807 1990 860 2062 (Ι
876 1990 995 2047 Cor.
1023 2008 1097 2059 1x,
1122 1990 1189 2045 20
1205 2000 1253 2045 et
1283 1990 1398 2061 21).
1432 1990 1496 2046 Et
1524 1991 1687 2061 paulo
1717 1999 1841 2061 post
1865 2008 1876 2043 :
1905 1990 2155 2046 Omnibus

561 2085 735 2138 omnia
757 2086 928 2156 factus
952 2101 1084 2155 sum,
1109 2094 1165 2139 ut
1186 2101 1361 2140 omnes
1386 2088 1611 2155 facerem
1639 2083 1805 2137 salvos
1833 2080 2016 2154 (1bid.,
2040 2081 2154 2152 25).

563 2173 745 2243 Neque
774 2174 917 2229 enim
968 2176 1213 2245 egregius
1260 2174 1602 2246 prcedicator,
1638 2183 1697 2228 ut
1747 2174 1901 2241 quasi
1943 2170 2157 2226 Judmus

564 2264 740 2329 ﬁeret,
765 2264 831 2317 ad
860 2264 1141 2334 perﬁdiam
1179 2267 1387 2333 erupit;
1432 2280 1608 2334 neque
1633 2274 1693 2319 ut
1717 2264 1872 2333 quasi
1901 2265 1999 2319 sub
2040 2264 2159 2332 lege

567 2361 731 2418 esset,
763 2352 831 2405 ad
851 2354 1065 2408 carnale
1080 2353 1404 2409 sacriﬁcium
1419 2354 1605 2421 rediit;
1623 2369 1799 2425 neque
1826 2364 1884 2408 ut
1911 2353 2158 2410 omnibus

568 2444 748 2503 omnia
779 2444 951 2514 ﬁeret,
969 2447 1369 2517 simplicitatem
1397 2448 1594 2503 mentis
1623 2449 1678 2504 in
1704 2449 1902 2504 erroris
1923 2450 2158 2504 varieta-

565 2544 676 2592 tem
726 2539 1108 2605 commutavit;
1137 2539 1233 2594 sed
1260 2539 1744 2596 condescendendo
1766 2540 2160 2611 apprOpinqua-

565 2628 647 2683 vit
671 2628 997 2695 inlidelibus,
1031 2644 1139 2683 non
1170 2630 1445 2697 cadendo;
1474 2637 1534 2685 ut
1561 2630 1811 2685 videlicet
1838 2631 2076 2701 singulos
2104 2631 2159 2686 in

564 2737 625 2778 se
666 2722 988 2793 suscipiens,
1021 2730 1077 2777 et
1103 2738 1162 2777 se
1200 2723 1254 2778 in
1286 2723 1526 2793 singulos
1571 2724 1977 2794 transﬁgurans,
2005 2738 2157 2779 com-

564 2816 818 2885 patiendo
864 2816 1160 2884 colligeret,
1192 2817 1236 2871 si
1278 2817 1349 2872 ita
1391 2819 1551 2889 206
1594 2818 1730 2888 ipse,
1773 2826 1833 2873 ut
1872 2818 1978 2885 illi,
2017 2827 2161 2874 esset

532 2914 538 2920 ’
567 2910 698 2980 quid
726 2910 962 2980 impendi
994 2911 1096 2966 sibi
1124 2912 1191 2966 ab
1235 2912 1352 2967 aliis
1396 2922 1545 2969 recte
1573 2913 1866 2981 voluisset;
1913 2922 1969 2969 et
2005 2922 2158 2970 tanto

564 3001 748 3056 verius
775 3002 1065 3072 unicuique
1093 3005 1297 3059 erranti
1327 3014 1709 3074 concurreret,
1740 3014 1944 3075 quanto
1970 3006 2158 3062 salutis

563 3092 679 3163 ejus
728 3092 951 3149 modum
1003 3109 1071 3149 ex
1118 3097 1337 3165 propria
1380 3097 1817 3153 consideratione
1859 3098 2153 3155 didicisset.

564 3185 708 3240 Bene
736 3201 865 3257 ergo
896 3186 1091 3242 dicitur
1116 3204 1130 3241 :
1154 3186 1225 3241 Et
1246 3189 1461 3243 visitans
1491 3191 1711 3259 speciem
1740 3197 1882 3244 tuam
1904 3206 2009 3245 non
2039 3207 2157 3261 pec-

2260 1994 2504 2063 quisquis
2534 2008 2593 2048 se
2634 2009 2734 2063 per
2772 1994 2958 2048 activa:
2984 1993 3107 2047 vitae
3147 2008 3317 2062 opera
3347 1990 3618 2058 extendit,
3652 2003 3860 2057 nequa-

2261 2101 2421 2155 quam
2447 2086 2497 2139 ei
2524 2083 2720 2141 sufﬁcit
2751 2098 2944 2154 magna
2966 2085 3205 2139 exterius
3229 2098 3412 2154 agerc,
3434 2082 3537 2137 nisi
3567 2090 3731 2136 etiam
3762 2096 3861 2151 per

2260 2177 2776 2247 contemplationem
2806 2178 2982 2232 valeat
3024 2177 3234 2231 interna
3263 2182 3570 2246 penetrare.
3603 2171 3759 2229 Unde
3802 2180 3860 2229 et

2261 2276 2387 2339 apte
2408 2268 2657 2337 protinus
2681 2268 3014 2323 subinl’ertur
3038 2285 3052 2323 :

2574 2380 2805 2436 CAPUT
2836 2381 3070 2437 xxxvn
3120 2382 3282 2457 [Rec.
3312 2380 3539 2453 XVII].

2332 2471 2497 2527 Vens.
2528 2472 2617 2526 26.
2649 2506 2721 2515 -
2758 2471 3075 2544 Ingredieris
3115 2473 3170 2527 in
3200 2473 3521 2529 abundantia
3547 2475 3858 2546 sepulcrum,

2260 2566 2391 2619 sicut
2412 2567 2635 2636 infertur
2665 2582 2877 2619 acervus
2907 2566 3067 2619 tritici
3089 2566 3142 2619 in
3167 2574 3393 2636 tempore
3413 2582 3524 2620 suo.

2333 2656 2423 2711 56.
2450 2654 2551 2720 Qui
2573 2673 2778 2710 carnem
2797 2655 3012 2721 domuit,
3033 2656 3456 2726 contemplationi
3480 2671 3665 2711 uacare
3685 2653 3854 2711 debet.

2259 2744 2333 2803 Et
2352 2766 2437 2820 qui
2466 2748 2826 2818 prtedicationi
2849 2764 3059 2818 operam
3081 2748 3189 2802 dat.
3205 2780 3275 2791 —
3298 2747 3438 2815 Quid
3459 2749 3600 2803 enim
3624 2740 3857 2820 sepulcri

2261 2840 2501 2906 nomine,
2540 2840 2644 2897 nisi
2685 2840 3105 2911 contemplativa
3142 2840 3250 2895 vita
3296 2841 3557 2911 signatur,
3600 2856 3717 2911 quae
3746 2855 3849 2900 nos

2261 2930 2416 3000 quasi
2444 2930 2513 2984 ab
2538 2930 2642 2985 hoc
2667 2931 2869 2985 mundo
2899 2939 3142 2987 mortuos
3168 2930 3382 3001 sepelit,
3413 2934 3547 2986 duin’
3564 2947 3595 2986 a
3617 2932 3850 2989 terrenis

2262 3020 2543 3078 desideriis
2562 3028 2845 3091 susceptos
2866 3021 2918 3075 in
2942 3022 3142 3077 intimis
3157 3021 3472 3078 abscondit?
3493 3023 3574 3078 Ab
3591 3022 3849 3079 exteriori

2263 3115 2462 3186 quippe
2489 3114 2603 3170 vita
2630 3114 2829 3171 mortui
2867 3122 3030 3171 etiam
3061 3118 3257 3186 sepulti
3300 3132 3399 3187 per
3440 3117 3853 3187 contemplatio-

2264 3220 2387 3261 nem
2426 3205 2672 3271 fuerant,
2706 3205 2900 3276 quibus
2949 3204 3145 3261 Paulus
3192 3205 3445 3262 dicebat:
3480 3206 3679 3262 Μονιαὶ
3713 3208 3852 3261 enim

562 3277 724 3345 cabis,
749 3280 875 3347 quia
897 3289 1026 3335 tunc
1052 3287 1331 3349 peccatum
1362 3280 1518 3349 plene
1539 3281 1793 3347 vincitur,
1816 3296 1937 3336 cum
1965 3296 2032 3336 ex
2061 3296 2153 3338 sua

2265 3298 2408 3362 estis,
2436 3306 2486 3350 et
2508 3298 2613 3352 vita
2655 3306 2824 3352 vestra
2852 3296 3156 3351 abscondita
3183 3305 3259 3352 est
3280 3314 3395 3352 cum
3424 3296 3629 3352 Christo
3649 3298 3701 3351 in
3741 3296 3853 3354 Deo

564 3370 917 3425 similitudine
979 3373 1349 3441 unusquisque
1411 3373 1730 3443 perpendit,
1778 3373 2048 3443 quomodo
2102 3375 2158 3429 in

564 3463 793 3529 proximi
822 3463 1112 3519 dilectione
1156 3464 1432 3519 dilatetur.
1474 3463 1611 3519 Cum
1637 3480 1769 3520 vero
1800 3479 1832 3519 a
1861 3466 2005 3522 vitiis
2027 3482 2156 3524 caro

563 3554 922 3623 restringitur,
940 3570 1062 3610 cum
1086 3570 1243 3611 mens
1266 3555 1556 3611 virtutibus
1576 3564 1881 3624 exercetur,
1906 3565 2077 3612 restat
2099 3565 2159 3613 ut

563 3641 831 3713 l'oquendo
880 3647 1106 3717 quisque
1148 3646 1344 3703 doceat
1371 3647 1537 3701 vitam
1569 3661 1732 3717 quam
1768 3648 2012 3703 moribus
2043 3664 2159 3705 ser-

563 3744 668 3791 vat.
695 3736 838 3808 [Vel.
868 3736 1010 3792 XXI
1024 3737 1107 3812 V.]
1138 3738 1232 3795 llle
1257 3754 1489 3810 namque
1511 3740 1706 3796 uberes
1731 3738 1934 3796 fructus
1959 3740 2158 3811 praedi-

563 3826 789 3881 cationis
820 3827 1042 3896 colligit,
1076 3829 1168 3899 qui
1207 3830 1415 3884 semina
1453 3831 1611 3886 bonae
1663 3832 1994 3901 operationis
2021 3848 2159 3904 pra:-

564 3917 744 3973 mittit.
769 3916 922 3974 Unde
943 3928 1066 3990 post
1087 3936 1277 3991 pacem
1297 3921 1654 3992 tabernaculi,
1670 3924 1938 3994 etspeciei
1961 3934 2157 3983 nostrae

565 4012 947 4082 visitationem,
979 4022 1127 4070 recte
1155 4014 1497 4085 subjungitur
1523 4034 1535 4069 :

1110 4128 1338 4184 CAPUT
1374 4130 1608 4188 XXXVI.

634 4218 794 4272 Vens.
827 4218 915 4271 25.
940 4251 1011 4261 --
1028 4219 1101 4273 Et
1129 4222 1257 4274 scies
1292 4226 1534 4293 quoniam
1563 4227 1836 4297 multiplex
1859 4227 1957 4280 erit
1983 4242 2157 4283 semen

567 4320 729 4378 tuum,
762 4318 811 4363 et
839 4313 1110 4382 progenies
1141 4321 1229 4366 tua
1259 4315 1391 4367 sicut
1420 4314 1578 4369 herba
1611 4327 1778 4373 terras.

633 4396 719 4452 55.
763 4398 951 4455 Semen
979 4402 1113 4472 justi
1147 4403 1438 4474 multiplex.
1472 4436 1541 4447 —
1570 4406 1701 4464 Post
1739 4424 1928 4479 pacem
1956 4410 2157 4481 quippe

562 4492 916 4561 tabernaculi,
948 4502 1071 4563 post
1100 4496 1298 4564 speciei
1327 4506 1523 4553 nostra:
1551 4500 1934 4567 visitationem,
1967 4484 2157 4558 semién

563 4579 687 4648 justi
710 4584 989 4654 multiplex
1014 4587 1203 4655 surgit,
1223 4589 1346 4656 quia
1368 4589 1617 4646 nimirum
1648 4601 1771 4662 post
1790 4594 2156 4650 membrorum

2268 3382 2461 3453 (Calas.
2484 3400 2561 3450 nr,
2587 3383 2663 3453 5).
2695 3382 2838 3456 [γει.
2863 3382 2967 3437 XX
2981 3381 3070 3455 V.]
3101 3381 3287 3440 Activa
3308 3398 3525 3455 quoque
3547 3384 3654 3440 vita
3674 3383 3852 3455 sepul-

2265 3491 2415 3531 crum
2443 3484 2545 3543 est,
2574 3477 2701 3545 quia
2728 3492 2760 3531 a
2786 3476 2967 3547 pravis
2987 3490 3087 3532 nos
3108 3475 3364 3547 operibus
3405 3486 3652 3549 mortuos
3689 3477 3850 3547 tegit;

2265 3566 2359 3621 sed
2399 3566 2818 3637 contemplativa
2858 3568 3151 3639 perfectius
3196 3568 3404 3638 sepelit,
3435 3568 3561 3638 quia
3586 3583 3619 3623 a
3644 3569 3854 3625 cunctis

2263 3659 2448 3714 mtmdi
2475 3660 2775 3715 actionibus
2804 3659 3040 3716 funditus
3069 3659 3273 3716 dividit.
3304 3658 3555 3729 Quisquis
3583 3672 3715 3729 ergo
3742 3659 3853 3729 jam

2264 3751 2319 3806 in
2346 3766 2405 3806 se
2435 3751 2791 3807 contumelias
2821 3753 2979 3823 207
3019 3752 3199 3809 carnis
3226 3750 3490 3820 edomuit,
3517 3758 3769 3822 superest
3795 3760 3851 3806 ut

2263 3856 2502 3904 mentem
2546 3863 2643 3919 per
2682 3848 2856 3903 studia
2902 3854 3102 3903 sancte
3130 3845 3466 3918 operationis
3492 3852 3770 3912 exerceat;
3796 3852 3848 3900 et

2263 3937 2506 4008 quisquis
2549 3938 2661 4007 jam
2701 3945 2938 3993 mentem
2977 3951 3076 4008 per
3100 3943 3291 3992 sancta
3316 3949 3483 4005 opera
3520 3933 3730 4002 dilatat,
3758 3949 3847 3990 su-

2261 4037 2445 4103 perest
2474 4036 2533 4085 ut
2563 4031 2703 4086 hanc
2729 4044 2899 4100 usque
2927 4029 2996 4084 ad
3032 4034 3243 4095 secreta
3272 4026 3476 4082 intimae
3506 4027 3845 4097 contempla-

2261 4126 2423 4183 tionis
2451 4123 2625 4180 studia
2654 4123 2928 4180 extendat.
2967 4121 3153 4193 Neque
3179 4121 3324 4178 enim
3355 4122 3627 4191 perfectus
3656 4117 3847 4191 praedi-

2262 4230 2417 4277 cator
2446 4226 2549 4285 est,
2582 4218 2674 4289 qui
2717 4217 2801 4273 vel
2843 4225 3066 4288 propter
3104 4214 3579 4285 contemplationis
3606 4214 3848 4269 studium

2261 4309 2540 4383 operanda
2561 4308 2800 4379 negligit,
2822 4309 2907 4364 vel
2938 4316 3158 4379 propter
3178 4306 3513 4378 Operationis
3539 4303 3846 4360 instantiam

2234 4458 2235 4461 η
2260 4401 2673 4474 contemplanda
2720 4401 3015 4473 postponit.
3046 4399 3182 4455 Hinc
3210 4405 3295 4455 est
3330 4399 3475 4453 enim
3502 4396 3644 4468 quod
3673 4395 3846 4450 Abra-

2260 4500 2387 4559 ham
2431 4498 2716 4567 conjugem
2758 4504 3027 4551 mortuam
3056 4494 3109 4549 in
3153 4494 3404 4564 sepulcro
3432 4491 3631 4562 duplici
3654 4490 3843 4561 sepelit

2263 4592 2472 4664 (Cenes.
2505 4608 2655 4657 xxnr,
2688 4587 2807 4659 i9);
2845 4589 2970 4658 quia
3018 4588 3267 4642 nimirum
3312 4585 3586 4658 perfectus
3622 4584 3843 4653 quisque

560 4676 1011 4744 macerationem,
1061 4693 1125 4733 ac
1170 4694 1377 4734 morum
1430 4684 1871 4751 magnitudinem,
1902 4694 2053 4743 tanto
2102 4688 2154 4744 ei
2180 4684 2235 4748 D
2259 4687 2578 4758 praedicator
2620 4683 2938 4740 exstinctam
2985 4698 3017 4736 a
3064 4681 3343 4754 praesentis
3386 4681 3511 4736 vitaz
3567 4677 3842 4736 desideriis

2256 4782 2489 4837 animam
2540 4792 2722 4843 suam,
2765 4776 2863 4831 sub
2915 4775 3070 4830 bonae
3124 4773 3455 4844 operationis
3509 4771 3745 4843 tegmine
3789 4776 3841 4825 et
3916 4822 3929 4833 ,

560 4766 840 4825 fecundius
860 4771 1257 4840 praedicationis
1277 4774 1499 4829 verbum
1527 4777 1797 4844 tribuitur,
1823 4788 2028 4848 quanto
2048 4781 2152 4837 hoc

559 4856 614 4913 in
636 4857 750 4927 ejus
769 4870 990 4929 pectore
1011 4865 1234 4933 perfecti
1260 4867 1440 4936 operis
1464 4872 1778 4926 exaratione
1799 4871 2147 4941 praevenitur.

559 4948 653 5006 ille
701 4968 931 5025 namque
974 4960 1113 5011 bene
1157 4958 1413 5027 loquendi
1454 4958 1757 5017 facundiam
1790 4964 2004 5035 accipit,
2057 4966 2150 5035 qui

557 5043 737 5098 sinum
766 5045 942 5099 cordis
962 5045 985 5081 ι’
1014 5063 1111 5115 per
1136 5059 1283 5105 recte
1305 5052 1516 5107 vivendi
1540 5053 1719 5109 studia
1745 5056 2005 5111 extendit.
2038 5056 2150 5114 Nec

558 5133 869 5204 loquentem
912 5138 1243 5194 conscientia
1287 5143 1578 5214 praepedit,
1611 5161 1732 5200 cum
1761 5147 1869 5202 vita
1910 5148 2145 5217 linguam

558 5228 848 5283 antecedit.
900 5228 1036 5285 Hinc
1074 5240 1156 5285 est
1185 5234 1330 5302 quod
1375 5235 1613 5307 .‘Egypti,
1645 5240 1864 5295 servitio
1912 5241 2143 5310 publico,

557 5316 757 5389 Joseph
786 5318 1151 5390 dispensante,
1170 5323 1394 5392 subjecti
1428 5328 1444 5397 (
1461 5328 1645 5383 Cenes.
1671 5346 1836 5396 van,
1868 5330 1937 5387 20
1967 5333 2141 5404 seq.);

558 5426 683 5467 cum
718 5412 826 5482 juri
863 5413 1006 5482 regis
1034 5415 1353 5484 semetipsos
1385 5419 1658 5476 tradentes
1688 5422 2000 5491 humiliant,
2033 5425 2141 5480 fru-

628 5579 653 5606 ε
693 5569 856 5638 Editi,
879 5588 943 5627 ex
962 5574 1042 5627 sui
1071 5573 1482 5628 consideratione
1503 5592 1558 5629 se
1584 5578 1640 5630 in
1668 5578 1761 5631 alt.
1792 5579 1913 5633 coll.
1946 5578 2143 5633 Veram

555 5639 681 5697 lect.
722 5644 1131 5713 suppeditarunt
1176 5643 1300 5699 Mss.
1352 5643 1677 5716 Compend.,
1714 5648 1828 5721 Val.
1870 5647 1988 5717 CL,
2037 5647 2147 5705 Tu-

554 5725 699 5772 ron.,
731 5722 835 5769 etc.

590 5781 651 5862 ‘1’
685 5782 903 5862 ln_Ed.,_
940 5801 1038 5853 pro
1064 5803 1156 5862 per
1182 5798 1316 5862 recte
1340 5788 1567 5845 vivendi.
1601 5789 1766 5845 habes
1809 5790 1877 5843 ad
1925 5793 2149 5859 perfecte

557 5855 660 5903 t'ire
682 5855 771 5913 ~di,
800 5855 1209 5910 reclamantibus
1234 5857 1359 5911 Mss.

632 5933 651 5960 ε
683 5920 771 5977 Sic
796 5923 979 5979 Norm.
1005 5966 1019 5995 ,
1062 5927 1223 5981 Corb.
1265 5925 1448 5985 Germ.
1512 5930 1665 5989 Colb.
1700 5938 1753 5987 ct
1796 5929 2012 5997 Gerun,
2058 5931 2148 5990 ubi

2255 4870 2726 4943 contemplationis
2754 4870 3053 4935 abscondit,
3081 4878 3139 4926 ut
3166 4885 3197 4924 a
3223 4868 3426 4925 carnali
3452 4865 3832 4937 concupiscen~

2228 4966 2327 5019 tia
2354 4966 2452 5021 sub
2490 4965 2665 5020 activa
2713 4964 3238 5034 contemplativaque
3266 4963 3373 5018 vita
3416 4962 3569 5031 quasi
3617 4959 3818 5015 insensi

2252 5057 2374 5112 bilis
2426 5056 2624 5123 lateat,
2672 5070 2792 5125 qua:
2842 5056 2989 5127 prius
3034 5055 3219 5111 mundi
3259 5053 3525 5110 desideria
3569 5054 3838 5118 sentiens,

2253 5147 2556 5202 mortaliter
2594 5147 2831 5203 vivebat.
2884 5146 3021 5201 Hinc
3064 5154 3148 5201 est
3192 5144 3335 5214 quod
3373 5144 3593 5199 humani
3629 5140 3841 5211 generis

2254 5236 2585 5308 Redemptor
2612 5253 2711 5308 per
2738 5237 2881 5292 diem
2903 5237 3163 5293 miracula
3192 5237 3245 5291 in
3275 5235 3493 5292 urbibus
3518 5234 3756 5301 exhibet,
3786 5240 3838 5290 et

2252 5328 2321 5382 ad
2342 5329 2599 5384 orationis
2629 5329 2861 5385 studium
2891 5330 2943 5383 in
2970 5336 3153 5384 monte
3180 5336 3481 5398 pernoctat,
3508 5336 3566 5382 ut
3588 5325 3841 5398 perfectis

2252 5415 2501 5471 videlicet
2525 5416 2964 5486 praedicatoribus
2990 5417 3180 5472 innuat
3197 5424 3461 5488 quatenus
3480 5430 3582 5471 nec
3606 5412 3839 5469 activam

2251 5578 2388 5634 Editi
2424 5578 2651 5643 habent,
2713 5580 2767 5632 in
2814 5578 3004 5632 nostris
3047 5575 3239 5645 volupt.
3288 5590 3549 5630 vacamus.
3594 5571 3735 5627 Utic.
3783 5578 3835 5628 et

2248 5650 2419 5717 Bigot.
2450 5658 2733 5716 utramque
2777 5648 3059 5704 lectionem
3095 5648 3370 5703 exhibent.

2324 5716 2347 5756 δ
2381 5719 2478 5774 Hic
2505 5720 2709 5772 variant
2738 5719 2861 5773 Mss.
2895 5718 3119 5773 Viudoc.
3152 5718 3367 5781 habent,
3392 5720 3445 5772 in
3476 5733 3566 5787 spe
3604 5716 3815 5771 interna

2249 5792 2457 5847 Geinet.
2477 5832 2493 5856 ,
2526 5790 2687 5843 Corh.
2717 5789 2898 5844 Germ.
2918 5830 2931 5853 ,
2974 5806 3063 5860 spe
3092 5792 3144 5843 in
3169 5798 3379 5844 (εισι-πα.
3414 5787 3660 5860 Ehroic.,
3701 5802 3831 5856 sirpe

2247 5865 2302 5916 in
2333 5872 2523 5916 (ct-ma
2557 5861 2832 5916 viridesril.
2862 5859 3008 5918 Editi
3052 5880 3141 5932 spe
3168 5863 3369 5917 interna
3389 5859 3536 5916 viritL
