4180 6448
428 442 519 503 161
1298 443 1658 504 MORALIUM
1696 440 1824 502 LIB.
1869 444 1955 502 Vl.
1997 474 2067 489 —-
2104 443 2170 501 IN
2210 444 2437 503 CAPUT
2478 446 2518 503 V
2563 450 2621 503 Β.
2663 448 2799 504 JOB.

3595 444 3697 504 762

423 567 585 621 vitam
634 577 821 620 amore
865 562 1249 635 speculationis
1291 564 1531 621 funditus
1575 565 1852 630 deserant,
1902 579 2003 620 nec
2030 569 2078 625 Α
2107 570 2183 619 est
2213 564 2301 617 tibi
2325 581 2437 617 cum
2464 582 2566 620 uno
2592 566 2738 621 oculo
2761 567 2811 620 in
2833 569 2989 620 vitam
3011 564 3227 633 intrare,
3252 582 3406 637 quam
3428 565 3559 622 duos
3578 582 3703 621 ocu-

419 657 895 729 contemplationis
921 656 1113 728 gaudia
1140 658 1354 733 penitus
1380 660 1708 729 operationis
1737 659 2012 714 nimietate

418 759 770 810 contemnant
790 768 804 817 ;
825 750 917 806 sed
934 750 1103 819 quieti
1125 751 1555 821 contemplantes
1571 753 1849 814 sorbeant,
1869 749 2013 820 quod

420 844 671 915 occupati
701 857 827 912 erga
858 842 1138 913 proximos
1162 842 1445 913 loquentes
1472 842 1778 898 refundant.
1807 842 2012 914 Specu-

421 935 581 991 lando
597 934 796 1004 quippe
822 934 877 988 in
904 932 998 989 Dei
1022 948 1261 988 amorem
1282 934 1535 1003 surgitur,
1557 934 1650 989 sed
1671 934 2013 1005 praedicando

423 1025 493 1081 ad
533 1025 767 1096 proximi
807 1025 1096 1080 utilitatem
1138 1024 1361 1080 reditur.
1404 1023 1557 1080 Unde
1587 1025 1727 1095 apud
1756 1026 2010 1097 Moysen,

358 1112 361 1115 ’
423 1118 550 1173 dum
572 1119 626 1173 in
648 1118 910 1174 sacriﬁcio
926 1132 1090 1172 vacca
1110 1124 1379 1172 mactatur
1401 1115 1589 1188 (Num.
1604 1134 1717 1183 XIX,
1735 1118 1813 1187 5),
1831 1117 2013 1172 offerri

358 1240 363 1275 τ
422 1226 547 1266 cum
595 1210 827 1281 hyssopo
876 1210 1127 1279 lignoque
1175 1209 1397 1265 cedrino
1450 1210 1532 1264 bis
1578 1211 1776 1265 tinctus
1819 1224 2012 1266 coccus

422 1302 747 1373 praccipitur.
778 1301 1012 1356 Vaccam
1041 1300 1240 1370 quippe
1266 1308 1596 1370 mactamus,
1626 1317 1749 1357 cum
1792 1318 2012 1358 carnem

423 1409 456 1450 a
482 1396 700 1451 lascivia
747 1410 858 1450 suae
886 1394 1179 1464 voluptatis
1220 1395 1626 1463 exstinguimus.
1678 1397 1849 1462 Quam
1890 1411 2012 1451 cum

423 1488 661 1561 hyssopo
690 1490 943 1560 lignoque
973 1489 1195 1545 cedrino
1225 1505 1288 1545 ac
1331 1506 1498 1545 cocco
1538 1489 1839 1557 offerimus;
1887 1491 2012 1561 quia

423 1595 546 1637 cum
576 1583 943 1638 maceratione
973 1584 1184 1647 carnis,
1227 1582 1548 1638 sacriﬁcium
1600 1582 1754 1649 ﬁdei,
1798 1583 1913 1653 spei
1960 1591 2015 1637 et

424 1671 702 1729 charitatis
729 1674 1024 1730 adolemus.
1057 1675 1333 1746 Hyssopus
1362 1675 1560 1745 quippe
1598 1674 1807 1729 interna
1830 1681 2015 1729 noStra

422 1763 686 1819 mundare
732 1767 1032 1820 consuevit.
1084 1764 1149 1819 Et
1195 1780 1287 1835 per
1332 1764 1553 1820 Petrum
1602 1765 1794 1819 dicitur
1830 1783 1842 1817 :
1885 1763 2017 1818 Fide

424 1859 680 1913 mandans
707 1860 865 1915 corda
893 1876 1067 1914 eorum
1100 1859 1234 1930 (Act.
1265 1877 1352 1925 xv,
1376 1861 1455 1930 9).
1488 1859 1709 1929 Lignum
1738 1860 2014 1915 cedrinum

2115 657 2194 713 los
2223 657 2490 713 habentem
2520 662 2653 714 mitti
2682 664 2735 715 in
2766 662 3047 733 gehennam
3076 660 3209 731 ignis
3244 660 3458 732 (Matth.
3486 677 3541 730 v,
3569 659 3638 713 29
3658 658 3710 730 ).’
3756 644 3762 657 ’

2116 750 2244 804 Duce
2283 750 2483 820 quippe
2524 751 2665 816 vitae,
2701 752 2874 806 activa
2905 751 3153 807 videlicet
3179 760 3234 807 et
3262 750 3699 820 contemplativa,

2115 859 2236 898 cum
2265 847 2652 898 conservantur
2678 844 2731 899 in
2764 854 2962 910 mente,
2994 845 3149 914 quasi
3180 844 3287 899 duo
3317 844 3459 899 oculi
3491 843 3700 897 haben-

2117 940 2205 987 tur
2231 934 2286 986 in
2315 931 2468 986 facie.
2521 932 2719 987 Dexter
2756 948 2990 1002 namque
3018 934 3206 989 oculus
3236 934 3344 988 vita
3372 930 3704 1002 contempla-

2116 1025 2223 1080 tiva
2246 1032 2347 1089 est,
2361 1024 2580 1078 sinister
2600 1024 2794 1079 activa.
2813 1024 2919 1091 Sed
2941 1018 3067 1080 sunt
3088 1025 3351 1093 nonnulli,
3366 1034 3426 1080 ut
3449 1024 3701 1090 diximus,

2115 1118 2205 1187 qui
2233 1118 2462 1173 discrete
2502 1118 2698 1173 intueri
2739 1135 2943 1174 summa
2978 1129 3033 1175 et
3059 1120 3321 1189 spiritalia
3365 1134 3706 1189 nequaquam

2115 1220 2369 1281 possunt,
2420 1220 2474 1265 et
2520 1219 2699 1266 tamen
2739 1211 2846 1265 alta
2878 1212 3351 1282 contemplationis
3394 1220 3704 1305 assumunt,

2115 1311 2278 1372 atque
2304 1303 2505 1359 idcirco
2546 1306 2596 1359 in
2629 1304 2867 1374 perﬁdiae
2897 1304 3130 1371 foveam,
3165 1315 3189 1345 ο
3222 1303 3530 1360 intellectus
3555 1303 3707 1374 pravi

2115 1411 2301 1451 errore
2330 1396 2656 1451 dilabuntur.
2690 1396 2801 1452 Hos
2832 1398 3013 1467 itaque
3042 1397 3465 1467 contemplativa
3491 1397 3599 1453 vita
3627 1397 3709 1451 ul-

2119 1496 2198 1542 tra
2223 1490 2367 1544 vires
2394 1498 2691 1558 assumpta,
2720 1488 2745 1524 ά
2773 1490 2970 1558 cogita
2995 1489 3224 1544 veritate
3252 1489 3467 1555 cadere,
3490 1503 3627 1558 quos
3655 1488 3709 1544 in

2116 1587 2259 1635 statu
2298 1596 2408 1637 suae
2438 1580 2780 1637 rectitudinis
2820 1582 3094 1637 humiliter
3138 1590 3351 1651 poterat
3396 1581 3510 1637 sola
3535 1582 3710 1637 activa

2118 1673 2407 1728 custodire.
2431 1672 2639 1739 Quibus
2658 1683 2807 1730 recte
2830 1674 2935 1730 hoc
2965 1674 3109 1744 quod
3132 1675 3337 1744 prmlati
3369 1690 3572 1742 sumus,
3607 1674 3711 1730 Ve-

2117 1762 2249 1817 ritas
2276 1762 2402 1817 dicit
2434 1781 2446 1815 :
2492 1764 2551 1818 Si
2582 1765 2759 1821 oculus
2789 1773 2903 1818 tuus
2936 1764 3115 1819 dexter
3141 1766 3465 1819 scandalizat
3495 1775 3562 1833 te,
3592 1782 3712 1820 erue

2119 1872 2255 1923 eum,
2285 1863 2333 1908 et
2382 1856 2577 1927 projice
2606 1854 2696 1910 abs
2730 1865 2793 1909 te.
2832 1855 3033 1909 Bonum
3066 1855 3156 1909 tibi
3186 1865 3261 1909 est
3292 1873 3406 1910 cum
3435 1873 3537 1911 uno
3566 1857 3712 1911 oculo

425 1949 568 2003 nulla
596 1950 881 2020 putredine
909 1950 1112 2018 delicit,
1144 1952 1264 2026 quia
1294 1966 1444 2025 spem
1477 1951 1779 2011 caelestium
1826 1954 2015 2011 termi-
2047 1953 2091 2016 B
2116 1948 2171 2003 in
2197 1946 2354 2002 vitam
2398 1947 2618 2013 intrare,
2644 1963 2799 2019 quam
2824 1948 2954 2000 duos
2994 1947 3169 2000 oculos
3200 1947 3469 2001 habentem
3498 1949 3632 2001 mitti
3658 1948 3712 2000 in

424 2055 523 2094 nus
551 2056 660 2095 non
686 2042 969 2100 consumit.
1005 2041 1158 2102 Unde
1187 2056 1243 2101 et
1269 2063 1366 2117 per
1390 2048 1608 2103 Petrum
1635 2049 1835 2104 dicitur
1860 2067 1871 2102 :
1909 2048 2015 2103 Re-

425 2134 689 2201 generavit
714 2151 808 2189 nos
836 2141 888 2188 in
915 2153 1056 2206 spem
1094 2138 1259 2190 vivam
1303 2155 1394 2208 per
1438 2141 1863 2193 resurrectionem
1890 2138 2017 2194 Jesu

425 2220 618 2278 Christi
646 2241 710 2278 ea:
738 2229 975 2292 mortuis,
1006 2229 1060 2281 in
1091 2228 1447 2284 hwreditatem
1476 2231 1937 2302 incorruptibilem,
1968 2242 2017 2286 et

422 2315 921 2386 incontaminatam,
972 2330 1022 2375 et
1064 2324 1543 2379 immarcescibilem
1589 2325 1650 2398 (1
1679 2325 1794 2380 Pet.
1847 2343 1896 2394 ι,
1925 2326 2012 2397 '5).

422 2404 630 2465 Coccus
669 2411 839 2466 rubeo
870 2413 1055 2469 colore
1102 2413 1436 2481 llammescit,
1471 2418 1596 2485 quia
1637 2433 1796 2486 quem
1828 2418 2017 2489 implet

423 2500 658 2557 charitas
684 2502 939 2558 incendit.
971 2503 1120 2560 Unde
1147 2514 1201 2560 et
1226 2507 1279 2560 in
1301 2506 1592 2575 Evangelia
1609 2508 1817 2564 Veritas
1846 2509 1974 2563 dicit
1998 2525 2012 2561 :

423 2587 610 2659 Ignem
647 2594 758 2646 veni
788 2595 988 2648 mittere
1032 2597 1084 2649 in
1118 2607 1308 2650 terram
1340 2596 1502 2668 (Luc.
1528 2614 1620 2664 xu,
1651 2597 1773 2667 49).
1802 2598 1908 2654 Sed
1936 2599 2017 2653 bis

423 2679 623 2737 tinctus
667 2698 865 2739 coccus
899 2684 1077 2740 oﬁ'erri
1120 2688 1442 2757 praecipitur,
1489 2698 1549 2742 ut
1594 2687 1845 2743 videlicet
1893 2696 2017 2743 ante

424 2766 621 2825 interni
646 2769 839 2840 judicis
866 2773 1056 2829 oculos
1085 2775 1320 2832 charitas
1346 2784 1531 2831 nostra
1564 2776 1662 2831 Dei
1690 2784 1747 2831 et
1784 2776 2017 2847 proximi

425 2859 718 2918 dilectione
762 2864 1067 2934 coloretur;
1116 2876 1381 2937 quatenus
1411 2885 1671 2925 conversa
1716 2884 1869 2925 mens
1917 2885 2017 2925 nec

424 2952 506 3008 sic
533 2968 635 3023 pro
661 2969 847 3011 amore
874 2955 968 3011 Dei
991 2958 1228 3027 quietem
1256 2960 1460 3029 diligat,
1494 2969 1550 3015 ut
1578 2976 1761 3017 curam
1786 2962 2017 3032 proximi

426 3044 818 3117 utilitatemque
846 3057 1169 3119 postponat;
1202 3067 1302 3107 nec
1330 3052 1409 3107 sic
1445 3068 1544 3123 pro
1572 3069 1756 3109 amore
1785 3054 2018 3123 proximi

328 3208 335 3215 ο
426 3146 687 3209 occupata
736 3141 1030 3208 inserviat,
1066 3152 1125 3198 ut
1160 3144 1397 3214 quietem
1444 3144 1685 3200 funditus
1728 3146 2013 3213 deserens,

425 3229 602 3300 ignem
624 3232 677 3286 in
700 3247 758 3287 se
777 3235 995 3303 superni
1024 3236 1224 3291 amoris
1253 3237 1577 3305 exstinguat.
1610 3236 1862 3307 Quisquis
1888 3249 2016 3305 ergo

2118 2039 2406 2110 gehennam
2434 2036 2589 2107 ignis.
2639 2034 2714 2091 Ac
2743 2036 2787 2090 si
2818 2044 3005 2105 aperte
3034 2034 3242 2090 diceret
3272 2053 3283 2087 :
3316 2035 3449 2089 Cum
3481 2035 3548 2089 ad
3578 2050 3712 2089 con.-

2118 2130 2485 2200 templativam
2512 2129 2679 2182 vitam
2722 2127 2917 2181 idonea
2966 2126 3293 2181 discretione
3340 2143 3449 2181 non
3478 2124 3710 2193 sulﬁcis,

2119 2221 2290 2277 solam
2320 2220 2564 2275 securius
2611 2219 2840 2273 activam
2872 2226 3015 2273 tene.
3046 2216 3287 2285 Cumque
3316 2217 3370 2271 in
3416 2216 3541 2284 hoc,
3570 2214 3714 2285 quod

2117 2328 2218 2384 pro
2244 2325 2439 2380 magno
2484 2311 2670 2380 eligis,
2704 2309 2925 2377 deﬁcis,
2971 2323 3039 2363 eo
3067 2315 3355 2363 contentus
3382 2314 3533 2373 esto,
3567 2304 3714 2376 quod

2118 2419 2216 2474 pro
2244 2403 2467 2458 minimo
2494 2401 2759 2467 attendis;
2786 2409 2844 2454 ut
2864 2401 2909 2454 si
2932 2414 3030 2470 per
3053 2398 3527 2468 contemplativam
3547 2396 3715 2451 vitam

2118 2511 2148 2550 a
2191 2496 2433 2550 veritatis
2483 2493 2791 2563 cognitione
2836 2490 3177 2560 compelleris
3221 2489 3451 2557 cadere,
3490 2502 3715 2557 regnum

2118 2587 2378 2642 ctnlornm
2408 2601 2504 2655 per
2531 2585 2701 2640 solam
2731 2583 2962 2637 activam
2990 2582 3170 2635 valeas
3200 2581 3393 2635 saltem
3424 2579 3608 2633 luscus
3637 2579 3716 2633 in-

2122 2685 2283 2731 trare.
2318 2675 2452 2729 llinc
2491 2689 2703 2728 rursum
2753 2672 2923 2727 dicit:
2956 2670 3057 2734 Qui
3082 2669 3514 2724 scandalizaverit
3556 2684 3715 2721 unum

2120 2768 2183 2822 de
2202 2766 2401 2837 pusillis
2423 2767 2537 2819 istis
2558 2767 2644 2836 qui
2673 2766 2729 2818 in
2756 2781 2837 2817 me
2859 2762 3094 2826 credunt,
3119 2760 3324 2830 expedit
3344 2776 3392 2813 et
3419 2770 3477 2812 ut
3503 2774 3716 2828 suspen-

2121 2858 2276 2912 datur
2315 2858 2453 2911 mola
2501 2856 2739 2910 asinaria
2776 2857 2831 2909 in
2863 2854 2995 2908 collo
3024 2854 3169 2923 ejus,
3214 2860 3263 2905 et
3305 2852 3633 2921 demergatur
3660 2850 3716 2903 in

2119 2949 2434 3021 profundum
2481 2950 2642 3002 maris
2690 2945 2918 3018 (Matth.
2952 2962 3101 3013 xvul,
3134 2943 3227 3015 6).
3260 2942 3397 3010 Quid
3425 2957 3522 3011 per
3545 2955 3715 3010 mare,

2120 3040 2222 3094 nisi
2267 3030 2503 3111 praesens
2538 3039 2790 3094 saeculum
2818 3057 2831 3103 ;
2878 3036 3004 3106 quid
3034 3051 3131 3107 per
3168 3035 3368 3091 molam
3398 3033 3716 3097 asinariam,

2122 3133 2226 3188 nisi
2274 3134 2419 3188 actio
2449 3142 2664 3188 terrena
2709 3132 2988 3200 signatur?
3037 3128 3167 3195 Quae
3196 3128 3322 3181 dum
3353 3125 3489 3181 colla
3518 3123 3717 3179 mentis

2121 3237 2218 3294 per
2238 3224 2401 3277 stulta
2419 3222 2686 3278 desideria
2710 3221 2944 3289 stringit,
2970 3220 3109 3275 hanc
3131 3219 3183 3272 in
3210 3216 3411 3272 laboris
3436 3214 3720 3271 circuitum

426 3323 772 3393 semetipsum
819 3324 931 3379 Deo
956 3323 1069 3393 jam
1098 3326 1422 3382 sacriﬁcium
1452 3326 1666 3393 obtulit,
1697 3327 1742 3381 si
1782 3326 2019 3396 perfecta
2045 3331 2090 3392 ο
2124 3315 2306 3369 mittit.
2323 3314 2663 3383 Suntitaque
2689 3312 2934 3368 nonnulli
2954 3312 3047 3383 qui
3068 3312 3195 3366 dum
3221 3318 3461 3366 terrenas
3480 3309 3721 3364 actiones

426 3413 713 3482 desiderat,
735 3422 887 3470 curet
914 3430 1134 3471 necesse
1160 3424 1262 3484 est,
1287 3425 1346 3471 ut
1370 3432 1475 3473 non
1500 3417 1675 3473 solum
1713 3416 1782 3471 ad
1822 3431 2016 3487 opera-

426 3506 590 3563 tionis
618 3524 678 3564 se
706 3508 1077 3577 latitudinem,
1109 3525 1294 3565 verum
1322 3511 1485 3567 etiam
1522 3510 1588 3566 ad
1617 3510 1850 3566 culmina
1888 3524 2017 3566 con-

428 3599 795 3667 templationis
816 3607 1090 3656 extenuat.

496 3691 641 3765 [Vet.
672 3691 912 3763 XXVL]
942 3693 1030 3748 57.
1085 3695 1201 3749 Vita
1226 3697 1392 3750 activa
1437 3696 1556 3749 aliis
1575 3736 1590 3763 ,
1633 3695 1750 3749 aliis
1792 3703 2019 3749 contem-

426 3780 619 3852 plativa
655 3784 821 3852 magis
866 3786 1121 3855 congruit.
1166 3787 1428 3839 Alterutra
1470 3787 1649 3856 cuique
1687 3803 1782 3855 pro
1808 3788 2017 3856 ingenio

430 3874 663 3928 colenda.
686 3904 759 3915 —
781 3873 890 3929 Sed
919 3875 1063 3929 inter
1093 3876 1207 3930 haec
1249 3891 1577 3947 magnopere
1603 3876 1878 3932 sciendum
1906 3884 2017 3945 est,

428 3968 553 4037 quia
578 3966 733 4022 valde
761 3974 902 4022 mter
932 3982 993 4023 se
1020 3967 1246 4023 diversa:
1274 3977 1400 4023 sunt
1423 3978 1445 4005 εί
1470 3969 1885 4037 conspersiones
1912 3969 2022 4023 ani-

428 4073 662 4115 morum.
683 4057 941 4114 Nonnulli
960 4073 1192 4129 namque
1215 4059 1494 4115 hominum
1516 4060 1591 4113 ita
1613 4060 1800 4114 otiosae
1824 4061 2020 4115 mentis

429 4156 575 4215 sunt,
606 4156 667 4203 ut
694 4148 741 4204 si
770 4162 865 4203 eos
908 4147 1066 4203 labor
1111 4147 1481 4218 occupationis
1521 4148 1787 4217 excipiat,
1819 4149 1873 4203 in
1904 4150 2020 4220 ipsa

430 4242 612 4314 operis
636 4240 984 4298 inchoatione
1022 4242 1403 4308 succumbant;
1453 4250 1510 4297 et
1556 4242 1799 4298 nonnulli
1830 4243 1905 4297 ita
1934 4242 2019 4297 in-

430 4335 601 4407 quieti
621 4344 767 4404 sunt,
799 4342 858 4390 ut
884 4335 930 4390 si
956 4335 1291 4391 vacationem
1323 4334 1521 4390 laboris
1546 4334 1862 4398 habuerint,
1893 4349 2018 4404 gra-

431 4428 550 4487 vius
568 4429 837 4494 laborent,
862 4429 987 4500 quia
1016 4437 1165 4484 tanto
1186 4426 1213 4467 b
1236 4428 1533 4483 deteriores
1555 4428 1732 4483 cordis
1764 4429 2023 4485 tumultus

433 4519 698 4584 tolerant,
729 4527 934 4589 quanto
961 4520 1042 4574 eis
1083 4519 1331 4574 licentius
1357 4518 1423 4572 ad
1459 4518 1814 4587 cogitationes
1840 4525 2019 4573 vacat.

437 4609 588 4666 Unde
617 4626 837 4667 necesse
866 4619 950 4666 est
988 4620 1047 4665 ut
1074 4626 1177 4666 nec
1197 4612 1379 4681 quieta
1409 4626 1559 4665 mens
1584 4610 1650 4665 ad
1679 4612 2023 4667 exercitatio-

2122 3405 2411 3472 deserunt,
2443 3411 2495 3459 et
2537 3406 2602 3458 ad
2652 3402 3125 3473 contemplationis
3163 3402 3372 3467 studia,
3417 3400 3723 3454 humilitate

2120 3498 2442 3570 postposita,
2475 3497 2615 3552 ultra
2645 3496 3013 3566 intelligentia:
3040 3496 3183 3550 vires
3212 3501 3457 3565 surgunt,
3489 3508 3599 3548 non
3627 3508 3720 3548 so-

2120 3594 2233 3650 lum
2260 3609 2319 3649 se
2347 3593 2403 3647 in
2433 3606 2673 3648 errorem
2701 3591 2980 3660 dejiciunt,
3014 3588 3106 3644 sed
3134 3587 3376 3642 inﬁrmos
3407 3600 3660 3673 quosque
3690 3599 3721 3639 a
3748 3660 3753 3663 1

2122 3689 2328 3758 gremio
2358 3687 2579 3744 unitatis
2605 3686 2869 3741 dividunt.
2904 3684 3007 3751 Qui
3032 3699 3163 3753 ergo
3193 3697 3358 3737 unum
3388 3681 3455 3736 de
3481 3680 3723 3736 minimis

2121 3777 2470 3845 scandalizat,
2493 3776 2684 3830 melius
2715 3774 2789 3828 illi
2814 3774 3007 3838 fuerat,
3026 3773 3242 3840 alligata
3271 3771 3412 3826 collo
3442 3769 3587 3824 mola
3614 3769 3723 3824 asi-

2126 3869 2298 3932 naria,
2335 3869 2388 3921 in
2412 3881 2563 3922 mare
2592 3865 2805 3934 projici,
2836 3864 2959 3933 quia
2981 3864 3233 3918 nimirum
3257 3877 3525 3933 perversa:
3553 3861 3723 3918 menti

2124 3958 2425 4030 expeditius
2446 3971 2567 4012 esse
2595 3955 2879 4026 potuisset,
2905 3962 2963 4008 ut
2984 3960 3243 4023 occupata
3274 3953 3475 4008 mundo
3502 3959 3721 4007 terrena

2124 4051 2342 4121 negotia
2372 4056 2577 4119 ageret,
2608 4062 2769 4117 quam
2808 4062 2905 4116 per
2933 4045 3410 4121 contemplationis
3439 4045 3621 4100 studia
3651 4044 3723 4100 ad

2122 4146 2415 4201 multorum
2459 4141 2751 4213 perniciem
2780 4148 3017 4195 vacaret.
3058 4139 3326 4205 Rursum,
3372 4139 3472 4194 nisi
3499 4141 3722 4210 quibus-

2123 4242 2249 4295 dam
2276 4237 2547 4293 mentibus
2574 4233 2992 4304 contemplativa
3015 4233 3125 4287 vita
3158 4234 3338 4303 potius
3363 4248 3523 4303 quam
3550 4233 3724 4289 activa

2124 4336 2475 4399 congrueret,
2526 4341 2865 4398 nequaquam
2918 4339 3015 4394 per
3069 4322 3409 4379 Psalmistam
3463 4323 3725 4380 Dominus

2125 4422 2327 4476 diceret
2369 4439 2381 4474 :
2438 4419 2627 4473 Vacate
2670 4427 2719 4471 et
2760 4418 2962 4487 videte,
2997 4418 3240 4489 quoniam
3286 4434 3379 4488 ego
3426 4433 3541 4469 sum
3584 4415 3724 4470 Deus

2140 4515 2312 4586 (Psal.
2342 4530 2467 4578 xnv,
2501 4513 2611 4583 ll).

2199 4605 2342 4679 [Vet.
2377 4602 2651 4679 XXV11.]
2691 4606 2781 4661 58.
2828 4605 2967 4670 Quid
2988 4606 3192 4659 valeant
3222 4603 3375 4656 timor
3403 4607 3452 4652 et
3481 4615 3627 4652 amor
3656 4598 3727 4652 ad

436 4718 559 4757 nem
588 4719 647 4761 se
670 4703 1005 4759 immoderati
1034 4704 1213 4774 operis
1240 4705 1404 4775 208
1423 4703 1628 4775 dilatet,
1651 4719 1753 4759 nec
1782 4704 2021 4773 inquieta
2052 4721 2101 4780 ι)
2125 4699 2628 4769 contemplationem.
2668 4729 2734 4741 --
2761 4698 2866 4753 Sed
2896 4699 3035 4753 inter
3058 4697 3173 4751 haec
3191 4691 3465 4748 sciendum
3494 4698 3575 4746 est
3602 4689 3728 4760 quia

437 4796 504 4852 ad
526 4796 760 4852 studium
786 4797 1257 4867 contemplationis
1287 4806 1555 4866 angustet.
1582 4797 1737 4866 Saepe
1765 4798 1906 4852 enim
1934 4797 2024 4867 qui

437 4890 790 4959 contemplari
834 4889 1005 4945 Deum
1044 4891 1211 4960 quieti
1260 4899 1538 4961 poterant,
1583 4892 2027 4961 occupationibus

437 4983 608 5055 pressi
625 4981 969 5050 ceciderunt;
1000 4992 1055 5037 et
1075 4996 1217 5052 sazpe
1238 4983 1331 5052 qui
1354 4983 1604 5053 occupati
1621 4983 1757 5038 bene
1776 4983 2027 5038 humanis
2068 5026 2079 5035 .

437 5076 624 5132 usibus
638 5074 905 5139 viverent,
923 5073 1102 5143 gladio
1116 5088 1228 5127 suae
1244 5073 1444 5142 quietis
1458 5074 1709 5128 exstincti
1729 5082 1873 5127 sunt.
1891 5072 2027 5127 Hinc

435 5181 670 5237 namque
695 5173 778 5221 est
804 5165 949 5235 quod
979 5163 1222 5220 nonnulli
1247 5163 1470 5233 inquieti
1492 5164 1731 5233 spiritus,
1752 5163 1876 5218 dum
1908 5164 2028 5233 plus

438 5261 725 5330 exquirunt
769 5258 1187 5328 contemplando
1233 5271 1393 5328 quam
1450 5258 1699 5327 capiunt,
1746 5271 1917 5325 usque
1963 5256 2029 5310 ad

436 5366 690 5421 perversa
718 5351 971 5421 dogmata
997 5356 1319 5420 erumpunt;
1362 5357 1417 5404 et
1444 5349 1570 5403 dum
1598 5349 1842 5404 veritatis
1870 5348 2031 5405 disci-

440 5442 551 5511 puli
571 5456 689 5499 esse
709 5442 983 5498 humiliter
1012 5442 1311 5511 negligunt,
1339 5440 1578 5509 magistri
1606 5456 1851 5495 errorum
1874 5439 2027 5496 ﬁunt.

438 5532 575 5589 Hinc
623 5550 719 5605 per
762 5535 1107 5605 semetipsam
1135 5532 1347 5589 Veritas
1385 5531 1554 5586 dicit:
1584 5530 1646 5586 Si
1691 5532 1867 5585 oculus
1915 5542 2031 5586 tuus

437 5624 620 5681 dexter
635 5626 957 5680 scandalizat
975 5634 1040 5693 te,
1059 5642 1179 5680 erue
1191 5640 1326 5692 eum,
1344 5631 1393 5678 et
1414 5623 1609 5694 projice
1624 5622 1713 5677 abs
1739 5632 1806 5679 te.
1828 5623 2028 5679 Bonum

514 5770 538 5798 α
568 5761 815 5824 Vindoc,.
841 5760 1029 5825 Corb.,
1059 5758 1241 5813 Norm.
1268 5769 1323 5814 et
1350 5757 1610 5828 plerique,
1635 5760 2029 5826 consparsiones

439 5835 750 5889 animorum.
784 5830 993 5896 Germ.,
1022 5833 1421 5899 compassiones.

512 5904 540 5943 δ
569 5904 646 5958 lta
678 5902 931 5958 Norman.
953 5944 966 5970 ,
999 5900 1161 5955 Corh.
1193 5900 1377 5955 Germ.
1407 5909 1460 5955 et
1490 5901 1609 5965 alii,
1644 5916 1744 5956 nec
1784 5916 1888 5954 non
1920 5910 2029 5954 vet.

439 5974 586 6043 Edit.
631 5974 691 6032 lu
732 5983 967 6043 recent,
1013 5979 1154 6026 tanto
1198 5972 1537 6027 deterius.....
1585 5972 1804 6028 tolermtt
1843 5981 2032 6046 quanto

2136 4808 2278 4862 smpe
2307 4800 2361 4847 et
2390 4793 2568 4861 pigras
2597 4800 2806 4847 mentes
2834 4806 2988 4844 amor
3031 4787 3099 4842 ad
3128 4801 3265 4855 opus
3308 4784 3529 4852 excitat,
3559 4790 3615 4837 et
3642 4782 3727 4837 in-

2135 4889 2347 4958 quietas
2391 4890 2442 4938 in
2492 4885 2952 4954 contemplatione
2992 4883 3153 4936 timor
3178 4878 3433 4934 refrenat.
3478 4876 3729 4932 Anchora

2135 4980 2277 5032 enim
2316 4976 2494 5030 cordis
2519 4984 2600 5030 est
2632 4974 2839 5045 pondus
2862 4972 3102 5037 timoris;
3136 4978 3191 5026 et
3216 4970 3534 5040 plerumque
3565 4965 3729 5022 ﬂuctu

2134 5068 2519 5135 cogitationum
2545 5067 2802 5135 quatitur,
2832 5063 2926 5119 sed
2946 5078 3043 5133 per
3066 5059 3363 5131 disciplinae
3388 5074 3499 5114 sua:
3513 5056 3729 5113 vincula

2134 5162 2427 5224 retinetur;
2454 5174 2626 5228 neque
2655 5159 2760 5213 hoc
2790 5163 3079 5225 tempestas
3109 5168 3219 5209 suae
3247 5150 3632 5221 inquietudinis
3661 5145 3730 5201 ad

2131 5249 2468 5318 naufragium
2501 5249 2800 5319 pertrahit,
2847 5247 2973 5316 quia
3021 5246 3075 5300 in
3122 5244 3289 5300 divini
3322 5242 3521 5297 amoris
3548 5240 3731 5293 littore

2131 5344 2370 5414 perlecta
2402 5342 2637 5397 charitas
2680 5341 2944 5410 astringit.
2988 5337 3142 5393 Unde
3186 5350 3405 5392 necesse
3445 5341 3528 5387 est
3570 5331 3732 5401 209

2132 5444 2191 5489 ut
2235 5434 2474 5505 quisquis
2523 5433 2589 5488 ad
2618 5433 3103 5506 contemplationis
3131 5429 3307 5487 studia
3337 5436 3613 5499 properat,
3642 5439 3732 5480 se-

2133 5526 2420 5595 metipsum
2453 5527 2599 5595 prius
2627 5526 2895 5582 subtiliter
2926 5526 3240 5591 interroget,
3272 5528 3531 5591 quantum
3562 5523 3726 5572 amat.

2130 5617 2376 5674 Machina
2423 5620 2623 5691 quippe
2670 5619 2865 5674 mentis
2914 5626 2996 5673 est
3028 5617 3105 5670 vis
3153 5613 3373 5679 amoris,
3423 5625 3542 5680 qua:
3590 5608 3731 5666 hanc

2135 5757 2372 5811 licentius
2402 5756 2470 5809 ad
2498 5757 2834 5826 eugitationes
2874 5757 3076 5805 vacant.

2214 5845 2231 5867 «τ
2268 5829 2466 5895 Aliqui,
2498 5821 2757 5881 inlel‘ectu
2780 5826 2922 5895 pravi
2946 5821 3153 5895 alaris.

2212 5898 2235 5936 ἀ
2274 5881 2526 5953 Nodltlati.
2547 5943 2561 5964 ,
2605 5881 2904 5964 Compend.
2925 5938 2938 5959 ,
2992 5890 3218 5964 Vindoc.
3260 5886 3379 5964 Yal.
3411 5884 3492 5942 Cl.
3514 5925 3529 5955 ,
3559 5881 3729 5943 Corb.

2138 5969 2320 6029 Germ.
2340 6013 2354 6038 ,
2383 5959 2646 6042 incognita
2676 5959 2889 6022 veritate
2913 5961 3175 6035 compellit
3203 5959 3405 6018 cadere.
