4150 6454
376 442 477 499 res

1292 441 1651 499 MORALIUM
1686 442 1813 500 LIB.
1856 440 1967 496 VII.
1999 470 2069 484 -—
2107 438 2173 495 IN
2212 436 2365 495 CAP.
2406 436 2471 494 VI
2513 436 2571 494 Β.
2612 438 2748 497 JOB.

3563 436 3667 503 766

373 554 619 611 animalia
652 554 1055 626 contemplatus
1083 554 1160 609 ait
1192 573 1204 609 :
1238 550 1308 609 Et
1335 554 1621 611 similitudo
1651 571 1837 610 manus
1867 554 1963 608 Ιιοσ-
1996 561 2046 623 Α
2069 552 2289 623 quidem
2323 560 2566 623 tempore
2592 550 2975 623 percussiones
3010 552 3277 616 sentiunt,
3302 551 3404 608 sed
3430 564 3449 592 ε
3480 551 3535 606 in
3560 565 3668 608 suo

379 652 521 706 ninia
548 648 728 704 subtus
752 660 774 687 α
804 664 1002 722 pennas
1024 665 1201 704 eorum
1225 660 1337 704 erat
1368 648 1589 722 (Ezeclt.
1608 667 1660 714 κ,
1684 648 1797 718 21).
1823 646 1967 714 Quid

368 741 511 798 enim
540 756 640 812 per
684 756 892 812 pennas
931 740 1282 808 animalium,
1333 742 1433 796 nisi
1481 740 1968 812 contemplationes

354 846 656 905 possumus
678 834 883 890 sentire
906 845 1239 899 sanctorum,
1260 830 1456 904 quibus
1477 832 1543 889 ad
1566 849 1773 889 summa
1804 842 1970 890 trans-

371 925 576 992 volant,
599 934 658 979 et
695 932 915 981 terrena
947 924 1285 994 deserentes,
1317 941 1437 982 sese
1472 926 1525 981 in
1554 926 1865 982 ccelestibus
1901 925 1968 978 li-

370 1019 566 1076 brant?
593 1018 734 1087 Quid
762 1035 859 1093 per
880 1034 1099 1087 manus,
1130 1020 1234 1075 nisi
1264 1021 1610 1092 operationes
1639 1019 1970 1089 accipimus?

370 1110 506 1177 Quia
536 1127 660 1168 cum
704 1114 762 1167 in
807 1113 1041 1182 proximi
1086 1127 1273 1168 amore
1317 1128 1376 1167 se
1405 1112 1654 1180 dilatant,
1682 1113 1824 1167 bona
1851 1126 1971 1182 quae

372 1206 670 1273 praevalent
700 1206 865 1260 etiam
895 1206 1254 1276 corporaliter
1284 1205 1684 1260 administrant.
1716 1198 1822 1259 Sed
1853 1219 1970 1257 ma-

374 1312 474 1351 nus
502 1314 695 1355 eorum
722 1300 820 1355 sub
849 1301 1038 1370 pennis
1071 1309 1216 1367 sunt,
1253 1300 1381 1370 quia
1410 1300 1638 1355 actionis
1666 1314 1777 1354 sum
1807 1311 1973 1367 opera

373 1390 574 1447 virtute
603 1395 1084 1464 contemplationis
1113 1395 1359 1450 vincunt.
1550 1444 1561 1451 .

443 1480 589 1553 [Vet.
618 1482 667 1537 Χ
671 1480 859 1556 Χ1Χ.]
899 1484 988 1539 62.
1031 1483 1270 1555 Sepulcri
1300 1486 1509 1540 nomine
1539 1486 1737 1555 requies
1777 1496 1973 1540 (eterna

376 1587 539 1648 potest
550 1575 1061 1649 intelligi.—Potest
1073 1578 1234 1633 etiam
1248 1594 1346 1649 per
1356 1579 1660 1647 sepulcrum
1677 1593 1781 1632 non
1795 1577 1874 1631 sol
1885 1592 1975 1629 mu

374 1666 432 1724 in
469 1670 569 1723 hac
598 1670 707 1723 vita
737 1677 921 1724 nostra
957 1670 1374 1741 contemplatio,
1402 1669 1496 1725 sed
1517 1670 1732 1739 requies
1760 1680 1975 1724 aeternae

376 1767 433 1814 et
459 1758 662 1813 intimae
691 1759 1063 1815 retributionis
1094 1759 1352 1829 intelligi;
1394 1759 1445 1813 in
1473 1775 1579 1827 qua
1612 1767 1765 1813 tanto
1797 1758 1976 1814 verius

378 1854 688 1923 quiescitur,
721 1862 923 1924 quanto
971 1855 1023 1909 in
1054 1854 1210 1910 nobis
1258 1853 1623 1923 corruptionis
1656 1852 1761 1907 vita
1801 1850 1978 1921 perfe-

2070 664 2101 713 a
2152 648 2500 718 percussione
2550 648 2914 716 requiescunt.
2967 646 3167 701 Electis
3200 647 3405 716 quippe
3448 656 3669 715 tempus

2071 744 2310 799 alienum
2338 752 2424 799 est
2452 743 2561 797 vita
2593 746 2863 812 praesens;
2883 742 3028 798 unde
3054 752 3109 797 et
3136 742 3459 811 quihusdam
3484 742 3672 800 adimo

2071 833 2379 891 inﬁdelibus
2406 834 2621 889 Veritas
2648 834 2777 888 dicit
2809 853 2821 887 :
2859 833 3079 903 Tempus
3104 851 3274 888 nisum
3314 833 3544 890 nondum
3572 847 3671 889 ωδ

2072 928 2170 992 nit,
2196 936 2390 998 tempus
2412 934 2582 980 autem
2610 934 2833 980 vestrum
2875 941 3080 995 semper
3104 936 3181 980 est
3206 932 3449 995 peratum
3474 923 3666 990 (lacn.

2074 1035 2163 1083 vu,
2200 1020 2276 1081 ti).
2307 1018 2374 1072 Et
2403 1035 2609 1073 rursum
2644 1037 2656 1071 :
2687 1016 2817 1072 [lare
2859 1029 2935 1072 est
2963 1018 3092 1073 liora
3128 1028 3319 1087 instra,
3342 1029 3397 1074 vet
3432 1026 3669 1091 potestas

2077 1108 2404 1164 tenebrarum
2433 1108 2584 1180 (Luc.
2619 1124 2747 1172 nu»,
2783 1104 2892 1177 55).
2925 1108 3246 1178 Sepulcrum
3284 1126 3417 1180 ergo
3447 1112 3500 1165 in
3530 1120 3672 1167 tem-

2078 1216 2211 1269 pore
2238 1216 2338 1254 suo
2366 1202 2509 1255 sicut
2538 1199 2787 1255 frumenti
2816 1214 3045 1254 acervus
3070 1200 3394 1269 ingreditur,
3424 1204 3549 1273 quia
3578 1204 3672 1259 ille

2075 1301 2333 1348 :cternam
2362 1294 2604 1363 requiem
2631 1295 2791 1365 ala
2820 1294 3093 1362 percipit,
3138 1295 3233 1364 qui
3280 1298 3436 1364 prius
3474 1296 3585 1363 hic,
3611 1305 3674 1353 ut

2078 1388 2146 1441 ab
2173 1388 2463 1443 exurendis
2510 1389 2678 1458 paleis
2720 1388 2862 1443 liber
2903 1388 3005 1453 sit,
3047 1388 3345 1456 disciplina:
3396 1400 3675 1459 pressat-ss

2076 1482 2259 1534 sentit.
2294 1480 2515 1550 Eliphaz
2547 1497 2696 1547 vero,
2740 1482 2867 1550 quia
2896 1491 2952 1536 ct
2982 1480 3034 1535 in
3067 1482 3358 1536 locutionis
3384 1498 3500 1538 sua:
3528 1483 3673 1538 seris

2081 1576 2507 1640 tabernaculum,
2540 1575 2745 1642 lapides
2764 1612 2779 1640 ,
2810 1575 3046 1641 bestias,
3075 1589 3284 1640 semen,
3334 1575 3550 1639 herbas,
3582 1591 3678 1630 se-

2079 1666 2433 1735 pulcrumque
2456 1666 2774 1733 nominavit,
2796 1665 2943 1735 quod
2972 1680 3082 1720 non
3117 1665 3230 1721 haec
3249 1666 3407 1733 juxta
3438 1665 3676 1719 litteram

2079 1760 2295 1824 dixerit,
2328 1760 2443 1827 ipse
2484 1760 2677 1825 innuit,
2710 1759 2803 1828 qui
2829 1769 2951 1827 post
2978 1768 3175 1813 cuncta
3198 1757 3348 1814 illico
3376 1756 3677 1828 subiungit.

2609 1849 2838 1905 CAPUT
2868 1848 3151 1905 XXXVIII.

378 1945 517 1999 ctius
548 1954 793 2000 necatur.
833 1944 893 1999 In
936 1943 1264 2000 abundantia
1304 1959 1434 2013 ergo
1474 1944 1780 2013 sepulcrum
1813 1946 1972 2014 2n
2014 1960 2057 2017 Β
2154 1944 2314 1999 Vsus.
2345 1944 2432 1998 27.
2461 1974 2528 1984 -
2560 1944 2693 1998 Ecce
2720 1944 2833 2009 hoc,
2864 1953 2920 1997 ut
2946 1944 3387 2015 investigavimus,
3416 1944 3605 1999 itaut.

379 2035 698 2105 ingreditur,
743 2036 835 2105 qui
874 2047 996 2106 post
1028 2046 1285 2104 congesta
1315 2036 1440 2090 vitae
1480 2035 1759 2105 prmsentis
1786 2048 1974 2103 opera,

380 2125 728 2182 mutabilitati
760 2142 870 2182 sua:
912 2126 1071 2197 plene
1100 2135 1342 2182 mortuus
1362 2169 1377 2196 ,
1411 2126 1463 2180 in
1513 2133 1724 2181 secreto
1754 2125 1865 2178 vcri
1896 2124 1979 2177 lu-

380 2219 541 2275 minis
567 2220 893 2275 occultatur.
948 2217 1100 2275 Unde
1145 2229 1199 2274 et
1236 2236 1332 2289 per
1361 2216 1701 2273 Psalmistam
1742 2217 1974 2271 dit‘IlUl':

381 2311 679 2366 Abscondat
705 2327 794 2366 eos
841 2311 896 2366 in
943 2311 1119 2366 abdito
1164 2313 1334 2366 vultus
1386 2311 1482 2376 tui,
1514 2328 1547 2364 a
1591 2307 1979 2365 conturbatione

383 2402 647 2457 hominum
690 2401 862 2473 (Psat.
897 2419 1026 2468 xxx,
1057 2399 1173 2473 21).
1202 2400 1359 2469 Quod
1394 2400 1535 2457 bene
1565 2401 1729 2458 etiam
1758 2416 1979 2469 compu-

383 2494 523 2549 ratio
554 2494 810 2563 adjuncta
840 2496 1204 2586 commendat,
1232 2511 1356 2551 cum
1386 2494 1636 2550 subditur
1664 2513 1676 2547 :
1710 2494 1857 2549 Sicut
1900 2495 1981 2546 in-

386 2588 550 2659 fertur
596 2603 808 2642 acervus
868 2588 1026 2643 tritici
1082 2590 1137 2642 in
1188 2596 1416 2659 tempore
1464 2605 1577 2643 suo.
1631 2586 1981 2642 Frumentum

386 2678 585 2748 quippe
615 2678 668 2732 in
695 2688 879 2749 segete
907 2680 1026 2735 sole
1065 2681 1325 2749 tangitur,
1352 2680 1478 2751 quia
1509 2680 1562 2734 in
1589 2678 1691 2734 hac
1722 2680 1851 2744 vita,
1885 2679 1983 2733 hu-

387 2786 546 2825 mana
594 2772 769 2826 anima
823 2781 1074 2842 reSpectu
1117 2773 1339 2842 superni
1377 2773 1597 2828 luminis
1645 2771 1982 2838 illustratur;

386 2861 599 2932 pluvias
650 2864 878 2935 accipit,
910 2865 1034 2935 quia
1084 2866 1328 2921 veritatis
1378 2864 1597 2934 eloquio
1653 2862 1983 2934 pinguescit;

388 2955 565 3011 ventis
614 2959 939 3023 concutitur,
971 2957 1097 3027 quia
1149 2958 1544 3014 tentationibus
1585 2965 1900 3019 exercetur;
1932 2961 1989 3010 et

387 3061 574 3104 secum
622 3060 932 3107 crescentes
986 3051 1171 3123 paleas
1220 3059 1436 3123 portat,
1494 3051 1619 3121 quia
1672 3048 1986 3118 nequiorem

387 3148 577 3195 contra
608 3155 667 3196 se
695 3142 939 3212 quotidie
974 3144 1133 3197 vitam
1170 3144 1515 3213 peccantium
1548 3142 1773 3207 tolerat;
1825 3144 1989 3209 atque

387 3232 457 3289 ad
486 3248 667 3290 aream
696 3236 986 3292 deductum
1026 3238 1389 3293 triturationis
1430 3236 1670 3306 pondere
1701 3234 1984 3306 premitur,

2154 2038 2242 2090 63.
2283 2038 2451 2091 Verba
2480 2036 2705 2108 Eliphaz
2739 2037 3046 2107 spiritaliter
3072 2036 3410 2108 intelligenda
3438 2046 3581 2093 sunt.
3607 2062 3683 2082 ~—

2085 2131 2278 2199 Liqnet
2310 2132 2551 2198 profecto
2580 2131 2724 2198 quod
2755 2132 2807 2184 in
2848 2130 2931 2185 his
2968 2129 3145 2185 verbis
3175 2130 3306 2184 nihil
3334 2130 3405 2185 ob
3435 2145 3503 2185 eo
3525 2130 3683 2201 ειη·

2083 2225 2423 2293 superficiem
2470 2208 2684 2290 dicitur,
2716 2225 2843 2293 quia
2894 2223 3150 2279 nimirum
3178 2231 3309 2279 ante
3338 2222 3527 2279 faciem
3570 2236 3685 2283 ne!

2080 2316 2225 2384 jacet
2262 2315 2409 2384 quod
2457 2316 2831 2384 investigatur.
2864 2315 2967 2382 Qui
3002 2329 3133 2383 ergo
3178 2315 3295 2371 base
3330 2315 3686 2385 investigasse

2084 2425 2143 2463 se
2177 2408 2396 2473 indicat,
2421 2410 2544 2479 quia
2571 2410 2624 2463 in
2652 2408 2828 2464 verbis
2856 2408 3218 2463 exterioribus
3248 2408 3505 2464 interiora
3526 2423 3685 2478 quar-
3729 2428 3733 2433 τ

2085 2502 2237 2556 sierit
2280 2501 2635 2556 demonstrat.
2682 2500 2791 2555 Sed
2826 2508 2950 2569 post
2980 2507 3174 2556 cuncta
3195 2499 3265 2555 ad
3293 2500 3575 2557 s‘rsltitiam
3597 2502 3687 2571 ja-

2087 2592 2301 2649 ctantia:
2331 2594 2600 2661 pervenit,
2626 2593 2751 2659 quia
2780 2592 3040 2659 protinus
3068 2592 3287 2648 subdit:

2641 2682 2869 2738 CAPUT
2894 2682 3131 2738 XXXIX.

2159 2777 2287 2832 IBID.
2318 2809 2389 2820 —
2419 2777 2570 2841 Quod
2596 2776 2855 2843 auditum,
2885 2784 3055 2831 mente
3091 2782 3377 2845 perlaeta.

2160 2872 2247 2928 64.
2293 2872 2475 2927 Gravis
2502 2873 2615 2941 ejus
2642 2872 2905 2942 imperitia
2929 2879 3006 2926 est
3030 2871 3160 2925 velle
3179 2871 3368 2924 docere
3396 2869 3682 2924 meliorem.

2088 3003 2160 3014 —
2189 2970 2537 3037 Quantalibet
2578 2968 2823 3023 doctrina
2868 2981 3022 3020 mens
3064 2966 3299 3035 polleat,
3342 2964 3522 3035 gravis
3570 2952 3691 3032 ejus

2089 3063 2357 3133 imperitia
2387 3070 2468 3116 est
2494 3060 2633 3116 velle
2654 3060 2855 3115 docere
2880 3058 3186 3114 meliorem.
3206 3055 3362 3112 Unde
3381 3064 3445 3112 et
3471 3071 3539 3112 ea
3562 3070 3692 3125 quae

2091 3157 2157 3211 ab
2205 3155 2389 3210 amicis
2439 3160 2585 3208 recte
2632 3154 2841 3223 prolata
2890 3159 3034 3217 sunt,
3074 3151 3145 3205 ab
3187 3150 3402 3204 interno
3433 3149 3456 3186 ιι
3486 3149 3693 3204 arbitro

2090 3264 2198 3303 non
2227 3255 2371 3301 recta
2394 3245 2727 3315 iudicantur.
2760 3244 2817 3298 In
2845 3259 2913 3299 eo
2942 3256 3175 3312 namque
3197 3242 3303 3296 vim
3327 3252 3440 3296 sua
3462 3241 3694 3297 rectitu-

388 3336 447 3381 ut
468 3328 794 3397 apalearum
822 3332 1161 3386 connexione
1182 3331 1454 3397 solvatur;
1478 3331 1603 3401 quia
1625 3346 1775 3384 mens
1798 3338 1982 3384 nostra
2011 3357 2060 3421 ε
2090 3340 2228 3394 diuis
2276 3339 2550 3412 amittunt,
2581 3337 2723 3406 quod
2753 3334 2989 3392 auditori
3040 3350 3149 3388 non
3196 3341 3534 3402 coagulum;
3564 3332 3695 3401 quin

389 3417 597 3474 caelesti
647 3419 942 3492 disciplina:
994 3424 1295 3492 supposita,
1328 3422 1453 3477 dum
1499 3421 1853 3477 correctionis
1892 3420 1984 3474 fla-

388 3507 523 3577 gella
554 3513 820 3582 percipit,
871 3529 902 3568 a
941 3515 1203 3571 societate
1236 3515 1532 3570 carnalium
1562 3516 1587 3554 ὶ»
1617 3512 1870 3575 mundior
1900 3529 1986 3569 re-

388 3602 559 3668 cedit;
585 3611 641 3659 et
669 3604 873 3662 relictis
897 3607 1068 3677 paleis
1089 3606 1155 3661 ad
1176 3606 1433 3662 horreum
1455 3608 1691 3676 ducitur,
1709 3608 1831 3677 quia
1859 3606 1989 3663 foris

389 3684 791 3752 retnanent'mus
843 3699 1127 3770 reprobis,
1171 3688 1341 3754 electa
1394 3701 1569 3755 anima
1624 3700 1689 3754 ad
1742 3715 1989 3770 superum

392 3785 688 3841 mansionis
712 3799 912 3843 aeterna
940 3791 1134 3858 gaudia
1162 3791 1493 3845 sublevatur.
1520 3791 1665 3845 Bene
1695 3807 1825 3861 ergo
1847 3793 1985 3847 dici-

393 3881 511 3933 tur:
532 3875 558 3928 Ι
567 3879 918 3951 ngrederisjn
935 3880 1255 3935 abundantia
1271 3881 1561 3951 sepulcrum
1584 3925 1597 3950 ,
1616 3884 1747 3935 sicut
1762 3884 1985 3951 infertur

394 3980 606 4020 nemus
631 3969 788 4023 tritici
805 3969 861 4024 in
879 3979 1104 4041 tempore
1117 3988 1244 4037 suo;
1266 3973 1392 4040 quia
1425 3972 1553 4025 dum
1589 3982 1711 4040 post
1735 3972 1987 4028 afﬂictio-

396 4072 517 4113 nem
531 4059 659 4128 justi
677 4064 895 4131 mna
913 4064 1104 4133 patriae
1118 4064 1671 4130 cmlestisjnveniuut,
1696 4064 1849 4135 quasi
1870 4075 1991 4135 post

395 4165 676 4220 pressurus
698 4152 772 4209 ad
796 4155 1053 4212 horreum
1078 4168 1245 4225 grana
1267 4156 1614 4221 deferuntur;
1648 4166 1701 4211 et
1728 4158 1779 4212 in
1814 4158 1991 4214 alieno

470 4316 494 4384 ξι
524 4308 583 4384 In
611 4309 847 4384 Gemet.,
894 4315 1117 4384 pinnas;
1162 4324 1219 4370 et
1254 4314 1427 4380 infra,
1473 4318 1563 4369 sed
1606 4333 1787 4370 maniis
1817 4332 1995 4371 eorum

397 4376 487 4451 sub
534 4382 742 4450 pinnas.
794 4383 850 4438 In
879 4376 1198 4451 quibusdam
1242 4385 1369 4441 Mss.
1410 4376 1599 4441 hemil.
1644 4405 1695 4441 lli
1740 4388 1996 4442 Ezechie-

398 4446 501 4581 Lit:
531 4446 805 4531 observari
843 4446 985 4525 saipe
1013 4456 1117 4528 legi
1146 4458 1353 4529 pinnw,
1401 4460 1573 4528 pinnis
1594 4502 1607 4526 ,
1651 4476 1747 4529 pro
1788 4476 1992 4529 penum,

502 4536 603 4576 ms.

474 4586 500 4623 ί)
532 4589 763 4665 Turon.,
793 4598 927 4652 velut
952 4600 1264 4671 frumentum
1304 4600 1564 4656 mundior.

435 4759 2195 4787 Ἦ

2090 3440 2144 3484 et
2182 3428 2538 3485 medicamina
2571 3428 2713 3482 vires
2761 3427 3026 3497 perdunt,
3074 3441 3196 3481 cum
3242 3424 3393 3481 sanis
3434 3423 3697 3481 muneri

2091 3528 2453 3593 apponuntur.
2496 3520 2551 3574 In
2592 3520 2739 3575 omni
2768 3533 2899 3589 ergo
2927 3517 3073 3589 quod
3101 3517 3319 3583 dicitur,
3351 3530 3574 3572 necesse
3602 3522 3693 3569 est

2091 3624 2151 3669 ut
2180 3630 2363 3680 causa,
2390 3622 2601 3684 tempus
2631 3621 2687 3668 et
2716 3627 2951 3681 persona
2984 3618 3274 3679 pensetur;
3307 3609 3351 3662 si
3382 3608 3543 3663 verba
3570 3622 3697 3661 sen-
3728 3600 3747 3614 ⁵

2096 3708 2276 3762 tentia:
2302 3707 2504 3761 veritas
2560 3706 2812 3768 roborat,
2857 3704 2903 3757 si
2943 3702 3084 3757 hanc
3135 3710 3349 3769 tempus
3395 3708 3697 3765 cottgruunt

2096 3797 2354 3867 postulat,
2385 3798 2429 3852 si
2459 3805 2514 3849 et
2541 3794 2822 3848 veritatem
2861 3792 3170 3855 sententiaa,
3204 3799 3259 3842 et
3287 3786 3697 3855 congruentiam

2097 3886 2355 3957 temporis
2390 3899 2641 3955 personae
2684 3884 2919 3954 qualitas
2949 3898 3057 3936 non
3090 3882 3389 3950 impugnat.
3429 3876 3524 3933 Ille
3550 3876 3698 3932 enim

2096 3976 2439 4033 laudabiliter
2466 3975 2673 4046 spicula
2703 3974 2931 4039 emittit,
2964 3975 3054 4042 qui
3098 3972 3255 4042 prius
3286 3971 3497 4025 hostem
3538 3984 3699 4037 quem

2099 4068 2257 4123 feriat
2305 4067 2589 4135 οοηεμὶοἱι.
2650 4065 2788 4119 Male
2829 4077 3065 4134 namque
3101 4078 3263 4118 arcus
3289 4062 3449 4116 validi
3495 4074 3700 4116 cutim

2100 4160 2317 4229 subigit,
2348 4160 2439 4229 qui
2468 4159 2715 4227 sagittam
2748 4154 2960 4212 fortiter
2992 4155 3227 4225 dirigens
3253 4154 3427 4211 civem
3455 4154 3597 4209 ferit.

2178 4330 2199 4357 ε
2234 4317 2456 4373 Vindoc.
2478 4361 2493 4384 ,
2525 4314 2857 4388 Compend.,
2887 4313 3087 4383 Corb.,
3112 4322 3243 4382 etc.,
3275 4316 3330 4370 in
3360 4330 3454 4370 sua
3490 4328 3701 4383 percus-

2102 4398 2248 4444 sr'one
2269 4391 2612 4459 requiescunt.

2175 4462 2196 4495 ιι
2232 4451 2357 4515 Mss".
2400 4470 2632 4525 vetusl.,
2680 4474 2874 4529 magno
2916 4472 3217 4520 consensu,
3266 4455 3495 4529 arbitrr,
3544 4451 3695 4529 qugd

2104 4532 2300 4594 sumius
2330 4533 2579 4599 occurrit,
2614 4522 2750 4586 infra
2772 4522 3026 4596 maxime,
3052 4529 3088 4585 Ι.
3108 4544 3219 4594 vui,
3238 4542 3361 4597 cap.
3408 4525 3540 4581 olim
3570 4522 3690 4587 Ἦ,

2100 4600 2192 4669 29,
2212 4600 2300 4669 50,
2326 4616 2467 4657 nunc
2494 4599 2582 4666 45,
2611 4601 2702 4671 47,
2734 4599 2823 4656 48.

2200 4758 3679 4786 W

1563 4936 1941 5063 LIBERK
1960 4933 2575 5018 SEPTIMUS.

563 5213 577 5225 ,
655 5158 887 5218 Totum
930 5164 1117 5236 caput
1160 5161 1447 5227 sextum,
1499 5154 1701 5215 tribus
1740 5154 2077 5233 postremis
2119 5154 2397 5217 versibus
2440 5162 2761 5236 exceptis.
2794 5158 3033 5238 partim
3076 5159 3452 5242 allegorice,

1588 5253 1821 5332 partim
1864 5254 2188 5319 moraliter
2233 5256 2529 5335 explicat.

926 5480 1157 5543 CAPUT
1186 5485 1480 5545 PRIMUM.

482 5585 639 5653 all
673 5580 726 5636 l.
766 5594 866 5635 ιον
892 5580 1117 5651 ﬂagellis
1142 5590 1192 5635 et
1221 5585 1467 5638 conviciis
1496 5583 1763 5653 probatus.
1810 5582 1873 5639 Si
1901 5599 2003 5656 qua

411 5674 636 5745 loquitur
681 5687 795 5743 quae
834 5672 1216 5741 impatientiam
1246 5686 1456 5742 sonant,
1482 5676 1591 5730 liter
1632 5693 1734 5731 non
1780 5676 2005 5731 humano

411 5761 681 5832 pensanda
711 5760 925 5822 iudicio,
957 5762 1045 5814 sed
1073 5761 1265 5817 divino.
1299 5795 1371 5803 —
1400 5762 1767 5832 Quorumdam
1799 5775 2007 5821 mentes

417 5855 533 5923 plus
583 5854 809 5923 flagella,
839 5869 1001 5920 quam
1036 5856 1282 5911 convicia
1320 5860 1600 5922 cruciant;
1647 5861 2007 5933 quormudam

418 5959 547 6003 vero
599 5958 720 6019 plus
767 5944 1014 6003 convicia
1062 5960 1224 6016 quam
1270 5947 1483 6021 ﬂagella
1533 5958 1820 6023 castigant.
1874 5950 2010 6007 Nam

2023 5493 2079 5550 Β
2106 5506 2249 5563 sape
2276 5499 2464 5547 contra
2512 5507 2611 5548 nos
2641 5493 2974 5564 quibuslibet
3000 5495 3176 5568 paenis
3213 5495 3404 5554 durius
3430 5504 3705 5555 tormenta

2112 5586 2400 5640 verborum
2431 5584 2685 5649 szeviunt’;
2717 5602 2950 5657 cumque
2972 5602 3071 5644 nos
3099 5589 3167 5649 ad
3205 5587 3572 5646 defensionem
3600 5590 3709 5646 eri-

2112 5686 2265 5745 gunt,
2299 5676 2350 5730 in
2382 5677 2769 5747 impatientiam
2817 5686 3085 5734 sternunt.
3132 5677 3282 5735 Unde
3312 5682 3473 5737 beato
3511 5679 3611 5738 Iob
3640 5697 3711 5739 ne

2115 5770 2304 5823 deesse
2347 5770 2574 5824 teutatio
2603 5769 2711 5824 ulla
2743 5771 3025 5841 patuisset,
3058 5785 3167 5824 non
3213 5770 3389 5825 solum
3438 5772 3580 5828 hunc
3610 5770 3711 5827 ﬂa-

2116 5860 2251 5928 gella
2285 5860 2515 5927 desuper
2544 5859 2745 5915 feriunt
2792 5859 2887 5915 sed
2924 5859 3173 5929 graviora
3212 5861 3383 5931 plagis
3408 5863 3710 5919 amicorum

2118 5950 2388 6023 colloquia
2433 5950 2706 6024 atﬂiguut;
2754 5959 2816 6009 ut
2862 5952 3037 6009 sancti
3064 5952 3167 6009 viri
3200 5953 3381 6010 anima
3424 5955 3551 6013 hinc
3579 5954 3706 6014 inde
