4150 6490
476 393 585 452 767

1683 386 1924 448 SANCTI
1964 382 2302 445 GREGORII
2342 385 2560 446 MAGNI

3677 385 3789 454 res

477 507 714 581 pulsata,
741 506 808 562 ad
828 510 1035 562 motum
1060 501 1354 560 iracundite
1381 507 1437 559 et
1461 501 1709 559 elationis
1739 511 2068 576 erumperet,
2095 505 2152 568 Α
2176 518 2340 571 nens,
2389 503 2561 574 culpae
2599 515 2709 559 sua:
2748 499 3012 572 supplicia
3057 506 3113 555 et
3141 498 3438 568 tolerabat,
3481 509 3538 558 et
3573 503 3788 560 nescie-

479 607 586 656 ettI
616 596 873 669 quidquid
923 595 1184 652 mundum
1232 595 1478 662 vixerat,
1531 611 1629 666 per
1678 596 2078 652 contumaciam

477 688 722 760 superbae
751 687 1043 745 locutionis
1069 688 1396 758 inquinaret.
1430 687 1536 744 Sed
1559 695 1734 745 tactus
1762 689 1935 759 plagis
1963 702 2080 758 gra-

482 782 585 838 tias
614 782 827 849 retulit;
861 782 1144 839 lacessitus
1171 781 1353 838 verbis
1377 791 1525 838 recta
1551 783 1860 852 respondit;
1883 792 1939 839 et
1961 798 2080 851 per-

476 888 666 930 cussus
694 873 1004 942 innotescit,
1036 889 1196 944 quam
1245 889 1342 945 pro
1373 875 1598 930 minimo
1628 876 1856 931 salutem
1902 876 2080 932 carnis

479 967 746 1025 habuerit.
776 967 1026 1038 Loquens
1053 983 1273 1038 quoque
1302 968 1522 1034 indicat,
1553 984 1715 1038 quam
1746 969 1965 1040 sapiens
1991 978 2077 1024 ta-

477 1059 655 1115 cebat.
703 1058 811 1115 Sed
839 1059 1085 1129 quasdam
1119 1060 1236 1129 ejus
1264 1061 1444 1116 verbis
1497 1061 1724 1116 admista
1754 1069 1916 1124 sunt,
1961 1074 2080 1131 qua:

479 1152 625 1223 apud
666 1152 900 1206 humana
945 1151 1149 1222 judicia
1179 1151 1454 1222 patientiae
1483 1151 1706 1206 limitem
1737 1151 1970 1206 transire
1994 1150 2080 1204 vi-

481 1244 750 1299 deantur:
793 1259 914 1315 quae
943 1260 1043 1300 nos
1071 1260 1199 1300 vere
1230 1246 1600 1314 intelligimus,
1633 1246 1678 1300 si
1705 1245 1926 1316 superni
1956 1260 2082 1300 sen-

482 1339 700 1393 tentiam
745 1337 944 1406 judicis
989 1338 1043 1393 in
1091 1353 1280 1393 eorum
1323 1339 1727 1393 examinatione
1771 1353 2077 1407 pensamus.

483 1427 596 1499 Ipse
623 1430 823 1500 quippe
843 1430 1071 1505 lbeatum
1109 1429 1211 1484 Job
1236 1438 1290 1483 et
1311 1431 1460 1500 prius
1489 1440 1677 1486 contra
1710 1430 2081 1486 adversarium

484 1522 735 1591 praetulit,
767 1521 954 1577 dicens
979 1539 992 1574 :
1028 1521 1215 1577 Vidisti
1238 1540 1438 1578 servum
1468 1542 1636 1578 meum
1661 1522 1782 1588 Job,
1810 1523 1948 1594 quod
1977 1539 2081 1578 non

485 1617 527 1670 ei
557 1615 740 1669 similis
769 1627 848 1669 est
876 1632 1030 1686 super
1064 1623 1293 1678 terram;
1322 1618 1396 1670 vir
1419 1617 1641 1686 simplex
1667 1616 1692 1654 ι)
1723 1625 1772 1670 et
1801 1625 1988 1682 rectus,
2020 1631 2082 1668 ac

487 1709 664 1763 timens
696 1709 881 1775 Deum,
907 1719 956 1763 et
986 1709 1227 1764 recedens
1249 1727 1280 1763 a
1303 1710 1438 1764 malo
1465 1709 1606 1776 (Job.
1634 1727 1670 1773 ι,
1696 1708 1788 1782 8)?
1815 1709 1933 1779 Ipse
1959 1715 2082 1778 post

487 1805 863 1874 probationem
897 1805 1101 1860 amicos
1145 1805 1259 1874 ejus
1309 1806 1616 1876 redarguit,
1658 1805 1845 1859 dicens
1877 1821 1889 1856 :
1921 1806 2082 1875 212

2180 595 2302 661 bat;
2329 595 2404 651 ita
2434 604 2490 650 ut
2518 594 2764 650 exsilium
2794 592 3023 666 patriam
3051 591 3320 659 crederet,
3351 600 3407 648 et
3433 593 3513 648 sic
3533 593 3634 649 sub
3661 609 3792 649 cor-

2180 689 2447 760 ruptionis
2479 688 2718 760 pondere
2741 688 2895 760 quasi
2928 687 2981 741 in
3007 686 3194 742 salutis
3223 686 3474 742 libertate
3500 686 3784 756 gauderet.

2179 780 2289 838 Sed
2319 783 2384 850 is,
2416 799 2575 854 quem
2601 784 2746 838 intus
2774 783 2937 838 homo
2961 782 3272 853 reliquerat,
3297 789 3573 852 assumpta
3599 796 3788 848 carne,

2180 873 2311 930 foris
2357 876 2604 946 apparuit
2645 875 2818 940 Deus;
2871 889 3105 945 cumque
3155 889 3214 929 se
3257 874 3498 929 exterius
3532 873 3787 944 prmbuit,

2181 969 2463 1039 expulsum
2496 968 2640 1025 foras
2692 968 2964 1024 hominem
2995 966 3063 1022 ad
3112 966 3370 1023 interiora
3399 966 3699 1033 revocavit,
3729 973 3790 1020 ut

2177 1061 2289 1132 jam
2333 1063 2527 1118 damna
2570 1078 2670 1119 sua
2700 1062 2912 1127 videat,
2947 1061 2972 1099 ἀ
3002 1062 3115 1130 jam
3143 1074 3359 1130 poenam
3389 1074 3500 1114 sua:
3530 1059 3792 1113 caecitatis

2182 1153 2518 1224 ingemiscat.
2545 1153 2834 1209 Calamitas
2861 1165 2991 1220 ergo
3019 1151 3254 1206 hominis
3284 1151 3337 1205 in
3379 1158 3583 1206 statera
3609 1149 3792 1220 gravis
3845 1137 3851 1141 ’

2183 1246 2464 1318 apparuit,
2496 1248 2619 1318 quia
2648 1246 2849 1301 malum
2876 1244 3021 1315 quod
3056 1243 3272 1315 pertulit
3306 1243 3520 1297 nonnisi
3553 1243 3606 1296 in
3651 1257 3790 1312 pra:-

2183 1341 2357 1395 sentia
2390 1339 2770 1410 Redemptoris
2799 1337 3054 1406 agnovit;
3090 1338 3266 1390 lucem
3295 1335 3493 1405 quippe
3520 1335 3788 1400 nesciens,

2184 1430 2542 1486 damnationis
2569 1445 2680 1486 sua:
2716 1431 2968 1486 tenebras
2996 1428 3320 1498 voluptuose
3363 1426 3648 1482 tolerabat.
3679 1424 3789 1481 Sed

2184 1532 2466 1594 postquam
2496 1524 2629 1578 vidit
2656 1522 2798 1593 quod
2841 1522 3119 1591 diligeret,
3163 1518 3427 1575 intellexit
3457 1518 3620 1572 etiam
3645 1515 3790 1586 quod

2185 1615 2424 1682 doleret;
2455 1624 2510 1672 et
2538 1631 2701 1686 grave
2742 1616 2912 1670 sensit
2960 1612 3104 1682 quod
3162 1611 3413 1682 pertulit,
3454 1610 3581 1678 quia
3635 1608 3791 1665 dulce

2186 1709 2420 1764 innotuit
2442 1707 2591 1778 quod
2617 1708 2816 1763 amisit.
2849 1706 2943 1761 Vir
2967 1706 3131 1774 igitur
3176 1712 3393 1759 sanctus
3433 1701 3791 1772 colloquentis

2187 1801 2342 1856 amici
2372 1801 2656 1856 sententiis
2682 1816 2712 1854 a
2740 1799 2992 1855 claustris
3022 1795 3221 1851 silentii
3268 1809 3543 1860 excussus,
3585 1800 3639 1848 et
3660 1807 3791 1862 pro—

489 1896 608 1952 Non
637 1899 760 1952 estis
790 1898 946 1952 locuti
975 1915 1152 1972 coram
1193 1915 1272 1952 me
1306 1907 1520 1963 rectum,
1553 1899 1684 1952 sicut
1727 1915 1900 1951 servus
1941 1914 2083 1952 meus
2117 1888 2163 1947 B
2190 1894 2389 1965 phetiei
2419 1893 2640 1963 spiritus
2683 1890 2954 1945 aﬂluentia
2985 1888 3256 1959 repletus,
3305 1888 3451 1940 dicat
3489 1901 3617 1951 sua,
3647 1885 3792 1940 dicat

490 1991 580 2044 Iob
603 1991 742 2061 (Job.
777 2010 906 2062 nu,
936 1993 1014 2063 7).
1063 1993 1251 2048 Restat
1281 2008 1409 2062 ergo
1440 2003 1497 2048 ut
1524 2011 1647 2049 cum
1679 2009 1828 2049 mens
1853 1995 1904 2050 in
1938 1994 2082 2049 beati

489 2080 586 2138 lob
614 2087 958 2141 sermonibus
988 2086 1236 2152 ﬂuctuat,
1271 2103 1458 2142 eorum
1501 2087 1710 2158 pondus
1735 2102 1801 2142 ex
1842 2085 2084 2156 ejusdem

491 2175 724 2231 pistoria:
773 2178 927 2233 initio
974 2194 1038 2233 ac
1076 2179 1183 2233 tine
1210 2180 1529 2248 perpendat.
1582 2179 1662 2234 Ab
1711 2189 1914 2234 mterno
1940 2181 2085 2235 enim

491 2267 662 2332 judice
707 2283 806 2324 nec
845 2283 1070 2324 casurus
1103 2269 1310 2324 laudari
1341 2270 1547 2338 potuit,
1581 2285 1682 2326 nec
1722 2271 1904 2340 lapsus
1950 2284 2087 2339 prae-

492 2357 633 2412 ferri.
694 2357 752 2412 Si
799 2358 964 2426 igitur
1002 2359 1055 2412 in
1104 2358 1468 2426 ambiguitatis
1518 2368 1840 2429 tempestate
1888 2360 2086 2428 depre-

493 2449 661 2513 ltensi,
685 2449 856 2518 prima
881 2450 1041 2517 hujus
1064 2448 1298 2504 historia:
1325 2459 1381 2505 et
1408 2459 1678 2520 postrema
1705 2452 2084 2520 conspicimus,

495 2541 641 2594 navis
662 2541 841 2596 cordis
859 2539 1307 2596 considerationis
1329 2557 1439 2596 sua:
1463 2541 1694 2608 funibus,
1715 2543 1868 2612 quasi
1884 2558 1912 2596 a
1930 2557 2088 2612 prora

494 2638 547 2685 et
577 2631 759 2701 puppi,
792 2631 1150 2701 restringitur,
1185 2648 1251 2686 ne
1281 2633 1333 2686 in
1362 2634 1563 2688 erroris
1585 2649 1715 2688 saxa
1737 2634 2084 2704 perducatur.

496 2721 664 2778 Nullis
695 2737 824 2792 ergo
856 2723 1175 2791 ignorantia:
1205 2733 1401 2779 nostrae
1434 2725 1683 2794 procellis
1715 2726 2014 2791 obruimur,
2045 2725 2088 2779 si

497 2815 840 2886 tranquillum
868 2832 1115 2886 superna:
1155 2819 1436 2872 sententiae
1483 2818 1630 2872 littus
1663 2829 1926 2873 tenemus.
1955 2819 2093 2874 Ecce

497 2906 637 2960 enim
667 2905 798 2961 dicit
825 2907 970 2976 quod
1001 2909 1300 2978 quaestione
1330 2925 1438 2965 non
1485 2909 1698 2965 modica
1737 2910 1956 2966 lectoris
1979 2911 2096 2966 ani-

498 3011 642 3050 tnum
689 3006 928 3052 moveat.
980 2997 1085 3053 Sed
1124 2999 1243 3069 quis
1272 2999 1376 3054 hoc
1405 3015 1511 3054 non
1541 3010 1751 3055 rectum
1789 3002 1969 3057 dicere
2000 3018 2098 3056 au-

502 3087 642 3155 deat,
677 3089 822 3160 quod
851 3091 904 3145 in
935 3090 1031 3145 Dei
1063 3091 1284 3145 auribus
1305 3100 1513 3147 rectum
1543 3093 1740 3148 sonat?

974 3199 1202 3257 CAPUT
1231 3201 1274 3256 ιι
1324 3202 1472 3276 (Hec.
1507 3201 1615 3275 11].

2185 1985 2402 2040 humani
2427 1983 2640 2054 generis
2669 1997 2802 2037 voce
2833 1999 2846 2034 :
2885 1979 3100 2035 Utinam
3139 1978 3554 2050 appenderentur
3582 1985 3792 2046 peccata

2186 2094 2324 2145 mea,
2350 2076 2533 2148 quibus
2563 2076 2699 2128 iram
2729 2075 2913 2139 merui,
2945 2083 2992 2127 et
3025 2073 3298 2126 calamitas
3336 2087 3489 2139 quam
3520 2071 3709 2140 patior,
3737 2070 3793 2122 in

2184 2177 2410 2233 statera,
2435 2169 2581 2239 quasi
2612 2182 2773 2220 arena
2804 2168 2965 2219 maris
3006 2166 3116 2220 hare
3147 2164 3355 2235 gravior
3383 2171 3679 2234 appareret.
3719 2164 3795 2215 Ac

2186 2263 2231 2317 si
2261 2269 2446 2330 aperte
2480 2260 2685 2315 diceret
2716 2277 2728 2312 :
2762 2257 3136 2312 Damnationis
3188 2246 3385 2310 nostra:
3430 2253 3630 2306 malmn
3678 2252 3795 2306 leve

2188 2351 2450 2420 creditur,
2476 2351 2602 2421 quia
2631 2349 2862 2405 necdum
2899 2347 3115 2416 cognita
3140 2344 3524 2414 Redemptoris
3542 2343 3795 2412 aequitate

2188 2453 2466 2517 pensatur.
2499 2444 2605 2500 Sed
2632 2444 2834 2499 utinam
2864 2441 3068 2507 veniat,
3093 2449 3148 2496 et
3174 2453 3472 2494 aerumnam
3497 2437 3629 2492 tanti
3656 2437 3796 2492 exsi-

2190 2538 2247 2593 lii
2274 2537 2655 2594 misericordia:
2695 2553 2804 2592 sua:
2840 2537 2995 2591 lance
3039 2533 3367 2604 suspendat,
3411 2541 3466 2587 et
3510 2532 3639 2600 quid
3674 2535 3797 2602 post

2191 2632 2438 2689 exsilium
2463 2631 2802 2701 requiramus
2833 2628 3078 2684 edoceat.
3107 2625 3161 2681 Si
3193 2625 3338 2680 enim
3361 2623 3653 2680 innoteseit
3671 2619 3796 2693 quid

2194 2725 2501 2791 amisimus,
2561 2739 2725 2793 grave
2789 2739 2910 2779 esse
2975 2722 3212 2777 insinuat
3280 2719 3425 2790 quod
3483 2718 3794 2778 toleramus.

2196 2817 2338 2892 [νει.
2376 2817 2486 2890 ΙΙ.]
2532 2818 2676 2873 Bene
2725 2827 2907 2873 autem
2952 2817 3068 2872 haec
3117 2815 3304 2871 eadem
3353 2815 3798 2886 peregrinationis

2200 2921 2396 2968 nostrae
2450 2913 2730 2968 calamitas
2777 2911 2944 2966 maris
2983 2925 3161 2965 arenas
3205 2918 3572 2980 comparatur.
3624 2909 3796 2963 Arena

2197 3004 2394 3059 etenim
2423 3002 2616 3070 maris,
2647 3001 2916 3056 undarum
2959 3008 3092 3055 testu
3121 2999 3361 3054 exterius
3392 2999 3640 3069 pellitur,
3672 2998 3796 3066 quia

2199 3103 2255 3154 et
2285 3095 2602 3165 delinquens
2630 3095 2793 3150 homo
2815 3135 2831 3161 ,
2867 3104 2888 3130 ο
2922 3091 3178 3162 quoniam
3213 3090 3572 3145 tentationum
3614 3088 3799 3144 ﬂuctus

2200 3189 2473 3244 mobiliter
2500 3189 2746 3260 pertulit,
2780 3196 2932 3243 extra
2975 3201 3036 3242 se
3063 3185 3131 3240 ab
3173 3183 3376 3238 intimis
3405 3183 3590 3238 exivit.
3628 3182 3799 3250 Magni

577 3290 806 3348 CamV'l.
842 3273 1448 3361 Vsas.2,3.-—Utinam
1477 3273 1893 3366 appenderentur
1915 3312 2096 3366 pecca-

2209 3289 2389 3336 autem
2419 3295 2582 3336 arena
2613 3280 2775 3335 maris
2797 3289 2878 3334 est
2902 3276 3188 3349 ponderis;
3215 3276 3310 3331 sed
3327 3275 3603 3331 calamitas
3628 3273 3802 3329 homi-

508 3395 560 3440 ta
590 3403 702 3439 mea
725 3426 739 3451 ,
766 3385 948 3457 quibus
969 3388 1099 3440 iram
1125 3390 1319 3454 merui,
1351 3398 1400 3442 et
1428 3391 1703 3443 calamitas
1729 3408 1881 3461 quam
1907 3393 2102 3460 patior,

509 3479 563 3532 in
591 3487 783 3532 statera
803 3494 820 3531 :
838 3479 989 3550 quasi
1033 3495 1194 3533 arena
1220 3481 1379 3534 maris
1410 3481 1520 3534 IttL’C
1570 3483 1776 3551 gravior
1804 3490 2098 3552 appareret.

581 3567 782 3625 Sensus
821 3585 1060 3624 'rvptcus.
1094 3569 1145 3623 2.
1179 3569 1414 3626 Christus
1445 3571 1576 3624 libra
1597 3582 1672 3626 est
1694 3573 1747 3626 in
1771 3590 1870 3644 qua
1898 3582 1945 3627 et
1971 3573 2107 3644 quod

475 3653 794 3729 'meremur,
825 3672 874 3716 et
915 3663 1052 3734 quod
1097 3680 1189 3734 pro
1236 3663 1384 3717 nobis
1433 3680 1617 3732 passus
1660 3675 1756 3730 est,
1799 3676 2104 3736 pensantur.

515 3753 695 3810 Poena:
732 3765 923 3810 nostra:
952 3757 1258 3827 gravitatem
1303 3755 1450 3810 nobis
1490 3768 1668 3811 notam
1715 3759 1858 3830 fecit.
1882 3791 1951 3801 —
1978 3759 2109 3826 Quis

513 3848 650 3906 alius
678 3856 890 3904 statera:
923 3850 1158 3916 nomine,
1192 3849 1294 3904 nisi
1321 3849 1416 3905 Dei
1447 3859 1501 3906 et
1531 3851 1807 3907 hominum
1841 3853 2112 3911 mediator

514 3940 868 4009 exprimitur?
897 3941 988 4009 qui
1021 3942 1087 3996 ad
1116 3941 1455 4011 pensandum
1485 3943 1608 3997 vitm
1637 3953 1835 3998 nostra:
1858 3947 2112 4002 meritum

513 4032 679 4099 venit,
707 4047 772 4087 ac
792 4047 972 4087 secum
1001 4032 1262 4097 justitiam
1290 4033 1448 4088 simul
1474 4042 1529 4089 et
1559 4035 1986 4090 misericordiam
2016 4036 2112 4094 de-

514 4121 666 4188 tulit;
697 4122 792 4176 sed
831 4122 1212 4178 misericordiae
1263 4124 1416 4194 lance
1453 4124 1894 4194 przeponderans,
1926 4127 2113 4198 culpas

513 4219 728 4266 nostras
757 4211 1029 4279 parcendo
1052 4212 1344 4281 levigavit.,-'
1370 4213 1428 4268 In
1469 4229 1634 4268 manu
1674 4217 1872 4271 etenim
1915 4216 2112 4287 Patris,

514 4301 668 4370 quasi
697 4309 898 4354 statera
930 4301 1049 4356 miri
1080 4304 1378 4358 libraminis
1424 4304 1616 4372 factus,
1653 4305 1775 4361 hinc
1805 4307 1858 4361 in
1883 4323 1940 4362 se
1969 4310 2114 4364 cala-

513 4391 755 4449 mitatem
779 4401 1019 4448 nostram
1040 4437 1054 4462 ,
1097 4399 1258 4467 213
1288 4406 1344 4452 et
1369 4397 1516 4456 illinc
1546 4409 1767 4469 peccata
1808 4405 2107 4472 suSpendit.

515 4485 621 4543 Sed
649 4486 824 4557 gravis
851 4486 1105 4556 ponderis
1129 4490 1493 4546 calamitatem
1541 4493 1824 4549 moriendo
1855 4495 2107 4565 innotuit,

515 4590 570 4636 et
591 4580 732 4650 apud
759 4580 1177 4637 misericordiam
1205 4582 1322 4638 leve
1360 4599 1483 4640 esse
1511 4594 1787 4656 peccatum
1817 4588 2109 4644 relaxando

2210 3373 2292 3427 nis
2316 3389 2480 3428 arena
2509 3373 2672 3426 maris
2695 3372 2906 3441 gravior
2928 3370 3142 3436 dicitur,
3166 3368 3293 3438 quia
3315 3366 3446 3422 dura
3469 3365 3632 3422 fuisse
3649 3379 3802 3436 pinna

2210 3466 2542 3534 ostenditur,
2591 3465 2717 3520 dum
2767 3480 2864 3534 per
2895 3460 3300 3518 misericordem
3327 3458 3562 3529 judicem
3597 3455 3615 3495 τ
3647 3457 3804 3526 culpa

2209 3555 2494 3624 levigatur.
2539 3553 2607 3608 Et
2671 3555 2796 3624 quia
2863 3553 3105 3624 quisquis
3159 3551 3382 3622 gratiam
3431 3548 3803 3618 Redemptoris

2211 3647 2474 3716 agnoscit,
2505 3646 2747 3717 quisquis
2775 3645 3012 3700 reditum
3042 3644 3108 3698 ad
3150 3643 3372 3714 patriam
3401 3640 3592 3710 diligit,
3619 3638 3797 3695 erudi-
3839 3631 3850 3640 ’

2211 3749 2297 3796 tus
2318 3741 2416 3796 sub
2446 3740 2683 3811 pondere
2727 3737 3178 3810 peregrinationis
3223 3734 3407 3805 gemit,
3443 3741 3564 3805 post
3591 3740 3805 3790 staterae

2212 3833 2539 3890 desiderium
2575 3842 2723 3889 recte
2754 3831 3094 3902 subjungitur
3120 3848 3137 3886 :

2824 3943 3054 3999 CAPUT
3099 3943 3189 3998 lll.

2289 4038 2451 4093 Vens.
2481 4035 2782 4091 2.—Unde
2811 4044 2861 4090 et
2889 4035 3041 4091 verba
3070 4053 3186 4091 mea
3208 4035 3390 4091 dolore
3427 4041 3545 4089 sunt
3563 4034 3733 4104 plena.

2286 4131 2338 4184 ’5.
2373 4128 2584 4184 Gemere
2627 4130 2710 4182 hic
2738 4145 2843 4183 non
2882 4137 3048 4184 cessat
3099 4130 3186 4201 qui
3233 4146 3290 4184 se
3322 4129 3553 4184 exsulem
3580 4130 3803 4184 novit.—

2214 4225 2314 4292 Qui
2340 4224 2829 4294 peregrinationem
2868 4239 2966 4294 pro
2998 4224 3170 4295 patria
3202 4224 3394 4294 diligit,
3427 4223 3613 4279 dolere
3649 4223 3808 4278 etiam

2215 4316 2356 4370 inter
2383 4314 2600 4369 dolores
2640 4315 2832 4369 nescit.
2865 4313 3004 4370 Justi
3045 4323 3224 4370 autem
3251 4315 3414 4369 verba
3445 4313 3633 4369 dolore
3659 4315 3808 4384 plena

2213 4415 2366 4472 sunt,
2413 4405 2539 4475 quia
2578 4421 2688 4474 quo
2728 4421 2898 4476 usque
2954 4407 3237 4476 prmsentia
3287 4407 3514 4473 tolerat,
3563 4407 3631 4460 ad
3671 4404 3811 4460 aliud

2212 4497 2484 4567 loquendo
2541 4498 2802 4568 suspirat;
2859 4513 3022 4555 omne
3079 4499 3224 4568 quod
3285 4514 3514 4568 peccans
3558 4499 3810 4569 pertulit,

2213 4591 2506 4660 conspicit;
2555 4600 2718 4660 atque
2760 4601 2818 4645 ut
2862 4591 2930 4646 ad
2971 4600 3173 4648 statum
3218 4591 3568 4650 beatitudinis
3606 4591 3813 4658 redeat,

514 4672 852 4726 monstravit.
888 4679 911 4707 ο
942 4673 1043 4739 Qui
1071 4674 1173 4730 hoc
1212 4675 1443 4745 primum
1473 4677 1662 4746 gratiae
1699 4680 1956 4749 contulit,
1983 4682 2110 4752 quia
2142 4666 2192 4729 θ
2216 4683 2447 4739 sollicite
2480 4681 2686 4753 judicia
2713 4683 2906 4754 quibus
2935 4681 3190 4756 afﬂigitur
3231 4691 3441 4754 pensat.
3495 4680 3645 4738 Unde
3689 4681 3813 4738 sub-

513 4775 726 4832 poanam
772 4771 1011 4818 nostram
1056 4766 1212 4822 nobis
1252 4769 1674 4837 cognoscibilem
1726 4770 1874 4826 fecit.
1937 4771 2108 4828 Homo

513 4867 746 4921 namque
777 4854 842 4908 ad
873 4858 1348 4928 contemplandum
1395 4870 1671 4917 auctorem
1707 4863 1983 4931 conditus,
2015 4867 2113 4920 sed

512 4945 851 5015 exigentibus
877 4951 1084 5006 meritis
1113 4953 1180 5007 ab
1230 4953 1456 5008 internis
1498 4954 1705 5023 gaudiis
1752 4955 2025 5024 dejectus,
2060 4957 2115 5013 in

512 5054 805 5094 aerumnam
837 5046 1197 5114 corruptionis
1224 5063 1406 5115 ruens,
1431 5048 1728 5104 cmeitatem
1759 5052 1930 5106 exsilii
1959 5055 2116 5109 susti-

583 5205 606 5275 ιζ
636 5196 860 5275 Recent.
893 5197 1073 5267 Vulg.,
1109 5211 1157 5275 et
1183 5203 1430 5275 quidquid
1461 5205 1650 5259 munde
1678 5207 1896 5261 vixerat.

591 5265 618 5304 ¹¹
651 5267 823 5346 Deest
838 5279 886 5323 et
908 5265 1074 5346 rectus
1107 5273 1158 5346 in
1183 5265 1430 5346 Vindoc.,
1465 5276 1628 5346 Corb.
1675 5287 1729 5331 et
1755 5279 1893 5346 plur.

597 5348 620 5375 ε
650 5336 706 5392 ln
739 5341 984 5408 vulgatis,
1017 5343 1158 5411 apud
1183 5336 1594 5400 misericordiam
1635 5336 1783 5402 suam
1827 5349 1968 5404 Deus
2009 5351 2118 5406 leve

511 5421 927 5490 essetpeccatum
959 5413 1242 5490 relaxando
1262 5487 1271 5490 _
1291 5420 1610 5471 monstravit.
1643 5417 1782 5490 Ergo
1825 5438 1913 5489 per
1943 5439 2114 5476 veram

510 5480 880 5560 paenitentiam,
907 5486 1329 5560 quamvismnlla
1349 5498 1395 5540 et
1414 5480 1854 5560 gravissimaﬁsirit
1876 5503 2110 5560 peccata,

510 5501 880 5561 paenitentiam,
895 5501 1138 5606 (quamvis
1163 5501 1326 5540 utnua
1349 5501 1395 5540 et
1411 5505 1726 5609 lgravissima
1749 5501 1854 5542 sint
1876 5503 2110 5560 peccata,

510 5555 892 5633 per‘mtsericor
935 5572 1035 5608 tam
1066 5555 1162 5610 Dei
1205 5559 1359 5633 facile
1389 5561 1592 5633 (partit.
1637 5568 1692 5613 et
1725 5558 1910 5614 Remi).
1936 5606 1950 5630 ,
1977 5566 2112 5633 faci-

510 5620 633 5688 lius)
665 5639 705 5674 rc
720 5623 994 5697 laxantur;
1026 5636 1073 5678 et
1097 5620 1234 5697 apud
1262 5620 1669 5682 misericordiam
1699 5647 1845 5683 suam
1871 5620 2114 5689 leve'esse

510 5701 771 5770 peccatum
799 5696 933 5770 quod
959 5696 1227 5770 relaxatur
1258 5698 1463 5766 (Barth.
1509 5710 1563 5754 et
1592 5701 1782 5754 Reum.
1807 5744 1820 5764 ,
1847 5715 2111 5770 peccatum

513 5761 821 5845 relegatum}
855 5769 1177 5845 "tonsa-adit,
1206 5761 1288 5840 qui
1321 5770 1413 5845 hoc
1443 5771 1660 5845 primum
1686 5761 1871 5844 gratim
1897 5778 2024 5845 (vel,
2056 5787 2114 5830 ut

515 5831 654 5915 apud
679 5830 860 5915 Barth.
885 5830 1191 5915 et-lietttln,
1218 5830 1398 5915 grave)
1436 5830 1708 5915 contulit:
1731 5847 1851 5914 quia
1901 5830 2110 5915 ‘pazn'attt

519 5909 746 5956 uestram
763 5940 779 5970 ,
803 5913 910 5961 etc.
938 5905 1278 5964 Manifestum
1299 5905 1587 5978 glossema,
1611 5905 1958 5984 Gregoriante
1989 5935 2111 5973 ora-

2221 4775 2363 4830 dilur
2385 4792 2398 4827 :

2835 4864 3060 4921 CAPUT
3101 4864 3189 4919 IV.

2296 4956 2457 5013 Vens.
2492 4955 2761 5022 4.-—Quia
2787 4961 2993 5029 sagitta:
3015 4956 3226 5013 Domini
3254 4957 3310 5010 in
3337 4971 3420 5010 me
3461 4964 3600 5010 sunt.

2295 5049 2348 5104 4.
2382 5048 2604 5122 Sagittis
2631 5049 2936 5122 prtvdicatio
2965 5049 3044 5104 vel
3074 5066 3223 5120 plena
3249 5046 3811 5120 signatum—Sagitta-

2225 5208 2384 5262 tionis
2417 5225 2615 5264 nexum
2643 5207 2878 5274 solvens,
2911 5216 2967 5262 et
2995 5206 3140 5276 quod
3167 5221 3236 5262 ne
3265 5206 3320 5262 in
3351 5221 3459 5262 uno
3487 5205 3704 5277 quidem
3734 5205 3812 5262 ol-

2226 5280 2491 5335 l'endimus
2528 5281 2626 5334 Ms.

2301 5353 2323 5388 ιι
2364 5350 2602 5415 Ebroic.,
2626 5351 2748 5404 .lam
2776 5365 2928 5421 paena
2972 5366 3081 5404 sua:
3105 5352 3350 5405 caecitatis
3388 5350 3712 5420 ingemiscat.

2297 5432 2320 5460 θ
2364 5421 2566 5478 Turou.
2596 5431 2650 5476 et
2674 5419 2838 5476 Corb.
2872 5419 3055 5476 Germ.
3075 5461 3090 5486 ,
3112 5439 3210 5493 quo
3237 5419 3595 5493 tentationum
3631 5421 3825 5493 ﬂuctus

2219 5494 2458 5548 mobi'ius
2506 5494 2743 5559 pertulit,
2789 5509 2848 5546 eo
2894 5504 3042 5546 extra
3089 5489 3144 5546 se
3191 5492 3255 5545 ab
3299 5494 3494 5546 intimis
3540 5493 3716 5546 exivit.
3762 5489 3825 5544 In

2224 5564 2509 5619 Vindocin.
2531 5604 2546 5631 ,
2593 5579 2694 5637 pro
2739 5561 2803 5616 ab
2845 5565 3044 5618 intimis
3078 5565 3266 5632 exit-it,
3295 5563 3491 5634 legitur
3535 5565 3598 5617 ab
3625 5563 3826 5618 intimis

2398 5675 2409 5687 .
2686 5649 2707 5687 ζ

2398 5675 2409 5687 ,
2686 5649 2707 5680 δ.

2221 5647 2434 5759 “(igitur
2465 5722 2653 5787 omnes
2683 5681 2812 5787 diss.
2833 5744 2848 5768 ,
2880 5705 2982 5759 nisi
3027 5704 3172 5787 quod
3205 5705 3270 5787 in
3307 5716 3415 5787 uno
3601 5744 3618 5770 ,
3647 5705 3824 5787 .cul‘pa

2219 5795 2332 5849 qua:
2371 5778 2689 5849 agnoscitur,
2717 5777 2994 5849 levigatur;
3029 5775 3170 5830 unde
3202 5777 3339 5833 forte
3369 5779 3426 5835 in
3451 5775 3690 5847 Yuigatis
3740 5775 3824 5828 1³³·-

2218 5847 2384 5916 ctum,
2409 5847 2568 5918 'rulpa
2610 5863 2723 5918 qua:
2753 5847 3002 5918 levigatur
3031 5851 3353 5920 agnoscitur.
