4150 6446
394 348 497 405 769

1304 344 1660 403 MORALIUM
1697 343 1838 401 LIB.
1868 342 1981 401 νη.
2010 371 2082 386 -ι
2118 343 2183 402 1N
2221 345 2445 406 CAPUT
2485 350 2549 406 Vl
2592 352 2649 407 Β.
2679 352 2818 409 .lOB.

3563 369 3672 426 770

376 474 495 515 rum
525 460 724 527 quippe
755 454 974 512 nomine
1014 454 1302 525 aliquando
1352 458 1749 527 praedicationis
1782 457 1968 524 verba,
1994 459 2048 519 Α
2071 458 2193 528 quia
2222 459 2274 514 in
2307 463 2462 533 hujus
2486 467 2740 523 caecitatis
2761 468 2951 525 exsilio
2982 485 3012 525 a
3041 473 3278 542 paradisi
3301 478 3511 548 gaudiis
3533 486 3669 541 ceci-

374 548 668 619 aliquando
731 548 1215 603 animadversionis
1268 550 1549 603 sententiae
1605 550 1976 619 designantur.

373 641 780 701 Pracdicationis
821 656 1054 711 namque
1090 641 1303 711 eloquia
1333 642 1542 709 sagittis
1580 643 1976 713 exprimuntur,

373 737 502 807 quia
530 737 583 790 in
621 751 689 790 eo
717 735 861 804 quod
890 735 1018 788 vitia
1053 731 1281 799 feriunt,
1316 732 1477 803 214
1512 733 1653 787 male
1682 734 1979 790 viventium

373 831 540 890 corda
590 829 928 897 transligunt.
964 826 1041 881 De
1085 826 1166 881 his
1205 827 1415 894 sagittis
1468 827 1703 881 venienti
1745 827 1978 884 Redem-

374 921 519 994 ptori
549 920 773 975 dicitur:
802 919 1024 990 Sagitta:
1047 927 1148 972 tua:
1164 926 1329 972 acuta:
1348 920 1765 989 ,potentissime;
1795 922 1977 993 pepuli

374 1013 467 1069 sub
507 1021 555 1067 te
597 1012 856 1066 cadentin
881 1012 1035 1065 corde
1060 1011 1230 1083 (Psal.
1276 1028 1426 1075 thv,
1470 1013 1545 1082 6).
1583 1014 1656 1068 De
1683 1028 1790 1083 quo
1814 1015 1977 1072 Isaias

375 1103 506 1159 dicit
536 1123 547 1157 :
580 1103 786 1157 Mittam
827 1120 889 1157 ea:
934 1105 1007 1157 eis
1036 1104 1121 1175 qui
1149 1103 1336 1158 saluati
1386 1105 1577 1175 fuerint
1620 1107 1689 1158 ad
1715 1115 1890 1177 gentes
1920 1108 1975 1161 in

376 1211 542 1262 mare,
561 1198 616 1249 in
629 1197 883 1266 Africam,
902 1204 926 1246 ρ
941 1204 988 1248 et
1002 1197 1057 1265 in
1074 1194 1295 1265 Lydiam
1316 1235 1330 1260 ,
1365 1205 1594 1250 tenentes
1612 1198 1856 1267 sagittam
1875 1238 1890 1263 ,
1917 1202 1974 1254 in

378 1286 616 1353 Italiam,
639 1290 694 1342 in
718 1288 975 1343 erciam
992 1287 1146 1359 (Isai.
1173 1304 1323 1354 vai,
1344 1286 1465 1357 19).
1492 1288 1723 1345 Rursum
1744 1291 1969 1358 sagittis,

376 1380 858 1435 animadversionis
890 1380 1167 1449 percussio
1196 1379 1525 1447 designatur,
1551 1381 1689 1435 sicut
1709 1380 1834 1437 Joas
1860 1382 1974 1452 regi

378 1486 476 1542 per
493 1471 745 1526 Elisaeum
771 1472 968 1527 dicitur
994 1490 1006 1524 :
1031 1471 1065 1524 Ι
1070 1488 1159 1525 ace
1180 1474 1441 1543 sagittam.
1471 1471 1588 1538 Quo
1605 1473 1843 1541 jaciente
1864 1474 1969 1529 ait:

376 1562 641 1617 Percuties
674 1564 885 1633 Syriam
905 1603 921 1628 ,
950 1562 1112 1618 donec
1137 1580 1410 1618 consumas
1434 1580 1545 1617 eam
1568 1562 1676 1633 (IV
1708 1564 1832 1636 Reg.
1858 1583 1970 1633 xm,

377 1652 489 1724 l7).
510 1652 602 1707 Vir
627 1653 789 1721 igitur
802 1664 1020 1709 sanctus
1045 1654 1169 1722 quia
1193 1654 1639 1723 peregrinationis
1662 1670 1770 1709 sua:
1788 1671 1978 1711 aerum-

377 1759 499 1798 nam
526 1744 766 1814 respicit,
801 1745 926 1815 quia
941 1745 1042 1801 sub
1080 1746 1515 1815 percussionibus
1544 1746 1837 1801 Dominicae
1857 1749 1973 1803 ani-

2078 551 2189 618 dit;
2231 557 2384 609 timet
2439 571 2506 611 ne
2561 566 2616 613 et
2668 575 2789 615 cum
2827 563 3075 618 exsilium
3124 567 3475 639 relinquetur,
3527 591 3670 633 mors

2077 653 2279 701 aeterna
2304 648 2681 719 subsequatur.
2709 652 2826 708 Jam
2868 670 2997 725 ergo
3019 662 3345 717 sententiam
3392 666 3589 722 tolerat
3618 669 3668 724 in

2077 752 2267 807 poena;
2299 740 2391 794 sed
2422 741 2593 797 minas
2618 743 2795 800 adhuc
2820 748 3031 801 venturi
3071 748 3268 817 judicis
3312 754 3567 812 formidat
3604 774 3669 815 ex

2078 830 2255 900 cu‘lpa.
2289 829 2425 885 Hinc
2460 830 2744 889 Psalmista
2773 837 2848 890 ait
2875 826 2891 890 ε’
2920 837 2987 893 1η
3016 857 3097 895 me
3148 848 3670 911 pertransieruntira

2081 931 2210 987 tute,
2239 931 2290 975 et
2317 931 2539 978 terrores
2568 927 2640 979 tui
2669 927 3097 985 conturbauerunt
3125 951 3204 988 me
3227 936 3401 1005 (Psal.
3431 955 3670 1008 Lxxxvu,

2081 1012 2189 1083 l7).
2213 1011 2413 1069 lnterni
2433 1015 2631 1086 quippe
2648 1016 2842 1086 judicis
2864 1027 3669 1101 postquamirznfpertranseuttt,

2078 1105 2238 1160 etiam
2281 1114 2516 1163 terrores
2545 1111 2904 1177 conturbant,
2956 1115 3082 1183 quia
3106 1117 3220 1185 jam
3251 1121 3393 1176 aliud
3420 1124 3488 1179 de
3515 1125 3670 1181 dam-

2078 1195 2297 1250 natione
2336 1197 2601 1265 patimur,
2653 1207 2707 1254 et
2741 1200 2916 1257 adhuc
2964 1204 3107 1258 aliud
3136 1207 3202 1262 de
3228 1218 3432 1268 aeterna
3470 1215 3672 1273 ultione

2077 1284 2445 1343 formidamus.
2489 1290 2584 1345 Vir
2633 1291 2794 1360 igitur
2842 1303 3092 1363 sanctus,
3138 1303 3478 1369 perpendens
3532 1309 3671 1365 mala

2077 1392 2195 1448 quae
2225 1380 2446 1448 tolerat,
2479 1382 2659 1438 dicat:
2686 1385 2908 1458 Sagitta:
2934 1388 3145 1445 Domini
3173 1394 3229 1445 in
3255 1411 3335 1449 me
3362 1408 3509 1466 sunt,
3542 1419 3667 1472 qua-

2074 1487 2192 1525 rum
2239 1473 2527 1544 indignatio
2582 1476 2733 1532 ebibit
2776 1481 3013 1549 spiritum
3052 1500 3240 1540 meum.
3271 1485 3399 1555 Sed,
3424 1493 3670 1559 graviora

2079 1563 2133 1618 in
2162 1574 2481 1637 perpetuum
2510 1577 2775 1638 metuens,
2793 1573 3080 1645 adjungat:
3105 1577 3176 1632 Et
3197 1588 3419 1637 terrores
3445 1585 3670 1661 militum

2076 1664 2256 1710 contra
2284 1674 2383 1713 me.
2416 1660 2493 1714 Ac
2522 1661 2567 1717 si
2616 1672 2805 1733 aperte
2835 1665 3042 1722 diceret
3075 1686 3087 1722 :
3122 1667 3412 1730 Percussus
3451 1660 3669 1745 quidem

2075 1745 2142 1801 de
2170 1751 2522 1816 praesentibus
2551 1754 2743 1821 doleo;
2792 1759 2952 1830 215
2994 1759 3089 1814 sed
3136 1761 3241 1817 hoc
3285 1764 3341 1817 in
3385 1765 3571 1823 dolore
3614 1770 3669 1825 iit

375 1835 766 1890 madversionis
803 1836 1124 1905 ingemiscit,
1156 1835 1299 1890 dicat
1328 1852 1342 1889 :
1370 1835 1518 1889 Unde
1564 1843 1612 1889 et
1661 1835 1810 1890 verba
1851 1853 1965 1890 mea
1997 1845 2043 1904 Β
2070 1841 2312 1908 gravius,
2353 1844 2478 1911 quia
2527 1853 2583 1899 et
2632 1846 2685 1900 in
2724 1863 2883 1916 poena
2932 1852 3170 1921 positus,
3204 1854 3382 1911 adhuc
3408 1861 3669 1929 supplicia

376 1926 553 1981 dolore
577 1935 693 1980 sunt
732 1928 905 1997 plena,
948 1928 1065 1998 quia
1108 1926 1313 1997 sagitta:
1362 1926 1569 2005 Domini
1614 1928 1667 1980 in
1720 1944 1801 1981 nte
1843 1936 1964 1981 sunt

378 2016 531 2087 [Ιίεε.
561 2016 704 2088 ΙΙΙ.)
721 2017 796 2071 Ac
812 2018 857 2071 si
878 2026 1063 2086 aperte
1086 2017 1291 2071 diceret
1315 2016 1455 2085 :Ego
1477 2018 1530 2070 in
1547 2018 1719 2072 exsilii
1740 2018 1964 2072 damna-

379 2113 527 2167 tione
550 2130 656 2167 non
679 2090 909 2181 gaudeo,
943 2113 1037 2167 sed
1054 2113 1152 2168 sub
1173 2111 1377 2181 judicio
1405 2114 1612 2183 positus
1632 2112 1810 2180 doleo,
1843 2113 1968 2183 quia

374 2203 482 2257 vim
512 2206 875 2274 percussionis
911 2219 1163 2274 agnosco.
1204 2205 1450 2274 Plerique
1470 2212 1649 2260 autem
1686 2214 1812 2259 sunt
1832 2206 1968 2274 quos

376 2302 642 2350 tormenta
667 2297 927 2365 cruciant,
944 2296 1040 2352 sed
1052 2312 1159 2351 non
1173 2297 1482 2352 emendant.
1497 2296 1614 2364 Quo
1629 2308 1820 2353 contra
1843 2305 1968 2369 apte

370 2386 709 2458 subjungitur
741 2406 754 2441 :

827 2479 1055 2535 CAPUT
1086 2481 1175 2555 V[
1217 2482 1326 2536 νει.
1359 2481 1502 2554 III].

440 2569 879 2635 Imm—Quarum
907 2572 1198 2643 indignatio
1220 2574 1374 2627 ebibit
1399 2575 1636 2644 spiritum
1664 2592 1851 2629 meum.

439 2664 494 2718 5.
524 2663 663 2717 Justi
714 2665 875 2733 poenis
905 2681 1034 2735 quas
1076 2666 1331 2719 sustinent
1372 2667 1970 2742 emendantur.r—Quid

369 2755 511 2810 enim
559 2765 642 2810 est
687 2757 907 2826 spiritus
945 2756 1208 2825 hominis,
1249 2757 1353 2811 nisi
1404 2759 1625 2827 Spiritus
1676 2758 1970 2814 elationis?

368 2844 589 2917 Sagittae
611 2855 789 2903 autem
813 2848 1285 2919 Dominispiritum
1315 2850 1548 2905 hominis
1570 2850 1817 2918 ebibunt,
1846 2866 1968 2905 cum

368 2955 613 3010 superna:
643 2942 1126 2997 animadversionis
1157 2943 1436 2997 sententia:
1457 2942 1708 2998 aﬂlictam
1733 2951 1969 2999 mentem

369 3034 435 3089 ab
464 3034 697 3088 elatione
718 3044 1086 3104 compescunt.
1111 3035 1330 3103 Sagittae
1358 3036 1565 3091 Domini
1596 3036 1841 3106 spiritum
1870 3037 1970 3091 ho-

368 3124 528 3179 minis
572 3124 826 3192 ebibunt,
866 3126 990 3193 quia
1014 3125 1281 3180 intentum
1316 3127 1674 3181 exterioribus
1705 3127 1969 3182 introrsus

2068 1939 2268 1986 aeterna
2308 1934 2654 2003 pertimesco.
2698 1938 2804 1993 Sed
2833 1942 2959 2011 quia
2990 1942 3101 2012 jam
3140 1953 3356 2002 staterae
3401 1950 3667 2011 interven-

2069 2029 2184 2077 tum
2213 2023 2511 2093 desiderat,
2544 2027 2656 2097 jam
2686 2032 2827 2086 mala
2869 2034 2925 2088 in
2953 2036 3148 2104 quibus
3176 2038 3471 2097 humanum
3500 2058 3668 2113 genus

2070 2118 2263 2172 cecidit
2312 2130 2539 2191 pensat,
2580 2128 2827 2193 quamvis
2854 2129 2908 2183 in
2945 2133 3132 2198 gentili
3176 2135 3395 2191 natione
3441 2138 3670 2207 positus,

2070 2226 2294 2267 munere
2325 2222 2502 2270 tamen
2525 2220 2826 2288 pr0phetici
2854 2223 3073 2291 spiritus
3100 2226 3321 2295 plenus;
3344 2244 3449 2300 quo
3480 2230 3671 2288 ardore

2069 2301 2447 2374 Redemptoris
2477 2307 2767 2365 adventum
2797 2312 2881 2367 vel
2924 2317 3198 2383 gentilitas
3217 2358 3233 2383 ,
3276 2320 3363 2375 vel
3391 2319 3572 2377 Judaza
3599 2324 3670 2379 si-

2069 2396 2189 2461 tiat,
2214 2398 2392 2454 verbis
2415 2403 2763 2469 sequentibus
2811 2404 3166 2476 demonstrat,
3198 2409 3421 2468 dicens:

2499 2489 2727 2547 CAPUT
2774 2495 2864 2550 vn
2916 2496 3065 2568 [Rec.
3111 2499 3241 2572 IV].

2146 2577 2305 2634 Vens.
2358 2581 2762 2656 5.—Nunquid
2814 2590 2979 2660 rugiet
3028 2608 3225 2664 onager
3278 2610 3395 2650 cum
3437 2595 3669 2655 habuerit

2073 2667 2324 2722 herbam?
2369 2678 2457 2724 aut
2501 2678 2689 2733 muqiet
2730 2673 2817 2730 bos
2870 2693 2985 2731 cum
3034 2692 3155 2735 ante
3194 2698 3423 2754 nrwsepe
3464 2690 3666 2756 plenum

2082 2763 2278 2814 steterit
2296 2762 2319 2813 ?

2086 2842 2091 2847 ’
2146 2852 2194 2906 7.
2232 2852 2549 2911 Gentilitatis
2588 2866 2638 2911 et
2665 2857 2865 2916 Judtete
2889 2862 2945 2915 in
2992 2862 3351 2937 Redemptoris
3397 2871 3667 2928 adventum

2071 2940 2564 3012 desideria.—Quid
2583 2963 2817 3020 namque
2844 2966 2944 3021 per
2970 2966 3229 3023 onagrum
3246 2995 3260 3019 ,
3286 2956 3339 3011 id
3370 2968 3487 3027 est,
3515 2974 3669 3029 agre-

2070 3042 2207 3088 stem
2230 3033 2464 3099 asinum,
2500 3036 2603 3090 nisi
2625 3039 2839 3105 gentilis
2867 3055 3098 3111 peputus
3133 3045 3478 3115 designatur?
3505 3066 3668 3120 quem

2072 3125 2208 3181 sicut
2234 3135 2426 3181 natura
2448 3137 2601 3183 extra
2630 3130 2840 3186 stabula
2862 3132 3159 3204 disciplinae
3178 3138 3365 3207 edidit,
3396 3140 3470 3214 ita
3502 3155 3668 3212 vagus

368 3216 604 3270 trahunt.
638 3213 664 3250 ι)
714 3213 979 3284 Epotatus
1024 3232 1257 3286 namque
1304 3216 1473 3271 David
1501 3218 1721 3287 spiritus
1772 3216 1968 3285 fuerat,
1996 3228 2042 3292 ρ
2072 3219 2127 3274 in
2167 3220 2505 3290 voluptatum
2551 3238 2770 3277 suarum
2817 3240 3008 3298 campo
3048 3231 3365 3298 permansit.
3404 3232 3540 3300 Quid
3571 3250 3669 3305 per

367 3321 489 3361 cum
518 3305 730 3362 dicebat
760 3324 773 3360 :
808 3304 875 3360 In
907 3307 1196 3378 deﬁciendo
1217 3310 1273 3362 in
1313 3326 1394 3362 me
1413 3310 1653 3379 spiritum
1674 3328 1872 3379 meum,
1916 3320 1966 3366 et

368 3403 421 3449 tu
448 3397 726 3466 cognovisti
750 3398 959 3450 semitas
982 3414 1120 3452 meas
1140 3397 1310 3467 (Psal.
1343 3414 1497 3465 cxu,
1529 3397 1605 3467 4).
1627 3398 1695 3453 Ει
1714 3416 1960 3455 rursum:

368 3483 572 3557 Negavi
600 3489 860 3541 consolari
893 3490 1126 3542 animum
1154 3505 1353 3555 meam,
1412 3504 1607 3543 memor
1656 3490 1733 3560 fui
1761 3490 1889 3556 Dei,
1915 3498 1966 3545 et

353 3578 646 3655 delectatus
673 3596 816 3642 sum,
850 3581 1160 3634 exercitatus
1199 3598 1338 3645 sum,
1388 3588 1437 3635 et
1478 3581 1667 3653 defecit
1704 3584 1966 3654 paulisper

368 3672 575 3741 spiritus
598 3688 739 3725 meus
773 3672 944 3743 (Psal.
970 3688 1149 3738 Lxxvt,
1187 3671 1262 3743 4).
1297 3672 1627 3740 Sagittarum
1668 3688 1796 3743 ergo
1822 3675 1964 3730 indi-

367 3765 550 3833 gnatio
585 3764 712 3832 justi
744 3766 989 3833 spiritum
1014 3766 1202 3827 ebibit,
1254 3768 1378 3835 quia
1406 3781 1656 3835 supernae
1683 3768 1965 3822 sententia:

368 3852 605 3919 electos,
636 3868 774 3921 quos
796 3855 850 3907 in
880 3854 1118 3922 peccatis
1148 3856 1460 3922 inveniunt,
1491 3856 1619 3909 dum
1659 3858 1963 3924 vulnerant,

369 3942 684 4010 immutant;
711 3952 769 3999 ut
797 3944 1050 3999 duritiam
1079 3962 1233 4000 suam
1264 3947 1518 4001 transﬁxa
1548 3963 1700 4002 mens
1729 3948 1963 4018 deserat,

369 4046 534 4108 atque
586 4055 654 4093 ex
692 4037 970 4094 salutifero
1008 4039 1230 4094 vulnere
1273 4054 1293 4079 ο
1341 4042 1558 4110 sanguis
1612 4040 1966 4099 confessionis

367 4139 569 4187 currat.
612 4129 848 4187 Pensant
877 4146 1106 4201 namque
1133 4133 1305 4200 unde,
1338 4150 1447 4204 quo
1476 4134 1613 4204 lapst
1641 4144 1791 4201 sunt,
1827 4151 1963 4205 pen-

367 4236 492 4283 sant
536 4244 567 4283 a
593 4240 796 4299 quanta
824 4228 1153 4285 beatitudine
1188 4230 1254 4284 ad
1292 4244 1411 4299 qua:
1458 4230 1817 4301 corruptionis
1853 4248 1964 4288 suae

368 4325 640 4374 tormenta
665 4320 1007 4385 ceciderunt;
1049 4327 1103 4375 et
1150 4338 1256 4376 non
1297 4322 1467 4377 solum
1514 4331 1734 4392 gemunt
1780 4324 1835 4378 in
1881 4325 1964 4383 bis

369 4429 489 4484 quze
513 4418 797 4486 sustinent,
820 4417 913 4473 sed
938 4417 1164 4488 insuper
1192 4427 1442 4473 metuunt
1466 4419 1567 4474 hoc
1596 4419 1739 4489 quod
1779 4420 1961 4476 distri-

370 4514 488 4562 ctus
506 4507 671 4573 judex
693 4508 1126 4579 delinquentibus
1158 4510 1225 4566 de
1252 4511 1514 4580 gehennae
1542 4511 1754 4580 ignibus
1789 4512 1963 4567 mina-

371 4603 475 4652 tur.
510 4596 661 4653 Unde
689 4611 837 4655 recte
862 4601 1201 4671 subjungitur
1228 4621 1241 4656 :
1312 4588 1331 4603 ”

986 4689 1211 4745 CAPUT
1235 4691 1325 4746 Vl.

440 4778 713 4836 Imm—Et
743 4791 962 4837 terrores
985 4783 1198 4838 Domini
1224 4785 1455 4839 militant
1482 4792 1667 4839 contra
1694 4802 1795 4841 me.

439 4868 491 4923 6.
521 4869 683 4925 Deum
726 4881 1008 4941 praesentes
1053 4890 1231 4943 poenas
1270 4875 1476 4940 dolent,
1525 4885 1707 4941 pavent
1739 4879 1960 4947 futuras.

367 4960 712 5017 -—Justorum
743 4977 895 5018 mens
926 4980 1033 5018 non
1056 4964 1230 5019 solum
1272 4966 1553 5037 perpendit
1579 4967 1722 5035 quod
1750 4969 1964 5035 tolerat,

367 5059 460 5116 sed
488 5058 649 5114 etiam
679 5066 840 5128 pavet
869 5058 1015 5128 quod
1040 5067 1240 5125 restat;
1273 5059 1420 5115 videt
1447 5061 1623 5128 qualia
1653 5060 1705 5115 in
1732 5062 1833 5117 hac
1856 5062 1965 5117 vita

367 5149 594 5220 patitur;
628 5148 820 5203 metuit
848 5163 917 5204 ne
944 5158 1069 5219 post
1097 5151 1236 5205 hanc
1256 5151 1500 5220 graviora
1519 5151 1771 5220 patiatur.
1795 5153 1968 5221 Luget

440 5292 465 5320 ⁸
496 5282 651 5406 ἑρυᾱ
669 5290 779 5340 vet.
807 5283 949 5340 Edit.
975 5286 1187 5355 Barth.,
1210 5285 1428 5353 Remb.,
1448 5286 1601 5353 Coc.,
1626 5288 1679 5341 in
1703 5286 1961 5363 Libyam:

440 5367 490 5406 en
532 5370 645 5406 ose.

365 5366 645 5409 mendose.

434 5420 465 5459 νδ
506 5423 836 5500 Compend.,
863 5427 1068 5484 Turon.
1111 5437 1165 5483 et
1208 5428 1442 5500 alii,7ln's
1493 5446 1710 5500 namque
1754 5432 1958 5500 sagittis

365 5503 600 5570 epotatus
644 5497 813 5570 David
857 5501 1065 5563 spiritus
1103 5502 1291 5570 fuerat.
1345 5499 1585 5554 Barthol.
1639 5509 1693 5555 et
1740 5497 1953 5569 Re'mb.,

364 5567 858 5640 c’unr‘MssLColb"
892 5580 942 5624 et
971 5572 1064 5625 hoc
1090 5567 1317 5640 potatus.

442 5651 463 5675 ο
488 5637 853 5714 Mss.__Norm.,_
880 5637 1097 5714 sanguis
1120 5642 1437 5714 conf-usionis
1462 5652 1639 5714 currat
1660 5659 1808 5714 ;rnu_u
1840 5660 1957 5713 pro-

362 5705 580 5782 bantur.
614 5705 1002 5782 Confessionis'
1017 5722 1197 5768 autem
1220 5705 1440 5768 nomine
1478 5705 1724 5782 intelligit
1752 5705 1957 5782 Grego-

364 5780 478 5855 rius
506 5780 1023 5855 plenitentiamcumr
1045 5784 1392 5840 conversione
1416 5780 1755 5853 conjunctam
1778 5802 1789 5849 ;
1809 5780 1954 5855 nam,

364 5857 425 5905 ut
453 5850 691 5922 loquitur
732 5851 960 5909 Hilarius
1013 5854 1065 5910 in
1104 5871 1183 5926 ps.
1231 5872 1477 5927 cxxxvu,
1510 5850 1563 5909 ιί.
1598 5856 1661 5924 5,
1706 5856 1874 5912 nullus
1902 5850 1957 5913 id

2066 3314 2262 3371 bovem
2290 3315 2316 3354 ιι
2359 3318 2462 3373 nisi
2490 3318 2642 3387 plebs
2665 3318 2884 3376 Judaica
2910 3319 3198 3392 ﬁguratur,
3228 3341 3381 3396 qua),
3415 3327 3545 3397 jugo
3570 3330 3667 3386 do‘

2066 3409 2377 3465 minatioms
2415 3426 2663 3481 supernae
2713 3415 2989 3484 supposita
3014 3457 3029 3482 ,
3078 3416 3145 3471 ad
3182 3433 3332 3488 spem
3363 3422 3667 3494 proselytos

2066 3501 2345 3571 colligens,
2370 3519 2467 3573 per
2494 3505 2657 3559 corda
2678 3522 2797 3575 quae
2818 3507 2987 3563 valuit
3014 3524 3289 3566 vomerem
3321 3513 3454 3583 legis
3476 3516 3660 3570 traxit.

2065 3594 2173 3650 Sed
2199 3596 2343 3651 beati
2371 3596 2471 3652 Job
2498 3598 2607 3652 vita
2635 3607 2925 3657 attestante
2953 3604 3348 3670 cognoscimus,
3380 3612 3439 3659 ut
3468 3620 3664 3676 exspe-

2066 3692 2242 3740 ctasse
2264 3684 2642 3756 Redemptoris
2661 3687 2949 3744 adventum
2977 3692 3177 3747 multos
3206 3693 3369 3747 etiam
3396 3710 3461 3750 ex
3488 3696 3665 3765 genti-

2066 3777 2167 3831 bus
2189 3778 2491 3832 credamus.
2523 3779 2591 3833 Et
2612 3790 2869 3836 nascente
2897 3783 3156 3849 Domino,
3187 3783 3444 3841 Simeone
3466 3788 3520 3840 in
3552 3788 3663 3857 spi-

2066 3867 2173 3921 ritu
2196 3868 2249 3921 in
2280 3869 2540 3939 templum
2562 3870 2833 3931 veniente.
2859 3872 3140 3927 didicimus
3166 3883 3370 3943 quanto
3395 3876 3663 3935 desiderio

2068 3974 2133 4015 ex
2157 3960 2310 4029 plebe
2327 3961 2611 4017 Israelitica
2630 3965 2801 4019 sancti
2819 3963 2913 4019 viri
2932 3966 3322 4024 incarnationis
3334 3969 3451 4039 ejus
3464 3981 3664 4043 myste-

2068 4053 2204 4107 rium
2224 4052 2408 4109 videre
2430 4055 2732 4123 cupierunt.
2766 4055 2921 4112 Unde
2942 4066 2996 4112 et
3026 4074 3127 4128 per
3145 4061 3394 4116 eumdem
3426 4062 3660 4120 Redem-

2067 4154 2276 4217 ptorem
2306 4146 2578 4215 discipulis
2600 4147 2796 4203 dicitur
2832 4167 2843 4201 :
2874 4147 3060 4215 Multi,
3106 4151 3220 4205 dico
3248 4150 3387 4207 vobis
3406 4194 3422 4219 ,
3442 4153 3577 4224 justi
3612 4165 3663 4210 et

2066 4240 2327 4312 prop/tetra
2348 4242 2766 4296 desideraverunt
2788 4243 2959 4297 videre
2974 4260 3088 4314 qua:
3113 4244 3293 4299 videtis
3312 4288 3325 4311 ,
3372 4254 3423 4301 et
3461 4264 3565 4302 non
3588 4250 3662 4303 vi-
3754 4244 3763 4249 ’

2068 4330 2252 4384 derunt
2291 4330 2439 4403 (Luc.
2466 4348 2520 4394 x,
2544 4330 2655 4403 24).
2684 4331 2828 4404 [Vet.
2855 4332 2879 4385 Ι
2902 4332 2985 4404 V.]
3008 4332 3184 4389 Herba
3206 4348 3336 4403 ergo
3361 4338 3576 4406 onagri,
3605 4345 3661 4394 et

2066 4421 2245 4477 fenum
2271 4424 2422 4477 bovis
2453 4432 2534 4477 est
2556 4426 2669 4478 haec
2710 4424 2822 4494 ipsa
2852 4424 3163 4481 Mediatoris
3203 4426 3534 4495 incarnatio,
3563 4444 3661 4498 per

2066 4527 2226 4581 quam
2266 4514 2423 4568 simul
2462 4515 2734 4583 gentilitas
2773 4523 2827 4569 et
2849 4514 3032 4571 Judaea
3060 4518 3306 4573 satiatur.
3337 4517 3472 4583 Quia
3518 4521 3661 4575 enim

1990 4610 2047 4672 Ῑ)
2070 4619 2167 4674 per
2196 4604 2511 4674 prophetam
2542 4603 2735 4659 dicitur
2765 4622 2777 4658 :
2812 4604 2991 4660 Omnis
3017 4623 3139 4661 caro
3170 4608 3343 4677 fenum
3382 4606 3525 4676 (lsa.
3559 4625 3661 4680 XL,

2069 4694 2165 4767 6),
2197 4696 2559 4750 universitatis
2588 4696 2857 4763 conditor,
2903 4712 2971 4751 ex
2998 4704 3183 4751 nostra
3214 4696 3512 4753 substantia
3537 4715 3659 4755 car-

2067 4802 2191 4844 nem
2218 4804 2463 4852 sumens,
2497 4787 2676 4842 fenum
2707 4788 2821 4842 lieri
2851 4788 3051 4856 voluit,
3081 4803 3150 4842 ne
3176 4796 3358 4844 nostra
3382 4790 3435 4845 in
3465 4806 3661 4862 perpe-

2067 4887 2218 4933 tuum
2256 4895 2382 4934 caro
2436 4878 2615 4933 fenum
2668 4886 2995 4933 remaneret.
3052 4877 3206 4934 Tunc
3258 4895 3389 4951 ergo
3438 4883 3660 4940 herbam

2069 4983 2271 5037 onager
2300 4969 2521 5036 invenit,
2556 4984 2676 5022 cum
2704 4968 2919 5037 gentilis
2946 4969 3176 5039 populus
3213 4972 3440 5040 gratiam
3466 4974 3661 5032 divinae

2070 5060 2454 5115 incarnationis
2483 5046 2711 5129 accepit.
2736 5059 2886 5116 Tunc
2913 5061 3010 5117 bos
3030 5077 3257 5118 vacuum
3288 5080 3527 5138 praesepe
3552 5086 3659 5127 non

2068 5152 2283 5219 habuit,
2309 5167 2430 5207 cum
2459 5151 2602 5221 plebi
2648 5149 2883 5208 Iudaicae
2911 5153 3027 5223 ejus
3072 5169 3290 5211 carnem
3324 5162 3657 5229 exspectanti

2066 5282 2201 5361 quod
2234 5300 2496 5359 peccatum
2536 5306 2646 5343 esse
2680 5292 2945 5361 confessus
2973 5298 3081 5356 est,
3124 5290 3360 5360 deinceps
3393 5292 3536 5344 debet
3565 5295 3654 5346 ad-

2064 5363 2285 5433 mittere,
2307 5361 2431 5433 quia
2469 5362 2720 5433 confessio
2750 5361 2945 5433 peccati
2973 5363 3222 5433 professio
3252 5369 3328 5415 est
3343 5362 3655 5433 _desinendi.

2139 5432 2162 5469 ι¹
2202 5431 2279 5484 lla
2308 5429 2638 5485 restituim'us
2666 5429 2807 5485 hunc
2858 5429 3034 5487 locum
3066 5429 3132 5486 ex
3161 5431 3289 5486 Mss.
3331 5429 3654 5501 Compend.,

2068 5502 2353 5558 Vindocin.
2379 5544 2394 5569 ,
2424 5502 2608 5557 Norm.
2635 5545 2649 5569 ,
2700 5511 2804 5557 etc.
2846 5501 3003 5563 Prius
3039 5502 3341 5571 legebatur,
3378 5503 3478 5557 nisi
3514 5504 3658 5569 plebs

2065 5573 2290 5653 Iudaica
2335 5575 2696 5653 significatur,
2755 5590 2869 5645 qua:
2908 5574 3035 5653 jugo
3074 5588 3310 5653 superate
3359 5572 3649 5653 damnatio-

2067 5647 2177 5710 nis,
2210 5652 2350 5710 etc.;
2382 5645 2666 5711 mendose,
2696 5654 2755 5699 ut
2776 5652 2971 5699 censeo
3000 5661 3012 5696 :
3044 5644 3243 5697 erroris
3290 5644 3502 5700 occasio
3542 5644 3639 5701 for-

2068 5726 2209 5773 tasse
2256 5712 2353 5769 iuit
2388 5731 2524 5781 vox,
2556 5716 2955 5779 dominationis,
3004 5714 3082 5769 sic
3111 5714 3421 5769 abbreviata
3460 5716 3516 5771 in
3540 5722 3645 5773 vet.

2067 5786 2233 5854 Edit.,
2261 5786 2551 5857 dnationis,
2583 5804 2743 5859 quam
2774 5787 3018 5855 legerunt
3045 5783 3413 5841 damnationis.
