4150 6470
497 381 609 439 775

1721 374 1966 435 SANCTI
2005 372 2336 435 GREGORII
2374 374 2592 433 MAGNI

3699 380 3808 441 776

488 464 664 559 stulta
694 505 1035 553 terrenorum
1064 492 1347 551 hominum
1376 489 1651 546 locutione
1680 498 1984 561 separatur,
2011 505 2112 545 nec
2141 494 2186 550 A
2217 489 2353 563 quod
2376 499 2624 557 exspecto
2640 490 2831 545 tribuat
2856 491 2985 545 mihi
3011 489 3297 557 Dominus;
3324 498 3375 546 et
3397 509 3482 565 qui
3505 494 3676 565 capit,
3695 497 3810 563 ipse

500 601 681 648 tamen
702 587 887 641 adhuc
910 601 1008 656 pro
1030 598 1215 639 amore
1240 582 1484 637 veritatis
1504 581 1569 636 ad
1596 580 1945 651 perferendos
1964 597 2103 651 prm-

500 680 673 740 sentis
700 679 822 733 vitae
844 677 1113 733 cruciatus
1134 676 1457 745 accingitur;
1478 674 1588 744 jam
1616 688 1851 743 superna
1876 674 2098 743 appetit,

495 772 607 842 jam
631 770 682 823 iu
716 766 910 822 infimis
954 766 1113 821 stulta
1154 765 1479 829 contemnit,
1531 763 1625 819 sed
1672 762 1901 819 necdum
1947 777 2007 818 se
2033 762 2102 818 ad

499 857 832 931 perferendae
859 856 1201 912 adversitatis
1229 854 1569 910 tolerantiam
1602 852 1801 922 dirigit.
1854 852 2003 907 Unde
2046 859 2103 908 et

498 951 742 1009 subditur
782 968 794 1002 :
836 950 938 1003 Aut
985 958 1151 1020 potest
1195 948 1382 1018 aliquis
1430 955 1638 1018 gustare
1686 944 1821 1017 quod
1842 952 2100 1016 gustatum

501 1042 656 1112 aﬂ'ert
678 1048 894 1095 mortem
906 1039 930 1092 ?

1102 1126 1330 1182 CAPUT
1358 1126 1490 1182 XIV.

562 1221 646 1275 I7.
695 1220 1060 1275 Proxzmorum
1100 1221 1312 1290 inﬁrma
1366 1218 1665 1283 tolerando,
1726 1217 1797 1270 ad
1842 1218 2100 1270 cruciatus

497 1310 790 1367 subeundos
817 1305 1447 1365 roboramur.—Durum
1477 1309 1677 1378 quippe
1725 1315 1809 1362 est
1846 1315 2103 1378 appetere

497 1406 641 1476 quod
667 1406 887 1472 cruciat,
917 1405 1075 1478 219
1106 1404 1256 1475 sequi
1284 1402 1427 1472 quod
1460 1402 1626 1456 vitam
1660 1401 1824 1462 fugat.
1854 1400 1962 1456 Sed
1989 1401 2101 1472 ple-

497 1510 725 1567 rumque
774 1512 925 1552 mens
968 1498 1099 1564 justi
1146 1495 1217 1550 ad
1263 1503 1470 1549 tantum
1521 1508 1580 1548 se
1627 1493 1842 1547 virtutis
1889 1493 2103 1547 culmen

497 1585 758 1652 extendit,
790 1593 852 1639 ut
880 1593 935 1641 et
961 1585 1102 1655 apud
1130 1599 1190 1640 se
1217 1584 1269 1638 in
1297 1584 1521 1638 internae
1550 1583 1779 1637 rationis
1810 1598 1936 1638 arce
1960 1597 2102 1652 prte-

497 1676 691 1744 sideat,
723 1686 779 1734 et
810 1677 1167 1749 quorumdam
1196 1676 1324 1732 foris
1353 1676 1634 1731 stultitiam
1666 1674 1949 1729 tolerando
1972 1690 2103 1729 con-

499 1779 695 1827 vertat.
721 1771 867 1838 Quos
891 1771 1033 1826 enim
1060 1770 1125 1823 ad
1165 1769 1321 1823 fortia
1362 1768 1576 1822 trahere
1605 1766 1829 1821 nitimur
1849 1808 1861 1831 ,
1911 1781 2102 1821 eorum

2208 596 2289 635 me
2304 591 2567 648 conterat;
2583 585 2973 638 solvatmanum
2994 600 3165 651 suam,
3188 594 3238 638 et
3252 584 3488 639 succidat
3503 602 3604 650 me,
3624 594 3673 639 et
3700 587 3813 643 hcet:

2204 680 2330 731 mihi
2352 688 2420 732 sit
2434 677 2741 743 consolatio,
2760 688 2816 730 ut
2839 680 3082 750 affligens
3100 693 3180 731 me
3194 676 3391 745 dolore,
3407 694 3513 732 non
3541 679 3761 748 parcat?

2278 768 2363 822 19.
2397 768 2709 839 Exemplum
2741 769 2840 823 Job
2872 785 3019 822 suum
3061 784 3413 837 percussorem
3443 767 3812 827 benedicentis.

2205 860 2435 918 Conterit
2468 879 2559 916 nos
2588 861 2760 928 Deus,
2789 861 3007 916 conterit
3031 870 3079 914 et
3103 858 3341 914 diabolus
3360 902 3375 929 ,
3414 860 3630 915 diversis
3660 863 3816 916 exiti—

2205 951 2528 1008 bus.—Sed
2578 951 2807 1008 fortasse
2844 951 2960 1006 haec
3012 966 3113 1021 per
3149 951 3546 1006 contumaciam
3585 954 3815 1023 expetit,

2201 1039 2432 1099 fortasse
2458 1043 2511 1097 in
2539 1058 2605 1099 eo
2653 1042 2795 1113 quod
2823 1057 2883 1097 se
2928 1039 3168 1111 perfecte
3204 1040 3473 1109 exstingui
3520 1040 3815 1113 desiderat,

2202 1128 2518 1203 iniustitiam
2564 1134 2806 1191 ferientis
2855 1143 3092 1191 accusat.
3150 1134 3305 1189 Absit
3352 1134 3477 1189 hoc.
3532 1133 3667 1189 Nam
3707 1150 3818 1208 qua

2204 1236 2385 1284 mente
2439 1227 2491 1282 id
2539 1233 2791 1296 expetat,
2830 1227 3008 1284 verbis
3054 1225 3407 1297 sequentibus
3457 1226 3814 1296 demonstrat,

2204 1317 2434 1373 dicens:
2472 1314 2584 1371 Nec
2620 1317 2976 1372 contradicam
3013 1314 3332 1371 sermonibus
3378 1316 3569 1370 sancti.
3598 1314 3817 1386 Nequa-

2206 1424 2363 1479 quam
2413 1421 2543 1476 ergo
2581 1408 2649 1462 de
2677 1407 2940 1477 iniustitia
2969 1406 3323 1477 percutientis
3352 1415 3691 1476 murmurat,
3723 1408 3816 1477 qui

2204 1512 2577 1569 percussorem
2618 1511 2773 1551 suum
2804 1504 2861 1552 et
2901 1497 3042 1553 inter
3067 1497 3293 1552 verbera
3335 1506 3584 1553 sanctum
3632 1508 3813 1556 vocat.

2204 1588 2492 1645 Sciendum
2516 1605 2648 1645 vero
2673 1598 2755 1645 est
2802 1590 2928 1661 quia
2977 1588 3268 1659 aliquando
3298 1605 3399 1645 nos
3438 1591 3813 1658 adversarius,

2205 1679 2495 1750 aliquando
2524 1688 2704 1735 autem
2721 1680 2957 1735 conterit
2980 1680 3141 1735 Deus.
3173 1679 3254 1733 Ex
3283 1680 3613 1738 contritione
3633 1691 3816 1739 autem

2207 1767 2500 1824 adversarii
2530 1785 2560 1823 a
2587 1770 2788 1824 virtute
2816 1768 3127 1835 deficimus;
3160 1785 3254 1838 per
3275 1770 3659 1827 contritionem
3682 1788 3814 1829 vero

500 1879 723 1922 necesse
746 1874 831 1921 est
860 1873 919 1919 ut
957 1863 1166 1918 infirma
1194 1862 1518 1928 toleremus,
1552 1860 1676 1931 quia
1706 1874 1808 1913 nec
1833 1859 2103 1929 jacentem
2138 1872 2183 1931 Β
2210 1858 2423 1915 Domini
2453 1859 2641 1925 fracti,-
2685 1875 2714 1913 a
2761 1860 2905 1914 vitiis
2954 1860 3009 1914 in
3037 1860 3233 1914 virtute
3272 1861 3620 1917 roboramur.
3662 1861 3816 1920 Hauc

499 1957 676 2027 erigit,
705 1957 805 2013 nisi
836 1958 925 2027 qui
977 1963 1147 2011 status
1185 1955 1267 2010 sui
1294 1953 1671 2009 rectitudinem
1716 1968 1816 2021 per
1856 1966 2102 2022 compas-

499 2046 708 2102 sionem
743 2044 927 2101 flectit.
957 2043 1094 2100 Cum
1126 2060 1253 2100 vero
1294 2043 1482 2099 alienae
1513 2041 1814 2098 inﬁrmitati
1843 2042 2106 2114 compati-

500 2151 641 2204 mur,
662 2137 927 2191 valentius
948 2151 980 2189 a
1006 2145 1189 2191 nostra
1218 2135 1571 2201 roboramur;
1605 2144 1663 2189 ut
1686 2148 1870 2188 amore
1900 2133 2106 2188 futuro-

499 2241 618 2283 rum
664 2241 816 2281 mens
865 2226 930 2280 ad
982 2226 1264 2295 pmsentia
1313 2226 1538 2281 adversa
1597 2240 1657 2281 se
1700 2234 2000 2295 praeparet,
2048 2232 2107 2280 et

500 2316 771 2371 cruciatus
817 2315 1059 2384 corporis
1106 2330 1241 2383 quos
1289 2314 1515 2369 timebat
1562 2322 1863 2384 exspectet.
1922 2314 2107 2369 Auctis

500 2424 737 2481 namque
800 2409 1080 2464 desideriis
1126 2410 1437 2465 coelestibus
1483 2416 1828 2479 angustatur;
1877 2424 2109 2479 cumque

501 2508 717 2556 aeternae
743 2501 931 2572 patria:
960 2508 1159 2570 quanta
1196 2501 1266 2554 sit
1294 2499 1518 2555 dulcedo
1546 2500 1883 2563 considerat,
1916 2514 2018 2568 pro
2043 2513 2106 2553 ea

502 2593 780 2664 praesentis
802 2591 923 2646 vitae
945 2590 1330 2646 amaritudines
1350 2591 1604 2645 ardenter
1620 2597 1784 2644 amat.
1810 2588 1963 2643 Unde
1984 2595 2108 2659 post

501 2680 687 2739 insulsi
733 2681 836 2737 cibi
866 2680 1135 2735 fastidium
1157 2721 1173 2748 ,
1226 2688 1349 2751 post
1380 2680 1764 2748 impossibilem
1799 2680 1989 2735 mortis
2013 2692 2111 2748 gu-

509 2781 672 2839 stum,
706 2780 855 2829 recte
904 2772 1242 2841 subiungitur
1275 2790 1286 2824 :

950 2862 1177 2917 CAPUT
1207 2862 1301 2916 XV
1336 2862 1483 2936 [Rea
1525 2859 1683 2931 VII].

574 2954 733 3009 Vens.
785 2950 1064 3017 7.—Quaa
1094 2955 1233 3015 prius
1266 2961 1481 3021 tangere
1527 2950 1735 3005 nolebat
1773 2952 1949 3003 anima
1974 2966 2110 3014 mea,

502 3060 636 3099 nunc
657 3085 671 3111 ,
702 3062 811 3115 pra:
839 3047 1083 3115 angustia
1102 3085 1116 3109 ,
1146 3045 1249 3098 cibi
1276 3060 1376 3098 met
1402 3054 1539 3098 sunt.

572 3136 660 3190 18.
694 3135 817 3191 Prw
855 3154 1032 3192 amore
1062 3137 1284 3191 caelestis
1320 3137 1505 3206 patria:
1543 3134 1717 3189 exsilii
1756 3151 1935 3202 poenas
1975 3151 2117 3189 ama.

2208 1950 2593 2006 contritionem
2647 1949 2916 2019 Propheta
2964 1951 3350 2021 prospexerat',
3401 1966 3525 2005 cum
3555 1950 3811 2006 dicebat:

2210 2040 2375 2112 Reges
2401 2057 2486 2094 eos
2514 2041 2567 2094 in
2592 2040 2735 2111 virga
2763 2042 2954 2110 ferrea,
2985 2050 3034 2094 et
3066 2050 3310 2113 tanquam
3351 2057 3441 2095 ras
3468 2041 3617 2110 ﬁguli
3641 2049 3816 2097 conte-

2208 2152 2289 2190 res
2318 2153 2403 2190 eos
2427 2134 2601 2205 (Psal.
2632 2150 2701 2197 ιι,
2734 2133 2816 2203 9).
2865 2131 2924 2185 ln
2972 2131 3121 2200 virga
3175 2147 3274 2186 nos
3328 2130 3504 2186 ferrea
3555 2132 3814 2189 Dominus

2207 2226 2346 2293 regit
2391 2234 2446 2279 et
2495 2224 2759 2289 conterit,
2791 2221 2817 2260 ι)
2849 2222 2974 2294 quia
3017 2222 3179 2292 220
3225 2220 3644 2290 diSpensationis
3702 2237 3815 2277 sua:

2209 2315 2332 2369 forti
2361 2314 2686 2368 rectitudine
2729 2327 2851 2367 cum
2896 2325 2995 2365 nos
3042 2310 3269 2364 interius
3317 2310 3518 2376 reficit,
3576 2309 3814 2367 exterius

2210 2404 2414 2473 afﬂigit.
2446 2403 2580 2458 Nam
2608 2419 2717 2473 quo
2747 2404 3003 2457 virtutem
3030 2401 3208 2455 carnis
3232 2400 3509 2465 humiliat,
3554 2398 3814 2455 intentio-

2209 2513 2333 2553 nem
2359 2498 2578 2567 spiritus
2622 2495 2847 2550 exaltat.
2881 2491 3031 2546 Unde
3070 2498 3127 2546 et
3172 2490 3287 2545 haec
3331 2491 3519 2545 eadem
3559 2489 3814 2546 contritio

2211 2588 2355 2658 figuli
2383 2588 2499 2643 vasi
2528 2593 2898 2657 comparatur,
2930 2585 3072 2641 sicut
3100 2594 3156 2640 et
3182 2600 3280 2655 per
3318 2582 3547 2641 Paulum
3574 2586 3812 2643 dicitur:

2213 2680 2483 2734 Habemus
2508 2680 2804 2734 thesaurum
2818 2679 2975 2732 istum
2995 2678 3049 2731 in
3066 2678 3203 2731 vasis
3226 2675 3472 2747 ﬁctilibus
3496 2676 3583 2748 (ΙΙ
3605 2676 3815 2745 Comv,

2214 2770 2291 2840 7).
2325 2769 2427 2836 Qui
2474 2769 2634 2825 simul
2673 2767 3054 2823 contritionem
3104 2775 3161 2821 et
3196 2766 3439 2837 regimen
3489 2767 3815 2837 exprimens,

2214 2866 2292 2919 ait
2324 2882 2336 2917 :
2371 2863 2513 2919 Licet
2539 2865 2586 2918 is
2630 2866 2715 2934 qui
2750 2864 2879 2934 {oris
2932 2870 3009 2917 est
3050 2870 3225 2916 noster
3250 2862 3421 2916 .homo
3452 2863 3815 2930 corrumpitur,

2218 2968 2385 3011 tamen
2442 2959 2487 3012 is
2534 2957 2620 3028 qui
2667 2956 2807 3010 intus
2876 2962 2953 3009 est
3004 2944 3281 3009 renouatur
3332 2954 3396 3008 de
3450 2953 3533 3007 die
3580 2954 3634 3007 in
3681 2953 3817 3007 diem

2219 3050 2406 3124 (Ibid.,
2439 3050 2551 3121 16).
2596 3048 2740 3124 [Vet.
2772 3046 2970 3118 VIII.]
3023 3046 3254 3103 Sanctus
3283 3047 3443 3116 igitur
3472 3047 3575 3113 vir,
3608 3060 3699 3117 qut
3725 3060 3817 3118 ap-

2217 3142 2583 3213 propinquare
2631 3140 2743 3194 Deo
2795 3139 2959 3193 etiam
3010 3153 3107 3208 per
3157 3136 3366 3208 flagella
3411 3137 3702 3206 desiderat,
3723 3152 3817 3209 per

505 3227 876 3283 mus.-—Mens
914 3228 1058 3283 enim
1088 3228 1219 3297 justi
1258 3225 1574 3293 proficiens,
1608 3241 1727 3297 qua}
1770 3227 1948 3295 prius,
1985 3226 2111 3280 dum
2142 3262 2187 3324 α
2219 3232 2473 3303 spiritum
2511 3229 2832 3284 humilitatis
2870 3229 3013 3284 dicat
3047 3247 3059 3281 :

505 3318 615 3372 sola
645 3318 862 3386 propria
913 3326 1155 3382 curaret,
1195 3317 1337 3372 ferre
1383 3317 1558 3371 aliena
1606 3316 1940 3383 fastidiebat,
1994 3332 2113 3387 qua:

507 3407 683 3463 minus
731 3408 921 3463 alienis
962 3408 1330 3476 compatiens,
1387 3408 1763 3462 convalescere
1795 3416 1981 3462 contra
2013 3408 2112 3463 ad-

508 3512 667 3551 versa
697 3513 804 3552 non
835 3505 1067 3567 poterat,
1095 3512 1217 3551 cum
1242 3498 1307 3551 ad
1339 3498 1617 3554 toleranda
1640 3499 1870 3568 proximi
1902 3498 2114 3555 inﬁrma

507 3602 564 3644 se
590 3587 840 3654 attrahit,
874 3588 941 3644 ad
971 3588 1195 3643 adversa
1230 3587 1533 3657 superanda
1562 3590 1921 3656 convalescit;
1953 3590 2027 3644 ita
2057 3598 2117 3644 ut

508 3691 604 3748 pro
642 3692 828 3733 amore
869 3678 1111 3734 veritatis
1149 3679 1430 3749 praesentis
1478 3680 1599 3735 vita:
1649 3681 1919 3738 cruciatus
1966 3689 2116 3735 tanto

508 3776 629 3839 post
659 3777 684 3804 η
719 3766 912 3823 fortius
944 3777 1189 3839 appetat,
1216 3777 1420 3840 quanto
1450 3770 1595 3839 prius
1619 3770 1825 3825 infirma
1854 3770 2114 3841 fugiebat.

508 3855 856 3914 lnclinatioue
901 3874 1136 3930 namque
1182 3875 1279 3914 sua
1329 3859 1584 3928 erigitur,
1620 3862 1945 3917 attractione
1993 3870 2115 3916 ten-

508 3947 680 4016 ditur,
714 3950 1092 4019 compassioue
1140 3951 1464 4016 roboratur;
1511 3966 1742 4020 cumque
1772 3951 1826 4005 in
1875 3966 2119 4006 amorem

508 4039 736 4111 proximi
780 4054 839 4094 se
887 4038 1109 4104 dilatat,
1156 4039 1311 4108 quasi
1378 4055 1446 4094 ex
1516 4038 1866 4096 meditatione
1912 4040 2120 4109 colligit

511 4138 710 4199 quanta
740 4127 1051 4183 fortitudine
1074 4129 1126 4182 in
1151 4138 1429 4185 auctorem
1451 4138 1653 4198 surgat.
1686 4129 1934 4185 Charitas
1966 4147 2120 4185 nam-

510 4230 639 4285 que,
670 4231 788 4285 quae
818 4232 917 4271 nos
947 4218 1014 4270 ad
1044 4217 1151 4272 vim
1174 4219 1565 4287 compassionis
1586 4220 1854 4285 humiliat,
1881 4221 2042 4277 altius
2064 4222 2119 4277 in

511 4304 747 4361 eulmine
785 4306 1263 4374 contemplationis
1312 4307 1485 4388 levat;
1518 4318 1573 4363 et
1613 4310 1963 4379 multiplicata
2007 4312 2120 4381 jam

512 4393 808 4467 majoribus
832 4394 1112 4450 desideriis
1140 4403 1352 4461 mstpat,
1392 4396 1503 4465 jam
1533 4399 1816 4467 pervenire
1844 4400 1912 4454 ad
1955 4402 2120 4457 vitam

511 4485 759 4557 spiritus,
784 4485 949 4540 etiam
974 4500 1071 4555 per
1097 4486 1368 4541 cruciatus
1397 4488 1663 4557 corporis,
1691 4490 1926 4545 anhelat.
1961 4490 2121 4558 Quod

511 4590 640 4647 ergo
687 4576 836 4648 prius
886 4584 1104 4645 tangere
1146 4576 1400 4643 nolebat,
1433 4578 1536 4634 hoc
1564 4586 1687 4649 post
1725 4595 1835 4649 pra:
1875 4582 2122 4651 angustia

511 4666 774 4733 comedit,
805 4667 896 4736 qui
926 4665 1189 4722 desideria
1210 4681 1305 4720 sua
1331 4667 1422 4721 vix
1449 4668 1668 4736 capiens
1686 4708 1701 4734 ,
1729 4675 1785 4724 et
1812 4668 1957 4740 ipsas
1980 4685 2119 4740 quas

511 4760 711 4816 dudum
740 4761 1011 4825 timuerat,
1032 4758 1143 4828 jam
1175 4775 1286 4829 prie
1306 4775 1494 4816 amore
1516 4761 1752 4817 caelestis
1779 4764 1967 4832 patria:
1996 4779 2116 4836 poe-

512 4867 609 4907 nas
638 4859 804 4906 amat.
836 4851 895 4906 Si
933 4854 1077 4908 enim
1130 4868 1282 4909 mens
1328 4853 1382 4909 in
1431 4854 1601 4910 Deum
1642 4854 1767 4911 forti
1816 4857 2118 4915 intentione

510 4940 778 5010 dirigitur,
812 4942 1073 5014 quidquid
1094 4943 1195 4999 sibi
1240 4942 1295 4998 in
1317 4945 1419 5000 hac
1446 4946 1556 5000 vita
1580 4960 1821 5001 amarum
1852 4947 1928 5013 fit,
1957 4947 2117 5005 dulce

510 5033 763 5099 aestimat,
783 5048 944 5089 omne
971 5034 1117 5103 quod
1145 5033 1334 5104 afﬂigit
1355 5038 1595 5107 requiem
1615 5046 1795 5109 putat;
1815 5041 2045 5097 transire
2060 5048 2118 5097 et

513 5140 610 5197 per
640 5132 871 5180 mortem
895 5126 1123 5195 appetit,
1153 5138 1213 5180 ut
1234 5126 1479 5183 obtinere
1499 5129 1662 5183 vitam
1680 5130 1895 5200 plenius
1918 5133 2090 5199 possit
2111 5163 2127 5212 ς

515 5217 753 5274 funditus
785 5217 840 5271 in
886 5215 1083 5271 inﬁmis
1132 5219 1402 5285 exstingui
1438 5218 1740 5284 desiderat,
1791 5237 1897 5293 quo
1946 5236 2128 5277 verms

512 5323 721 5364 summa
743 5307 1092 5363 conscendat.
1118 5306 1225 5362 Sed
1242 5306 1356 5363 haec
1379 5308 1445 5364 de
1473 5308 1905 5381 cujuslibetjusti
1922 5312 2124 5378 animo,

515 5401 628 5455 haec
656 5399 722 5455 de
739 5400 882 5455 beati
901 5397 1003 5461 Job
1024 5407 1205 5453 mente
1231 5402 1491 5458 mentior.
1531 5404 1632 5459 nisi
1652 5404 1768 5476 ipse
1789 5406 2078 5476 subjungat
2108 5424 2125 5463 :

1122 5511 1350 5567 CAPUT
1380 5506 1518 5572 XVI.

586 5604 748 5661 Vens.
781 5602 1159 5670 8—10..—Quis
1206 5614 1290 5660 aet
1328 5616 1384 5660 ut
1428 5609 1598 5662 veniat
1653 5611 1832 5680 petitio
1870 5629 2015 5679 mea,
2069 5621 2120 5669 et

589 5769 612 5796 ι
661 5759 940 5837 Norman.,
958 5769 1110 5837 tanta
1126 5771 1240 5834 post
1266 5764 1417 5833 {ortis
1440 5773 1668 5834 appetat.
1697 5763 1844 5823 Unus
1865 5756 2114 5837 Vindbc.,

526 5840 609 5883 tan
621 5840 670 5885 to
702 5842 815 5900 post
846 5833 1047 5901 fortior.

594 5901 617 5937 δ
660 5901 871 5957 Gemet.
917 5918 977 5957 ac
1016 5918 1152 5958 unus
1198 5903 1495 5975 Compcnd.
1520 5946 1535 5972 ,
1568 5911 1689 5978 quia
1718 5908 2117 5977 dispensationis

2808 3320 3040 3377 CAPUT
3081 3321 3241 3377 XVII.

2293 3416 2453 3472 Vens.
2487 3412 2722 3477 9.—Qui
2751 3416 2929 3485 coepit,
2969 3415 3081 3483 ipse
3107 3431 3188 3469 me
3216 3422 3465 3470 conterat.

2288 3505 2375 3558 ΞΟ.
2418 3503 2737 3573 Eﬁ'erentem
2763 3520 2818 3557 se
2845 3504 2907 3558 de
2936 3504 3209 3558 uirtutibus
3249 3504 3389 3560 Deus
3427 3508 3822 3563 misericorditer

2218 3598 2450 3667 corripit.
2473 3594 2868 3664 —Plerumque
2906 3596 3050 3650 enim
3082 3596 3331 3651 vitiorum
3355 3598 3738 3653 contritionem
3770 3600 3826 3657 in

2218 3686 2374 3740 nobis
2399 3698 2558 3753 agere
2588 3685 2843 3739 Dominus
2868 3684 3120 3752 inchoat;
3152 3684 3245 3740 sed
3271 3699 3393 3739 cum
3422 3701 3573 3742 mens
3600 3703 3668 3742 ex
3702 3688 3825 3758 ipso

2219 3776 2444 3831 exordio
2471 3784 2761 3846 provectus
2784 3776 3084 3843 extollitur,
3110 3792 3341 3847 cumque
3365 3792 3424 3833 se
3444 3777 3558 3847 jam
3581 3782 3737 3849 quasi
3761 3783 3825 3838 de

2218 3866 2509 3921 virtutibus
2536 3866 2709 3933 erigit,
2744 3864 2986 3920 s'mvienti
3018 3873 3209 3920 contra
3255 3880 3316 3922 se
3352 3866 3665 3925 adversario
3710 3870 3824 3925 adi-

2220 3966 2336 4015 tum
2368 3960 2571 4031 pandit,
2606 3959 2698 4028 qui
2726 3958 2905 4015 cordis
2942 3958 3129 4013 intima
3157 3964 3467 4029 penetrans,
3500 3975 3663 4017 omne
3684 3963 3824 4031 quod

2222 4051 2278 4106 in
2316 4067 2379 4106 ea
2407 4051 2476 4107 de
2504 4051 2681 4105 studio
2710 4052 2864 4107 bonae
2890 4051 3254 4108 inchoationis
3279 4052 3564 4119 invenerit,
3596 4054 3825 4109 confrin-

2221 4139 2331 4208 git;
2368 4150 2623 4211 tantoque
2667 4154 2726 4196 se
2768 4141 3142 4196 vehementius
3194 4140 3248 4196 in
3290 4141 3408 4212 ejus
3456 4141 3826 4201 confractione

2223 4229 2470 4294 exhibet,
2499 4238 2701 4299 quanto
2750 4239 2806 4286 et
2846 4230 3093 4300 gravius,
3144 4229 3268 4302 quia
3317 4231 3404 4286 vel
3443 4230 3513 4286 ad
3555 4232 3825 4291 modicum

2225 4319 2403 4375 fuerat
2449 4328 2771 4389 provectus,
2812 4319 2979 4375 dolet.
3040 4317 3191 4377 Unde
3232 4330 3289 4378 et
3338 4330 3476 4379 teste
3516 4321 3824 4396 Evangelio,

2224 4426 2360 4467 voce
2384 4412 2661 4479 Veritatis,
2685 4412 2753 4468 ad
2779 4414 3077 4483 neglectam
3101 4414 3317 4471 domum
3344 4419 3688 4474 conscientia:
3716 4421 3826 4490 spi-

2224 4505 2362 4561 ritus
2390 4505 2697 4561 immundus
2723 4506 2815 4576 qui
2844 4505 2993 4561 solus
3016 4506 3151 4562 exiit
3173 4524 3297 4563 cum
3320 4508 3596 4579 spiritibus
3619 4520 3826 4584 septem

2225 4595 2364 4651 redit
2392 4594 2609 4663 (Matth.
2636 4613 2729 4660 xu,
2759 4595 2873 4663 45).
2903 4594 2981 4651 Ne
3009 4611 3139 4667 ergo
3166 4607 3290 4668 post
3317 4598 3509 4654 divina:
3530 4602 3826 4672 correptio-

2223 4686 2308 4743 nis
2336 4687 2559 4743 exordia
2589 4688 2841 4760 antiquus
2870 4687 3041 4743 hostis
3061 4689 3341 4760 subripiat,
3371 4699 3535 4761 atque
3562 4691 3630 4747 ad
3658 4693 3829 4749 virtu-

2223 4784 2339 4832 tum
2362 4776 2787 4833 confractionem
2808 4776 3006 4843 trahat,
3025 4786 3243 4833 sanctus
3260 4778 3342 4833 vir
3358 4793 3596 4848 congrue
3616 4790 3830 4851 exorat,

2221 4868 2406 4925 dicens
2438 4886 2450 4921 :
2482 4866 2584 4932 Qui
2613 4868 2792 4938 carpit,
2822 4869 2935 4935 ipse
2954 4884 3035 4922 me
3063 4878 3311 4924 conterat.
3344 4870 3422 4926 Ac
3448 4873 3494 4926 si
3523 4882 3711 4943 aperte
3748 4874 3830 4930 di-

2219 4961 2365 5018 dicat
2394 4980 2405 5016 :
2432 4960 2568 5032 Hoc,
2592 4962 2737 5032 quod
2765 4963 2818 5018 in
2840 4978 2929 5019 me
2953 4978 3180 5019 exorsus
3204 4972 3288 5019 est
3309 4962 3569 5034 perficere
3586 4963 3830 5041 feriendo

2220 5066 2329 5106 non
2358 5050 2591 5119 desinat,
2620 5066 2689 5106 ne
2708 5051 2981 5109 desertum
3004 5068 3093 5109 me
3122 5053 3433 5109 adversario
3454 5053 3521 5108 ad
3544 5054 3830 5111 contritio.

2232 5157 2355 5199 nem
2385 5143 2586 5199 tradat.
2623 5143 2775 5201 Unde
2804 5153 2859 5201 et
2882 5154 3009 5210 apte
3046 5146 3335 5203 subditur:

2801 5232 3030 5290 CAPUT
3075 5232 3257 5291 XVIII.

2302 5322 2691 5379 Isto—Solvat
2731 5341 2942 5380 manum
2967 5343 3145 5393 suam,
3179 5335 3228 5381 et
3255 5327 3489 5381 succidat
3514 5344 3615 5383 me.

2299 5416 2389 5472 2|.
2432 5414 2601 5483 Quam
2649 5419 2930 5474 timendum
2972 5437 3038 5475 ne
3086 5410 3173 5474 ad.
3202 5414 3437 5493 ferienda
3479 5428 3661 5478 nostra
3707 5421 3834 5478 vitia

2227 5510 2442 5579 ligatam
2472 5530 2680 5567 manum
2692 5522 2892 5569 'teneat.
2910 5512 3146 5583 —Saepe
3173 5528 3408 5585 namque
3442 5512 3632 5570 fiducia
3658 5512 3833 5583 longae

2227 5608 2599 5679 prosperitatis
2624 5607 2815 5680 inflati,
2847 5610 2901 5666 in
2930 5609 3167 5680 quodam
3203 5620 3224 5649 ο
3266 5615 3412 5667 statu
3444 5608 3694 5667 elationis
3717 5605 3831 5668 eri-

2227 5803 2334 5842 sua:
2357 5789 2677 5860 fortitudine.

2302 5870 2322 5898 α
2358 5859 2593 5926 ⁷Τιιτοηη
2621 5861 2676 5914 in
2705 5859 2927 5932 quodam
2954 5862 3112 5934 fastu.
