4150 6450
386 447 493 502 7⁸17

1286 439 1644 498 HORALIUM
1681 438 1810 496 LIB.
1852 441 1965 500 VII.
2002 470 2077 487 —
2111 440 2178 498 IN
2214 440 2440 501 CAPUT
2478 442 2545 499 VI
2585 444 2646 500 Β.
2687 444 2826 502 JOB.

3556 448 3658 502 778

379 561 576 631 gimur.
609 557 857 628 Cumque
888 567 989 610 nos
1025 551 1211 608 extolli
1256 553 1506 611 conditor
1551 554 1847 625 conspicit,
1890 552 1987 613 sed
2011 558 2065 622 Α
2088 569 2214 626 erga
2242 572 2342 612 nos
2383 555 2579 612 tacitus
2606 566 2882 628 operatur.
2912 556 3111 615 Beatus
3140 558 3300 628 igitur
3325 555 3425 613 Job
3454 572 3658 613 sermo-

378 665 623 706 amorem
665 662 825 704 suum
867 659 994 714 erga
1040 659 1141 699 nos
1184 658 1282 714 per
1326 643 1553 700 verbera
1594 660 1701 700 non
1742 652 1981 713 exercet,

379 740 534 813 quasi
564 738 633 793 ad
656 736 897 794 ferienda
925 740 1109 791 nostra
1137 734 1268 789 vitia
1298 750 1518 790 manum
1563 735 1781 805 ligatam
1809 744 1979 791 tenet.

381 834 466 890 An
496 849 604 890 non
631 831 854 888 affectus
890 829 976 885 sui
1004 843 1224 883 manum
1261 827 1521 897 ligaverat
1565 843 1688 883 cum
1730 826 1985 899 peccanti

384 925 585 996 populo
611 922 863 981 dicebat:
895 919 1019 975 Iam
1057 935 1161 974 non
1200 918 1401 972 irascar
1431 917 1520 971 tibi
1548 917 1702 988 (Isai.
1753 930 1857 984 LIV,
1889 914 1981 988 9);

385 1023 442 1072 et
472 1032 487 1069 :
514 1014 670 1070 Zelus
698 1029 842 1069 meus
868 1011 1081 1067 recessit
1118 1026 1150 1063 a
1175 1017 1222 1062 te
1253 1005 1469 1079 (Ezech.
1494 1023 1606 1075 xvr,
1631 1007 1764 1076 42)?
1788 1016 1815 1045 ι
1855 1006 1979 1062 Sol-

384 1116 469 1163 vat
508 1122 641 1179 ergo
686 1123 895 1163 manum
940 1104 1154 1171 dicitur,
1193 1109 1447 1158 exerceat
1488 1102 1760 1157 affectum.
1814 1100 1985 1157 Recte

385 1208 565 1256 autem
592 1199 929 1270 subjungitur
961 1214 975 1250 :
1007 1194 1078 1249 Et
1105 1194 1337 1249 succidat
1355 1210 1453 1248 me.
1485 1192 1622 1248 Cum
1657 1192 1801 1248 enim
1828 1207 1985 1248 secu-

382 1304 475 1347 ros
501 1306 600 1346 nos
621 1305 685 1345 ac
711 1289 779 1344 de
817 1288 1079 1343 virtutum
1118 1284 1394 1340 afﬂuentia
1422 1284 1625 1352 elatos,
1668 1283 1984 1354 repentinus

383 1378 472 1433 vel
498 1378 695 1448 flagelli
734 1378 918 1442 dolor,
960 1376 1047 1432 vel
1084 1374 1412 1431 infirmitatis
1450 1375 1680 1431 tentatio
1722 1376 1981 1445 percutit,

383 1470 630 1539 protinus
671 1485 701 1524 a
736 1477 912 1525 status
952 1468 1036 1525 sui
1078 1468 1284 1525 vertice
1326 1467 1522 1523 mentis
1563 1476 1764 1525 nostra:
1819 1469 1982 1525 elatio

382 1562 591 1617 succisa
622 1560 787 1628 cadit,
812 1569 873 1616 ut
890 1560 959 1616 de
978 1560 1264 1629 semetipsa
1288 1558 1421 1613 nihil
1446 1558 1663 1627 audeat,
1690 1558 1804 1624 sed,
1832 1558 1982 1614 infir-

382 1657 584 1713 mitatis
606 1673 719 1713 suae
764 1657 877 1713 ictu
916 1664 1187 1727 prostrata
1205 1693 1221 1721 ,
1246 1670 1465 1710 manum
1494 1654 1721 1711 levantis
1751 1664 1977 1725 quaerat.

382 1745 518 1802 Hinc
557 1756 643 1803 est
678 1746 827 1819 quod
869 1747 1042 1803 sancti
1088 1747 1189 1803 viri
1233 1762 1359 1804 cum
1408 1746 1479 1804 de
1528 1747 1741 1803 occulta
1766 1759 1894 1816 erga
1921 1760 1982 1802 se

381 1840 732 1911 dispositione
766 1840 1007 1912 suspecti
1047 1847 1203 1907 sunt,
1236 1840 1360 1911 plus
1386 1852 1647 1909 prospera
1690 1838 1805 1908 ipsa
1852 1853 1980 1908 per-

380 1933 698 2000 timescunt,
730 1933 928 1990 tentari
967 1939 1251 2003 appetunt,
1276 1929 1536 2003 ﬂagellari
1559 1930 1973 2001 concupiscunt,
2005 1959 2055 2022 Β

380 2038 645 2099 quatenus
673 2029 946 2085 incautam
982 2034 1222 2083 mentem
1251 2033 1430 2080 metus
1473 2034 1529 2081 et
1561 2023 1717 2079 dolor
1744 2022 1973 2088 erudiat,

380 2136 451 2177 ne
474 2122 529 2176 in
558 2122 661 2177 hac
682 2120 1137 2193 peregrinationis
1163 2118 1277 2185 via,
1298 2119 1457 2173 hoste
1483 2131 1552 2172 ex
1573 2114 1779 2171 insidiis
1805 2130 1980 2171 erum-

378 2221 571 2283 pente,
614 2228 711 2270 sua
742 2212 985 2269 eamdem
1014 2211 1254 2267 deterius
1290 2208 1552 2265 securitas
1573 2214 1801 2264 Sternat.
1838 2204 1977 2262 Hinc

378 2302 668 2359 Psalmista
723 2303 800 2359 ait
839 2321 853 2357 :
903 2301 1077 2357 Proba
1135 2319 1246 2367 me,
1295 2299 1541 2366 Domine,
1599 2306 1650 2353 et
1700 2289 1840 2353 tenta
1896 2312 1978 2352 me

379 2394 567 2468 (Psal.
609 2411 745 2463 xxv,
793 2393 881 2464 2).
924 2391 1062 2449 llinc
1119 2393 1317 2448 iterum
1355 2391 1484 2446 dicit
1534 2408 1545 2443 :
1597 2388 1713 2460 Ego
1768 2389 1836 2442 ad
1872 2390 1975 2459 ﬂa-

377 2486 514 2558 gella
557 2496 770 2557 paratus
806 2502 919 2540 sum
959 2484 1145 2556 (Psal.
1198 2499 1411 2549 xxxvu,
1462 2481 1591 2554 18).
1632 2481 1770 2548 Quia
1830 2482 1975 2536 enim

377 2579 549 2647 sancti
581 2578 773 2634 mentis
797 2593 909 2634 suae
929 2576 1289 2648 correptionis
1315 2576 1508 2632 vulnus
1545 2575 1662 2631 sine
1694 2575 1977 2645 putredine

377 2686 486 2727 non
509 2685 629 2727 esse
658 2671 1024 2741 considerant,
1052 2670 1281 2726 libenter
1302 2685 1360 2726 se
1386 2670 1486 2725 sub
1507 2684 1669 2725 manu
1692 2668 1883 2724 medici
1906 2668 1975 2723 ad

378 2763 645 2821 sectiones
667 2772 887 2833 parant,
920 2770 1008 2829 ut,
1039 2770 1230 2832 aperto
1268 2761 1525 2828 vulnere,
1581 2761 1727 2817 virus
1766 2758 1977 2830 peccati

378 2860 558 2919 exeat,
580 2852 728 2923 quod
754 2867 887 2909 sana
902 2861 1026 2908 cute
1046 2852 1191 2909 intus
1211 2851 1512 2909 occidebat.
1539 2849 1693 2908 Unde
1718 2858 1776 2908 et
1799 2850 1978 2906 adhuc

378 2943 623 2999 subditur
648 2961 663 2998 :

972 3056 1202 3115 CAPUT
1236 3055 1378 3114 XIX.

450 3192 608 3248 Vens.
634 3190 868 3246 10.—Et
893 3192 1000 3247 haec
1028 3193 1156 3247 mihi
1196 3193 1266 3247 sit
1292 3191 1596 3259 consolatio,
1639 3201 1695 3246 ut
1742 3170 1974 3265 affligens

377 3300 461 3340 me
481 3285 679 3348 dolore,
708 3300 812 3339 non
850 3292 1051 3351 parcat.

443 3374 534 3433 22.
574 3346 759 3431 Sancti
812 3346 991 3429 timent
1052 3391 1336 3446 prospera,
1390 3377 1602 3446 cupiunt
1649 3346 2045 3446 flagella.—-c

376 3464 545 3521 Electi
572 3466 811 3536 quicum
858 3474 1200 3537 perpetrasse
1226 3482 1286 3523 se
1332 3466 1517 3522 illicita
1560 3474 1860 3533 noverunt,
1882 3465 1975 3521 sed

376 3567 775 3631 perscrutantes
795 3560 1076 3616 inveniunt
1094 3560 1219 3631 quia
1242 3560 1385 3616 nulla
1408 3576 1507 3631 pro
1528 3560 1731 3617 illicitis
1749 3559 1976 3616 adversa

373 3654 609 3724 perpessi
632 3663 787 3723 sunt,
829 3654 882 3708 vi
930 3654 1207 3711 immensa:
1246 3652 1547 3711 formidinis
1609 3658 1767 3726 22],
1817 3654 1972 3711 tabe-

375 3755 556 3814 scunt,
587 3762 787 3819 pavore
810 3755 1072 3815 aestuant,
1098 3748 1329 3803 sinistris
1368 3748 1555 3817 agitati
1582 3746 1977 3819 suspicionibus

375 3835 644 3909 laborant,
672 3855 743 3895 ne
770 3840 824 3895 in
846 3848 1107 3895 aeternum
1127 3855 1188 3895 se
1214 3842 1386 3909 gratia
1412 3841 1731 3907 deseruerit,
1761 3856 1898 3910 quos
1919 3842 1975 3897 in

375 3931 623 4001 praesenti
651 3932 761 3985 vita
790 3931 917 3985 mali
953 3931 1037 3986 sui
1067 3931 1352 3986 retributio
1400 3932 1546 3987 nulla
1592 3934 1857 4002 custodit;
1903 3934 1973 3988 ti-

376 4029 523 4075 ment
548 4036 616 4076 ne
643 4021 776 4077 ultio
801 4036 919 4093 quae
951 4020 1295 4091 suspenditur
1318 4020 1534 4089 gravior
1572 4021 1627 4076 in
1656 4022 1762 4077 fine
1788 4037 1974 4077 serve-

376 4117 495 4177 tur;
518 4110 666 4167 feriri
697 4120 913 4182 paterna
936 4110 1281 4180 correptione
1301 4109 1628 4177 desiderant,
1654 4118 1710 4167 et
1731 4111 1974 4167 dolorem

375 4199 611 4257 vulneris
636 4200 991 4257 medicamina
1018 4200 1208 4256 salutis
1246 4207 1455 4271 putant.
1479 4199 1646 4258 Recte
1675 4215 1805 4272 ergo
1832 4218 1975 4259 nunc

376 4288 571 4346 dicitur
596 4308 610 4345 :
644 4291 773 4346 Haec
794 4291 920 4346 milii
951 4291 1020 4347 sit
1044 4291 1349 4359 consolatio,
1371 4300 1427 4346 ut
1445 4291 1676 4365 affligens
1698 4310 1779 4348 me
1798 4293 1976 4349 dolore

376 4398 479 4436 non
506 4393 711 4453 parcat.
744 4385 822 4440 Ac
840 4386 886 4442 si
913 4394 1101 4456 aperte
1127 4385 1399 4441 diceretur
1424 4404 1439 4440 :
1466 4384 1568 4453 Qui
1593 4385 1718 4443 ideo
1747 4387 1838 4444 hic
1856 4389 1976 4459 qui-

375 4469 598 4527 busdam
626 4476 824 4543 parcit,
855 4483 916 4530 ut
943 4491 1038 4531 eos
1065 4475 1120 4529 in
1144 4484 1467 4547 perpetuum
1511 4475 1694 4543 feriat;
1734 4476 1857 4533 ideo
1886 4478 1976 4535 hic

376 4575 463 4615 me
487 4560 660 4627 feriat,
692 4569 752 4617 ut
778 4577 885 4617 non
914 4564 1206 4632 parcendo,
1235 4565 1291 4620 in
1309 4572 1628 4636 perpetuum
1660 4573 1865 4636 parcat.
1896 4564 1974 4621 Ex

376 4651 667 4709 afflictione
692 4654 835 4708 enim
865 4669 951 4709 me
992 4654 1279 4723 consolor,
1320 4658 1444 4726 quia
1482 4658 1844 4727 corruptionis
1871 4658 1974 4713 hu-

2085 645 2242 702 nibus
2289 645 2387 702 Dei
2431 647 2844 713 contradiceret,
2876 648 2922 705 si
2969 649 3038 704 de
3064 648 3181 719 ejus
3230 649 3664 720 percussionibus

2083 743 2459 792 murmuraret.
2493 736 2599 792 Sed
2621 738 2750 808 quid
2778 739 2845 794 de
2866 754 3186 809 percussore
3212 755 3313 795 suo
3335 739 3551 805 sentiat,
3582 739 3667 793 in-

2068 829 2243 896 .dicat,
2272 831 2363 900 qui
2378 831 2539 903 (sicut
2553 829 2665 899 jam
2680 830 2932 903 diximus)
2948 848 3106 904 quem
3128 832 3410 890 ferientem
3445 832 3663 896 tolerat,

2085 928 2327 977 sanctum
2355 929 2532 977 vocat.
2558 920 2848 991 Sequitur:

2297 1050 2523 1109 CAPUT
2560 1050 2682 1108 XXI
2720 1051 2865 1123 [Vet.
2909 1051 3014 1119 IX,
3065 1052 3190 1110 Rec.
3256 1053 3445 1126 VIII].

2158 1185 2319 1242 Vens.
2360 1186 2451 1243 11.
2482 1219 2553 1231 —-
2583 1185 2711 1253 Quae
2739 1198 2814 1243 est
2855 1189 2993 1243 enim
3026 1191 3274 1261 fortitudo
3305 1209 3435 1260 mea,
3466 1200 3521 1245 ut
3546 1208 3665 1247 sus-

2084 1282 2306 1347 tineam;
2346 1291 2435 1335 aut
2455 1283 2568 1355 quis
2593 1284 2715 1351 ﬁnis
2744 1299 2910 1349 meus,
2934 1292 2992 1337 ut
3013 1284 3266 1354 patienter
3290 1288 3477 1357 agam?

2155 1371 2242 1427 24.
2276 1369 2403 1437 Qua:
2446 1379 2710 1445 justorum
2758 1374 3037 1446 fortitudo,
3081 1391 3195 1447 qua:
3221 1376 3570 1446 reproborum.
3593 1406 3667 1418 —

2082 1461 2371 1518 Sciendum
2394 1464 2539 1533 quod
2559 1464 2665 1518 alia
2684 1463 2974 1535 justorum,
2996 1473 3159 1534 atque
3180 1466 3282 1520 alia
3306 1474 3390 1524 est
3408 1466 3665 1524 fortitudo

2082 1557 2457 1626 reproborum.
2490 1556 2765 1613 iustorum
2804 1558 3004 1628 quippe
3045 1557 3305 1614 fortitudo
3337 1568 3421 1614 est
3446 1574 3666 1615 carnem

2081 1650 2318 1719 vincere,
2373 1651 2610 1722 prepriis
2637 1648 2665 1689 ιι
2696 1650 3063 1707 voluntatibus
3088 1651 3377 1718 contraire,
3426 1650 3667 1706 delecta-

2082 1741 2284 1798 tionem
2309 1742 2434 1797 vitae
2462 1743 2740 1813 praesentis
2771 1743 3131 1812 exstinguere,
3173 1742 3332 1812 hujus
3361 1742 3544 1797 mundi
3575 1754 3677 1796 as-'

2080 1849 2211 1905 pera
2239 1850 2336 1904 pro
2362 1835 2577 1890 aeternis
2605 1835 2838 1905 praemiis
2878 1849 3080 1899 amare,
3113 1835 3486 1905 prosperitatis
3512 1833 3666 1889 blan-

2082 1926 2319 1982 dimenta
2347 1935 2716 1992 contemnere,
2748 1936 2770 1964 σ
2809 1926 3144 1981 adversitatis
3169 1935 3372 1981 metum
3400 1925 3455 1981 in
3504 1926 3667 1981 corde

2080 2031 2360 2087 superare.
2393 2016 2771 2087 Reproborum
2797 2031 2927 2071 vero
2956 2014 3218 2071 fortitudo
3248 2024 3329 2071 est
3356 2016 3669 2070 transitoria

2078 2109 2196 2165 sine
2242 2109 2548 2165 cessatione
2597 2107 2838 2177 diligere,
2882 2116 3073 2163 contra
3116 2106 3326 2175 flagella
3371 2105 3668 2161 conditoris

2078 2199 2463 2256 insensibiliter
2507 2198 2818 2269 perdurare,
2860 2198 2927 2253 ab
2958 2212 3142 2252 amore
3186 2212 3367 2252 rerum
3397 2204 3668 2266 tempora-

2076 2291 2207 2347 lium
2244 2306 2344 2346 nec
2379 2305 2449 2346 ex
2494 2290 2818 2347 adversitate
2863 2290 3160 2361 quiescere,
3189 2288 3260 2344 ad
3306 2290 3517 2344 inanem
3545 2288 3664 2358 glo-

2075 2384 2210 2438 riam
2240 2384 2403 2438 etiam
2447 2398 2567 2438 cum
2598 2382 2722 2436 vitae
2759 2380 3084 2437 detrimento
3112 2380 3415 2451 pervenire,
3445 2379 3664 2433 malitia:

2076 2485 2364 2546 augmenta
2393 2476 2704 2546 exquirere,
2730 2474 3001 2531 bonorum
3026 2474 3191 2529 vitam
3216 2489 3321 2530 non
3342 2460 3519 2528 selum
3543 2488 3667 2527 ver-

2075 2567 2159 2622 bis
2187 2583 2251 2623 ac
2277 2568 2538 2635 moribus,
2570 2567 2665 2622 sed
2694 2566 2857 2622 etiam
2886 2567 3076 2638 gladiis
3121 2566 3459 2635 impugnare,
3491 2564 3546 2618 in
3574 2578 3663 2618 se-

2075 2660 2318 2729 metipsis
2346 2674 2498 2729 spem
2528 2673 2751 2730 ponere,
2776 2658 3117 2730 iniquitatem
3144 2657 3385 2727 quotidie
3411 2655 3528 2711 sine
3557 2655 3666 2710 uilo
3708 2666 3715 2667 ί

2074 2754 2326 2809 desiderii
2355 2752 2567 2808 defectu
2592 2761 2927 2823 perpetrare.
2955 2750 3091 2805 Hinc
3118 2758 3200 2806 est
3220 2748 3366 2819 quod
3393 2763 3490 2819 per
3514 2746 3666 2819 Psaly

2074 2842 2291 2899 mistam
2318 2843 2513 2899 dicitur
2538 2844 2606 2898 ad
2644 2842 2881 2898 electos:
2922 2840 3159 2896 Virititer
3185 2841 3340 2912 agite,
3372 2850 3423 2894 et
3457 2840 3666 2909 confar-

2078 2945 2211 2992 tetur
2235 2954 2324 2992 cor
2343 2945 2589 3005 vestrum,
2608 2951 2785 2990 omnes
2806 2936 2892 3007 qui
2910 2935 3133 3006 speratis
3158 2935 3213 2989 in
3239 2933 3457 2988 Domino
3485 2932 3658 3003 (Psal.

2074 3044 2206 3095 xxx,
2228 3026 2344 3098 25).
2368 3026 2505 3082 Hinc
2541 3041 2639 3097 per
2667 3025 2988 3096 prophetam
3012 3024 3255 3095 reprobis
3292 3024 3488 3079 dicitur
3515 3040 3529 3076 :
3573 3023 3666 3078 Va:

2073 3122 2161 3194 qui
2180 3129 2412 3193 potentes
2437 3121 2559 3177 estis
2584 3119 2653 3173 ad
2671 3118 2955 3187 potandum
2990 3118 3185 3183 vinum,
3212 3125 3261 3170 et
3291 3118 3383 3172 viri
3415 3119 3575 3187 fortes
3596 3114 3665 3168 ad

2073 3214 2394 3269 miscendam
2415 3213 2715 3268 ebrietatem
2737 3210 2894 3284 (Isai.
2916 3226 2973 3276 v,
2997 3209 3111 3281 22).
3135 3208 3270 3266 Hinc
3295 3224 3392 3279 per
3413 3207 3664 3262 Salomo-

2078 3322 2200 3362 nem
2230 3306 2426 3361 dicitur
2462 3304 2607 3375 quod
2637 3304 2808 3359 sancti
2855 3302 3055 3371 quique
3095 3300 3213 3355 sine
3243 3299 3351 3353 ulla
3391 3297 3666 3353 debilitate

2077 3398 2332 3455 desiderii
2370 3399 2637 3453 internam
2664 3396 2907 3467 requiem
2936 3392 3412 3464 contemplantur:
3444 3389 3529 3445 En
3562 3391 3666 3445 lec-

2077 3492 2239 3545 tulum
2262 3488 2583 3556 Solemnis,
2613 3488 2885 3560 sexaginta
2923 3488 3081 3556 fortes
3120 3484 3370 3551 ambiunt,
3399 3500 3464 3538 ea:
3487 3482 3665 3554 fortis-

2073 3583 2221 3637 simis
2250 3580 2420 3637 Israel
2452 3579 2629 3651 (Cant.
2660 3595 2740 3646 ιιι,
2773 3577 2847 3647 7).
2889 3575 3026 3632 Hinc
3055 3575 3335 3630 Psalmista
3364 3583 3551 3630 contra
3578 3588 3665 3629 re-

2075 3674 2277 3745 probos
2298 3672 2351 3727 in
2371 3672 2621 3744 passione
2640 3669 2801 3741 positi
2821 3682 2956 3723 voce
2976 3666 3352 3737 Redemptoris
3366 3665 3661 3729 insinuans,

2075 3766 2191 3820 ait:
2237 3762 2376 3817 Ecce
2402 3768 2777 3831 occupaverunt
2833 3760 3065 3811 animant
3091 3773 3277 3821 meam,
3319 3754 3581 3809 irruerunt
3608 3755 3664 3807 in

2074 3871 2156 3910 me
2184 3856 2344 3926 fortes
2371 3851 2545 3923 (Psal.
2576 3865 2723 3915 LVIII,
2762 3846 2839 3918 4).
2868 3846 3043 3913 Quam
3073 3846 3212 3901 bene
3240 3852 3521 3913 utramque
3548 3843 3661 3898 for-

2075 3946 2360 4001 titudinem
2391 3942 2556 3996 Isaias
2602 3939 2919 4009 complexus
2948 3945 3051 4002 est,
3107 3936 3290 3993 dicens
3317 3954 3330 3989 :
3366 3934 3468 4000 Qui
3497 3936 3663 4005 conﬁ-

2076 4039 2205 4091 dunt
2229 4039 2288 4090 in
2313 4034 2557 4100 Domino,
2581 4031 2851 4087 mutabunt
2871 4029 3225 4102 fortitudinem
3250 4027 3400 4099 (Isai.
3428 4045 3515 4092 ιιι,
3547 4028 3660 4099 51).

2076 4129 2211 4197 Quia
2257 4128 2401 4183 enim
2432 4139 2769 4195 nequaquam
2800 4129 3033 4187 sument,
3079 4120 3175 4176 sed
3207 4126 3474 4174 mutabunt
3504 4120 3660 4187 dixit,

2074 4220 2316 4293 profecto
2345 4226 2592 4291 patenter
2619 4216 2852 4271 innotuit
2884 4214 3043 4269 aliam
3071 4228 3190 4269 esse
3227 4227 3345 4284 qua:
3366 4211 3391 4250 ἀ
3423 4212 3659 4283 ponitur,

2075 4325 2129 4372 et
2155 4316 2315 4371 aliam
2344 4329 2462 4384 qua:
2488 4312 2794 4368 inchoatur.

2144 4405 2234 4462 25.
2260 4405 2328 4461 In
2343 4406 2522 4479 quibus
2541 4405 2691 4475 fortis
2712 4412 2788 4457 est
2810 4402 3075 4473 reprobus,
3096 4402 3267 4472 segnis
3286 4409 3362 4455 est
3375 4400 3570 4472 justus.
3593 4429 3662 4440 -—

2075 4499 2158 4554 An
2185 4514 2294 4554 non
2323 4497 2484 4553 etiam
2514 4494 2731 4565 reprobi
2772 4493 2937 4549 fortes
2976 4500 3119 4556 sunt,
3154 4493 3246 4562 qui
3277 4493 3342 4544 ad
3382 4489 3663 4560 praesentis

2074 4592 2199 4647 vitae
2225 4588 2717 4659 concupiscentiam
2742 4594 2822 4640 tot
2841 4585 3114 4639 laboribus
3141 4590 3379 4647 currunt,
3410 4580 3663 4651 periculis

2076 4698 2136 4739 se
2162 4683 2425 4738 audenter
2451 4679 2732 4750 objiciunt,
2765 4694 2864 4748 pro
2898 4677 3062 4732 lucris
3089 4675 3442 4731 contumelias
3485 4673 3661 4729 liben-

377 4759 549 4845 ‘ﬂaP‘e
574 4744 913 4845 P“‘_’?di“°,{“
936 4745 1148 4845 S‘Eiensy
1178 4745 1245 4801 ad
1266 4760 1417 4845 59°F“
1444 4746 1636 4845 εαιιιξίε
1659 4763 1729 4845 εξ
1750 4748 1969 4845 VP“???
1998 4724 2053 4787 θ
2077 4724 2160 4832 ἶετ
2186 4724 2388 4843 ιοῖξηι,
2413 4776 2482 4830 ab
2508 4724 2795 4845 ἐρρειιιίιξ
2809 4772 2893 4827 sui
2916 4770 3138 4825 libidine
3166 4772 3326 4841 222
3362 4768 3507 4823 nulla
3534 4768 3660 4823 victi

378 4842 562 4891 certus
595 4833 812 4890 reddor.
843 4833 998 4901 Quod
1038 4835 1165 4906 quia
1209 4851 1317 4892 non
1364 4837 1593 4893 tumenti
1639 4837 1734 4893 sed
1779 4838 1964 4894 humili

376 4934 559 4981 mente
582 4924 769 4993 edidit,
800 4924 1193 4996 subjungendo,
1214 4935 1275 4983 ut
1301 4928 1665 4999 praediximus,
1686 4929 1963 5002 patefacit,

379 5015 572 5094 dicens
598 5036 613 5071 :

975 5133 1202 5192 CAPUT
1261 5134 1380 5191 XX.

448 5248 580 5304 Isin.
609 5279 683 5290 —
710 5246 824 5304 Nec
854 5249 1209 5304 contradicunt
1233 5249 1557 5303 sermonibus
1585 5252 1773 5307 sancti.

430 5338 518 5395 23.
534 5341 674 5396 Deus
689 5358 824 5413 satpe
837 5343 1023 5397 tacitus
1044 5342 1269 5413 loquitur
1290 5340 1545 5413 aperibus.
1562 5374 1634 5383 —
1650 5342 1971 5412 Plerumque

380 5430 451 5486 ad
480 5447 579 5489 nos
603 5434 768 5489 verba
796 5434 891 5490 Dei
921 5449 1032 5489 non
1060 5441 1186 5489 sunt
1216 5433 1481 5490 dictorum
1509 5434 1736 5500 sonitus,
1769 5434 1865 5490 sed
1887 5432 1970 5489 ef-

376 5523 552 5581 fectus
581 5526 978 5597 operationum.
1010 5524 1069 5580 ln
1097 5540 1164 5581 eo
1206 5525 1350 5581 enim
1374 5522 1530 5580 nobis
1557 5522 1796 5594 loquitur
1821 5523 1971 5595 quod

450 5689 475 5717 ι
521 5682 596 5734 Ita
638 5678 893 5734 Norman.
921 5720 936 5746 ,
985 5679 1247 5743 Vindoc.,
1299 5677 1626 5747 Compend.,
1678 5676 1967 5742 Bellovac.,

380 5749 584 5806 Turon.
613 5760 667 5805 et
676 5758 800 5821 χει.
824 5749 949 5817 Ed.,
967 5751 1107 5821 quod
1127 5748 1354 5805 Coccius
1379 5749 1452 5803 ita
1480 5749 1725 5821 mutavit,
1750 5763 1979 5819 sequen-

378 5823 476 5875 tib.
520 5822 637 5876 aliis
675 5819 805 5887 Ed.,
828 5819 1025 5875 solvere
1066 5838 1189 5891 ergo
1231 5836 1441 5875 manum
1478 5836 1626 5875 suam
1649 5820 1836 5874 dicitur
1860 5835 1977 5872 cum

380 5902 583 5961 exercet
611 5892 875 5961 affectum.

462 5959 488 5998 ι’
530 5959 852 6032 Ωοιιιρθιιᾱη
884 5961 1100 6018 Ebroic.
1129 5969 1185 6018 et
1212 5963 1301 6019 alii
1333 5964 1614 6033 Norman.,
1646 5963 1870 6034 propriis
1894 5978 1979 6016 vo-

667 6057 940 6121 Ρλικιιοι.ι
987 6057 1249 6120 LXXV.

1432 6140 1540 6164 »ειδ-

2075 4870 2459 4927 contrarietate
2503 4868 2772 4932 resiliunt,
2802 4862 3235 4936 percussionibus
3266 4863 3577 4928 durescunt,
3607 4869 3661 4915 et

2073 4965 2213 5020 mala
2242 4962 2427 5018 mundi
2451 4961 2684 5016 tolerant
2710 4972 2809 5029 pro
2837 4956 3059 5023 mundo,
3100 4955 3344 5025 ejusque,
3375 4963 3434 5008 ut
3458 4955 3532 5009 ita
3570 4952 3655 5007 di-

2074 5056 2267 5121 xerim,
2317 5053 2510 5125 gaudia
2555 5050 2871 5123 quaerentes“
2896 5046 3143 5118 perdunt,
3192 5061 3295 5101 nec
3326 5055 3501 5100 tamen
3542 5044 3659 5097 haec

2072 5144 2344 5219 perdendo
2373 5140 2707 5212 fatigantur?
2754 5138 2906 5194 Unde
2932 5138 3072 5193 bene
3092 5151 3161 5191 ex
3203 5136 3419 5191 humani
3448 5134 3659 5201 generis

2074 5252 2209 5293 voce
2233 5251 2331 5306 per
2356 5234 2647 5291 Jeremiam
2675 5232 2872 5286 dicitur
2896 5247 2908 5283 :
2958 5226 3244 5281 Inebriavit
3270 5243 3351 5280 me
3398 5224 3658 5279 absint/tio

2076 5328 2293 5401 (Thren.
2325 5342 2401 5393 ιιι,
2447 5323 2559 5392 15).
2591 5322 2784 5378 Ebrius
2821 5320 3020 5391 quippe
3052 5321 3197 5388 quod
3224 5318 3428 5389 patitur
3465 5316 3657 5370 nescit.

2076 5417 2359 5474 Absintbio
2387 5428 2515 5485 ergo
2544 5422 2627 5469 est
2653 5413 2852 5480 ebrius,
2892 5410 3005 5483 qui,
3034 5426 3144 5481 prae
3173 5422 3357 5463 amore
3382 5407 3657 5476 praesentis

2077 5510 2260 5567 εωοωί
2288 5526 2319 5565 a
2363 5523 2524 5566 sensu
2550 5506 2775 5564 rationis
2821 5505 3052 5573 alienus,
3099 5503 3225 5559 dum
3274 5498 3530 5570 quidquid
3559 5515 3657 5569 pro

2075 5670 2373 5795 “Tuam:
2393 5738 2597 5803 Germ.,
2629 5736 2986 5790 adversantem
3005 5729 3270 5803 inimicum
3289 5729 3345 5783 in
3375 5726 3547 5803 corde.

2150 5809 2176 5849 ἀ
2217 5812 2293 5864 Ita
2335 5810 2388 5864 in
2434 5796 2733 5874 Bellovac.,
2780 5804 3036 5874 Norman.
3069 5808 3126 5874 et
3153 5799 3417 5874 aliis;_e_t_
3440 5796 3655 5874 quidem

2081 5883 2271 5939 melius
2298 5896 2456 5951 quam
2482 5920 2497 5945 ,
2542 5864 2867 5951 proponitur,
2914 5881 2974 5927 ut
2998 5864 3516 5951 legiturniti’Editi‘s.
3562 5864 3653 5924 Hic

2084 5963 2259 6011 autem
2289 5941 2492 6023 ponitur
2522 5941 2803 6019 signiﬁcat,
2826 5945 3114 6012 deponitur,
3144 5941 3464 6011 relinquitur.

3219 6037 3295 6097 εδ
