4150 6450
590 405 687 459 [79

579 622 736 679 quam
767 602 964 660 tolerat
983 601 1215 669 ignorat,
1237 596 1365 667 quia
1392 595 1643 651 nimirum
1666 593 2063 651 delectabiliter
2085 594 2155 653 ad

578 708 770 757 cuncta
792 695 1027 761 ducitur,
1047 692 1103 747 in
1125 690 1320 761 quibus
1344 688 1627 759 poenaliter
1645 687 1917 757 fatigatur.
1939 686 2009 741 At
2024 701 2157 743 con-

579 800 657 847 tra
688 788 769 844 vir
792 786 969 857 justus
991 782 1061 840 ad
1088 780 1273 837 mundi
1300 779 1539 851 pericula
1571 794 1667 849 pro
1694 778 1893 835 mundo
1916 778 2155 834 toleran-

578 882 646 939 da
673 894 791 936 esse
820 876 1012 932 debilis
1039 872 1237 940 studet,
1285 870 1446 925 ﬁnem
1470 884 1629 926 suum
1662 878 1689 913 ι
1717 870 1996 939 conspicit,
2046 870 2157 925 vita

578 985 811 1044 praesens
838 981 999 1037 quam
1025 964 1095 1021 sit
1117 962 1422 1020 transitoria
1443 962 1686 1029 attendit,
1712 972 1766 1017 et
1786 977 1884 1032 pro
1912 978 1977 1018 ea
2006 969 2157 1017 exte-

577 1066 689 1121 rius
716 1063 933 1117 labores
961 1056 1170 1129 perpeti
1211 1056 1411 1121 renuit,
1439 1056 1589 1125 cujus
1628 1054 1947 1110 intrinsecus
1975 1054 2156 1109 delec-

576 1155 833 1209 tationem
850 1150 998 1206 vicit.
1028 1149 1227 1204 Beatus
1256 1148 1418 1215 igitur
1444 1144 1570 1213 Job,
1600 1159 1803 1215 prmsen
1815 1146 1881 1199 tis
1910 1145 2033 1198 vitae
2061 1142 2156 1197 ad-

578 1242 919 1300 versitatibtts
967 1255 1201 1310 pressus,
1232 1238 1378 1294 dicat
1413 1252 1481 1292 ex
1508 1252 1626 1303 sua,
1658 1236 1800 1291 dicat
1828 1253 1895 1290 ex
1920 1235 2156 1293 omnium

578 1351 713 1392 voce
735 1336 1002 1405 iustorum
1026 1350 1044 1387 :
1082 1328 1215 1396 Qua:
1240 1339 1316 1384 est
1344 1329 1480 1383 enim
1511 1328 1756 1399 fortitudo
1802 1343 1935 1394 utea,
1965 1335 2019 1378 ut
2042 1341 2158 1379 sus-

574 1428 767 1481 tineam
784 1427 809 1479 2
839 1433 927 1479 aut
954 1424 1066 1495 quis
1084 1422 1206 1492 ﬁnis
1232 1437 1393 1486 meus,
1426 1430 1478 1473 ut
1506 1420 1761 1489 patienter
1782 1434 1933 1489 agam
1955 1418 1980 1470 ?
2010 1416 2084 1472 Ac
2114 1415 2161 1471 si

576 1527 764 1585 aperte
790 1518 1039 1582 insinuet,
1084 1514 1307 1570 dicens:
1340 1511 1477 1566 Mala
1507 1510 1689 1566 mundi
1714 1527 1811 1581 pro
1843 1510 2040 1566 mundo
2074 1520 2159 1564 to-

576 1613 753 1667 ierare
780 1626 1012 1680 nequeo,
1043 1607 1169 1677 quia
1206 1607 1319 1676 jam
1345 1604 1400 1660 in
1428 1604 1543 1673 ejus
1573 1602 1840 1658 desiderio
1872 1600 2024 1657 fortis
2052 1618 2161 1657 non

574 1723 716 1766 sitm.
744 1707 879 1761 Dum
913 1704 1055 1760 enim
1086 1700 1362 1773 prtesentis
1399 1699 1519 1753 vitae
1548 1696 1706 1753 ﬁnem
1727 1697 2024 1765 conspicio,
2056 1712 2157 1751 cur

1788 388 2029 453 SANCTI
2064 390 2391 451 GHEGOBII
2430 389 2641 447 MAGNI
3570 442 3571 445 η

581 515 779 575 mundo
805 510 1048 575 SIBI-inet.
1078 508 1199 567 leve
1227 503 1469 575 deputat.
1510 502 1713 561 laboris
1740 502 2153 575 amaritudinem
2178 508 2229 570 Α
2257 518 2386 560 cens
2412 520 2425 555 :
2454 499 2828 571 Reproborum
2848 500 3250 565 similitudinem
3270 503 3375 563 sub
3395 502 3687 575 disciplina:
3716 520 3853 565 ver-

3735 394 3857 450 780

2256 596 2386 652 bere
2425 593 2593 663 fugio,
2622 593 2748 664 quia
2774 608 2877 651 nec
2921 608 3075 651 more
3104 595 3260 667 223
3303 592 3539 665 lapiddm
3570 596 3642 651 ita
3672 592 3853 653 obdu-

2256 685 2359 753 rui,
2391 692 2449 743 ut
2478 684 2579 740 sub
2608 683 2969 755 percussionis
2994 682 3217 743 stimulo
3247 700 3280 741 a
3301 684 3601 745 ministerio
3624 688 3849 745 confes-

2255 777 2422 835 sionis
2474 776 2883 843 obmutescam;
2936 792 3039 835 nec
3086 793 3277 837 rursus
3330 779 3483 848 quasi
3532 794 3606 835 ms
3656 796 3854 836 vocem

2256 867 2607 925 confessionis
2629 883 2841 934 resono,
2864 875 2921 927 et
2941 883 3161 925 sensum
3188 867 3337 929 vocis
3360 868 3569 939 ignoro.
3590 868 3699 927 Sed
3714 874 3849 941 quia

2256 957 2325 1016 ad
2352 960 2749 1031 percussionem
2778 959 2991 1029 reprobi
3020 959 3267 1017 debiliter
3294 961 3459 1019 fortes
3500 972 3644 1025 sunt,
3682 958 3851 1021 electi

2256 1040 2437 1110 autem
2460 1052 2700 1109 valenter
2722 1053 2936 1120 inﬁrmi,
2954 1054 3142 1111 beatus
3161 1052 3263 1111 Job
3284 1053 3410 1111 dum
3438 1053 3631 1113 fortem
3654 1074 3713 1113 se
3742 1073 3847 1125 per

2258 1144 2523 1201 insaniam
2549 1162 2662 1203 non
2689 1162 2810 1203 esse
2844 1147 3060 1214 asserit,
3091 1148 3289 1205 fortem
3315 1164 3375 1206 se
3406 1165 3505 1220 per
3530 1159 3727 1208 statum
3757 1168 3851 1207 sa-

2261 1237 2392 1295 lutis
2422 1237 2728 1293 innotescit.
2759 1239 2906 1312 (Yet.
2948 1238 3052 1296 XI.
3089 1241 3239 1298 Unde
3270 1256 3399 1311 ergo
3436 1242 3577 1299 hanc
3602 1246 3850 1302 eamdem

2258 1325 2625 1383 fortitudinem
2656 1329 2918 1399 percepit,
2951 1330 3211 1398 insinuet,
3238 1347 3309 1387 ne
3348 1334 3391 1388 si
3421 1332 3523 1388 sibi
3555 1333 3690 1390 vires
3710 1351 3853 1405 quas

2259 1416 2420 1474 habet
2460 1427 2699 1488 arroget,
2730 1429 2979 1490 potenter
3007 1422 3073 1478 ad
3102 1434 3332 1479 mortem
3373 1434 3573 1481 currat.
3606 1425 3848 1483 Plerum-

2260 1526 2365 1580 que
2402 1512 2547 1569 enim
2575 1513 2743 1571 virtus
2772 1513 2955 1571 habita
2985 1515 3228 1572 deterius
3253 1533 3413 1587 quam
3439 1519 3486 1573 si
3512 1519 3726 1577 deesset
3765 1521 3848 1575 in-

2263 1608 2493 1676 terﬁcit;
2552 1611 2678 1680 quia
2729 1610 2856 1667 dum
2912 1611 2979 1669 ad
3034 1613 3117 1667 sui
3175 1613 3555 1675 confidentiam
3613 1625 3850 1670 mentem

2261 1704 2437 1773 erigit,
2467 1704 2609 1762 hanc
2655 1706 2905 1762 elationis
2928 1706 3107 1777 gladio
3138 1706 3440 1772 transﬁgit;
3470 1724 3700 1779 cumque
3727 1724 3852 1764 eam

575 1788 2164 1872 MuseiuspalioﬂculusaPPe‘iiumcalcomiQUiainlis-
2262 1801 2412 1869 quasi
2441 1801 2747 1857 roborando
2779 1802 3033 1870 viviﬁcat,
3056 1801 3321 1861 elevando
3348 1812 3539 1869 necat;
3567 1802 3635 1857 ad
3656 1802 3849 1858 interi-

574 1894 615 1947 ti
629 1894 848 1962 quique,
863 1889 1180 1951 utdiximus,
1202 1894 1353 1941 tanto
1366 1883 1786 1940 fortiuslabores
1807 1884 1955 1939 illius
1978 1882 2157 1953 perfe-
2187 1894 2236 1961 Β
2265 1898 2375 1945 tum
2424 1892 2673 1947 νωθιίαι
2702 1892 2963 1963 parum,“
2990 1909 3151 1962 quam
3181 1908 3278 1967 per
3303 1908 3451 1963 spem
3476 1895 3747 1963 propriam
3777 1894 3848 1948 ab

572 1992 717 2049 runt,
732 1990 935 2053 quanto
948 1977 1283 2047 avidiusejus
1308 1975 1669 2031 delectatione
1681 1984 1990 2046 pascuntur,
2012 1981 2161 2030 recte
2266 1978 2490 2035 internae
2532 1979 2860 2037 fortitudinis
2888 1980 3085 2038 ﬁducia
3113 1982 3314 2039 evellit.
3361 1981 3470 2037 Sed
3510 1983 3634 2053 quia
3661 1982 3850 2041 beatus

572 2092 699 2133 mox
711 2075 955 2131 eamdem
972 2074 1330 2142 reproborum
1346 2069 1712 2125 fortitudinem
1728 2071 1926 2137 subdit,
1945 2070 2157 2139 dicens:

856 2162 1084 2221 CAPUT
1121 2161 1266 2217 XXII
1294 2161 1439 2233 [Vet.
1471 2161 1542 2227 Χ,
1577 2160 1700 2216 Rec.
1748 2162 1872 2233 IX].

643 2258 808 2316 Vens.
840 2256 925 2311 ιε.
959 2285 1028 2297 --
1061 2253 1172 2308 Nec
1202 2253 1453 2326 fortitudo
1477 2253 1710 2322 lapidum
1738 2255 1992 2325 fortitudo
2025 2271 2159 2323 mea,

576 2367 664 2407 ιιεο
690 2365 812 2403 cum
842 2364 957 2402 mea
981 2364 1128 2402 aenea
1154 2358 1250 2401 εει.

643 2440 733 2495 ‘16.
761 2440 843 2494 Ad
871 2442 1249 2501 percussionem
1275 2437 1374 2493 Dei
1395 2438 1487 2492 alii
1518 2446 1635 2491 sunt
1656 2436 1855 2508 lapides
1876 2439 1988 2492 sine
2010 2455 2160 2508 sono,

577 2536 666 2591 alii
693 2550 766 2590 as
791 2548 984 2588 sonans
1012 2534 1125 2587 sine
1154 2548 1325 2585 sensu.
1356 2529 1454 2585 Job
1496 2547 1597 2585 non
1628 2546 1719 2600 per
1761 2532 2043 2597 insaniam,
2072 2532 2162 2586 sed

575 2645 665 2700 per
692 2626 875 2682 salutis
898 2633 1091 2679 statum
1120 2626 1290 2695 fortis.
1320 2653 1388 2664 —
1417 2621 1554 2689 Quid
1582 2622 1684 2677 hoc
1713 2622 1832 2678 loco
1862 2638 1968 2679 mre
1992 2640 2055 2679 ac
2079 2624 2159 2679 la-

576 2718 808 2789 pidibus,
834 2717 936 2772 nisi
958 2716 1347 2771 insensibilium
1368 2716 1645 2770 hominum
1667 2714 1831 2770 corda
1859 2716 2157 2785 signantur,

573 2812 666 2885 qui
692 2825 835 2881 saepe
866 2818 921 2864 et
939 2824 1205 2878 supernos
1227 2808 1363 2863 ictus
1391 2807 1681 2876 accipiunt,
1720 2815 1777 2861 et
1809 2817 1987 2863 tamen
2015 2809 2160 2864 nulla

582 2890 880 2975 disciplina:
911 2907 1257 2975 percussione
1286 2902 1647 2957 mollescunt?
1674 2901 1791 2968 Quo
1812 2914 2000 2960 contra
2020 2906 2163 2961 elec-

580 2999 652 3053 tis
682 3013 778 3065 per
805 2998 1145 3069 prophetam,
1177 2994 1464 3065 pollicente
1492 2993 1741 3060 Domino,
1767 2994 1963 3051 dicitur
1987 3013 1999 3048 :
2042 2996 2163 3053 Tol-

573 3088 681 3142 lam
709 3105 740 3142 a
762 3087 901 3143 nobis
940 3104 1029 3142 cor
1056 3086 1339 3157 lapideum,
1377 3096 1429 3140 et
1456 3085 1590 3141 dabo
1617 3085 1756 3141 vobis
1784 3104 1874 3141 cor
1919 3104 2163 3147 corneum

576 3180 793 3253 (Eucti.
826 3196 901 3249 xt,
929 3180 1040 3251 19).
1073 3178 1270 3236 Paulus
1293 3195 1509 3249 quoque
1554 3181 1666 3236 ait:
1699 3180 1759 3236 Si
1783 3182 1973 3255 linguis
2000 3183 2161 3239 liomi-

576 3288 700 3382 tum
738 3272 921 3382 loquar
949 3281 999 3326 et
1024 3273 1342 3382 angelorum,
1376 3274 1681 3328 charitatem
1708 3285 1879 3330 autem
1923 3293 2025 3331 non
2069 3278 2163 3331 ha-
2185 3294 2233 3357 ο
2265 3272 2633 3382 in;

579 3363 746 3430 beam,
778 3364 943 3431 factus
968 3378 1082 3417 sum
1109 3365 1241 3416 velut
1278 3381 1349 3417 tes
1376 3381 1590 3430 sonans,
1624 3375 1713 3420 aut
1740 3366 2029 3437 cymbalum
2060 3371 2160 3424 tin-

575 3454 726 3507 niens
750 3452 802 3524 (I
830 3450 953 3507 Cor.
975 3468 1092 3520 xm,
1116 3452 1191 3523 i).
1222 3453 1431 3509 Scimus
1455 3465 1635 3511 autem
1663 3458 1916 3526 quoniam
1942 3474 2166 3529 percus-

577 3547 625 3603 si
648 3544 853 3618 lapides
878 3546 1081 3602 elarum
1110 3562 1300 3601 sonum
1327 3546 1552 3603 reddere
1580 3560 1891 3620 nequeunt;
1917 3567 1991 3608 ms
2032 3568 2162 3609 vero

579 3651 701 3691 cum
765 3635 1102 3707 percutitur,
1158 3650 1391 3691 canorus
1443 3636 1598 3693 valde
1657 3641 1868 3697 sonitus
1920 3658 1989 3697 ex
2044 3644 2163 3712 ejus

579 3729 929 3799 percussione
974 3727 1255 3784 formatur.
1292 3728 1447 3796 Quod
1489 3732 1638 3801 quia,
1679 3741 1738 3787 ut
1775 3734 1998 3805 lapides,
2050 3738 2157 3797 vita

578 3829 747 3887 caret,
770 3835 988 3876 sensum
1028 3821 1081 3875 in
1106 3821 1286 3876 sonitu
1318 3836 1426 3876 non
1454 3822 1637 3877 habet.
1670 3822 1737 3878 Et
1761 3836 1888 3881 sunt
1916 3828 2162 3885 nonnulli

580 3914 691 3982 qui,
751 3913 1017 3984 lapidibus
1041 3913 1268 3982 similes,
1300 3915 1373 3969 ita
1419 3915 1485 3970 ad
1515 3916 1729 3985 pietatis
1756 3930 2023 3991 praecepta
2057 3922 2160 3978 du-

578 4012 824 4072 ruerunt,
851 4012 913 4060 ut
950 4019 1073 4059 cum
1119 4020 1215 4060 eos
1238 4008 1515 4076 percussio
1553 4024 1800 4079 supernae
1826 4014 2162 4071 animadver-

577 4096 747 4150 sionis
773 4096 1069 4163 examinat,
1090 4112 1430 4166 nequaquam
1453 4101 1689 4155 sonitum
1716 4102 1926 4159 humilis
1946 4088 2159 4163 confes-

577 4186 745 4240 sionis
773 4186 1019 4240 reddant.
1059 4185 1287 4252 Quidam
1314 4204 1445 4244 vero
1474 4206 1505 4243 a
1534 4193 1752 4247 metallo
1779 4195 1902 4249 teris
1929 4198 1982 4250 in
2012 4198 2160 4256 nullo

576 4275 966 4344 discrepantes,
996 4291 1119 4331 cum
1158 4276 1367 4346 flagella
1396 4295 1640 4349 superna:
1668 4288 2029 4351 percussionis
2055 4305 2160 4345 ac-

576 4367 799 4439 cipiunt,
833 4368 931 4438 pite
957 4367 1309 4425 confessionis
1338 4372 1573 4426 sonitum
1596 4374 1881 4443 emittunt;
1912 4380 2005 4434 sed
2032 4383 2157 4451 quia

574 4457 894 4516 humilitatis
917 4474 1084 4515 voces
1112 4474 1179 4515 ex
1206 4460 1370 4516 corde
1399 4478 1507 4516 non
1539 4464 1836 4533 proferunt,
1867 4469 1932 4523 ad
1959 4479 2156 4527 statum

571 4552 763 4610 salutis
781 4552 1008 4621 reducti,
1037 4552 1288 4607 nesciunt
1308 4553 1455 4621 quod
1482 4556 1863 4623 promiserunt.
1893 4560 1974 4615 liii
2002 4577 2150 4632 ergo,

573 4660 725 4700 more
762 4644 997 4716 lapidum
1029 4647 1287 4716 percussi,
1340 4663 1441 4703 nec
1474 4664 1633 4705 voces
1659 4649 1897 4715 habent;
1946 4654 2031 4710 isti
2059 4671 2154 4711 au-

572 4746 682 4790 tem
710 4735 764 4789 in
811 4736 957 4791 nullo
982 4736 1106 4793 teris
1133 4736 1487 4794 imitationem
1530 4739 1758 4809 fugiunt,
1791 4744 1899 4813 qui,
1934 4744 1984 4798 in
2026 4761 2153 4815 per-

570 4827 820 4883 cussione
864 4829 1048 4898 positi,
1096 4830 1237 4884 bona
1281 4845 1401 4900 qum
1428 4848 1536 4889 non
1575 4834 1811 4889 sentiunt
1840 4835 2150 4905 loquuntur.

568 4915 649 4971 illi
680 4916 705 4956 δ
738 4918 1073 4974 venerationi
1113 4918 1351 4975 ferientis
1384 4932 1437 4977 et
1484 4924 1645 4981 verba
1685 4924 1993 4995 denegauit;
2039 4928 2147 4995 isti,

570 5010 887 5080 pollicentes
930 5012 1072 5081 quod
1103 5029 1211 5070 non
1256 5015 1535 5087 impleant,
1578 5019 1694 5074 sine
1740 5020 1847 5075 vita
1894 5022 2148 5085 clamant.

565 5101 662 5157 Vir
683 5103 845 5172 igitur
872 5114 1106 5173 sanctus,
1132 5110 1484 5178 reproborum
1516 5110 1767 5168 duritiam
1796 5114 1936 5169 inter
1955 5115 2149 5171 verbe-

562 5212 624 5251 ra
662 5192 889 5265 fugiens,
936 5196 1079 5252 dicat
1125 5197 1282 5253 :Nec
1327 5203 1574 5271 fortitudo
1625 5204 1857 5271 lapidum
1897 5207 2148 5275 fortitudo

563 5303 698 5354 mea,
728 5305 819 5344 nec
841 5305 966 5345 caro
989 5306 1102 5345 mea
1128 5306 1271 5347 teneo
1295 5300 1390 5347 est.
1423 5293 1500 5348 Ac
1518 5293 1563 5350 si
1582 5304 1768 5365 aperte
1796 5295 2046 5362 fateatur,
2069 5296 2150 5352 di-

635 5436 660 5496 e
686 5422 924 5496 Ehroic.,
955 5425 1111 5495 ﬁnem
1142 5426 1471 5496 concupiscit.

632 5494 659 5534 δ
696 5495 785 5575 Sic
822 5494 1559 5575 restituendumputavimus
1594 5515 1671 5575 ex
1700 5499 2144 5575 Mss._plerisque,

560 5566 1070 5633 emendavimusqne
1098 5567 1251 5637 quod
1286 5567 1434 5635 prius
1473 5568 1778 5637 legebatur:
1814 5566 1905 5625 Illi
1932 5566 2147 5629 venero;

561 5639 749 5691 tionem
796 5638 1103 5710 ferientiset
1150 5635 1355 5710 verbera
1387 5635 1661 5710 denegjant.
1694 5641 2141 5701 Dissimulandum

559 5715 739 5779 tamen
772 5722 888 5779 non
909 5716 992 5763 est
1039 5708 1127 5761 hic
1151 5708 1357 5761 variare
1386 5708 1733 5779 exemplaria.
1774 5711 1947 5767 Unum
1977 5716 2140 5771 Com-

558 5778 719 5854 pend.
750 5787 807 5829 et
834 5776 1261 5854 Bigot._iiabcnt,
1290 5776 1615 5854 veneratione
1645 5784 1873 5854 ferientis
1903 5794 1951 5839 et
1992 5785 2138 5840 verba

556 5847 832 5927 denegati}.
859 5846 1035 5927 .Aiind
1065 5848 1383 5927 (intumuit,
1424 5846 1953 5927 Lyran_.,'_Uticense,
1984 5874 2135 5912 mne-

556 5918 746 5967 rationi
771 5918 1022 5981 ferientis.
1050 5926 1155 5970 etc.
1181 5918 1371 5973 Omnia
1391 5918 1518 5975 vero
1532 5918 1805 5989 exhibent,
1832 5918 2002 5987 verba,
2027 5944 2131 5983 non

2264 2069 2364 2127 Job
2392 2082 2450 2128 et
2496 2074 2694 2129 virtute
2736 2076 2923 2146 pollet,
2964 2084 3019 2131 et
3062 2076 3114 2131 in
3144 2076 3436 2146 semetipso
3468 2074 3709 2130 ﬁduciam
3740 2090 3850 2132 non

2265 2163 2447 2231 habet,
2488 2175 2667 2237 atque,
2718 2176 2776 2223 ut
2816 2169 2891 2223 ita
2919 2168 3166 2232 dixerim.
3198 2169 3344 2227 vires
3386 2169 3633 2229 inﬁrmus
3662 2168 3848 2236 habet,

2263 2268 2389 2327 apte
2416 2258 2715 2331 subjungit,
2747 2261 2935 2323 dicens
2963 2280 2972 2313 ε

2819 2371 3050 2429 CAPUT
3088 2371 3275 2429 XXIII.

2335 2484 2499 2540 Vens.
2528 2484 2615 2541 13.
2647 2513 2715 2525 —
2744 2485 2881 2541 Ecce
2906 2501 3012 2541 non
3042 2495 3118 2540 est
3146 2486 3397 2540 auxilium
3425 2485 3553 2539 milii
3574 2488 3630 2539 in
3655 2500 3754 2540 me.

2331 2579 2422 2633 27.
2468 2577 2602 2643 Quia
2640 2582 2772 2635 vires
2801 2597 2924 2635 suas
2950 2597 3055 2635 non
3084 2581 3205 2650 sibi,
3235 2581 3327 2635 sed
3362 2581 3474 2636 Deo
3511 2579 3737 2635 ascribit.
3780 2610 3847 2623 —

2265 2665 2418 2722 Patet
2442 2668 2551 2737 jam
2604 2668 2669 2723 ad
2698 2671 2850 2739 cujus
2878 2685 3029 2739 spem
3076 2671 3317 2740 percussi
3347 2672 3558 2727 animus
3585 2682 3847 2742 recurrat,

2262 2774 2383 2813 cum
2415 2759 2468 2815 in
2495 2776 2552 2815 se
2578 2761 2677 2816 sibi
2707 2777 2825 2818 esse
2854 2762 3111 2817 auxiliu‘m
3138 2763 3387 2833 denegat.
3420 2763 3526 2819 Sed
3549 2765 3674 2834 quia
3704 2766 3846 2819 inﬁr-

2264 2865 2409 2905 mum
2441 2867 2500 2906 se
2521 2853 2573 2906 in
2600 2854 2893 2923 semetipso
2913 2853 3164 2920 insinuat,
3198 2852 3268 2909 ad
3293 2853 3514 2922 majoris
3536 2854 3710 2909 adhuc
3732 2854 3845 2909 for-

2264 2942 2506 2997 titudinis
2546 2945 2819 3009 meritum,
2850 2944 3121 3012 quomodo
3148 2946 3311 2999 etiam
3340 2960 3369 2999 a
3401 2946 3662 3015 proximis
3686 2945 3840 3000 desti-

2266 3038 2449 3087 tuatur
2488 3034 2762 3103 adjungat,
2794 3064 2864 3077 —
2886 3048 3012 3091 um.
3039 3046 3054 3089 t
3094 3060 3164 3076 --
3192 3031 3491 3088 Necessarii
3534 3051 3727 3106 quoque
3753 3052 3846 3090 mei

2264 3137 2578 3181 recesserunt
2611 3146 2642 3181 a
2675 3145 2775 3183 me.
2807 3128 2913 3183 Sed
2943 3141 3070 3184 ecce
3096 3125 3387 3197 despectus
3415 3127 3676 3192 exterius,
3707 3127 3846 3182 intus

2264 3218 2400 3276 solis
2429 3222 2611 3291 judicii
2644 3221 2914 3293 prtesidet.
2947 3222 3077 3278 Nam
3121 3238 3243 3278 cum
3274 3220 3589 3279 derelictum
3618 3238 3676 3281 se
3704 3237 3839 3280 asse-

2758 3313 3079 3367 sententiam
3101 3311 3357 3384 erumpit,
3390 3310 3577 3368 dicens
3601 3329 3615 3366 :

2672 3422 2900 3482 CAPUT
2937 3423 3103 3481 XXIV
3144 3425 3292 3497 (nec.
3331 3422 3427 3496 λη.

2344 3544 2507 3599 Vna.
2541 3542 2629 3597 14.
2652 3573 2725 3588 --
2744 3540 2846 3608 Qui
2866 3544 3001 3599 tollit
3021 3541 3085 3597 ab
3107 3544 3274 3599 audeo
3297 3558 3391 3598 suo
3409 3542 3844 3611 misericordiam,

2267 3644 2499 3697 timorem
2528 3638 2738 3693 Domini
2766 3638 3092 3709 derelinquit.

2336 3732 2425 3787 28.
2466 3734 2626 3787 Amor
2672 3729 2773 3786 Dei
2813 3739 2863 3785 et
2906 3746 3053 3785 amor
3079 3731 3302 3801 proximi
3344 3728 3465 3803 quid
3507 3727 3603 3785 sibi
3630 3729 3845 3789 invicem

2264 3834 2528 3897 prmtent.
2552 3822 2768 3890 ——Quis
2794 3823 2899 3879 hoc
2921 3823 3043 3879 loco
3068 3821 3227 3878 amici
3257 3820 3473 3878 nomine
3499 3820 3601 3877 nisi
3625 3820 3845 3890 quilibet

2264 3916 2541 3987 proximus
2573 3912 2903 3982 designatur,
2933 3913 3026 3984 qui
3054 3927 3121 3968 eo
3148 3912 3308 3968 nobis
3336 3910 3566 3968 fideliter
3589 3910 3843 3981 jungitur,

2262 4021 2392 4076 quo,
2425 4010 2684 4075 percepto
2706 4019 2851 4058 nunc
2879 4019 2910 4058 a
2939 4003 3095 4060 nobis
3113 4004 3261 4059 bono
3291 4018 3478 4074 opere,
3504 4002 3573 4058 ad
3601 4002 3839 4058 obtineno

2262 4096 2385 4151 dam
2408 4102 2531 4165 post
2550 4102 2807 4149 :eternam
2830 4094 3057 4164 patriam
3077 4096 3346 4151 veraciter
3372 4094 3695 4151 auxiliatur?
3715 4093 3843 4161 Quis

2257 4166 2441 4242 autem
2484 4185 2591 4240 duo
2633 4192 2760 4241 sunt
2802 4194 3071 4256 praecepta
3113 4185 3419 4253 charitatis,
3461 4186 3557 4242 Dei
3602 4186 3841 4242 videlicet

2260 4293 2416 4333 amor
2445 4284 2502 4332 et
2544 4277 2801 4348 proximi,
2826 4293 2924 4348 per
2948 4260 3187 4333 amorem
3216 4276 3312 4334 Dei
3335 4293 3491 4333 amor
3519 4278 3741 4348 proximi
3769 4277 3838 4348 gi-

2260 4370 2462 4439 gnitur,
2496 4377 2555 4426 et
2581 4384 2679 4440 per
2709 4383 2951 4425 amorem
2981 4369 3210 4440 proximi
3254 4385 3411 4425 amor
3456 4369 3554 4425 Dei
3599 4369 3843 4425 nutritur.

2260 4463 2392 4517 Nam
2412 4464 2505 4533 qui
2525 4477 2709 4518 amare
2732 4463 2896 4518 Deum
2917 4462 3157 4533 negligit,
3173 4462 3418 4534 profecto
3434 4461 3657 4530 diligere
3678 4460 3845 4530 proxi

2258 4571 2405 4611 mum
2436 4557 2611 4611 nescit
2635 4573 2650 4623 ;
2681 4564 2739 4611 et
2767 4565 2895 4612 tunc
2921 4555 3132 4627 plenius
3160 4556 3215 4609 in
3240 4556 3340 4609 Dei
3367 4554 3659 4610 dilectione
3687 4551 3847 4624 proli.

2258 4652 2450 4716 cimus,
2472 4651 2518 4705 si
2544 4651 2597 4705 in
2622 4650 2860 4718 ejusdem
2890 4648 3198 4704 dilectionis
3212 4649 3421 4718 gremio
3450 4648 3600 4718 prius
3620 4646 3851 4719 proximi

2263 4744 2527 4799 charitate
2556 4743 2840 4799 Iactamur.
2876 4756 2895 4779 ν
2926 4740 3062 4807 Quia
3100 4741 3244 4796 enim
3291 4755 3445 4795 amor
3483 4739 3581 4796 Dei
3608 4755 3851 4796 amorem

2260 4836 2491 4905 proximi
2523 4842 2763 4903 generat,
2793 4833 3034 4889 dicturus
3060 4848 3160 4904 per
3201 4832 3374 4903 legem
3400 4831 3680 4899 Dominus,
3713 4832 3847 4887 Dili-

2261 4944 2348 4998 ges
2390 4928 2683 4997 proximum
2720 4934 2863 4979 tuum
2896 4924 3076 4995 (Deut.
3125 4940 3198 4989 vr,
3229 4923 3293 4992 5;
3323 4940 3378 4994 ι,
3411 4924 3523 4996 12),
3570 4926 3852 4996 praemisit,

2261 5021 2444 5077 dicens
2474 5038 2486 5071 :
2543 5017 2745 5090 Diliges
2778 5016 3059 5071 Dominum
3086 5016 3252 5072 Deum
3284 5027 3421 5072 tuum
3466 5016 3683 5091 (Matth.
3715 5031 3853 5085 xm,

2259 5110 2350 5177 57,
2377 5109 2503 5175 '59):
2529 5119 2589 5165 ut
2610 5111 2809 5165 scilicet
2832 5109 2885 5165 in
2908 5118 3052 5164 terra
3074 5110 3312 5179 pectoris
3334 5110 3504 5167 nostri
3524 5110 3675 5172 prius
3697 5125 3847 5165 amo-

2255 5205 2326 5259 ris
2348 5204 2435 5261 sui
2462 5202 2701 5261 radicem
2726 5204 2933 5274 ﬁgeret,
2957 5212 3222 5272 quatenus
3262 5219 3359 5278 per
3397 5220 3577 5265 ramos
3603 5212 3853 5276 postmo-

2254 5299 2379 5355 dum
2429 5299 2646 5355 dilectio
2692 5299 2929 5359 fraterna
2969 5299 3317 5370 germinaret.
3356 5297 3423 5359 Et
3460 5288 3675 5358 rursum
3717 5299 3851 5373 quia

2248 5435 2496 5505 uerbera;
2526 5441 2585 5505 et
2624 5433 2843 5503 quidem
2869 5434 2935 5487 ad
2969 5441 3205 5489 mentem
3235 5434 3409 5490 sancti
3448 5433 3718 5503 Gregorii,
3750 5433 3849 5505 qui

2250 5504 2321 5560 de
2365 5504 2681 5574 quibusdam
2731 5505 3041 5560 hominibus
3086 5505 3343 5572 loquitur,
3381 5521 3535 5561 more
3580 5504 3846 5574 lapidum,

2249 5575 2453 5631 nullum
2484 5577 2742 5641 sonitum,
2773 5576 2898 5629 dum
2932 5576 3331 5645 percutiuntur,
3365 5576 3733 5631 reddentibus.

2324 5659 2345 5684 ε
2376 5647 2454 5701 Ita
2502 5646 2629 5700 Mss.
2662 5646 2869 5715 Anglic.
2902 5686 2917 5710 ,
2938 5644 2943 5645 “
2966 5644 3221 5700 Norman.
3246 5688 3260 5711 ,
3293 5646 3519 5711 Turon.,
3553 5646 3785 5701 Floriac.
3824 5684 3845 5709 ,

2247 5716 2498 5784 Vindoc.,
2554 5725 2665 5772 etc.
2716 5716 2940 5783 Quidam
2991 5724 3173 5771 tamen
3211 5717 3414 5773 habent
3459 5719 3731 5782 lactcmur.
3780 5727 3843 5771 et

2242 5789 2503 5844 mendose
2553 5788 2738 5857 aliqui,
2772 5786 3041 5857 lactemus.
3094 5785 3159 5857 In
3209 5786 3358 5857 nullo
3402 5797 3580 5844 autem
3612 5786 3841 5856 legimus

2242 5860 2483 5930 figamus,
2518 5870 2575 5914 ut
2603 5855 2658 5913 in
2690 5857 2875 5914 Editis.
2907 5855 3059 5914 Unus
3091 5855 3313 5915 Vindoc.
3344 5856 3506 5916 habet
3533 5859 3836 5929 (erigantur,

2240 5940 2295 5985 et
2323 5932 2594 5985 laetamur.
