4150 6504
375 470 466 536 tu

1237 460 1598 525 MURALIUM
1637 461 1765 521 LIB.
1813 458 1921 517 Vll.
1958 484 2030 511 υτ

2070 454 2134 512 ΙΝ
2175 452 2399 515 CAPUT
2440 453 2506 509 Vl
2547 454 2607 510 Β.
2644 451 2782 509 JOB.
3531 446 3636 504 782

366 605 522 650 amor
568 586 667 644 Dei
712 599 783 642 ex
824 581 1059 654 proximi
1103 594 1290 641 amore
1331 590 1356 617 ο
1393 578 1679 646 coalescit,
1732 582 1958 633 testatur
1984 575 2034 635 Α
2060 568 2341 629 nobiscum
2374 567 2580 637 gremio
2631 581 2731 640 per
2766 564 2929 623 ﬁdem
2958 563 3245 637 prodeunt,
3289 562 3387 621 sed
3428 562 3482 619 in
3529 580 3639 623 uno

364 684 622 748 Joannes,
650 677 868 737 dicens:
921 672 1026 741 Qui
1048 690 1154 732 non
1192 676 1360 747 diligit
1391 676 1603 747 fratrem
1629 688 1778 730 suum
1802 684 1953 744 quem

367 776 523 842 uidet,
553 771 723 831 Deum
760 784 909 841 quem
936 783 1041 823 non
1076 766 1233 833 uidet,
1260 766 1515 837 quomodo
1539 774 1707 837 potest
1742 763 1955 834 diligere

370 867 425 942 (Ι
450 866 615 925 Joan.
656 880 733 931 iv,
777 860 872 933 20)
896 861 919 919 i
943 858 1078 928 Quae
1106 867 1287 921 tamen
1315 857 1494 925 divina
1516 856 1733 914 dilectio
1761 870 1860 927 per
1886 853 1955 913 ti-

367 976 577 1021 morem
603 958 862 1026 nascitur,
899 954 995 1015 sed
1041 954 1097 1011 in
1125 950 1382 1013 affectum
1408 950 1707 1012 crescendo
1734 964 1951 1022 pertuu-

369 1063 532 1112 tatur.

440 1146 528 1202 29.
554 1146 789 1203 Proximi
808 1143 1011 1199 dilectio
1030 1143 1088 1197 in
1112 1141 1226 1213 ejus
1247 1139 1490 1195 arumnis
1510 1139 1781 1210 probatur.
1805 1136 1953 1192 Ami-

370 1258 486 1296 cum
513 1242 569 1295 in
608 1240 836 1295 aduersis
869 1236 1199 1308 despicientis
1227 1242 1420 1301 quanta
1461 1233 1731 1303 iniquitas.
1753 1227 1953 1284 —Sa3-

369 1346 438 1403 pe
460 1347 591 1388 vero
613 1331 955 1402 omnipotens
989 1329 1130 1383 Deus
1156 1332 1217 1380 ut
1240 1332 1498 1394 quantum
1524 1324 1752 1393 quisque
1775 1338 1805 1377 a
1826 1322 1957 1378 cha-

371 1427 527 1481 ritate
554 1426 674 1497 ejus
700 1440 764 1479 ac
806 1422 1041 1495 proximi
1068 1421 1228 1492 longe
1268 1420 1359 1488 sit,
1387 1418 1473 1474 vel
1502 1418 1554 1473 in
1591 1432 1656 1473 ea
1693 1425 1954 1487 quantum

369 1518 655 1590 profecerit
698 1519 1029 1584 innotescat,
1069 1516 1207 1571 miro
1264 1514 1454 1570 ordine
1493 1520 1688 1569 cuncta
1734 1510 1953 1582 dispen-

368 1623 514 1677 sans,
546 1609 680 1664 alios
708 1606 930 1678 ﬂagellis
953 1606 1227 1677 deprimit,
1257 1604 1393 1661 alios
1417 1603 1754 1659 successibus
1780 1602 1949 1658 fulcit.

370 1696 577 1754 Etcum
600 1700 862 1768 quosdam
887 1698 1256 1769 temporaliter
1270 1695 1491 1762 deserit,
1522 1696 1575 1750 in
1595 1694 1954 1765 quorumdam

370 1789 621 1846 cordibus
648 1791 793 1861 quod
819 1790 1019 1844 malum
1042 1789 1173 1844 latet
1195 1788 1450 1846 ostendit.
1476 1786 1611 1842 Nam
1638 1786 1955 1856 plerumque

368 1882 467 1954 ipsi
497 1900 598 1940 nos
628 1885 855 1940 miseros
892 1884 1270 1953 insequuntur,
1299 1882 1393 1952 qui
1421 1880 1605 1937 felices
1650 1881 1769 1936 sine
1796 1895 1948 1936 com-

2054 660 2331 725 charitatis
2353 660 2532 721 studio
2557 674 2684 731 erga
2708 657 2878 717 Deum
2898 664 2953 716 et
2974 658 3284 735 proximum
3311 671 3421 719 non
3463 655 3638 727 ﬁgun-

2052 766 2161 814 tur.
2207 754 2361 813 Unde
2391 763 2517 828 apte
2544 755 2708 815 etiam
2752 753 2981 823 torrenti
3020 753 3113 826 qui
3141 752 3337 827 raptim
3365 750 3560 815 transit
3585 750 3641 807 in

2053 853 2387 912 convallibus
2407 857 2805 923 comparantur,
2832 850 3068 915 Torrens
3088 865 3319 921 namque
3335 864 3403 905 ex
3422 854 3638 902 monta-

2052 948 2138 1007 nis
2180 947 2247 1005 ad
2291 948 2400 1007 ima
2445 943 2652 1016 deﬂuit,
2682 955 2739 1005 et
2774 946 3033 1007 collectus
3067 948 3385 1009 hiemalibus
3420 950 3636 1022 pluviis,

2053 1042 2254 1099 aestivis
2295 1041 2499 1100 solibus
2538 1041 2751 1098 arescit.
2786 1038 2891 1109 Qui
2918 1042 3062 1098 enim
3101 1052 3318 1100 terrena
3355 1044 3639 1115 diligentes

2053 1151 2208 1208 spem
2253 1151 2500 1208 superum
2543 1135 2729 1207 patriai
2766 1133 3043 1203 deserunt,
3072 1137 3227 1207 quasi
3255 1153 3323 1195 ex
3365 1140 3641 1199 montibus

2057 1230 2223 1287 valles
2242 1238 2462 1303 petunt;
2491 1246 2627 1302 quos
2655 1237 2839 1285 tamen
2858 1229 3029 1285 hiems
3049 1232 3328 1301 praesentis
3346 1234 3470 1290 vita:
3495 1234 3639 1291 ιιιιιι⁶

2056 1324 2281 1395 tiplicat,
2334 1324 2428 1380 sed
2461 1336 2483 1364 ο
2529 1330 2688 1381 sistas
2735 1322 2950 1381 venturi
2988 1322 3173 1392 judicii
3218 1324 3476 1395 exsiccat,
3516 1326 3645 1396 quia

2058 1433 2180 1473 cum
2208 1418 2293 1473 sol
2335 1432 2581 1490 superna)
2620 1415 2971 1473 districtionis
2998 1415 3355 1484 incanduerit,
3392 1417 3649 1488 reprobo-

2057 1529 2175 1568 rum
2198 1512 2438 1568 laetitiam
2460 1513 2515 1568 in
2543 1512 2847 1567 ariditatem
2874 1510 3057 1566 vertit.
3087 1509 3233 1566 Bene
3261 1525 3398 1581 ergo.
3412 1509 3644 1566 dicitur:

2059 1605 2271 1678 Raptim
2299 1606 2488 1663 transit
2523 1607 2578 1662 in
2607 1603 2942 1661 convallibus.
2975 1602 3293 1659 Torrentem
3330 1604 3531 1675 quippe
3578 1600 3649 1659 ad

2056 1700 2333 1757 convalles
2352 1699 2550 1771 raptim
2574 1700 2805 1755 transire
2824 1706 2907 1753 est
2921 1712 3213 1768 pravorum
3225 1704 3436 1753 mentes
3457 1696 3523 1752 ad
3540 1697 3650 1754 ima

2054 1792 2321 1849 desideria
2336 1793 2452 1847 sine
2474 1792 2582 1848 ullo
2604 1791 2883 1847 obstaculo
2895 1806 2959 1846 ac
2970 1787 3286 1845 difﬁcultate
3296 1789 3647 1847 descendere.

2056 1884 2204 1956 {Vet.
2216 1882 2337 1941 XII
2346 1885 2384 1957 .]
2397 1884 2582 1940 Omnis
2599 1885 2745 1940 enim
2766 1898 3023 1939 ascensus
3034 1883 3087 1938 in
3101 1882 3288 1938 labore
3302 1892 3402 1950 est,
3421 1883 3649 1940 descen-

371 1974 649 2045 paratione
677 1976 979 2031 coluerunt.
1012 1974 1147 2029 Cum
1176 1975 1320 2029 enim
1341 1974 1462 2044 quis
1490 1974 1696 2045 positus
1722 1974 1776 2029 in
1797 1989 1950 2045 pros-
1985 1974 2031 2036 Β
2058 1994 2149 2035 sus
2172 1978 2229 2033 in
2256 1979 2559 2048 voluptate,
2588 1978 2714 2049 quia
2745 1990 2841 2047 per
2868 1975 3112 2033 adnisum
3136 1988 3351 2045 gressus
3382 1974 3449 2030 ad
3480 1992 3644 2045 supe—

371 2068 599 2136 peritate
625 2067 885 2136 diligitur,
919 2068 1184 2122 incertum
1212 2068 1365 2123 valde
1402 2076 1488 2125 est
1525 2075 1703 2123 utrum
1733 2083 1959 2139 prospe-

373 2158 504 2213 ritas
538 2174 607 2213 ιιι
653 2173 882 2228 persona
906 2157 1178 2227 diligatur.
1211 2159 1442 2215 Amissio
1473 2168 1654 2213 autem
1686 2158 1962 2216 felicitatis

373 2250 669 2321 interrogat
702 2253 811 2306 vim
855 2252 1175 2308 dilectionis.
1226 2252 1378 2308 Unde
1424 2254 1564 2309 bene
1607 2254 1822 2324 quidam
1869 2269 1955 2309 sa-

373 2344 525 2413 piens
558 2344 721 2399 dicit:
757 2342 881 2399 Non
924 2345 1221 2416 agnoscitur
1248 2344 1301 2398 in
1341 2344 1487 2399 bonis
1518 2345 1737 2413 amicus,
1768 2354 1818 2399 et
1856 2361 1961 2400 non

374 2439 535 2511 224
572 2440 906 2495 absconditur
947 2442 1003 2494 in
1046 2440 1198 2494 malis
1226 2440 1466 2495 inimicus
1520 2439 1687 2512 (Eccli
1751 2456 1847 2508 ιιι,
1879 2439 1955 2512 8).

376 2529 483 2587 Nec
508 2532 842 2602 prosperitas
866 2531 1066 2602 quippe
1086 2532 1318 2586 amicum
1350 2532 1569 2599 indicat,
1598 2547 1697 2587 nec
1725 2531 1963 2586 adversi-

376 2629 460 2677 tas
508 2622 782 2678 inimicum
830 2623 989 2691 celat,
1020 2626 1144 2694 quia
1174 2634 1230 2680 et
1271 2626 1363 2681 ille
1402 2639 1544 2696 saepe
1588 2625 1963 2696 prosperitatis

376 2723 577 2771 nostra:
604 2718 911 2772 reverentia
941 2719 1140 2788 tegitur
1162 2760 1176 2784 ,
1209 2727 1264 2775 et
1294 2719 1394 2774 iste
1421 2734 1489 2774 ex
1517 2719 1839 2774 conﬁdentia
1869 2719 1965 2773 ad-

377 2810 649 2864 versitatis
671 2810 928 2880 aperitur.
953 2811 1047 2865 Vir
1067 2811 1227 2880 igitur
1239 2812 1416 2880 justus
1443 2814 1492 2864 in
1513 2810 1734 2882 ﬂagellis
1758 2812 1965 2882 positus

376 2901 525 2955 dicat
548 2919 564 2955 :
595 2899 697 2966 Qui
727 2902 860 2956 tollit
881 2901 944 2955 ab
972 2905 1136 2958 amico
1155 2919 1249 2957 suo
1273 2902 1699 2971 misericordiam,
1730 2904 1966 2959 timorem

379 2989 593 3047 Domini
624 2994 950 3067 derelinquit,
987 2995 1113 3063 quia
1140 2996 1393 3051 nimirum
1424 2996 1517 3065 qui
1544 3011 1613 3050 ex
1641 2994 1967 3051 adversitate

380 3086 685 3156 proximum
706 3086 951 3157 despicit,
983 3095 1170 3157 aperte
1199 3088 1541 3144 convincitur
1568 3088 1712 3157 quod
1742 3087 1886 3142 hunc
1910 3087 1965 3141 in

378 3193 654 3255 prosperis
702 3197 811 3236 non
864 3181 1084 3236 amavit.
1136 3182 1204 3235 Et
1254 3197 1378 3237 cum
1432 3181 1777 3252 omnipotens
1825 3179 1968 3236 Deus

380 3268 406 3307 δ
436 3271 560 3327 ideo
606 3272 869 3342 quosdam
908 3274 1195 3344 percutiat,
1229 3282 1290 3328 ut
1328 3282 1383 3329 et
1415 3288 1703 3344 percussos
1731 3272 1965 3341 erudiat,

2061 2071 2207 2127 riora
2253 2071 2512 2141 tenditur,
2561 2086 2658 2142 per
2700 2069 3077 2125 remissionem
3114 2083 3245 2123 vero
3286 2067 3353 2122 ad
3391 2066 3651 2124 inferiora

2062 2165 2381 2220 declinatur.
2420 2163 2501 2219 Ad
2530 2163 2731 2220 montis
2758 2162 2901 2219 enim
2932 2162 3192 2218 verticem
3222 2176 3415 2217 saxum
3456 2161 3651 2217 subve-

2062 2263 2193 2317 here
2220 2260 2398 2332 magni
2442 2260 2642 2316 laboris
2685 2265 2790 2327 est,
2830 2258 3085 2329 idemque
3112 2273 3143 2313 a
3178 2258 3404 2313 summis
3432 2256 3499 2311 ad
3542 2256 3653 2313 ima

2062 2353 2333 2409 dimittere
2354 2353 2506 2409 labor
2534 2368 2644 2408 non
2672 2359 2773 2407 est.
2802 2350 2933 2406 Sine
2960 2364 3115 2406 mora
3142 2348 3393 2405 videlicet
3422 2348 3652 2420 proruit,

2062 2448 2151 2518 qui
2199 2446 2408 2516 magnis
2448 2444 2733 2501 conatibus
2779 2443 2849 2499 ad
2898 2456 3106 2500 summa
3156 2442 3423 2513 pervenit.
3468 2439 3654 2510 Longo

2062 2540 2241 2595 studio
2257 2554 2409 2610 seges
2424 2540 2642 2603 seritur,
2665 2539 2783 2595 sole
2803 2547 2966 2608 atque
2986 2538 3156 2592 imbre
3176 2536 3382 2591 diutino
3396 2536 3652 2604 nutritur,

2065 2632 2159 2688 sed
2190 2642 2370 2687 tamen
2396 2648 2501 2687 una
2530 2639 2587 2687 ct
2612 2631 2786 2687 subita
2815 2631 3046 2687 scintilla
3074 2631 3424 2685 consumitur.
3460 2628 3657 2685 Paulis-

2066 2739 2162 2794 per
2191 2722 2418 2778 :ediﬁcia
2446 2723 2511 2776 ad
2538 2723 2643 2776 alta
2670 2722 2975 2792 proﬁciunt,
3007 2721 3104 2777 sed
3124 2721 3423 2791 repentinis
3446 2720 3659 2777 casibus

2066 2823 2266 2870 terram
2296 2824 2506 2885 petunt.
2539 2815 2785 2870 Robusta
2827 2814 2989 2869 arbor
3013 2814 3069 2868 in
3098 2829 3225 2869 aera
3256 2828 3356 2883 per
3395 2812 3549 2868 tarda
3576 2813 3659 2868 in-

2068 2914 2343 2959 crementa
2364 2921 2427 2960 se
2444 2905 2599 2976 erigit
2624 2923 2638 2972 ;
2661 2904 2757 2960 sed
2785 2904 3043 2975 quidquid
3061 2905 3155 2959 diu
3181 2905 3247 2959 ad
3284 2904 3391 2960 alta
3411 2904 3655 2976 protuiit,

2069 2996 2237 3052 semel
2264 3004 2319 3051 et
2347 2996 2504 3051 simul
2540 2996 2704 3052 cadit.
2734 2996 2873 3063 Quia
2903 2995 3062 3064 igitur
3091 3011 3343 3052 ascensus
3388 2997 3444 3052 in
3471 2996 3661 3053 labore

2068 3098 2171 3156 est,
2194 3089 2484 3145 descensus
2512 3090 2563 3144 in
2591 3090 2888 3159 voluptate,
2921 3097 3068 3143 recte
3094 3103 3239 3143 nunc
3266 3088 3461 3143 dicitur
3485 3106 3497 3143 :
3526 3088 3662 3143 Fra-

2072 3189 2172 3234 tres
2225 3182 2325 3234 mei
2362 3180 2723 3252 praeterierunt
2763 3196 2845 3233 me
2895 3179 3027 3233 sicut
3066 3186 3288 3245 torrens,
3336 3180 3421 3250 qui
3471 3180 3663 3251 raptim

2074 3277 2260 3329 transit
2286 3276 2343 3329 in
2389 3273 2727 3330 convallibus.
2772 3271 2934 3341 Quod
2969 3281 3153 3329 tamen
3193 3272 3385 3330 sentiri
3422 3280 3478 3329 et
3506 3274 3664 3330 aliter

379 3368 435 3416 et
460 3376 570 3415 non
615 3363 885 3431 percussis
931 3365 1271 3419 occasionem
1314 3364 1445 3419 boni
1486 3365 1668 3434 operis
1695 3363 1963 3434 praebeat,
1994 3381 2043 3445 ε
2073 3377 2270 3439 potest.

382 3453 621 3525 quisquis
656 3469 971 3526 percussum
1007 3455 1256 3527 despicit,
1282 3457 1623 3513 occasionem
1647 3470 1679 3510 a
1704 3470 1766 3510 se
1795 3455 1967 3509 virtu-

382 3545 449 3599 tis
486 3534 738 3616 repellit;
781 3554 837 3602 et
880 3556 1033 3603 tanto
1082 3562 1142 3604 se
1180 3549 1409 3620 nequius
1459 3556 1650 3603 contra
1691 3555 1970 3602 auctorem

381 3636 558 3707 erigit,
602 3647 804 3709 quanto
833 3639 977 3696 hunc
1005 3656 1107 3696 nec
1133 3642 1283 3711 pium
1312 3641 1367 3695 in
1395 3641 1567 3697 salute
1596 3639 1838 3710 propria,
1868 3650 1971 3692 nec

380 3732 579 3803 iustum
629 3735 687 3791 in
714 3735 893 3791 alieno
934 3735 1158 3791 vulnere
1187 3735 1447 3804 agnoscit.
1491 3732 1813 3788 Intuendum
1844 3744 1970 3785 vero

384 3837 468 3883 est
493 3827 637 3899 quod
660 3828 851 3883 beatus
877 3827 978 3883 Job
1008 3829 1087 3883 sic
1113 3844 1209 3882 sua
1241 3828 1498 3897 loquitur,
1540 3834 1600 3880 ut
1636 3824 1804 3878 totius
1830 3836 1970 3891 quo-

386 3935 492 3990 que
534 3920 698 3975 electi
741 3919 926 3990 populi
964 3934 1061 3989 per
1093 3934 1216 3973 eum
1246 3918 1354 3973 vita
1384 3918 1640 3985 signetur.
1666 3914 1802 3980 Quia
1830 3912 1973 3966 enim

387 4011 629 4080 ejusdem
655 4012 841 4084 populi
869 4012 1168 4067 membrum
1196 4018 1299 4078 est,
1330 4024 1451 4063 cum
1480 4022 1600 4076 qua:
1614 4006 1743 4075 ipse
1772 4004 1977 4074 patitur

388 4115 612 4170 narrat,
643 4119 709 4161 ea
757 4103 921 4159 etiam
962 4118 1083 4174 quae
1129 4101 1359 4159 sustinet
1387 4100 1477 4155 ille
1520 4095 1844 4161 denuntiat,
1890 4093 1973 4149 di-

389 4213 518 4255 cens
535 4215 549 4253 Ξ

952 4289 1191 4348 CAPUT
1230 4288 1399 4345 XXV.

466 4406 627 4465 Vens.
680 4406 766 4462 15.
816 4435 888 4447 -
930 4406 1150 4462 Fratres
1199 4409 1298 4460 mei
1338 4405 1694 4476 prwterierunt
1735 4417 1813 4455 me
1848 4401 1978 4455 sicut

389 4506 615 4566 torrens,
646 4500 731 4568 qui
761 4500 953 4569 raptim
980 4500 1165 4552 transit
1198 4499 1249 4551 in
1280 4495 1618 4550 convallibus.

464 4591 551 4646 50.
585 4589 809 4661 chrobi
829 4608 919 4645 cur
942 4610 973 4644 a
995 4592 1154 4663 justis
1181 4590 1422 4643 dicantur
1450 4598 1498 4642 et
1530 4590 1740 4659 fratres,
1774 4595 1819 4638 et
1847 4600 1980 4650 pra:-

394 4692 666 4741 tereuntes.
700 4682 935 4737 Torrenti
966 4691 1101 4736 recte
1140 4691 1528 4752 comparantur.
1586 4678 1706 4731 Vita
1748 4678 1883 4730 brevi
1930 4686 1980 4730 et

2145 3482 2301 3554 225
2330 3481 2419 3536 51.
2471 3480 2529 3537 Si
2578 3481 2721 3537 enim
2750 3480 3025 3539 convalles
3076 3480 3184 3538 ima
3225 3497 3508 3555 poenarum
3546 3480 3663 3538 loca

2072 3578 2456 3647 intelligimus,
2501 3574 2683 3645 injusti
2720 3576 2924 3646 quique
2961 3575 3102 3635 sicut
3131 3584 3344 3631 torrens
3373 3577 3569 3645 raptim
3598 3573 3664 3629 ad

2074 3670 2347 3725 convalles
2378 3677 2687 3735 transeunt,
2709 3669 2839 3737 quia
2864 3668 2919 3725 in
2943 3667 3050 3722 hac
3070 3668 3200 3731 vita,
3232 3683 3393 3737 quam
3417 3667 3546 3722 totis
3574 3665 3667 3721 de-

2074 3761 2283 3816 sideriis
2303 3767 2584 3829 appetunt,
2606 3758 2696 3813 diu
2722 3765 2869 3813 stare
2896 3773 3240 3828 nequaquam
3265 3764 3509 3828 possunt.
3534 3755 3667 3810 Nam

2076 3860 2205 3922 quot
2233 3851 2346 3904 dies
2373 3852 2549 3903 (etatis
2578 3848 2882 3919 accipiunt,
2916 3849 3071 3918 quasi
3099 3856 3179 3901 tot
3204 3849 3444 3917 quotidie
3472 3848 3668 3918 gressi-

2076 3941 2175 3996 bus
2219 3937 2285 3993 ad
2321 3938 2481 3993 ﬁnem
2522 3937 2771 3993 tendunt.
2798 3939 2998 4006 Augeri
3039 3937 3142 3993 sibi
3173 3945 3360 4011 Optant
3390 3947 3669 4015 tempora,

2076 4031 2171 4088 sed
2216 4029 2341 4099 quia
2384 4043 2644 4085 concessa
2692 4028 2987 4085 subsistere
3036 4038 3344 4101 nequeunt,
3394 4039 3526 4102 quot
3575 4046 3667 4087 au-

2077 4130 2293 4193 gmenta
2322 4120 2536 4175 vivendi
2564 4120 2898 4192 percipiunt,
2941 4118 2968 4157 ἀ
3000 4121 3069 4177 de
3098 4122 3309 4178 vivendi
3339 4124 3512 4195 spatio
3559 4131 3669 4179 tot-

2078 4215 2221 4269 idem
2242 4212 2496 4285 perdunt.
2528 4212 2801 4268 Momenta
2827 4227 2955 4284 ergo
2978 4222 3280 4285 temporum
3303 4231 3412 4288 quo
3435 4230 3664 4287 sequun-

2078 4314 2166 4361 tur
2204 4303 2447 4375 fugiunt,
2490 4319 2600 4375 quo
2628 4305 2902 4378 accipiunt
2928 4306 3199 4363 amittunt.
3245 4306 3461 4378 Raptim
3490 4309 3670 4378 itaque

2080 4398 2148 4453 ad
2176 4398 2449 4455 convalles
2480 4406 2781 4468 transeunt,
2820 4400 2912 4470 qui
2941 4399 2996 4455 in
3026 4400 3245 4471 longum
3272 4400 3490 4471 quidem
3517 4400 3670 4454 volu-

2080 4500 2289 4565 ptatum
2314 4492 2579 4549 desideria
2608 4496 2954 4565 pertrahunt,
2996 4494 3091 4549 sed
3121 4494 3185 4549 ad
3218 4494 3411 4549 inferni
3440 4493 3670 4548 claustra

2082 4593 2306 4662 repente
2346 4584 2701 4641 deducuntur.
2754 4585 2888 4651 Quia
2920 4586 3064 4640 enim
3094 4586 3199 4639 hoc
3229 4586 3393 4637 etiam
3432 4592 3670 4655 tempus.

2082 4676 2229 4747 quod
2255 4676 2495 4753 qualibet
2521 4676 2865 4746 longaevitate
2892 4683 3173 4730 extensum
3196 4682 3300 4744 est,
3330 4675 3375 4728 si
3399 4674 3502 4730 ﬁne
3523 4674 3671 4729 clau-

388 4776 608 4849 [ugitiva
636 4782 906 4828 transeunt
935 4775 1003 4828 ad
1044 4784 1239 4829 (eterna
1269 4782 1542 4825 tormenta.
1585 4797 1656 4807 ——
1709 4768 1985 4838 Reprobo-
2008 4760 2062 4822 ι)
2088 4770 2252 4837 ditur,
2279 4768 2497 4838 longum
2524 4784 2633 4823 non
2662 4777 2774 4836 est;
2808 4783 2874 4823 ex
2900 4765 3003 4821 fine
3029 4766 3209 4820 miseri
3236 4765 3492 4835 colligunt
3512 4767 3673 4823 breve

396 4882 516 4922 rum
561 4880 718 4923 mens
771 4866 898 4936 quia
938 4865 1056 4920 sola
1110 4863 1393 4935 praesentia
1440 4862 1612 4929 diligit
1660 4861 1980 4933 plerumque
2084 4864 2253 4919 fuisse
2287 4863 2430 4932 quod
2461 4861 2759 4917 amittendo
2786 4869 3095 4915 tenuerunt.
3140 4857 3292 4915 Unde
3330 4860 3469 4916 bene
3498 4870 3551 4917 et
3570 4877 3671 4937 per

395 4976 543 5017 nunc
570 4967 722 5016 tanto
751 4959 928 5014 aliena
956 4959 1141 5015 existit
1170 4974 1201 5013 a
1229 4959 1472 5025 verbere,
1507 4961 1710 5027 quanto
1740 4961 1862 5025 post
1888 4968 1983 5006 εις-
2088 4955 2433 5010 Salomonem
2462 4954 2658 5009 dicitur
2685 4971 2697 5006 :
2730 4952 2792 5008 Si
2812 4951 2990 5007 multis
3020 4952 3174 5007 annis
3201 4952 3384 5006 vixerit
3412 4953 3563 5011 homo
3581 4994 3596 5021 ,
3626 4961 3674 5008 et

398 5061 587 5109 tranea
633 5059 877 5111 remanet
921 5051 989 5107 ab
1040 5051 1394 5118 haereditate;
1443 5060 1495 5104 et
1533 5049 1763 5119 snpcrba
1812 5045 1987 5115 justus
2090 5048 2146 5101 in
2176 5047 2254 5099 Itis
2284 5044 2519 5127 omnibus
2564 5045 2768 5101 laetatus
2810 5046 2994 5116 fuerit,
3039 5044 3333 5118 meminisse
3362 5042 3507 5099 debet
3536 5053 3667 5098 tene-

394 5141 645 5213 despicit,
658 5155 794 5210 quos
816 5149 1041 5211 paterna
1058 5140 1479 5196 misericorditer
1497 5138 1757 5194 severitas
1778 5136 1983 5205 afﬂigit.
2094 5139 2230 5192 brosi
2256 5138 2519 5208 temporis,
2548 5145 2598 5189 et
2627 5135 2827 5188 dierum
2854 5134 3152 5199 multorum,
3187 5136 3272 5202 qui
3296 5150 3410 5187 cum
3430 5136 3675 5199 venerint,

401 5234 554 5305 Stepe
580 5248 712 5288 vero
741 5233 957 5303 reprobi
988 5233 1234 5288 eamdem
1282 5231 1438 5286 ﬁdem
1477 5246 1584 5299 qua
1610 5231 1839 5286 vivimus
1864 5228 1993 5283 reti—
2096 5230 2339 5283 vanitatis
2370 5236 2655 5299 arguentur
2682 5227 2948 5296 praeterita
2977 5224 3183 5295 (Eccle.
3236 5241 3319 5291 ιιι,
3365 5224 3458 5295 8).
3506 5224 3677 5280 Stulta

405 5335 553 5393 nent,
585 5327 777 5383 eadem
822 5326 945 5382 ﬁdei
989 5333 1329 5382 sacramenta
1372 5326 1695 5395 percipiunt,
1749 5321 1993 5393 ejusdem
2090 5320 2299 5391 etenim
2340 5334 2493 5374 mens
2533 5332 2656 5375 cum
2706 5316 2906 5372 malum
2938 5324 3162 5387 repente
3204 5316 3494 5379 invenerit,
3536 5314 3677 5381 quod

404 5420 678 5489 religionis
692 5420 901 5476 unitate
928 5421 1278 5476 continentur
1298 5437 1315 5486 ;
1339 5418 1434 5477 sed
1459 5426 1636 5473 tamen
1659 5414 1994 5482 compassio-
2102 5426 2438 5481 nequaquam
2464 5410 2730 5481 praeterit,
2762 5410 3120 5467 aiternitatem
3150 5409 3267 5479 ejus
3295 5408 3574 5469 tolerando
3595 5407 3656 5465 in

405 5511 488 5565 nis
514 5510 719 5566 viscera
742 5513 1012 5578 nesciunt,
1038 5513 1188 5567 citari
1199 5513 1319 5568 tatis
1340 5512 1468 5578 vim,
1483 5526 1598 5580 qua
1625 5512 1678 5565 in
1694 5512 1867 5564 Deum
1896 5505 1995 5565 ﬂa-
2094 5507 2454 5577 telligit,.quia
2475 5507 2619 5576 quod
2636 5494 2918 5576 praeterire
2940 5507 3115 5575 potuit
3129 5518 3325 5560 vanum
3351 5500 3473 5559 fuit.
3492 5499 3671 5558 Scien-

402 5616 621 5669 gramus
649 5612 706 5660 et
722 5605 1055 5676 proximum,
1095 5622 1205 5663 non
1233 5611 1551 5675 agnoscunt.
1584 5602 1753 5658 Recte
1782 5613 1909 5669 ergo
1938 5606 1997 5655 et
2102 5600 2229 5655 dum
2253 5615 2386 5655 vero
2414 5606 2496 5654 est
2531 5598 2677 5668 quod
2704 5598 2948 5670 plerique
2970 5610 3131 5667 agere
3159 5603 3309 5651 recta
3336 5590 3677 5660 desiderant,
3748 5640 3755 5645 .

405 5695 601 5751 fratres
623 5703 1094 5766 etpraetereuntes
1121 5707 1403 5762 vocantur,
1432 5696 1555 5765 quia
1585 5712 1652 5751 ex
1677 5710 1787 5750 uno
1803 5692 1994 5747 matris
2090 5692 2192 5753 sed
2218 5701 2343 5749 sunt
2369 5692 2628 5759 nonnulla
2674 5706 2794 5773 quae
2841 5688 3066 5761 inﬁrmis
3102 5701 3291 5745 eorum
3318 5685 3588 5757 mentibus
3614 5696 3678 5740 ex

482 5856 508 5920 ε
528 5848 773 5920 (uomet,
795 5852 1136 5909 convalescit.

480 5919 508 5958 ι’
538 5918 629 5992 §ic
651 5918 791 5992 pene
818 5939 1007 5978 omnes
1031 5941 1045 5989 ;
1076 5934 1133 5978 at
1160 5923 1300 5980 Editi
1329 5923 1529 5983 habent
1555 5924 1770 5979 cruciat.

487 6000 510 6029 ⁸
540 5988 782 6061 Ebroic.,
807 5993 901 6050 sed
926 5988 1105 6050 (estus.

2170 5844 2196 5884 ἀ
2223 5845 2492 5921 Obscurus
2510 5845 2690 5909 iocus.
2714 5842 2778 5911 1n
2800 5856 2897 5921 se;
3158 5846 3212 5897 et
3240 5846 3470 5921 quatuor
3495 5835 3662 5921 Nprm

2101 5919 2339 5975 occurrit
2366 5917 2527 5974 lectio
2569 5931 2729 5989 quam
2757 5909 2991 5989 amplcti
3015 5909 3220 5989 Sumus,
3260 5910 3349 5975 ubi
3370 5909 3517 5983 prius
3541 5909 3659 5982 lege

2104 5994 2280 6055 batur,
2315 5988 2402 6043 diu
2423 5980 2618 6041 vivendi
2644 5984 2812 6054 spatia
2837 5980 3047 6037 totidem
3070 5980 3309 6051 perdunt.
