4150 6502
586 462 689 518 785

1786 452 2025 510 SANCTI
2063 450 2392 511 GREGORII
2431 450 2650 511 MAGNI

3748 452 3861 507 784

488 539 511 639 ἐς
578 569 829 646 praesenti
865 568 972 622 vita
1002 564 1404 629 contradicant;
1434 562 1921 643 cumqueadversa
1958 565 2014 618 in
2043 563 2161 617 mli-
2185 569 2238 629 Α
2264 564 2595 633 pmnitentite
2615 578 2675 618 se
2704 560 2914 632 ignibus
2942 558 3258 629 inﬂammat,
3286 560 3409 617 duci
3435 561 3502 617 ad
3529 565 3855 634 supplicium

576 665 680 719 mis
702 660 910 733 perpeti
936 664 1180 714 metuunt
1198 698 1213 724 ,
1243 656 1297 710 in
1326 654 1544 725 superni
1568 654 1754 724 judicii
1782 654 2155 711 rectitudinem

486 744 507 757 δ’
575 753 871 812 offendunt.
903 749 1053 807 Unde
1080 756 1230 803 recte
1257 746 1598 816 subjungitur
1630 765 1643 801 :

965 839 1192 897 CAPUT
1229 837 1399 893 xxvr
1446 838 1594 911 [Rec.
1636 838 1768 910 XI].

647 939 809 995 Vsus.
842 936 931 991 16.
986 965 1057 977 -—-
1108 930 1211 997 Qui
1258 932 1439 987 timent
1485 933 1759 1003 pruinam,
1807 933 1960 985 irruit
2004 947 2157 1002 super

572 1050 660 1090 eos
688 1033 797 1087 nix.

643 1123 731 1179 52.
776 1119 877 1186 Qui
907 1120 1261 1191 temjioralium
1282 1119 1590 1173 damnorum
1617 1125 1755 1171 metu
1778 1117 2037 1188 justitiam
2063 1117 2155 1171 de-

571 1226 768 1282 serunt,
800 1213 1027 1269 incident
1045 1213 1101 1266 in
1122 1221 1317 1266 interna
1345 1209 1507 1265 mala.
1536 1239 1607 1251 —
1631 1207 1824 1263 Pruina
1845 1208 2043 1279 quippe
2071 1208 2158 1262 in-

531 1311 537 1317 ’
571 1312 738 1367 ferius
766 1307 1024 1379 gelascit,
1066 1305 1159 1359 nix
1198 1312 1379 1358 autem
1418 1302 1485 1357 de
1523 1301 1890 1371 superioribus
1928 1300 2054 1354 ruit.
2087 1297 2158 1354 Et

571 1418 714 1474 saepe
741 1398 981 1456 nonnulli
1006 1396 1133 1452 dum
1159 1394 1476 1465 temporalia
1501 1394 1724 1448 adversa
1746 1392 2134 1463 pertimescunt

572 1503 599 1530 τι
628 1489 951 1548 dislrictioni
992 1502 1052 1543 se
1093 1496 1309 1542 aeternae
1351 1483 1831 1539 animadversionis
1872 1482 2149 1550 objiciunt.

568 1585 647 1639 De
682 1582 876 1655 quibus
907 1580 1045 1635 bene
1072 1593 1169 1649 per
1197 1576 1538 1633 Psalmistam
1564 1575 1763 1631 dicitur
1792 1592 1804 1627 :
1839 1573 1960 1628 Illic
1993 1574 2153 1645 trepi-

568 1677 817 1733 daverunt
842 1674 1057 1737 timore,
1096 1670 1185 1725 ubi
1220 1687 1323 1726 non
1358 1678 1469 1724 erat
1499 1669 1651 1723 timor
1690 1666 1877 1741 (Psal.
1908 1682 2030 1733 xm,
2063 1663 2149 1736 5).

567 1763 674 1822 Iste
705 1778 939 1835 namque
964 1761 1246 1818 veritatem
1270 1760 1384 1830 jam
1409 1759 1576 1814 libere
1604 1756 1893 1813 defendere
1923 1756 2147 1827 appetit,

562 1858 669 1914 sed
692 1865 875 1912 tamen
902 1855 956 1911 in
1005 1854 1123 1925 ipso
1151 1868 1251 1909 suo
1280 1852 1523 1923 appetitu
1553 1850 1791 1920 trepidus
1822 1850 2147 1921 indignatio-

2261 652 2439 719 timet,
2472 662 2790 723 praesentem
2819 654 2983 709 vitam
3008 668 3075 710 ex
3103 652 3371 709 desiderio
3402 655 3631 723 retinet,
3660 658 3754 713 sed
3786 660 3856 715 de

2261 746 2384 805 loco
2404 763 2503 804 suo
2524 749 2769 817 solvitur,
2801 750 2925 819 quia
2948 750 3344 805 oblectamenta
3369 753 3548 807 carnis
3571 752 3849 819 deserens,

2260 840 2373 910 ejus
2401 842 2595 897 duritia
2622 860 2719 915 per
2738 843 3059 915 supplicium
3088 844 3342 916 liquatur.
3376 843 3486 900 Sed
3515 847 3642 917 quia
3674 848 3849 917 iniqui

2259 947 2449 987 omnes
2476 933 2605 1002 quid
2629 934 3011 992 abstractionis
3037 951 3147 991 suae
3180 944 3419 1007 tempore
3445 938 3722 1008 patientur
3750 955 3854 995 au-

2258 1023 2509 1090 divimus,
2540 1024 2713 1081 adhuc
2733 1026 2908 1095 aliqua
2934 1028 3129 1097 quibus
3157 1028 3213 1083 in
3240 1028 3504 1084 libertatis
3531 1044 3641 1086 sua:
3669 1030 3849 1100 spatio

2258 1114 2602 1185 implicantur
2629 1117 2930 1172 audiamus.
2962 1118 3216 1189 Sequitur
3246 1137 3261 1173 :

2459 1207 2687 1264 CAPUT
2712 1207 2921 1263 XXVIII
2949 1209 3093 1282 [Vet.
3119 1209 3201 1265 X1
3218 1209 3282 1278 V,
3312 1209 3438 1265 Rec.
3470 1210 3519 1264 Χ
3525 1211 3634 1283 11].

2329 1297 2494 1355 Vens.
2552 1298 2640 1353 18.
2707 1331 2778 1343 -
2833 1298 3090 1354 Involutie
3143 1308 3263 1354 sunt
3326 1300 3526 1356 semita
3580 1317 3849 1372 gressuum

2256 1406 2428 1475 eorum
2438 1431 2451 1445 .

2327 1480 2415 1534 54.
2458 1478 2611 1535 Nihil
2650 1482 2859 1552 prodest
2905 1492 3045 1536 recta
3089 1499 3402 1554 proponere,
3450 1485 3551 1538 nisi
3591 1484 3844 1553 propositi

2255 1576 2415 1628 simus
2446 1583 2672 1627 tenaces.
2717 1605 2790 1616 —
2826 1571 2998 1629 Omne
3036 1575 3183 1644 quod
3228 1574 3523 1630 involvitur
3554 1575 3609 1629 in
3647 1582 3845 1629 semet-

2254 1667 2429 1737 ipsum
2465 1667 2775 1736 replicatur.
2810 1666 2881 1721 Et
2914 1675 3042 1723 sunt
3075 1668 3319 1722 nonnulli
3345 1668 3439 1737 qui
3466 1668 3844 1724 seducentibus

2256 1759 2399 1813 vitiis
2442 1758 2663 1814 obviare
2692 1759 2846 1828 quasi
2874 1765 2989 1813 tota
3028 1758 3331 1814 intentione
3369 1758 3701 1824 deliberant,
3743 1756 3843 1812 sed

2252 1849 2490 1905 irruente
2535 1850 2849 1905 tentationis
2878 1850 3142 1918 articulo,
3186 1851 3241 1904 in
3280 1849 3686 1905 deliberationis
3710 1864 3843 1920 pro-

564 1964 689 2005 nem
711 1946 994 2019 potestatis
1015 1945 1262 2000 humanae
1288 1942 1649 2014 pertimescit;
1680 1956 1910 2012 cumque
1929 1942 1984 1996 in
2005 1948 2147 1996 terra
2179 1967 2223 2027 B
2250 1943 2428 2014 posito
2457 1958 2566 1998 non
2594 1943 2903 2013 perdurant.
2934 1942 3082 1998 Alius
3128 1958 3389 2013 namque,
3422 1958 3590 2014 pravo
3633 1940 3658 1979 τι
3705 1958 3842 1997 ausu

563 2039 834 2096 hominem
864 2045 1052 2092 contra
1090 2035 1374 2091 veritatem
1400 2041 1590 2105 pavet,
1629 2032 1871 2103 ejusdem
1909 2032 2151 2089 veritatis

563 2131 699 2191 iram
725 2131 936 2188 ccelitus
964 2129 1213 2185 sustinet.
1244 2127 1360 2192 Ille,
1393 2134 1738 2198 peccatorum
1768 2142 1989 2183 suorum
2018 2140 2150 2181 con-

560 2223 735 2290 scius,
766 2237 831 2277 ea
855 2236 975 2292 qua:
997 2220 1238 2292 possidet
1271 2219 1630 2288 indigentibus
1653 2218 1764 2288 jam
1791 2218 1973 2287 largiri
2003 2218 2146 2272 desi-

560 2311 744 2377 derat,
777 2298 873 2366 Sed
896 2319 1077 2366 tamen
1104 2325 1173 2365 ne
1193 2310 1333 2366 datis
1357 2310 1519 2365 rebus
1550 2303 1705 2378 egé'at
1732 2310 1848 2381 ipse
1874 2307 2144 2364 formidat.

559 2402 803 2472 Cumque
828 2402 1007 2456 carnis
1036 2401 1269 2456 subsidia
1299 2401 1627 2457 reservando
1658 2401 1900 2472 trepidus
1940 2416 2150 2472 praepa-

558 2503 664 2560 rat,
696 2492 764 2549 ab
786 2492 1055 2549 alimentis
1078 2493 1460 2549 misericordiae
1481 2494 1714 2549 animam
1738 2502 1929 2561 necat;
1952 2502 2149 2550 etcum

558 2586 672 2658 pati
697 2587 753 2643 in
781 2595 927 2644 terra
948 2586 1187 2657 inopiam
1207 2587 1421 2654 metuit,
1451 2594 1711 2648 azternam
1739 2588 1841 2643 sibi
1868 2588 2147 2644 abundan-

558 2680 692 2735 tiam
717 2693 962 2749 supernae
990 2676 1301 2733 refectionis
1329 2677 1609 2733 abscindit.
1653 2677 1824 2734 Recte
1852 2692 1983 2749 ergo
2012 2679 2147 2735 dici-

556 2780 685 2833 tur:
719 2770 819 2839 Qui
863 2771 1042 2825 timent
1067 2770 1338 2838 pruinam,
1371 2770 1525 2823 irruit
1553 2785 1706 2840 super
1730 2786 1816 2825 eos
1846 2772 1971 2837 nix,
2022 2770 2148 2841 quia

554 2863 649 2934 qui
675 2861 1045 2919 conculcanda
1074 2860 1141 2916 ab
1166 2859 1364 2915 inlimis
1393 2868 1672 2929 metuunt,
1713 2876 1745 2915 a
1786 2860 2008 2918 summis
2035 2874 2149 2915 me-

556 2954 759 3010 tuenda
792 2954 1103 3026 patiuntur;
1143 2960 1345 3008 etcum
1375 2952 1605 3008 transire
1644 2951 1835 3007 nolunt
1861 2951 2005 3022 quod
2032 2950 2146 3006 cal-

553 3061 681 3103 care
700 3053 980 3117 poterant,
1007 3044 1271 3114 judicium
1292 3043 1361 3099 de
1384 3044 1632 3115 supernis
1660 3043 1973 3113 excipiunt,
2003 3041 2147 3112 quod

553 3137 786 3193 tolerare
836 3150 1179 3207 nequaquam
1224 3144 1470 3205 possunt.
1540 3133 1649 3190 Sed
1705 3134 1820 3189 haec
1882 3141 2141 3203 agentes,

552 3230 739 3285 mundi
781 3229 1012 3299 gloriam
1058 3228 1433 3297 temporaliter
1459 3227 1726 3282 obtinent.
1779 3225 1918 3291 Quid
1963 3231 2143 3279 autem

2251 2040 2516 2111 superbiae
2544 2039 2787 2107 inﬂatus,
2837 2054 2959 2095 cum
2997 2052 3191 2107 magna
3220 2054 3339 2093 esse
3377 2038 3595 2107 prazmia
3622 2036 3840 2091 humili-

2252 2130 2377 2185 tatis
2406 2129 2746 2194 considerat,
2773 2127 3058 2183 adversum
3097 2128 3448 2197 semetipsum
3477 2142 3537 2182 se
3564 2126 3747 2195 erigit,
3785 2135 3841 2180 et

2252 2223 2408 2292 quasi
2436 2229 2702 2277 tumorem
2746 2220 2941 2291 turgidi
2986 2220 3154 2275 fastus
3185 2220 3433 2288 deponit,
3481 2219 3736 2273 exhibere
3780 2235 3840 2274 se

2250 2313 2578 2383 quibuslibet
2605 2312 2950 2369 contumeliis
2979 2312 3236 2366 humilem
3263 2310 3563 2380 promittit;
3595 2308 3687 2364 sed
3715 2324 3839 2363 cum

2249 2414 2474 2475 repente
2509 2406 2652 2461 hunc
2674 2405 2831 2460 unius
2858 2404 3052 2474 injuria
3079 2404 3228 2459 verbi
3252 2403 3549 2473 pulsaverit
3566 2442 3579 2465 ,
3611 2400 3679 2455 ad
3706 2416 3839 2454 con-

2250 2509 2457 2555 suetam
2484 2499 2731 2569 protinus
2751 2497 3043 2552 elationem
3066 2495 3224 2560 redit,
3256 2494 3442 2564 sicque
3471 2492 3542 2547 ad
3571 2500 3840 2547 tumorem

2249 2592 2491 2658 ducitur,
2524 2599 2585 2646 ut
2613 2606 2954 2662 nequaquam
2986 2589 3109 2660 quia
3140 2586 3457 2643 humilitatis
3485 2586 3683 2641 bonum
3711 2599 3841 2639 con-

2254 2692 2505 2755 cup:erat
2522 2683 2855 2739 recordetur.
2886 2690 2909 2718 ο
2932 2680 3083 2734 Alius
3107 2677 3331 2733 avaritia
3357 2688 3615 2741 aestuans,
3644 2688 3841 2744 augen-

2252 2778 2335 2833 dis
2385 2777 2731 2833 facultatibus
2774 2774 3016 2830 anhelat.
3064 2770 3116 2827 Is
3160 2786 3281 2826 cum
3331 2768 3610 2840 praeterire
3661 2766 3842 2822 omnia

2252 2870 2521 2926 velociter
2567 2868 2864 2938 conspicit,
2914 2872 3200 2935 vagantem
3248 2878 3346 2935 per
3381 2859 3843 2931 concupiscentias

2247 2969 2485 3019 mentem
2508 2962 2622 3030 ligit
2641 3001 2656 3028 ,
2686 2959 2929 3017 decernit
2951 2957 3060 3027 jam
3089 2956 3221 3011 nihil
3242 2963 3534 3025 appetere,
3568 2960 3622 3007 et
3648 2951 3843 3019 adepta

2249 3052 2618 3110 tantummodo
2663 3052 2761 3107 sub
2810 3050 2987 3120 magni
3032 3045 3418 3103 moderaminis
3456 3043 3612 3099 freno
3659 3040 3843 3112 possi-

2246 3148 2374 3203 dere
2400 3166 2415 3214 ;
2446 3146 2539 3204 sed
2568 3162 2689 3202 cum
2713 3153 2939 3215 repente
2964 3144 3162 3198 fuerint
3185 3142 3358 3197 oculis
3384 3139 3565 3195 oblata
3585 3153 3703 3208 quae
3727 3135 3841 3206 pla-

2247 3247 2436 3307 ceant,
2478 3238 2531 3291 in
2572 3236 2867 3292 ambitione
2895 3235 3143 3305 protinus
3178 3248 3334 3288 mens
3366 3231 3615 3296 anhelat,
3647 3235 3843 3284 semet-

552 3331 796 3392 tempore
814 3320 1111 3377 vocationis
1130 3334 1241 3375 suae
1260 3320 1454 3375 facturi
1475 3327 1739 3374 suntcum
1760 3327 1953 3373 cuncta
1981 3316 2140 3372 simul
2168 3349 2214 3414 ο
2249 3332 2420 3396 ipsam
2444 3330 2551 3386 ἀοι,
2573 3330 2737 3401 capit,
2768 3327 3104 3396 adipiscendi
3127 3326 3242 3380 [me
3263 3324 3608 3381 occasionem
3628 3318 3841 3391 quael-ii,

551 3410 727 3481 pavidi
754 3410 1011 3467 deserunt
1040 3424 1161 3479 quae
1189 3409 1277 3465 hic
1306 3424 1427 3465 cum
1469 3409 1619 3479 gravi
1650 3408 1845 3464 timore
1885 3422 2140 3464 servave-

550 3504 712 3559 runt?
742 3500 896 3558 Unde
923 3510 980 3558 et
1002 3510 1128 3572 apte
1154 3502 1404 3557 subditur
1430 3520 1443 3555 :

1101 3592 1331 3650 CAPUT
1364 3592 1579 3649 XXVII.

623 3690 789 3749 Vsus.
817 3692 905 3746 17.
956 3719 1026 3733 -
1076 3686 1329 3759 Tempore
1361 3705 1475 3762 quo
1521 3689 1718 3760 fuerint
1761 3688 2001 3760 dissipati
2026 3705 2143 3759 per-

545 3785 713 3842 ibunt.

616 3879 708 3935 55.
757 3880 993 3947 Quantus
1022 3896 1201 3934 eorum
1229 3895 1413 3951 pavor,
1438 3877 1641 3950 judicio
1670 3886 2138 3949 appropinquante.

545 3998 617 4012 -
654 3970 801 4037 Quos
846 3972 990 4026 enim
1039 3969 1323 4040 praesentis
1363 3970 1485 4023 vilic
1531 3967 1839 4023 sollicitudo
1893 3967 2140 4031 ordinat,

546 4060 765 4116 amissio
787 4061 1041 4131 dissipat;
1074 4068 1130 4114 et
1159 4068 1287 4114 tunc
1316 4058 1479 4114 etiam
1505 4056 1742 4112 exterius
1767 4064 2016 4126 pereunt,
2050 4054 2141 4123 qui

530 4138 692 4206 intus
737 4144 1162 4215 dudumazterna
1204 4148 1522 4220 negligendo
1550 4148 1843 4217 perierunt.
1878 4148 2039 4217 226
2067 4147 2143 4201 De

546 4243 740 4313 quibus
768 4251 914 4298 recte
942 4241 1157 4297 additur
1183 4261 1195 4294 :
1227 4238 1297 4294 Et
1326 4249 1381 4294 ut
1410 4240 1721 4293 incaluerint
1743 4280 1757 4304 ,
1790 4238 2051 4292 solventur
2076 4238 2142 4293 de

546 4336 660 4393 loco
708 4353 819 4392 suo.
870 4338 1016 4411 [νει.
1062 4335 1265 4409 ΧΙΙΙ.]
1314 4336 1533 4405 Iniquus
1573 4335 1714 4389 enim
1754 4334 1981 4404 quisque
2018 4350 2141 4390 cum

546 4427 851 4497 incaluerit,
882 4428 1099 4485 deloco
1123 4444 1221 4485 suo
1244 4428 1492 4496 solvitur,
1520 4428 1544 4465 ιι
1570 4428 1695 4496 quia
1715 4426 1917 4497 judicio
1940 4428 2140 4482 intimae

545 4521 894 4578 districtionis
919 4520 1379 4593 appropinquans,
1411 4534 1533 4575 cum
1559 4518 1670 4588 jam
1704 4529 1725 4556 α
1760 4535 1855 4589 per
1881 4519 2143 4588 cognitio-

546 4630 672 4670 nem
702 4630 874 4685 pmnae
899 4614 1109 4670 fervere
1138 4613 1385 4683 coeperit,
1418 4614 1486 4668 ab
1513 4628 1598 4677 ea,
1632 4613 1717 4667 cui
1746 4612 1942 4668 dudum
1973 4614 2140 4668 inhae-

2242 3434 2299 3480 et
2327 3425 2496 3481 oblita
2521 3424 2870 3479 continentia;
2898 3435 3060 3490 quam
3091 3432 3279 3473 secum
3306 3416 3601 3487 pepigerat,
3634 3412 3837 3480 cogita-

2242 3516 2447 3572 tionum
2471 3530 2532 3573 se
2553 3513 2786 3571 stimulis
2817 3527 2914 3583 per
2938 3509 3206 3566 desideria
3236 3505 3604 3576 acquisitionis
3630 3502 3842 3572 inquie-

2241 3618 2340 3665 tat.
2372 3608 2524 3662 Alius
2554 3605 2781 3661 luxuria:
2808 3604 2933 3660 tabe
2972 3601 3263 3673 polluitur,
3294 3606 3347 3653 et
3374 3598 3531 3665 longa
3554 3594 3665 3662 jam
3696 3608 3838 3647 con-

2242 3699 2530 3757 suetudine
2550 3704 2745 3766 captus
2768 3702 3018 3760 tenetur;
3049 3699 3249 3762 quanta
3271 3696 3447 3743 autem
3467 3682 3731 3741 castitatis
3758 3681 3840 3737 sit

2243 3791 2506 3847 munditia
2533 3788 2835 3858 conspicit,
2868 3794 2924 3841 et
2950 3801 2980 3840 a
3004 3800 3169 3841 carne
3199 3780 3333 3837 vinci
3358 3787 3515 3849 turpe
3536 3773 3844 3845 deprehen-

2245 3883 2343 3937 dit.
2376 3880 2724 3949 Bestringere
2761 3892 2890 3947 ergo
2926 3876 3264 3947 voluptatum
3292 3874 3433 3927 lluxa
3466 3868 3755 3932 deliberat,
3782 3870 3841 3921 et

2243 3974 2508 4031 resultare
2546 3970 2926 4037 consuetudini
2965 3969 3118 4038 quasi
3150 3967 3276 4023 totis
3315 3979 3374 4020 se
3416 3961 3619 4018 viribus
3660 3962 3833 4029 parat.

2244 4067 2351 4124 Sed
2374 4066 2463 4122 vel
2496 4065 2713 4134 objecta
2736 4062 2910 4118 oculis
2937 4060 3148 4131 specie,
3177 4057 3265 4113 vel
3304 4054 3372 4111 ad
3404 4050 3720 4109 memoriam
3746 4061 3834 4101 re-

2245 4160 2428 4226 ducta,
2452 4172 2577 4214 cum
2604 4155 2622 4194 ί
2651 4155 2827 4210 subita
2856 4153 3159 4209 tentatione
3180 4147 3503 4210 concutitur,
3534 4140 3776 4214 protinus
3798 4151 3833 4192 a

2242 4251 2467 4322 pristina
2496 4246 2894 4320 praeparatione
2922 4243 3248 4313 dissipatur;
3278 4246 3333 4294 et
3361 4237 3454 4306 qui
3482 4242 3669 4290 contra
3697 4231 3834 4322 hanc

2244 4320 2494 4415 clypeum
2523 4336 2931 4395 deliberationis
2958 4340 3229 4401 erexerat,
3255 4326 3632 4385 delectationis
3660 4320 3832 4376 iaculo

2242 4433 2521 4491 confossus
2539 4431 2715 4501 jacet;
2742 4429 2925 4500 sicque
2944 4440 3069 4482 eum
3085 4421 3296 4480 luxuria
3318 4432 3573 4477 enervem
3594 4418 3833 4483 superat,

2242 4539 2307 4580 ac
2332 4524 2377 4581 si
2404 4523 2550 4578 nulla
2579 4528 2769 4578 contra
2798 4534 2917 4574 eam
2950 4514 3266 4572 intentionis
3287 4524 3436 4566 arma
3458 4511 3829 4578 praeparasset.

2243 4617 2395 4672 Alius
2421 4616 2514 4671 irae
2536 4612 2765 4668 ﬂammis
2794 4609 3129 4673 accenditur,
3161 4613 3215 4660 et
3241 4615 3411 4671 usque
3440 4599 3505 4654 ad
3532 4592 3837 4653 inferendas

546 4716 713 4774 serat,
744 4709 922 4764 carnis
968 4723 1079 4763 sua:
1126 4706 1486 4762 delectatione
1534 4714 1833 4777 separatur.
1884 4704 2018 4760 Hinc
2053 4714 2136 4760 est
2162 4743 2214 4803 Β
2242 4710 2504 4780 proximis
2531 4704 2884 4761 contumelias
2915 4699 3229 4756 elIrenatur.
3256 4694 3390 4750 Cum
3417 4704 3548 4745 vero
3578 4686 3726 4742 nulla
3754 4684 3835 4738 fn-

549 4800 693 4854 enim
722 4800 866 4869 quod
898 4815 991 4868 per
1018 4799 1342 4871 prophetam
1377 4808 1569 4854 contra
1599 4800 1860 4870 reprobos
1888 4798 2084 4853 dicitur
2116 4816 2128 4852 :

546 4889 621 4944 Et
664 4892 1013 4947 tantummodo
1044 4892 1157 4947 sola
1185 4892 1387 4946 vexatio
1416 4892 1732 4946 intellectam
1761 4892 1906 4944 dabit
1934 4890 2137 4944 auditui

550 4982 716 5057 (Isai.
753 4999 945 5049 xxviii,
979 4985 1046 5039 l9
1065 4987 1106 5056 ),
1143 4986 1269 5054 quia
1298 4986 1549 5041 videlicet
1574 4996 1775 5040 mterna
1806 4999 1911 5038 non
1942 4982 2138 5037 intelli-

547 5084 713 5145 gunt,
761 5076 863 5130 nisi
893 5092 1015 5131 cum
1046 5092 1143 5147 pro
1170 5079 1556 5149 temporalibus
1580 5078 1689 5145 jam
1736 5077 1852 5130 sine
1880 5074 2139 5131 emenda-

548 5166 699 5223 tione
736 5168 1049 5237 puniuntur.
1083 5167 1232 5225 Tunc
1262 5186 1414 5225 mens
1442 5174 1660 5234 aestuat,
1701 5174 1755 5221 et
1796 5166 2139 5222 infructuosa:

618 5290 645 5318 ⁸
690 5280 747 5335 In
787 5279 1010 5337 Vindnc.
1045 5290 1100 5336 et
1147 5282 1419 5351 plerisque
1456 5279 1744 5351 Normkan,
1798 5277 2137 5351 districtionis

545 5360 756 5407 telerme
776 5348 1272 5407 animadversio—nem
1298 5348 1566 5421 abjiciunt.
1593 5348 1756 5421 (ἔοι-Ι).
1792 5350 1996 5421 Gem},
2031 5351 2140 5405 dis-

549 5423 801 5477 trictionis
843 5432 1052 5478 (eterna:
1082 5420 1555 5476 animadversiones
1601 5420 1866 5490 objiciunt.
1912 5420 2135 5488 Germ.,

548 5492 897 5547 districtiones
928 5503 1137 5548 (eterna:
1168 5490 1626 5545 animadversionis
1657 5490 1739 5561 ob.
1775 5490 1799 5542 l
1837 5490 1994 5561 Reg,
2026 5492 2138 5545 dis-

548 5563 810 5632 trictiones
840 5565 939 5618 sibi
966 5573 1176 5619 wterna:
1206 5560 1663 5615 animadversionis
1690 5560 1959 5632 objiciunt.
1990 5563 2141 5618 Alter

546 5629 681 5702 Reg.
714 5644 773 5688 ut
798 5634 852 5688 in
876 5634 1017 5688 Edit.

618 5704 644 5740 δ
675 5703 826 5759 Unus
853 5705 1174 5773 Compend.,
1202 5703 1318 5775 quia
1341 5702 1540 5773 judicio
1564 5702 1762 5759 intima:
1791 5704 2135 5759 districtionis

551 5778 1012 5828 approninauante.

585 5791 1012 5897 pprgpinquante.
1164 5847 1175 5859 '
1263 5847 1274 5858 .
2046 5845 2056 5856 .

722 5848 916 5926 broth
946 5862 1038 5913 per
1062 5853 1427 5926 cogitationem
1463 5863 1610 5917 pene.
1643 5844 1853 5926 Gemet.
1888 5854 1945 5900 et
1970 5844 2133 5926 Utic.,

546 5930 640 6037 per
676 5915 1017 5984 cognitionem
1064 5931 1228 5985 plena:
1268 5915 1484 5988 fervere,
1510 5927 1676 5988 quam
1725 5918 1850 5977 lect.
1900 5917 2137 5989 amplec-

576 5999 733 6037 imur.

576 5999 733 6042 unur.

2240 4800 2381 4856 roris
2421 4799 2657 4853 animum
2699 4794 2917 4851 occasio
2948 4792 3154 4863 pulsat,
3192 4794 3393 4857 quanta
3422 4784 3491 4840 sit
3516 4785 3834 4835 mansuetu-

2244 4890 2382 4947 dinis
2410 4890 2609 4956 virtus,
2643 4896 2844 4958 quanta
2872 4882 3148 4955 patientiae
3175 4889 3200 4927 ε
3229 4875 3455 4933 altitudo
3485 4871 3834 4958 considerat,

2244 4999 2411 5055 seque
2434 4985 2597 5039 etiam
2619 4988 2808 5037 contra
2829 4975 3188 5034 contumelias
3209 4972 3505 5044 patientem
3529 4972 3715 5055 parat;
3741 4957 3835 5015 sed

2246 5054 2367 5131 cum
2395 5090 2558 5146 parva
2588 5072 2885 5143 quamlibet
2911 5065 3292 5126 commotionis
3330 5058 3548 5118 occasio
3574 5054 3832 5115 nascitur,

2247 5144 2413 5240 22⁸1
2446 5175 2673 5239 repente
2701 5164 2769 5220 ad
2813 5176 2978 5219 voces
3023 5167 3079 5215 et
3125 5153 3481 5214 contumelias
3524 5144 3837 5204 medullitus

2311 5277 2338 5317 ἀ
2378 5279 2454 5334 lta
2482 5279 2706 5335 Vindoc.
2738 5284 2793 5332 et
2818 5275 3076 5331 Norman.
3101 5269 3367 5342 plerique,
3391 5279 3500 5321 non
3528 5276 3687 5333 pravo
3710 5272 3833 5325 usu,

2238 5360 2300 5408 ιη
2320 5352 2522 5437 .Ieggiun:
2552 5352 2606 5406 in
2632 5348 2850 5437 E.diﬁs._
2881 5412 3157 5437 n-__--.l
3208 5412 3278 5437 ε...
3302 5409 3464 5437 ιηῑιηι
3493 5423 3503 5434 .
3538 5402 3674 5437 nunc
3702 5396 3764 5437 .ὶῖ

2318 5402 2343 5457 έ
2355 5402 2606 5478 Floria};
2632 5402 2695 5475 et
2714 5433 2854 5473 unus
2880 5412 3180 5485 Compend.
3208 5412 3281 5485 ita
3302 5409 3466 5465 habet
3483 5423 3503 5485 ,ε
3537 5402 3674 5485 alius
3702 5402 3828 5485 uvas

2242 5495 2367 5549 rilia
2414 5475 2673 5558 testantis,
2724 5487 2973 5560 augendis
3019 5475 3355 5547 lacunalibus
3403 5475 3673 5537 anhelans,
3715 5484 3829 5524 cum

2245 5566 2530 5637 prieterire,
2561 5572 2725 5637 etc.__
2947 5635 2952 5637 Α
2992 5626 3003 5637 _
3066 5632 3075 5637 _
3178 5623 3190 5635 ο
3318 5636 3327 5637 7
3375 5614 3638 5637 ,ΑΗΔ-*ε
3681 5611 3763 5637 ηε

2316 5610 2802 5689 i"limonides.Mss.
2834 5626 3007 5685 nostri
3028 5632 3083 5681 et
3101 5623 3339 5694 quinque
3362 5614 3662 5694 Anglicani,
3678 5610 3821 5694 quib.

2242 5685 2691 5762 concinuntqvet.
2718 5685 2816 5756 Ed.
2848 5699 2982 5755 Coc.
3013 5706 3068 5754 et
3104 5685 3220 5766 seq.
3239 5685 3268 5762 ,⁵
3282 5708 3381 5765 pro
3409 5685 3599 5751 subita.
3632 5685 3828 5739 ιιθυθηι

2244 5776 2576 5901 sugjiiciuilss.
2609 5843 2826 5901 Gemet.
2856 5850 2911 5898 et
2934 5836 3122 5912 paucis
3150 5836 3269 5894 aliis
3292 5832 3628 5891 desideratur
3653 5822 3810 5878 altilu.

2242 5916 2332 5985 de,
2363 5916 2529 5974 illzeso
2556 5930 2740 5972 sensu.
