4150 6468
982 376 1009 387 ιη.

802 380 807 385 ⁷
896 387 934 408 ς’

431 472 527 530 785

1252 463 1611 524 MORALIUM
1653 464 1778 522 LIB.
1822 463 1932 519 VII.
1974 490 2043 504 —-
2082 461 2149 518 IN
2186 460 2413 520 CAPUT
2454 462 2522 519 Vl
2559 463 2621 518 Β.
2662 460 2799 519 JOB.

3582 467 3687 525 786

425 581 813 645 inﬂammatur;
864 577 941 633 ita
978 580 1040 631 ut
1080 590 1191 632 non
1232 576 1406 632 solum
1446 576 1514 631 ad
1558 592 1872 633 memoriam
1909 590 2006 647 pa-
2031 574 2321 636 Aalterius
2372 594 2433 629 ac
2474 579 2698 645 plurium
2745 578 3176 649 consequentium.
3229 578 3393 644 Quasi
3438 581 3587 637 homo
3633 584 3688 639 in

426 671 612 727 tientia
636 668 900 739 promissa
930 680 1039 721 non
1062 666 1270 734 redeat,
1300 666 1394 722 sed
1415 677 1469 722 et
1490 668 1833 737 semetipsam
1860 681 2013 721 mens

426 774 483 833 et
518 778 581 817 ea
609 776 729 832 quae
760 758 998 830 loquitur
1026 759 1270 814 convicia
1314 775 1421 814 non
1465 768 1739 828 agnoscat.
1770 758 2012 829 Cumque

427 853 595 909 furori
635 852 794 923 plene
839 850 1195 915 satisfecerit,
1240 852 1395 920 quasi
1437 860 1559 921 post
1596 853 1911 907 exercitium
1958 852 2011 906 in

430 941 871 1011 tranquillitatem
900 941 1077 1007 redit;
1119 949 1174 996 et
1200 949 1328 997 tunc
1354 956 1414 998 se
1442 941 1512 996 ad
1540 942 1737 997 silentii
1778 943 2011 998 claustra

432 1034 736 1102 recolligit,
778 1048 900 1087 cum
945 1032 1138 1100 linguae
1168 1048 1276 1086 non
1322 1033 1610 1102 patientia,
1647 1032 1740 1087 sed
1769 1033 2011 1103 procaci-

432 1126 563 1181 tatis
602 1139 714 1179 sua:
748 1122 1045 1178 satisfactio
1083 1122 1293 1177 frenum
1323 1123 1521 1192 posuit.
1554 1122 1655 1177 Vix
1686 1122 1847 1191 igitur
1889 1137 2012 1178 sero

434 1224 560 1287 post
583 1214 824 1270 convicia
854 1212 999 1268 illata
1030 1228 1089 1267 se
1118 1212 1367 1279 cohibet,
1400 1212 1522 1283 quia
1550 1220 1605 1267 et
1632 1227 1663 1266 a
1694 1228 1853 1267 cursu
1876 1227 2014 1283 saepe

433 1314 743 1378 spumantes
770 1320 938 1375 equos
961 1320 1065 1358 non
1094 1304 1427 1373 praesidentis
1455 1306 1695 1369 dextera,
1724 1304 1815 1358 sed
1839 1304 2014 1372 campi

435 1399 698 1453 terminus
737 1395 1165 1471 coercet.rBene
1212 1408 1340 1464 ergo
1382 1395 1449 1450 de
1495 1395 1738 1466 reprobis
1780 1396 2011 1452 dicitur:

436 1490 689 1547 Involuta:
708 1499 827 1544 sunt
854 1490 1047 1543 semita:
1069 1505 1333 1560 gressuum
1355 1505 1550 1552 eorum,
1584 1489 1706 1557 quia
1728 1497 1876 1544 recta
1898 1490 2015 1560 qui-

434 1581 556 1636 dem
585 1580 931 1636 deliberando
961 1588 1249 1648 appetunt,
1293 1579 1388 1633 sed
1417 1579 1482 1633 ad
1508 1588 1765 1634 consueta
1804 1596 2018 1651 semper

435 1673 577 1728 mala
605 1672 960 1741 replicantur;
991 1678 1045 1724 et
1072 1670 1224 1738 quasi
1256 1680 1408 1723 extra
1439 1684 1495 1725 se
1525 1670 1660 1724 tensi
1679 1711 1694 1735 ,
1727 1669 1792 1723 ad
1815 1678 2013 1725 semet-

434 1764 581 1834 ipsos
597 1778 693 1833 per
708 1762 985 1817 circuitum
1003 1761 1245 1826 redeunt,
1270 1761 1360 1830 qui
1381 1761 1521 1814 bona
1537 1760 1749 1831 quidem
1774 1761 2015 1830 cupiunt,

436 1856 532 1913 sed
556 1871 585 1910 a
613 1856 769 1910 malis
795 1869 1064 1926 nunquam
1094 1853 1371 1908 recedunt.
1402 1852 1533 1908 Esse
1552 1854 1749 1923 quippe
1770 1854 2016 1918 humiles,

2113 665 2325 720 bestiam
2348 668 2552 735 desinit,
2585 668 2703 720 dum
2734 668 2823 722 sub
2844 668 3049 723 obtentu
3076 671 3295 723 rationis
3323 680 3501 724 contra
3524 674 3688 727 ratio-

2113 774 2226 810 nem
2272 768 2467 828 peccat.
2516 788 2587 797 —
2630 758 2930 826 Aliquando
2960 774 3089 814 vero
3127 760 3379 815 involutis
3407 774 3684 830 gressuum

2113 850 2319 905 semitis
2349 857 2403 904 et
2438 849 2577 902 nulli
2618 849 2771 919 culpa
2802 850 3129 917 devincitur,
3176 859 3232 905 et
3260 852 3361 906 alia
3405 867 3501 922 per
3530 853 3689 906 aliam

2111 950 2467 1013 perpetratur.
2500 940 2633 995 Nam
2660 956 2801 1010 smpe
2830 940 2971 995 furto
3000 943 3304 1010 negationis
3333 942 3541 999 fallacia
3567 943 3692 1013 jun-

2112 1034 2283 1102 gitur,
2324 1039 2377 1088 et
2412 1046 2552 1101 saepe
2580 1032 2735 1098 culpa
2768 1030 2990 1085 fallaciae
3011 1032 3229 1101 perjurii
3264 1042 3417 1088 reatu
3447 1034 3689 1088 cumula-

2115 1130 2217 1176 tur.
2260 1120 2413 1188 Saepe
2441 1119 2717 1190 quodlibet
2746 1119 2929 1173 vitium
2956 1121 3250 1190 impudenti
3277 1124 3692 1192 praesumptione

2114 1213 2485 1276 committitur,
2527 1219 2582 1265 et
2622 1225 2763 1280 saepe
2804 1209 2976 1279 (quod
3002 1212 3144 1265 omni
3168 1212 3323 1281 culpa
3351 1213 3411 1265 tit
3437 1214 3688 1284 gravius)

2116 1306 2277 1359 etiam
2331 1305 2400 1359 de
2450 1303 2740 1360 commisso
2788 1304 2920 1357 vitio
2971 1303 3294 1373 superbitur.
3349 1308 3508 1375 228
3558 1305 3691 1359 Nam

2115 1396 2361 1467 quamvis
2389 1396 2455 1449 de
2486 1396 2683 1449 virtute
2712 1394 2859 1448 nasci
2889 1394 3051 1449 elalio
3080 1393 3280 1459 soleat,
3310 1409 3692 1463 nonnunquam

2116 1497 2296 1543 tamen
2319 1485 2347 1525 δ
2374 1488 2537 1543 stulta
2562 1503 2714 1542 mens
2748 1488 2814 1541 de
2848 1495 3157 1557 perpetrata
3186 1503 3244 1541 se
3280 1488 3514 1556 nequitia
3544 1487 3689 1540 exal-

2118 1586 2213 1633 tat.
2234 1577 2338 1633 Sed
2360 1594 2481 1634 cum
2504 1579 2659 1648 culpa
2684 1580 2851 1649 culpae
2872 1578 3196 1646 adjungitur,
3225 1576 3349 1645 quid
3372 1576 3512 1630 aliud
3535 1592 3694 1645 quam

2119 1671 2373 1726 involutis
2402 1672 2607 1726 semitis
2653 1680 2813 1741 atque
2860 1671 3128 1725 innodatis
3154 1670 3379 1725 vinculis
3406 1684 3694 1739 pravorum

2119 1778 2332 1832 gressus
2361 1765 2632 1831 ligantur?
2665 1763 2814 1818 Unde
2844 1764 2979 1819 bene
3002 1772 3189 1819 contra
3212 1777 3517 1832 perversam
3546 1776 3698 1814 men-

2123 1864 2227 1909 tem
2256 1856 2353 1909 sub
2376 1855 2569 1909 Judasaa
2591 1855 2771 1924 specie
2797 1869 2891 1923 per
2914 1853 3100 1908 Isaiam
3126 1852 3318 1908 dicitur
3344 1868 3356 1903 :
3389 1849 3505 1903 Erit
3534 1850 3698 1903 cubile

436 1948 533 2003 sed
562 1956 739 2002 tamen
769 1947 883 2001 sine
911 1947 1198 2016 despectu;
1226 1960 1347 2001 esse
1375 1946 1614 2000 contenti
1641 1945 1892 2014 propriis,
1921 1944 2014 2001 sed
2046 1953 2088 2012 Β
2119 1946 2433 2010 draconum,
2482 1956 2531 2001 et
2560 1963 2752 2016 pascua
2789 1946 3133 2000 struthionum
3152 1984 3166 2009 ,
3212 1952 3261 1998 et
3285 1954 3550 1998 occurrent
3590 1943 3698 1997 dw-

437 2038 556 2094 sine
591 2038 941 2102 necessitate;
985 2052 1105 2091 esse
1146 2036 1318 2102 casti,
1368 2036 1462 2090 sed
1493 2036 1609 2090 sine
1651 2038 2016 2092 maceratione

437 2129 713 2200 corporis;
737 2143 858 2183 esse
871 2129 1161 2199 patientes,
1186 2126 1280 2182 sed
1304 2128 1421 2183 sine
1443 2128 1781 2183 contumeliis
1800 2128 2013 2197 volunt;

438 2234 669 2289 cumque
699 2218 919 2290 adipisci
940 2219 1167 2273 virtutes
1195 2226 1462 2287 qurerunt,
1494 2216 1591 2272 sed
1618 2218 1829 2273 labores
1850 2219 2017 2273 virtu-

436 2315 553 2363 tum
579 2308 815 2378 l'ugiunt,
849 2307 974 2379 quid
1002 2307 1144 2362 aliud
1175 2323 1333 2378 quam
1356 2315 1383 2343 α
1413 2314 1470 2363 et
1496 2307 1618 2362 belli
1649 2309 1939 2363 certamina
1962 2310 2017 2363 in

437 2413 629 2471 campo
665 2400 943 2465 nesciunt,
984 2408 1040 2455 et
1073 2400 1402 2471 triumphare
1439 2401 1495 2455 in
1522 2400 1739 2457 urbibus
1778 2400 1847 2458 de
1874 2402 2017 2458 bello

440 2499 843 2561 concupiscunt.
868 2490 872 2494 Α

512 2581 657 2655 [Vet.
704 2580 753 2634 Χ
766 2581 854 2654 γ.]
882 2580 970 2636 '55.
1000 2580 1137 2635 Dum
1165 2583 1323 2653 aliqui
1361 2583 1484 2637 vitia
1516 2584 1753 2654 quazdam
1781 2586 2017 2653 domant,

440 2670 548 2724 alia
590 2670 882 2741 negligunt,
927 2674 1083 2726 etiam
1120 2670 1343 2727 subactis
1384 2689 1508 2727 mox
1548 2675 1902 2730 succumbunt.
1948 2704 2021 2717 —

440 2756 693 2824 Quamvis
720 2760 827 2813 hoc
846 2802 863 2829 ,
892 2761 1038 2830 quod
1064 2777 1250 2817 eorum
1281 2765 1488 2818 semita:
1530 2764 1781 2819 involutm
1811 2781 2020 2823 memo-

440 2858 645 2917 rantur,
676 2850 850 2907 adbuc
877 2852 1098 2917 intelligi
1127 2860 1183 2908 et
1204 2853 1361 2908 aliter
1386 2853 1576 2925 possit.
1608 2853 1760 2926 Saepe
1788 2871 2022 2926 namque

442 2940 682 2996 nonnulli
710 2951 899 2998 contra
939 2943 1178 3013 quaedam
1221 2959 1281 3000 se
1307 2944 1437 3000 vitia
1467 2946 1816 3003 vehementer
1844 2951 2023 3006 accin-

440 3044 599 3105 gunt,
644 3035 739 3092 sed
778 3036 1021 3107 quaedam
1061 3038 1308 3108 subigere
1348 3040 1652 3110 negligunt;
1696 3057 1925 3114 cumque
1962 3060 2023 3102 se

440 3136 629 3183 contra
669 3129 769 3183 ista
811 3144 920 3183 non
952 3130 1195 3198 erigunt,
1236 3138 1292 3187 et
1330 3131 1418 3187 illa
1462 3142 1651 3187 contra
1682 3148 1741 3189 se
1768 3145 2025 3206 reparant

440 3236 558 3291 quae
578 3220 923 3290 subegerunt.
954 3222 1107 3276 Alius
1127 3237 1361 3294 namque
1384 3223 1497 3292 jam
1522 3240 1738 3280 carnem
1761 3242 1791 3281 a
1812 3228 2022 3285 luxuria

2118 2040 2292 2093 monia
2322 2040 2708 2101 onocentauris,
2740 2047 2788 2092 et
2817 2037 3009 2107 pilosus
3048 2036 3288 2089 clamabit
3318 2037 3449 2089 alter
3479 2035 3547 2087 ad
3571 2034 3698 2087 alte-

2115 2144 2229 2183 rum
2272 2128 2441 2200 (Isai.
2481 2144 2675 2194 xxxtv,
2710 2127 2834 2197 l5).
2866 2126 3003 2193 Quid
3041 2140 3273 2195 namque
3312 2140 3409 2194 per
3437 2124 3698 2178 dracones

2118 2224 2219 2279 nisi
2247 2223 2450 2277 malitia
2476 2264 2485 2276 .
2516 2221 2642 2291 quid
2670 2236 2800 2275 vero
2829 2220 3188 2275 struthiouum
3220 2217 3439 2273 nomine
3468 2216 3567 2271 nisi
3594 2216 3698 2285 hy-

2116 2314 2341 2386 pocrisis
2366 2313 2706 2381 designatur?
2734 2310 2973 2366 Struthio
2999 2310 3195 2379 quippe
3220 2308 3452 2379 speciem
3484 2306 3699 2363 volandi

2116 2406 2308 2474 habet,
2352 2404 2447 2461 sed
2474 2419 2626 2459 usum
2655 2404 2871 2458 volandi
2914 2419 3021 2457 non
3050 2403 3241 2468 habet,
3272 2402 3397 2470 quia
3438 2410 3495 2455 et
3527 2401 3699 2471 hypo-

2117 2497 2271 2552 crisis
2306 2496 2512 2551 cunctis
2547 2493 2878 2549 intuentibus
2906 2492 3191 2561 imamem
3220 2491 3287 2545 de
3314 2505 3374 2545 se
3402 2490 3701 2545 sanctitatis

2118 2589 2373 2653 insinuat,
2404 2586 2498 2641 sed
2519 2592 2705 2640 tenere
2728 2585 2892 2639 vitam
2918 2583 3217 2639 sanctitatis
3240 2582 3465 2651 ignorat.
3498 2581 3554 2636 In
3577 2597 3702 2652 per:

2120 2698 2275 2738 versa
2303 2682 2461 2750 igitur
2488 2687 2671 2735 mente
2700 2681 2862 2733 draco
2888 2678 3069 2741 cubat,
3103 2685 3159 2730 et
3182 2676 3414 2730 struthio
3442 2674 3698 2744 pascitur,

2120 2776 2244 2845 quia
2272 2782 2328 2830 et
2359 2773 2532 2828 latens
2560 2771 2762 2826 malitia
2791 2769 2983 2827 callide
3012 2769 3237 2837 tegitur,
3282 2776 3337 2821 et
3381 2765 3702 2820 intuentium

2122 2864 2295 2921 oculis
2318 2862 2588 2919 simulatio
2615 2859 2872 2915 bonitatis
2893 2856 3207 2913 antefertur.
3242 2855 3380 2923 Quid
3405 2869 3532 2908 vero
3565 2868 3700 2908 ouo-

2122 2966 2497 3015 centaurorum
2545 2953 2791 3017 nomine,
2845 2950 2943 3004 nisi
2989 2958 3044 3004 et
3090 2949 3279 3003 lubrici
3321 2947 3612 3016 ﬁgurantur
3648 2953 3706 3001 et

2124 3034 2283 3106 elati?
2313 3036 2501 3102 Graeco
2530 3046 2727 3116 quippe
2754 3043 2971 3111 eloquio
3016 3040 3122 3103 Z'vo;
3168 3042 3349 3095 asinus
3375 3040 3601 3103 dicitur,
3651 3046 3707 3093 et

2125 3138 2483 3210 appellatione
2508 3136 2642 3190 asini
2667 3135 2877 3189 luxuria
2906 3133 3213 3201 designatur
3232 3171 3245 3193 .
3276 3133 3535 3202 propheta
3568 3136 3707 3183 atte-

2125 3238 2329 3294 stante,
2360 3228 2451 3298 qui
2492 3228 2565 3280 ait
2596 3244 2609 3279 :
2648 3226 2717 3279 Ut
2745 3241 2926 3279 carnes
2967 3224 3265 3289 asinorum,
3315 3236 3496 3274 carnes
3533 3234 3707 3274 eorum

440 3311 707 3375 edomuit,
750 3311 844 3367 sed
873 3318 1053 3367 tamen
1084 3312 1260 3368 adhuc
1290 3322 1524 3369 mentem
1554 3315 1621 3369 ab
1650 3317 1874 3372 avaritia
1915 3336 2023 3378 non
2051 3329 2096 3391 ς
2130 3319 2341 3391 (Ezech.
2376 3333 2525 3381 χχιιι,
2554 3315 2670 3383 20).
2701 3314 2862 3369 Tauri
2892 3321 3069 3368 autem
3100 3311 3362 3367 vocabulo
3392 3308 3571 3364 cervix
3614 3323 3706 3361 su-

444 3402 729 3459 refrenavit
753 3422 769 3470 ;
796 3418 1024 3473 cumque
1047 3418 1106 3459 se
1129 3404 1183 3458 in
1209 3404 1410 3459 mundo
1435 3420 1533 3474 pro
1563 3408 1864 3463 exercenda
1893 3424 2023 3465 ava-

444 3496 821 3563 ritia-retinet,
855 3511 1085 3567 cumque
1111 3511 1142 3550 a
1168 3496 1396 3551 terrenis
1424 3497 1632 3553 actibus
1661 3514 1768 3554 non
1798 3501 2023 3567 recedit,

443 3598 757 3660 erumpente
784 3588 1085 3644 occasionis
1105 3588 1361 3652 articulo,
1394 3588 1555 3643 etiam
1579 3588 1633 3642 in
1661 3589 1927 3646 luxuriam
1949 3592 2028 3647 la-

444 3678 615 3743 bitur,
645 3693 809 3748 quam
835 3677 946 3747 jam
974 3678 1251 3745 subegisse
1274 3676 1574 3731 videbatur.
1615 3676 1765 3734 Alius
1792 3680 2028 3735 avaritiae

444 3775 632 3825 testu'm
658 3769 815 3835 vicit,
862 3769 957 3824 sed
998 3782 1335 3838 nequaquam
1365 3768 1473 3821 vim
1513 3768 1735 3822 luxuria:
1764 3770 2026 3838 subdidit;

446 3874 673 3929 cumque
701 3858 979 3929 explendae
1024 3858 1248 3912 luxuria:
1276 3858 1508 3928 pretium
1550 3867 1852 3928 prmparat,
1899 3860 2030 3929 jugo

446 3964 661 4019 quoque
688 3950 955 4014 avaritiae,
984 3963 1146 4018 quam
1176 3946 1378 4001 dudum
1402 3948 1673 4017 edomuit,
1704 3952 1881 4007 cordis
1908 3967 2030 4007 cer-

447 4044 623 4100 vicem
667 4041 866 4098 subdit.
915 4042 1066 4096 Alius
1103 4039 1452 4095 rebellantem
1490 4040 1602 4109 jam
1642 4041 2031 4112 impatientiam

448 4134 657 4201 stravit,
688 4132 785 4190 sed
809 4132 1021 4188 inanem
1048 4132 1271 4203 gloriam
1300 4131 1526 4186 necdum
1550 4133 1710 4200 vicit,
1742 4142 1799 4189 et
1825 4151 1947 4191 cum
1975 4151 2035 4193 se

449 4242 545 4297 per
558 4224 706 4281 hanc
727 4225 911 4281 mundi
932 4223 1228 4280 honoribus
1255 4222 1461 4291 inserit,
1487 4222 1729 4281 conﬁxus
1751 4241 2032 4282 causarum

454 4316 685 4371 stimulis
702 4315 772 4370 ad
788 4314 1178 4386 impatientiam
1204 4321 1392 4383 captus
1422 4313 1591 4382 redit;
1613 4329 1842 4385 cumque
1863 4315 2036 4371 inanis

450 4407 619 4475 gloria
656 4406 725 4462 ad
754 4406 1121 4462 defensionem
1164 4404 1249 4458 sui
1281 4403 1519 4459 animum
1556 4405 1743 4474 erigit,
1791 4413 1847 4460 et
1886 4406 2035 4461 illam

452 4496 625 4552 victus
650 4496 867 4563 tolerat,
900 4511 1059 4567 quam
1081 4496 1373 4565 superavit.
1406 4494 1554 4549 Alius
1575 4494 1788 4549 inanem
1809 4496 2035 4565 gloriam

452 4587 706 4653 subdidit,
738 4587 829 4642 sed
851 4596 1030 4643 tamen
1053 4585 1442 4656 impatientiam
1472 4585 1700 4641 necdum
1722 4587 1946 4653 stravit;
1982 4596 2038 4642 et

2128 3410 2328 3480 perbia:
2358 3408 2781 3472 demonstratur,
2803 3406 2940 3460 sicut
2959 3418 3091 3459 voce
3120 3402 3395 3458 Dominica
3419 3399 3485 3455 de
3511 3397 3708 3453 Judmis

2128 3500 2557 3571 superbientibus
2584 3512 2681 3567 per
2702 3496 3039 3552 Psalmistam
3061 3495 3286 3551 dicitur:
3314 3492 3471 3547 Tauri
3492 3494 3706 3548 ninaues

2129 3594 2435 3651 obsederunt
2458 3610 2539 3647 me
2562 3590 2734 3657 (Psal.
2766 3606 2876 3655 xxi,
2902 3589 3015 3659 15).
3043 3586 3401 3643 Onocentauri
3429 3599 3557 3652 ergo
3585 3591 3711 3637 sunt

2130 3685 2241 3755 qui,
2293 3682 2520 3751 subjecti
2558 3681 2783 3735 luxuria:
2814 3680 2973 3743 vitiis,
3008 3678 3130 3733 inde
3170 3676 3434 3731 cervicem
3476 3674 3707 3740 erigunt,

2130 3775 2273 3828 unde
2286 3771 2553 3826 humiliari
2571 3770 2889 3824 debuerunt.
2922 3769 3042 3833 Qui,
3070 3767 3244 3822 carnis
3274 3779 3382 3819 sua:
3406 3760 3699 3829 voluptati-

2132 3871 2229 3922 bus
2259 3865 2573 3927 servientes,
2603 3861 2824 3932 expulsa
2852 3862 3009 3927 longe
3028 3855 3377 3923 verecundia,
3401 3869 3507 3909 non
3535 3852 3706 3908 solum

2132 3973 2191 4012 se
2220 3956 2464 4010 amittere
2480 3951 2855 4007 rectitudincm
2880 3965 2985 4005 non
3003 3950 3201 4012 dolent,
3232 3948 3325 4002 sed
3345 3945 3517 4000 adhuc
3546 3945 3710 3999 etiam

2133 4048 2201 4103 de
2248 4060 2413 4116 opere
2442 4042 2772 4098 confusionis
2813 4040 3068 4109 gaudent.
3117 4037 3504 4093 Onoceutauris
3532 4044 3713 4090 autem

2134 4138 2394 4194 dtemonia
2422 4143 2725 4199 occurrunt,
2759 4134 2884 4202 quia
2905 4131 3117 4201 maligni
3148 4130 3363 4201 spiritus
3378 4128 3530 4184 valde
3551 4128 3627 4183 eis
3649 4128 3715 4183 ad

2134 4239 2317 4286 votum
2347 4226 2653 4282 deserviunt
2698 4239 2833 4295 quos
2860 4223 2927 4277 de
2989 4222 3071 4279 his
3112 4222 3344 4292 gaudere
3379 4218 3717 4288 conspiciunt

2136 4336 2255 4391 quas
2282 4318 2409 4374 ﬂere
2438 4317 2755 4371 debuerunt.
2791 4312 2888 4369 Ubi
2918 4321 3043 4382 apte
3072 4311 3411 4382 subjungitur
3438 4328 3451 4363 :
3488 4308 3556 4362 Et
3578 4309 3715 4378 pilo-

2136 4428 2224 4465 sus
2249 4408 2489 4463 clamabit
2520 4410 2651 4460 alter
2680 4404 2749 4458 ad
2775 4404 2993 4457 alterum
3044 4401 3143 4468 Qui
3174 4416 3404 4469 namque
3433 4400 3519 4453 alii
3552 4397 3711 4467 pilosi

2138 4500 2497 4573 appellatione
2523 4498 2839 4568 ligurantur,
2872 4496 2975 4549 nisi
3003 4495 3059 4548 hi
3085 4508 3222 4562 quos
3252 4492 3424 4546 Graeci
3461 4504 3480 4528 θ
3501 4488 3705 4551 Panas,

2139 4593 2312 4648 Latini
2356 4590 2567 4645 incubos
2606 4587 2846 4643 vocant?
2893 4600 3122 4653 quorum
3154 4584 3404 4638 nimirum
3448 4580 3618 4634 forma
3644 4576 3715 4630 ab

453 4693 575 4733 cum
606 4678 773 4732 multa
803 4678 1175 4733 resistentibus
1212 4691 1311 4747 per
1348 4677 1737 4746 impatientiam
1781 4678 2036 4747 minatur,
2064 4685 2372 4772 Dhumana
2424 4680 2597 4749 emgie
2646 4679 2917 4747 incipitur,
2970 4675 3065 4730 sed
3115 4672 3325 4727 bestiali
3375 4669 3720 4725 extremitate

454 4769 779 4824 erubescens
826 4783 932 4822 non
978 4767 1202 4836 implere
1226 4766 1375 4836 quod
1416 4766 1686 4835 loquitur,
1733 4768 1832 4822 sub
1861 4768 2036 4824 inanis

453 4860 637 4930 gloriae
668 4858 853 4928 jugum
894 4868 1211 4925 revocatur;
1242 4866 1297 4913 et
1323 4858 1427 4915 hoc
1453 4859 1626 4914 victus
1654 4873 1751 4929 per
1779 4859 1922 4913 aliud
1948 4867 2035 4913 to—

455 4950 620 5019 lerat,
667 4950 813 5021 quod
838 4949 994 5019 plene
1034 4964 1093 5005 se
1131 4950 1324 5005 vicisse
1351 4950 1638 5019 gaudebat.
1666 4948 1755 5005 Sic
1782 4964 1910 5020 ergo
1933 4965 2037 5021 ope

456 5043 653 5099 vicaria
682 5043 962 5112 fugitivum
994 5058 1152 5099 suum
1195 5043 1322 5098 vitia
1361 5045 1629 5111 retinent,
1662 5054 1716 5099 et
1742 5045 1893 5114 quasi
1919 5044 2034 5115 jam

454 5139 707 5194 amissum
735 5139 835 5193 sub
872 5137 1095 5193 dominii
1130 5121 1225 5191 sui
1258 5136 1379 5206 jure
1420 5137 1720 5208 recipiunt,
1768 5145 1930 5206 atque
1970 5136 2038 5191 ad

455 5230 743 5288 vindictam
771 5229 873 5285 sibi
902 5230 1135 5286 vicissim
1165 5228 1404 5283 tradunt.
1454 5227 1727 5284 Perversis
1756 5229 1935 5298 itaque
1960 5230 2043 5283 in-

457 5325 652 5381 voluta:
680 5333 809 5380 sunt
836 5338 1116 5395 gressumn
1145 5322 1383 5389 semitm,
1412 5322 1537 5391 quia
1564 5321 1663 5376 etsi
1694 5321 1905 5377 devicta
1936 5336 2043 5375 una

458 5420 699 5491 nequitia
728 5419 924 5492 pedem
955 5420 1159 5487 levant,
1183 5428 1445 5487 regnante
1474 5426 1651 5473 tamen
1682 5417 1874 5485 altera,
1904 5418 2045 5472 hunc

460 5509 516 5568 in
543 5526 609 5568 ea
629 5511 791 5568 etiam
821 5527 982 5582 quam
1012 5510 1322 5565 devicerant
1349 5508 1641 5577 implicant.

532 5602 620 5660 36.
650 5603 881 5659 Peccans
901 5620 957 5658 se
979 5603 1247 5673 implicat,
1287 5601 1410 5655 dum
1438 5602 1588 5671 culpa
1614 5616 1717 5653 una
1746 5600 1947 5653 occasio
1968 5609 2045 5654 est

534 5727 560 5755 ⁸
590 5717 805 5783 Excusi,
832 5734 986 5791 quam
1012 5716 1269 5791 exhibere.
1297 5717 1657 5791 garriguntur
1680 5729 1747 5769 ex
1777 5713 1901 5769 Mss.
1932 5712 2042 5769 Ge-

465 5797 620 5851 met.,
667 5785 900 5857 utroque
927 5787 1250 5857 Compend.,
1297 5785 1460 5851 Utic.,
1493 5795 1595 5840 etc.

536 5858 562 5897 δ
594 5854 845 5923 Ἦιιάοοξ,
868 5854 1187 5927 Compeud.,
1217 5858 1497 5923 Numnam,
1529 5865 1657 5919 εις..
1685 5854 1842 5909 stulta
1857 5855 2041 5907 mentis

469 5930 739 6058 ιιαὲιῦουω
763 5998 1084 6070 Campana"
1112 6010 1236 6068 qua
1265 5996 1436 6053 Grati
1461 5997 1657 6054 Panos.
1682 5995 1955 6053 SVindoc.
1987 6002 2045 6051 et

2144 4777 2479 4832 terminatur.
2514 4772 2677 4827 Pilosi
2701 4785 2829 4839 ergo
2852 4768 3069 4822 nomine
3091 4764 3375 4834 cujuslibet
3402 4762 3606 4832 peccati
3634 4776 3721 4815 as-

2142 4869 2340 4940 peritas
2385 4866 2712 4932 designatur,
2745 4859 2889 4929 quod
2936 4866 2992 4912 et
3019 4859 3065 4913 si
3085 4855 3299 4925 quando
3328 4854 3479 4924 quasi
3511 4855 3578 4907 ab
3610 4852 3711 4906 ob-

2144 4969 2294 5017 tentu
2332 4956 2556 5013 rationis
2585 4954 2789 5023 incipit,
2822 4964 3038 5020 semper
3067 4957 3245 5003 tamen
3274 4946 3343 5000 ad
3373 4944 3718 5001 irrationabi-

2144 5055 2221 5108 les
2262 5058 2439 5104 motus
2477 5046 2685 5112 tendit;
2719 5054 2774 5099 et
2797 5042 2948 5115 quasi
2978 5043 3138 5098 homo
3166 5040 3219 5094 in
3248 5040 3472 5094 bestiam
3504 5036 3719 5102 desinit,

2143 5146 2269 5200 dum
2314 5143 2490 5214 culpa,
2523 5155 2620 5211 per
2662 5139 2887 5194 rationis
2923 5135 3209 5205 imaginem
3239 5135 3517 5198 inchoans,
3552 5145 3724 5200 usque

2146 5235 2213 5290 ad
2243 5229 2667 5288 irrationabilem
2710 5227 2959 5283 effectum
2989 5226 3170 5280 trahit.
3203 5224 3335 5279 Nam
3363 5238 3503 5293 saepe
3529 5219 3724 5276 edendi

2146 5324 2433 5381 delectatio
2457 5320 2621 5376 servit
2648 5318 2801 5389 gulae,
2839 5326 2893 5372 et
2921 5317 3120 5371 servire
3150 5329 3209 5369 se
3237 5314 3450 5369 simulat
3480 5310 3727 5377 indigen-

2145 5417 2233 5470 tia:
2264 5422 2497 5477 naturte;
2532 5423 2760 5479 cumque
2788 5416 3031 5463 ventrem
3061 5407 3115 5460 in
3144 5402 3427 5471 ingluviem
3460 5398 3725 5464 extendit,

2146 5508 2388 5563 membra
2432 5506 2486 5559 in
2515 5504 2779 5558 luxuriam
2805 5501 2981 5570 erigit.
3014 5498 3220 5552 Pilosus
3262 5500 3442 5547 autem
3474 5490 3611 5543 alter
3659 5489 3727 5544 ad

2151 5599 2376 5653 alterum
2408 5596 2622 5660 clamat,
2656 5590 2683 5630 ἀ
2712 5608 2832 5647 cum
2861 5594 3166 5661 perpetrata
3197 5583 3431 5653 nequitia
3462 5579 3527 5633 ad
3567 5578 3726 5633 aliam

2150 5711 2353 5771 Cornu,
2387 5724 2511 5779 quos
2541 5704 2709 5779 Grtcci
2729 5707 2949 5775 pltauas.
2975 5701 3148 5767 Bigot.
3171 5706 3227 5751 et
3253 5693 3401 5765 Lyr.,
3428 5708 3551 5763 quos
3581 5688 3729 5744 Grca-

2150 5785 2195 5835 ci
2226 5776 2423 5842 Panas,
2450 5778 2600 5832 aliter
2632 5776 2895 5828 l’haunos.

2224 5851 2248 5887 ά
2281 5838 2533 5907 Floriac.,
2566 5862 2702 5901 unus
2723 5841 3019 5910 Cotupend.
3048 5847 3103 5894 et
3129 5838 3361 5899 Gemet.,
3392 5852 3507 5910 cum
3545 5848 3728 5904 perpe-

2150 5932 2289 5976 trata
2317 5908 2967 5991 nequitiqperpetrandam
2994 5913 3151 5991 aliam
3172 5916 3336 5991 vocat,
3368 5908 3442 5959 vel
3463 5911 3723 5991 provocat.

2152 5993 2369 6048 Ebroic.
2394 5980 2471 6045 ἐι
2520 5980 2699 6049 υἱὶε.’,
2728 5982 3126 6054 perpetrandum
3172 5980 3424 6033 malitiam
3460 5982 3725 6044 provocat.
