3876 6208
1783 318 1787 324 ’
1882 318 1889 325 ,
3130 323 3235 333 ...δ
3324 323 3455 332 ..νγ-Η

237 322 3482 390 W

995 522 1221 610 ΤΟΥ
1294 526 1437 609 ΕΝ
1510 520 1872 608 ΑΓΙΟΙΣ
1935 518 2370 608 ΠΑΤΡΟΣ
2443 518 2761 604 ΗΜΩΝ

1238 721 2466 910 ΚΥΡΙΛΛΟΥ

500 1210 517 1225 Ι
552 1158 573 1179 ,
596 1041 1885 1163 ΑΡΧΙΕΠΙΣΚΟΠΟΥ
1982 1025 3131 1152 ΑΛΕΞΑΝΔΡΕΙΑΣ

1719 1279 1764 1330 Η
1804 1268 2049 1331 ΒΙΒΛΟΣ

1136 1473 1513 1603 ΤΩΝ
1594 1412 2620 1600 ΘΗΣΑΥΡΩΝ
2713 1615 2716 1618 ,

1798 1720 1951 1767 ΠΕΡΙ

1178 1897 1733 1961 ἸῊΣοΑΙΪΙΑΣ,ΚΑῙ
1767 1886 2196 1949 oMoorx-Ior
2243 1888 2576 1944 ΤΡΙΑΔοΣ.

1101 2282 1262 2437 S.
1333 2285 1503 2434 P.
1574 2282 1759 2435 Ν.
1835 2261 2612 2430 CYRILLI

945 2580 1755 2673 ALEXANDRIIE
1886 2566 2799 2668 ARCHIEPISCOPI

1449 2813 2289 2933 THESAURUS

958 3070 1053 3129 DE
1098 3053 1383 3129 SANCTA
1428 3052 1521 3125 ET
1559 3048 2259 3124 CONSUBSTANTIALI
2297 3057 2707 3119 TRINITATE
2749 3056 2803 3116 *ι

564 3456 917 3509 ΠΡοΑοΓοΣ
954 3454 1085 3524 ἢτοι
1120 3442 1525 3508 ΠΡΟΘΕΩΡΙΑ.

327 3594 438 3647 Οὐκ
465 3593 557 3645 ἐπὶ
602 3594 830 3664 μικροὺς
864 3593 1012 3662 ἡμᾶς
1055 3592 1270 3659 ἀγῶνας
1312 3591 1627 3659 ἐπείγεσθαι
1665 3590 1773 3643 δεῖν
1805 3591 1833 3642 ὁ

258 3685 348 3748 οὺς
379 3684 658 3737 ἀναπείθει
705 3682 879 3751 λόγος,
914 3677 959 3735 ὧ
989 3680 1390 3751 φιλοπονώτατε
1426 3680 1619 3749 aesaes
1658 3680 1833 3751 Νεμε-

258 3780 389 3837 αἴνε.
433 3774 497 3827 Τί
531 3775 639 3846 γὰρ
664 3773 730 3839 ἂν
759 3772 899 3827 οὕτω
926 3773 1135 3842 γένοιτο
1172 3771 1492 3841 δυσέφικτόν
1519 3789 1579 3824 τε
1614 3771 1707 3824 καὶ
1739 3790 1833 3842 χα-

254 3867 416 3921 λεπὸν
456 3868 538 3930 εἰς
575 3866 899 3935 κατάληψιν,
934 3867 1029 3920 καὶ
1070 3866 1130 3919 οὐ
1167 3864 1370 3935 σφόδρα
1402 3864 1595 3935 τρανὲς
1638 3866 1717 3927 εἰς
1750 3863 1832 3927 ἐξ·

255 3961 472 4030 ήγησιν,
498 3958 573 4021 ὡς
605 3959 638 4028 ἡ
672 3958 798 4029 περὶ
830 3956 931 4025 τῆς
959 3957 1121 4025 ἁγίας
1160 3957 1253 4008 καὶ
1291 3955 1575 4025 ὀμοουσίου
1606 3955 1832 4024 Τριὰδος

255 4051 502 4120 ἀπλανὴς
535 4050 770 4121 θεωρία,
804 4050 896 4102 καὶ
926 4051 959 4118 ἡ
1003 4049 1063 4101 τὸ
1107 4048 1211 4100 ύπό
1255 4065 1349 4100 του
1391 4046 1831 4119 διαλοιδορεῖσθαι

260 4142 570 4213 μηδαμόθεν
612 4141 808 4212 ἔχουσα
847 4140 1111 4207 διάλεξις;
1156 4139 1343 4209 Λεπτὴ
1385 4139 1483 4209 μὲν
1536 4138 1645 4208 γάρ
1682 4157 1830 4201 πως,

259 4234 459 4305 μᾶλλον
500 4234 556 4287 δὲ
586 4234 951 4303 ἀσθενεστάτη
993 4233 1110 4287 λίαν
1149 4233 1296 4286 ἐστὶν
1328 4234 1361 4302 ἡ
1394 4232 1681 4303 ἀνθρώπου
1721 4232 1833 4285 διά-

256 4343 403 4381 νοια·
432 4327 671 4399 ἀδρανὴς
712 4327 769 4379 δὲ
796 4329 828 4397 ὴ
859 4327 1097 4395 γλῶττα,
1129 4327 1223 4378 καὶ
1264 4324 1415 4395 μόλις
1442 4325 1511 4377 τὰ
1549 4328 1604 4378 ἐν
1647 4325 1833 4395 χερσὶν

256 4419 585 4490 ἑρμηνεύειν
631 4418 889 4489 ἰσχύουσα
914 4435 930 4450 ο
982 4416 1303 4487 δυσεύρετον
1344 4417 1400 4469 δὲ
1436 4417 1532 4486 τῆς
1575 4417 1833 4489 ἀληθείας

254 4511 317 4564 τὸ
348 4511 573 4575 κάλλος
617 4511 713 4564 καὶ
752 4511 814 4563 ού
845 4513 959 4573 τοῖς
1001 4510 1214 4573 πολλοῖς
1262 4509 1697 4563 ἐκκαλύπτεσθαι
1738 4524 1833 4562 πε-

258 4601 462 4669 φυκός·
508 4600 646 4653 ἀλλὰ
688 4600 871 4671 μόνοις
919 4603 1031 4663 τοῖς
1078 4601 1141 4653 ὲκ
1197 4599 1431 4664 διανοίας
1473 4600 1683 4670 ἀγαθῆς
1739 4602 1832 4653 καὶ

256 4691 639 4763 ἁκαπηλεύτου
666 4691 889 4762 γνώμης
917 4691 1290 4761 ἀνιχνεύουσιν
1314 4693 1467 4755 αὐτὸ,
1494 4692 1589 4745 καὶ
1616 4693 1834 4764 ἀνορύτ-

250 4799 435 4836 τουσιν
481 4782 671 4853 ὥσπερ
709 4782 834 4835 τινὰ
861 4782 1133 4854 θησαυρὸν
1175 4783 1461 4853 οὐράνιον·
1498 4784 1583 4836 ἵνα
1626 4782 1687 4853 δὴ
1733 4785 1827 4838 καὶ

248 4875 505 4945 τυχόντες
545 4874 772 4938 εἰκότως
819 4874 1139 4927 ἀκούσειαν·
1178 4892 1196 4923 ι
1241 4873 1425 4942 ’Υμῶν
1466 4874 1523 4927 δὲ
1568 4876 1825 4946 μακάριοι

325 5082 341 5099 ⁸
373 5078 673 5147 lnterprete
696 5078 1080 5132 Bonaventura
1112 5074 1371 5147 Vulcanio
1401 5077 1492 5147 qui
1547 5080 1649 5132 hoc
1688 5093 1823 5147 opus

251 5148 441 5203 Graece
491 5146 545 5201 et
591 5149 783 5203 Latine
827 5147 1169 5202 bibliothecae
1213 5146 1477 5218 Leydensi
1528 5146 1820 5218 legaverat,

253 5220 400 5273 unde
430 5218 559 5271 illud
591 5219 830 5273 Joannes
852 5220 1126 5272 Aubertus
1156 5216 1385 5286 accepit.
1420 5216 1717 5272 Vulcanius
1757 5221 1823 5272 ad

249 5290 464 5343 calcem
514 5290 695 5357 operis
724 5289 837 5342 haec
879 5289 1254 5357 ascripserat:
1307 5287 1419 5357 Ego
1454 5287 1823 5341 Bonaventura

264 5355 570 5421 Vulcanius,
594 5359 896 5427 Brugensis,
927 5355 1065 5411 hunc
1097 5356 1286 5427 Cyritli
1317 5355 1673 5423 Thesanruin,
1694 5358 1817 5412 olim

248 5446 284 5481 a
311 5428 377 5482 G.
406 5428 756 5495 Trapezuntio
784 5428 887 5495 ﬁde
915 5445 1017 5482 non
1048 5430 1184 5482 bona
1210 5444 1436 5488 versum,
1468 5429 1605 5497 quod
1646 5430 1817 5482 multa

247 5504 448 5568 possint
482 5510 810 5560 truncasset,
840 5500 1135 5551 innumeris
1181 5499 1309 5551 locis
1352 5500 1605 5567 epitomen
1643 5500 1817 5569 potius

244 5586 408 5637 quam
452 5585 624 5621 veram
670 5569 1147 5638 interpretationem
1191 5568 1440 5630 dedisset,
1492 5585 1593 5622 non
1644 5585 1815 5638 pauca

244 5642 409 5692 etiam
457 5640 523 5692 de
572 5654 668 5692 suo
702 5639 1007 5709 adjecisset,
1031 5641 1495 5709 neque~pauciora
1544 5656 1815 5709 perperam

246 5709 630 5771 transtulisset,
675 5708 739 5761 de
782 5706 991 5778 integro
1022 5706 1208 5761 Latine
1243 5706 1429 5772 verti;
1474 5706 1549 5762 ει
1578 5706 1815 5763 ordinem

651 5805 917 5867 PATROL.
964 5805 1078 5865 Gn.
1122 5805 1351 5867 LXXV.

2185 3450 2226 3517 ι
2268 3443 2637 3502 PROLOGUS
2660 3444 2767 3499 sive
2790 3440 3256 3499 PROTHEORIA.

2004 3583 2123 3639 Non
2167 3582 2347 3652 exigui
2396 3590 2521 3637 sunt
2552 3580 2765 3635 labores
2793 3595 2929 3650 quos
2961 3589 3021 3634 ut
3053 3580 3344 3651 suscipiam
3380 3581 3505 3636 hor-

1936 3679 2089 3741 taris,
2124 3674 2519 3730 studiosissime
2553 3673 2725 3728 frater
2756 3672 3059 3729 Nemesine.
3085 3672 3223 3739 Quid
3259 3673 3401 3727 enim
3432 3675 3505 3728 ita

1935 3774 2165 3828 arduum
2206 3782 2371 3843 atque
2422 3771 2643 3828 diﬂicile
2675 3772 2972 3836 intellectu,
3018 3781 3110 3826 aut
3140 3773 3266 3841 quid
3313 3776 3386 3828 ita
3424 3774 3507 3827 in»

1937 3863 2280 3919 commodum
2308 3863 2604 3934 explicata,
2629 3878 2790 3933 quam
2815 3872 2965 3919 certa
2996 3864 3062 3918 de
3086 3875 3273 3918 sancta
3301 3873 3357 3919 et
3383 3880 3509 3921 con-

1934 3954 2282 4009 substantiali
2317 3952 2590 4009 Trinitate
2618 3954 2950 4018 observatio,
2985 3965 3040 4009 et
3084 3969 3203 4024 quae
3258 3955 3404 4010 nulla
3440 3972 3505 4010 ex

1934 4057 2090 4115 parte
2124 4061 2153 4100 a
2187 4061 2459 4117 quoquam
2493 4047 2732 4102 vellicari
2774 4049 2948 4115 possit
2981 4049 3342 4103 dissertatio?
3374 4048 3503 4103 Exi-

1935 4139 2000 4193 lis
2031 4139 2175 4193 enim
2209 4150 2313 4205 est,
2369 4140 2477 4195 imo
2507 4140 2857 4195 vehementer
2904 4140 3206 4196 imbecillus
3235 4142 3507 4198 humanus

1936 4231 2269 4299 intellectus,
2315 4230 2527 4285 inﬁrma
2553 4231 2719 4286 etiam
2756 4232 2963 4302 lingua,
2997 4243 3227 4302 quaeque
3266 4248 3409 4305 aegre
3443 4249 3508 4289 ea

1934 4324 2053 4393 ipsa
2095 4337 2215 4392 quae
2271 4323 2522 4378 manibus
2577 4333 2980 4378 contrectamus
3028 4324 3303 4393 explicare
3340 4324 3504 4380 valet.

1933 4415 2205 4471 Praeterea
2242 4414 2473 4470 difﬁcilis
2518 4414 2809 4469 admodum
2856 4415 3082 4469 inventu
3132 4424 3218 4472 est
3260 4418 3507 4472 veritatis

1934 4508 2282 4579 pulchritudo
2311 4527 2325 4563 :
2361 4522 2537 4579 neque
2557 4507 2740 4563 multis
2771 4516 2939 4577 patet,
2970 4509 3063 4562 sed
3092 4509 3160 4563 iis
3186 4518 3393 4563 tantum
3415 4512 3507 4579 qui

1937 4602 2148 4669 integra
2204 4610 2386 4655 mente
2420 4601 2711 4669 animoque
2765 4600 2817 4669 2
2845 4600 3060 4654 sincero
3097 4600 3241 4655 illam
3281 4602 3507 4657 investi-

1934 4704 2084 4766 gant,
2141 4701 2303 4764 atque
2358 4692 2619 4749 effodiunt
2675 4692 2839 4747 veluti
2899 4693 3181 4749 cmlestem
3212 4695 3506 4764 quemdam

1935 4789 2293 4852 thesaurum;
2354 4796 2413 4839 ut
2455 4801 2578 4838 eum
2643 4786 2926 4840 consecuti
2989 4788 3185 4842 merito
3239 4787 3502 4841 audiant:

1938 4896 1958 4928 ι
1996 4877 2175 4932 Vestri
2204 4887 2384 4933 autem
2419 4878 2561 4931 oculi
2585 4878 2726 4932 beati
2756 4887 2904 4945 sunt,
2931 4880 3055 4949 quia
3098 4879 3299 4943 vident,
3332 4887 3387 4933 et
3408 4894 3505 4931 au-

1928 5095 2079 5149 quem
2112 5078 2342 5148 Cyrillus
2384 5080 2566 5144 tenuit,
2600 5080 2687 5149 qui
2718 5088 2856 5133 totus
2898 5097 2930 5133 α
2962 5078 3313 5146 Trapezuntio
3346 5081 3502 5133 inau-

1930 5152 2041 5219 dita
2075 5152 2303 5203 audacia
2332 5161 2657 5219 permutatas
2685 5160 2818 5215 erat,
2849 5152 3072 5213 servavi,
3102 5152 3176 5202 ita
3206 5160 3261 5202 ut
3285 5150 3503 5204 lectores

1931 5218 2118 5289 Cyrilli
2148 5218 2507 5289 'l'hesaururn,
2536 5219 2707 5289 qualis
2747 5221 2834 5273 ille
2870 5220 2934 5273 ab
2978 5229 3193 5272 auctore
3223 5223 3503 5274 concinna-

1932 5300 2013 5343 tus
2070 5302 2168 5354 est,
2227 5292 2330 5345 sint
2372 5291 2625 5344 habituri.
2670 5289 2805 5344 Dedi
2843 5292 2977 5343 enim
3017 5305 3228 5360 operam
3276 5308 3341 5344 ue
3387 5293 3502 5360 quis

1931 5361 2131 5431 aliquid
2163 5379 2193 5413 a
2228 5378 2309 5415 me
2347 5360 2428 5415 vel
2451 5360 2717 5432 adjectum
2760 5360 2837 5432 vel
2873 5363 3178 5432 detractum»
3198 5358 3323 5432 jure
3354 5358 3503 5432 queri

1925 5428 2108 5498 possit,
2134 5444 2289 5501 utque
2310 5428 2622 5487 sententiam
2650 5430 2835 5500 Cyritli
2861 5445 3018 5501 quam
3053 5428 3505 5499 ﬁdelissime'pos-

1925 5517 2029 5554 sem
2060 5504 2343 5557 redderem.

1999 5571 2245 5639 Bari/em,
2298 5589 2437 5627 anno
2479 5590 2509 5627 a
2554 5572 2828 5625 nativitate
2865 5570 3082 5625 Domini
3125 5568 3499 5635 MDLXXVI.

1926 5659 2097 5697 mense
2123 5641 2410 5698 Januario.
2650 5710 2663 5711 ί
3015 5707 3018 5711 ν

2633 5710 2995 5767 Bonaventura
3027 5709 3360 5765 Vincamus.

3100 5790 3121 5851 1
