3876 6208
362 301 419 353 Η

1358 294 1416 347 S.
1459 292 1735 346 CYRILLI
1781 292 2250 346 ALEXANDRIM
2289 292 2615 345 ARCHIEP.

3550 298 3617 346 12

362 432 452 472 res
477 423 691 479 vestrm,
722 413 846 483 quia
888 412 1114 466 audiunt
1154 415 1192 467 ¹.
1227 430 1243 464 ι
1278 412 1461 483 Neque
1497 422 1673 467 tamen
1712 423 1937 466 conatus

2062 410 2090 463 »ἱ
2134 409 2439 481 ὀφθαλμοὶ,
2483 408 2565 463 ὅτι
2607 407 2897 478 βλέπουσι,
2944 406 3037 460 καὶ
3079 406 3145 461 τὰ
3177 400 3290 461 ῶτα
3338 405 3514 477 ὑμῶν,
3546 407 3626 459 ὅτι

364 506 750 562 detrectandus
787 504 941 558 nobis
984 513 1108 570 est;
1156 503 1249 558 sed
1280 503 1330 556 in
1378 504 1493 572 ipso
1520 502 1738 557 Christo
1782 516 1935 570 spem

363 595 717 660 collocantes,
744 594 959 649 labores
985 590 1403 647 etiam‘viribus
1446 590 1648 645 nostris
1701 586 1936 657 majores

362 688 741 762 aggrediemur
765 726 779 750 ,
811 685 1113 740 certissima
1151 683 1347 738 fiducia
1373 681 1568 747 erecti,
1602 681 1752 734 illum
1783 678 1939 735 nobis

367 780 681 836 adfuturum
707 787 763 832 et
795 776 1030 846 Spiritus
1064 775 1238 829 sancti
1272 771 1711 844 prrelustratione
1745 770 1812 825 ad
1847 783 1939 824 ve-

362 871 544 926 ritatis
572 868 939 924 inventionem
974 867 1286 921 ducturum.
1320 863 1529 933 Scopus
1561 863 1704 915 enim
1737 870 1941 915 nostra:

364 963 633 1019 orationis
672 968 754 1016 est
798 960 981 1013 dicere
1047 957 1192 1027 quod
1225 954 1385 1010 Jesus
1419 956 1492 1010 sit
1531 953 1812 1008 Dominus.
1848 950 1942 1005 Di-

364 1072 549 1113 cemus
572 1063 751 1108 autem
784 1051 836 1105 id
868 1050 1092 1104 omnino
1124 1048 1176 1101 in
1210 1046 1418 1117 Spiritu
1443 1055 1638 1105 sancto
1661 1061 1676 1110 ;
1702 1044 1775 1098 ita
1797 1044 1940 1098 enim

364 1145 564 1202 Paulus
615 1144 691 1196 ait
736 1151 810 1195 εἰ
845 1138 1015 1193 Nemo
1055 1144 1230 1207 potest
1281 1137 1483 1198 dicere,
1521 1136 1647 1204 quia
1681 1134 1941 1189 Dominus

363 1237 544 1301 .lesus,
580 1235 684 1289 nisi
708 1234 760 1287 in
790 1231 997 1300 Spiritu
1034 1240 1225 1283 sancto
1248 1229 1289 1280 ¹.
1319 1246 1336 1277 ι
1366 1225 1501 1281 Cum
1531 1228 1673 1279 enim
1695 1223 1941 1279 nonnulli

364 1348 473 1387 non
506 1337 800 1384 vereantur
822 1326 875 1379 in
896 1323 1182 1379 Beelzebul
1217 1321 1399 1376 dicere
1423 1320 1714 1374 anathema
1738 1316 1943 1381 Jesum,

366 1425 704 1495 Scripturam
730 1434 968 1483 sacram,
1011 1432 1119 1486 quo
1176 1414 1307 1485 ipsis
1338 1413 1550 1467 libitum
1591 1420 1697 1479 est,
1745 1410 1946 1464 distor-

367 1526 620 1589 quentes,
639 1523 694 1572 et
719 1528 815 1566 sua
844 1512 1084 1580 ipsorum
1114 1505 1311 1576 placita
1349 1503 1585 1575 Spiritus
1615 1499 1792 1558 sancti
1822 1515 1948 1556 ora-

368 1609 505 1663 culis
528 1613 944 1675 anteponentes,
979 1616 1042 1656 at-
1075 1600 1362 1654 Dominum
1403 1595 1494 1665 qui
1531 1595 1680 1666 ipsos
1718 1591 1949 1648 redemit

368 1701 722 1767 abuegautes,
762 1705 822 1748 ut
858 1693 1139 1762 Scriptura
1195 1689 1439 1757 loquitur
1468 1687 1488 1718 ³
1522 1702 1535 1739 :
1574 1683 1945 1739 necessarium

369 1790 531 1862 plane
564 1787 806 1855 utileque
848 1793 904 1839 et
933 1782 1266 1837 conveniens
1307 1776 1645 1843 censuimus,
1679 1782 1774 1830 tuo
1810 1759 2026 1829 con-13

370 1882 492 1937 silio
522 1889 688 1949 atque
719 1876 961 1938 hortatu,
988 1873 1060 1927 mi
1092 1870 1278 1936 frater,
1313 1871 1457 1925 hanc
1485 1866 1948 1930 dissertationem,

370 1989 493 2044 qua:
531 1984 741 2041 magna:
771 1969 824 2022 in
855 1976 1132 2036 posterum
1168 1961 1420 2016 utilitatis
1449 1959 1667 2015 occasio
1694 1956 1953 2012 Ecclesiae

370 2066 553 2121 futura
602 2072 707 2129 est,
752 2068 1069 2122 contexere,
1122 2066 1177 2111 et
1230 2055 1296 2109 ad
1347 2052 1558 2120 singula
1605 2066 1725 2121 qua:
1765 2050 1834 2103 ab
1873 2048 1954 2102 eis

373 2164 692 2228 quaeruntur
719 2161 775 2208 et
802 2151 1160 2220 objiciuntur,
1195 2145 1506 2203 summatim
1538 2160 1602 2199 ac
1646 2159 1746 2214 per
1774 2142 1953 2211 capita

372 2245 727 2317 respondere.
756 2242 888 2309 Quae
913 2241 1131 2311 quidem
1164 2239 1457 2294 lectoribus
1492 2251 1599 2292 non
1632 2250 1813 2306 parvae
1847 2233 1955 2287 uti-

373 2337 512 2392 litati
534 2336 648 2389 fore
674 2334 953 2390 existimo.
978 2331 1258 2400 Multiplex
1286 2333 1432 2385 enim
1469 2344 1532 2383 ac
1562 2326 1914 2383 multiformis
1936 2366 1952 2392 ,

374 2442 434 2486 ιιι
475 2432 551 2486 ita
598 2430 801 2492 dicam,
848 2436 932 2481 est
963 2425 1016 2478 in
1054 2424 1168 2477 Arii
1219 2432 1275 2477 et
1319 2420 1568 2475 Eunomii
1612 2417 1955 2489 dogmatibus

373 2539 549 2590 error,
597 2524 875 2591 variisque
905 2519 1081 2572 modis
1112 2515 1360 2569 veritatis
1387 2513 1615 2569 formam
1645 2511 1833 2567 fucant
1869 2520 1956 2565 at-

375 2631 480 2687 que
529 2614 862 2668 adulteram.
896 2607 1365 2675 Quemadmodum
1405 2605 1547 2659 enim
1595 2602 1958 2657 meretriculae

378 2710 455 2763 rei
489 2708 659 2778 ipsius
696 2703 1092 2773 turpitudinem
1127 2709 1248 2754 arte
1278 2699 1657 2767 industriaque
1682 2696 1959 2752 occultare

376 2809 657 2872 putantes,
699 2802 899 2851 ornant
948 2806 1089 2857 sese,
1140 2790 1375 2861 fucoque
1408 2789 1683 2855 oblinunt,
1727 2788 1958 2858 aliisque

378 2895 429 2950 id
454 2906 621 2963 genus
643 2886 982 2945 ornamentis
1013 2884 1294 2948 adhibitis,
1324 2883 1633 2953 speciosum
1676 2882 1956 2936 interi-tum

378 2982 721 3041 cernentium
773 2977 945 3034 oculis
972 2975 1284 3044 objiciunt:
1326 2975 1516 3029 eadem
1552 2973 1714 3042 plane
1748 2973 1959 3027 ratione

377 3074 757 3131 haereticorum
818 3082 1102 3125 sermones
1147 3067 1408 3122 exitiosos
1456 3065 1692 3120 fucatam
1738 3063 1957 3135 pietatis

378 3170 611 3224 formam
638 3181 746 3236 prae
774 3179 833 3219 se
860 3164 1005 3219 ferre
1028 3160 1239 3231 judico,
1268 3175 1430 3229 quam
1461 3160 1679 3229 quidem
1707 3158 1957 3214 veritatis

378 3259 563 3315 verbis
597 3270 870 3313 exornare
904 3260 1199 3316 conantur,
1233 3265 1355 3304 cum
1382 3248 1533 3303 nullo
1565 3249 1724 3303 modo
1754 3245 1961 3301 verita-

380 3366 489 3408 tem
522 3348 829 3425 proferant,
856 3346 951 3401 sed
980 3358 1202 3399 exosam
1232 3342 1342 3396 Deo
1372 3340 1706 3407 impietatem
1737 3338 1962 3392 menda-

381 3445 450 3500 cii
499 3443 715 3514 plenam
748 3440 799 3493 in
839 3446 1061 3509 pectore
1095 3445 1310 3506 gerant.
1343 3434 1611 3489 Ceterum
1646 3430 1738 3501 qui
1778 3429 1962 3484 solerti

382 3535 610 3591 rationis
641 3531 913 3587 industria
936 3537 1171 3584 mentem
1200 3524 1598 3587 communiunt,
1620 3536 1961 3592 nequaquam

378 3628 598 3684 illorum
646 3623 993 3680 sermonibus
1027 3624 1339 3689 capiuntur,
1384 3616 1478 3672 sed
1523 3628 1667 3669 verae
1706 3614 1964 3668 sincerae-

380 3736 487 3790 que
528 3717 651 3773 fidei
691 3716 967 3770 mordicus
1010 3713 1381 3775 adhaerentes,
1429 3708 1501 3762 de
1554 3708 1748 3776 seipsis
1782 3705 1966 3761 conci—

381 3819 542 3877 nunt,
571 3809 817 3864 dicentes
851 3825 864 3859 :
896 3824 913 3855 ι
947 3803 1280 3858 Benedictus
1314 3800 1579 3855 Dominus
1606 3799 1697 3868 qui
1728 3812 1836 3852 non
1868 3798 1965 3851 de-

382 3901 464 3957 dit
488 3914 588 3955 nos
616 3899 670 3953 in
705 3896 1012 3967 captionem
1044 3894 1297 3948 dentibus
1320 3906 1508 3946 eorum
1526 3891 1569 3945 ⁸.
1609 3909 1626 3941 ι
1650 3889 1835 3945 Visum
1867 3890 1968 3944 ita-

384 4007 489 4062 que
534 3991 692 4048 nobis
743 3996 828 4043 est
867 4001 989 4057 quae
1034 3999 1237 4054 magno
1281 3983 1463 4038 studio
1506 3981 1963 4052 comparavimus,

385 4097 704 4154 congerere,
754 4094 933 4148 neque
959 4091 1091 4130 vero
1118 4076 1227 4130 ulla
1256 4076 1471 4130 ratione
1499 4088 1808 4129 sermonem
1835 4088 1968 4127 con-

387 4175 640 4238 fundere,
664 4171 760 4227 sed
786 4169 969 4240 potius
991 4168 1282 4222 distinctas
1310 4166 1362 4219 in
1387 4163 1601 4236 singula
1635 4168 1813 4234 capita
1842 4180 1969 4233 pro-

386 4268 637 4323 bationes
671 4263 1041 4318 continentem
1076 4272 1370 4329 exponere.
1397 4257 1453 4329 3
1480 4257 1555 4312 lta
1585 4258 1731 4312 enim
1770 4257 1883 4323 fiet,
1913 4267 1971 4311 ut

385 4374 577 4413 eorum
618 4355 810 4426 quacin
845 4355 948 4408 hoc
969 4366 1141 4423 Opere
1175 4361 1502 4415 tractantur,
1534 4350 1771 4420 cognitio
1800 4353 1970 4420 magis

2041 502 2351 557 ἁκούουσιν.
2380 522 2398 553 ι
2445 501 2561 555 Οὐκ
2609 498 2866 572 ὀκνητέον
2912 498 2958 552 δ’
3004 495 3097 554 οὖν
3144 501 3294 571 ὅμως
3347 499 3484 572 πρὸς
3530 499 3629 570 τὴν

2041 594 2382 665 ἐγχείρησιν*
2428 592 2542 647 ἀλλ’
2574 594 2661 645 ἐπ’
2694 591 2843 662 αὑτῷ
2875 590 2973 662 τὴν
3015 591 3203 644 ἐλπίδα
3247 590 3520 661 τιθέμενοι
3553 591 3630 663 τῷ

2049 684 2291 758 Χριᾶτῷ,
2322 685 2417 738 καὶ
2445 683 2551 738 τῶν
2586 684 2725 755 ὺπέρ
2754 684 2987 753 δύναμιν
3020 682 3274 754 ἀψόμεθα
3311 684 3508 749 πόνων,
3549 684 3629 738 ὅτι.

2048 776 2433 847 συμπαρέσται
2478 777 2573 830 καὶ
2613 776 3020 846 χειραγωγήσει
3052 777 3174 837 ταῖς
3202 774 3295 827 τοῦ
3325 774 3631 845 πνεύματος

2044 868 2350 939 δᾳδουχίαις
2380 868 2483 919 ἐπὶ
2507 866 2622 937 -ττὴν
2668 868 2769 936 τῆς
2802 866 3060 937 ἀληθείας
3112 864 3329 937 εὕρεσιν
3363 866 3632 921 ἀνενδοιά-

2048 979 2189 1024 στως
2226 960 2596 1023 πιστεύοντες.
2643 958 2853 1022 Σκοπὸς
2899 958 3009 1030 γὰρ
3074 959 3250 1011 εἰπεῖν
3301 959 3383 1011 ὃτι
3431 958 3634 1029 Κύριος

2060 1054 2287 1124 Ἰησοῦς.
2330 1050 2595 1122 Ἐροῦμεν
2621 1051 2678 1103 δὲ
2708 1050 2929 1114 πάντως
2955 1051 3035 1103 ὅτι
3067 1050 3124 1102 ἐν
3155 1049 3294 1121 άγίῳ
3321 1050 3599 1121 Πνεῦματι
3618 1068 3632 1081 ·

2047 1149 2189 1202 οὕτω
2228 1148 2335 1220 γὰρ
2375 1150 2403 1201 ὁ
2437 1146 2649 1209 Παῦλός
2681 1159 2875 1215 φησιν·
2921 1165 2939 1196 ι
2974 1145 3163 1209 Οὐδεὶς
3202 1144 3423 1198 δύναται
3462 1145 3637 1198 εἰπεῖν

2048 1242 2127 1294 ὅτι
2162 1240 2366 1309 Κύριος
2421 1237 2665 1308 Ἰησοῦς.
2718 1241 2768 1290 εἱ
2850 1237 2923 1308 μὴ
2975 1239 3032 1290 ἐν
3082 1237 3362 1309 Πνεῦματι
3415 1238 3577 1309 ἁγίῳ.
3613 1257 3631 1288 ι

2063 1331 2280 1403 Ἐπειδὴ
2321 1331 2430 1401 γάρ
2481 1347 2627 1392 τινες
2672 1330 2730 1382 ἐν
2762 1327 3099 1392 Βεελζεῦοὺλ
3132 1328 3233 1382 οὐκ
3286 1328 3637 1399 αἰσχύνονται

2050 1421 2229 1489 λέγειν
2263 1419 2513 1489 ἀνάθεμα
2548 1419 2777 1490 Ἰησοῦν,
2806 1416 2907 1481 τὰς
2952 1418 3050 1488 μέν
3100 1417 3278 1482 θείας,
3325 1417 3463 1487 πρὸς
3502 1418 3639 1490 ὅπερ

2051 1512 2120 1566 ἂν
2153 1512 2335 1575 αὐτοῖς
2358 1510 2550 1576 δόξειε,
2585 1509 3036 1581 παρατρέποντες
3062 1509 3307 1581 Γραφάς,
3334 1510 3443 1564 τῶν
3469 1510 3523 1565 δέ
3545 1509 3639 1563 τοῦ

2051 1604 2369 1675 Πνεύματος
2397 1602 2613 1671 λογίων,
2637 1601 2696 1654 τὺ
2726 1601 2783 1668 ἐξ
2812 1601 3027 1655 οἰκείων
3060 1600 3381 1672 θελημάτων
3409 1601 3643 1673 προτάτ-

2052 1712 2235 1758 τοντες
2268 1693 2498 1764 κίνημα,
2528 1694 2623 1746 καὶ
2646 1692 2737 1745 τὸν
2766 1692 3115 1761 ἀγοράσαντα
3143 1692 3340 1755 αὐτοὺς
3367 1692 3643 1763 Δεσπότην

2053 1786 2400 1859 ἀρνούμενοι,
2439 1784 2587 1839 καθά
2619 1784 2967 1855 γέγραπται*
2999 1785 3298 1852 ἀναγκαῖον
3344 1784 3480 1856 ὁμοῦ
3514 1786 3645 1856 χρή-

2056 1880 2215 1950 σιμόν
2272 1895 2329 1931 τε
2374 1877 2472 1931 καὶ
2521 1876 2733 1947 πρέπον
2787 1865 3154 1944 ἐλογισάμεθα
3204 1876 3347 1929 κατά
3401 1875 3499 1947 τὴν
3545 1876 3643 1948 σὴν

2036 1960 2363 2041 ’ὑπόμνησίν
2391 1984 2453 2021 τε
2491 1967 2587 2021 καὶ
2616 1966 2954 2037 προτροπὴν,
2986 1964 3204 2033 ἀδελφέ,
3234 1967 3346 2027 τοῖς
3385 1965 3486 2034 τῆς
3519 1965 3641 2018 Ἐκ-

2054 2061 2284 2133 κλησίας
2309 2060 2539 2122 τέκνοις,
2572 2059 2672 2129 τῆς
2696 2058 2775 2121 είς
2799 2056 2860 2109 τὸ
2890 2056 3079 2127 μέλλον
3104 2056 3369 2126 ὠφελείας
3391 2056 3645 2110 ὑπόθεσιν

2054 2149 2317 2219 ἐξυφῆναι
2364 2148 2455 2201 τὸν
2484 2147 2671 2215 λόγον’
2703 2146 2799 2199 καὶ
2832 2147 2911 2209 είς
2952 2145 3159 2199 ἕκαστα
3186 2145 3293 2198 τῶν
3343 2149 3475 2216 παρ’
3504 2146 3648 2199 ἐκεί-

2054 2258 2167 2302 νοις
2218 2238 2568 2310 ζητουμένων
2613 2252 2672 2289 τε
2709 2235 2804 2289 καὶ
2851 2235 3227 2305 κεκινημένων
3263 2234 3649 2306 κεφαλαιωδῶς

2058 2330 2316 2394 ἐξειπεῖν,
2350 2330 2492 2402 ἅπερ
2524 2323 2679 2398 οἶμαι
2721 2327 2857 2399 πρὸς
2903 2316 3239 2391 λυσιτελείας
3267 2328 3486 2381 ἔσεσθαι
3537 2331 3650 2391 τοῖς

2056 2422 2461 2494 ἐντευξομένοις
2501 2422 2562 2475 οὐ
2601 2422 2823 2493 μικρᾶς,
2873 2421 3217 2492 Πολυσχιδὴς
3258 2422 3357 2492 μὲν
3406 2422 3515 2491 γάρ
3553 2421 3651 2475 καὶ

2059 2517 2527 2588 πολυπρόσωπος,
2576 2515 2643 2567 ἵν’
2689 2513 2864 2579 οὕτως
2912 2517 3179 2584 εἴπωμεν,
3224 2515 3401 2586 ἡτῶν
3440 2515 3649 2586 Ἀρείου

2058 2609 2156 2663 καὶ
2190 2608 2454 2679 Εὐνομίου
2486 2606 2773 2677 δογμάτων
2801 2608 2920 2660 ἐστὶ
2954 2608 3151 2678 πλάνη,
3186 2610 3279 2661 καὶ
3304 2608 3562 2671 ποικίλως
3593 2608 3652 2661 τὺ

2057 2702 2157 2773 τῆς
2197 2700 2457 2771 ἀληθείας
2492 2699 2788 2753 πλάττεται
2839 2699 3045 2770 σχῆμα.
3075 2700 3287 2770 Ὥσπερ
3325 2701 3433 2771 γάρ
3478 2699 3547 2752 τά
3591 2700 3652 2754 ἐν

2056 2797 2171 2857 τοῖς
2222 2794 2462 2861 γυναίοις
2496 2794 2915 2867 ἐταιριζόμενα,
2962 2793 3023 2846 τὸ
3069 2794 3133 2846 ἐκ
3181 2793 3274 2845 τοῦ
3327 2795 3649 2863 πράγματος

2060 2879 2250 2956 αἶσχος
2289 2887 2409 2947 ταῖς
2451 2886 2510 2952 ἐξ
2554 2887 2797 2949 ἐπινοίας
2828 2885 3110 2954 ἀφανίζειν
3148 2885 3371 2955 οίόμενα
3412 2886 3649 2955 τέχναις,

2058 2975 2353 3049 ὡραΐζεταί
2395 2995 2455 3030 τε
2496 2978 2593 3031 καὶ
2632 2978 3007 3049 χρισιάζεται,
3050 2977 3141 3030 καὶ
3188 2978 3306 3039 ταῖς
3346 2976 3530 3040 ἄλλαις
3557 2976 3654 3029 τοῦ

2058 3070 2269 3139 κόσμου
2301 3067 2641 3139 προσθήκαις
2681 3069 3130 3140 εὐπρεπεστάτην
3162 3071 3275 3131 τοῖς
3305 3070 3502 3138 ὁρῶσιν
3536 3070 3628 3121 ἐπι

2061 3160 2297 3215 δεικνύει
2328 3162 2427 3231 τὴν
2465 3159 2740 3217 ἀπώλειαν
2762 3179 2774 3192 ·
2808 3161 2902 3215 τὸν
2943 3161 3103 3215 αὑτὸν
3146 3157 3298 3232 οἶμαι
3328 3160 3531 3230 τρόπον
3560 3159 3658 3213 καὶ⁵

2058 3254 2156 3317 τὰς
2185 3251 2459 3325 ὀλεθρίους
2491 3253 2601 3305 τῶν
2630 3252 3080 3323 ἐτεροδοξούντων
3126 3252 3310 3321 φωνὰς
3339 3252 3400 3305 τὸ
3428 3251 3528 3322 τῆς
3568 3252 3660 3304 εῦτ

2062 3347 2278 3410 σεὸείας
2325 3345 2752 3417 σχηματίζεσθαι
2811 3346 3039 3411 κάλλος,
3087 3346 3179 3397 καὶ
3221 3347 3332 3407 τοῖς
3378 3344 3477 3414 τῆς
3522 3342 3658 3413 ἀλη-

2064 3439 2213 3502 θείας
2245 3438 2538 3510 πειρᾶσθαι
2569 3436 3013 3509 περιανθίζεσθαι
3043 3438 3253 3505 λόγοιςο
3289 3434 3526 3506 οὐδαμοῦ
3559 3437 3662 3506 μὲν

2062 3528 2249 3582 ὠδῖνον
2297 3528 2396 3599 τὴν
2425 3527 2705 3599 ἀλήθειαν,
2740 3526 2941 3579 ἔσωθεν
2988 3526 3045 3579 δὲ
3094 3527 3488 3597 κεκρυμμένην
3536 3525 3663 3596 ἕχον

2062 3620 2162 3692 τὴν
2190 3621 2299 3673 ἀπὸ
2328 3620 2423 3673 τοῦ
2451 3619 2679 3689 ψεύδους
2709 3619 3175 3690 θεοστυγεστάτην
3202 3619 3478 3673 ἀσέϐειαν.
3517 3618 3645 3670 Ἀλλ

2063 3713 2114 3765 οἱ
2141 3712 2299 3782 νήψει
2329 3715 2395 3784 τῇ
2431 3714 2551 3768 κατ’
2578 3714 2892 3787 ἐντρέχειαν
2925 3713 3148 3782 λογικὴν
3177 3710 3270 3765 τὸν
3299 3713 3498 3765 οίκεῖον
3531 3712 3663 3765 ἀνα-

2066 3807 2395 3877 τειχίζοντες
2420 3806 2566 3872 νοῦν,
2591 3809 2705 3869 τοῖς
2743 3807 2841 3876 μὲν
2876 3806 3007 3876 παρ’
3031 3806 3261 3859 ἐκείνων
3287 3805 3386 3876 οὐχ
3413 3805 3664 3858 ἁλίσκον-

2065 3917 2157 3953 ται
2189 3899 2390 3968 λόγοις,
2422 3901 2521 3970 τῆς
2553 3899 2610 3952 δέ
2649 3898 2821 3962 δντως
2856 3897 3042 3966 ὑγιοῦς
3074 3898 3245 3966 ἀπρὶξ
3278 3898 3524 3967 ἐχόμενοι
3572 3898 3665 3951 πί-

2071 4007 2278 4055 στεως,
2327 3992 2415 4060 ἐφ’
2461 3990 2677 4051 ἐαυτοῖς
2721 3988 3092 4059 ἁναμέλπουσι
3125 3987 3407 4055 λέγοντεςο
3449 4006 3467 4037 ι
3496 3987 3668 4042 Εὐλο-

2067 4082 2233 4153 γητὸς
2271 4081 2478 4153 Κύριος
2520 4081 2578 4145 ὃς
2623 4081 2723 4134 οὐκ
2771 4080 2971 4133 ἔδωκεν
3004 4080 3154 4149 ἡμᾶς
3201 4081 3282 4143 είς
3331 4079 3504 4151 θήραν
3554 4084 3668 4142 τοῖς

2070 4174 2281 4229 ὀδοῦσιν
2324 4173 2523 4228 αὐτῶν.
2555 4192 2574 4225 ι
2604 4171 2790 4237 Ἔδοξε
2834 4172 3015 4225 τοίνυν
3062 4173 3193 4242 ἡμῖν
3236 4172 3304 4225 τὰ
3335 4173 3398 4225 ἐκ
3429 4172 3667 4243 φιλομα-

2073 4269 2225 4332 θείας
2269 4269 2613 4337 συνενεγκεῖν
2644 4267 2955 4338 εὑρήματα,
2999 4266 3093 4319 καὶ
3126 4264 3531 4336 συγκεχυμένον
3566 4266 3670 4335 μὲν

2072 4361 2327 4432 οὐδαμῶς
2362 4361 2636 4414 συνθεῖναι
2666 4359 2756 4413 τὸν
2790 4359 2968 4428 λόγον,
3002 4358 3420 4431 εὐκρινεστέραν
3449 4359 3505 4412 δέ
3537 4360 3670 4430 μᾶλ-

387 4451 676 4522 perspicua
707 4446 1110 4515 manifestaque
1143 4444 1388 4500 studioso
1429 4444 1666 4498 auditori
1706 4446 1778 4497 sit
1816 4441 1958 4497 futu-

2075 4453 2165 4507 λον
2194 4454 2274 4516 εἰς
2304 4452 2534 4506 ἕκαστον
2561 4452 2669 4505 τῶν
2717 4450 3026 4520 κεφαλαίων
3059 4450 3155 4521 τὴν
3198 4450 3427 4521 βάσανον
3475 4450 3672 4521 ἔχοντα

390 4556 473 4596 ra.
505 4539 717 4595 Titulus
754 4553 883 4593 vero
920 4537 1079 4603 hujus
1118 4535 1302 4604 operis
1333 4543 1434 4599 est,
1470 4533 1510 4587 Τ
1513 4535 1789 4598 hesaurus,
1829 4535 1971 4603 quod

390 4635 669 4704 ingentem
702 4633 755 4687 in
790 4646 850 4686 se
877 4630 1187 4686 divinarum
1211 4628 1731 4698 contemplationum
1755 4628 1973 4683 thesau-

391 4743 513 4783 rum
554 4725 991 4795 complectatur:
1031 4722 1245 4778 tametsi
1270 4738 1371 4790 ego
1418 4732 1472 4776 et
1498 4722 1811 4777 doctrinam
1861 4735 1973 4775 me.

393 4819 637 4873 diocrem
692 4826 749 4870 et
788 4816 1065 4885 ingenium
1100 4816 1169 4869 ad
1215 4814 1690 4884 contemplandum
1723 4829 1829 4869 non
1874 4813 1972 4865 atl-

397 4910 623 4967 modum
650 4923 779 4964 acre
815 4910 867 4962 in
895 4923 979 4963 me
1016 4922 1325 4977 agnoscam.
1359 4906 1562 4962 Gratiae
1592 4920 1723 4962 vero
1753 4908 1976 4977 agendae

394 5008 523 5057 sunt
562 5000 806 5062 Christo,
844 5000 934 5068 qui
977 5000 1157 5053 omnia
1197 4998 1447 5053 omnibus
1481 4998 1695 5053 abunde
1724 4997 1975 5066 suppedi-

399 5102 496 5149 tat.
550 5090 806 5146 Monendi
846 5102 1023 5144 autem
1053 5098 1177 5144 sunt
1214 5089 1469 5155 lectores,
1515 5089 1692 5159 capita
1736 5087 1862 5143 libri
1908 5088 1972 5141 ad

398 5199 648 5239 normam
690 5183 851 5251 hujus
893 5182 1090 5237 tabulae
1125 5182 1240 5237 sive
1269 5181 1487 5247 indicis,
1524 5182 1616 5251 qui
1663 5180 1971 5251 subjicitur,

399 5288 521 5330 esse
564 5273 887 5343 composita.
933 5272 1381 5341 Complectuntur
1415 5285 1545 5326 vero
1592 5270 1801 5342 singula
1836 5286 1978 5341 quae-

401 5380 509 5436 que
532 5366 714 5435 capita
746 5365 909 5420 etiam
959 5380 1021 5420 ea
1048 5381 1170 5435 qua:
1197 5367 1263 5420 ad
1293 5365 1541 5420 eumdem
1574 5364 1979 5435 contemplatio-

403 5459 488 5513 nis
522 5473 747 5528 scopum
770 5459 1073 5527 pertinent,
1102 5468 1157 5512 et
1181 5475 1274 5528 per
1303 5458 1572 5513 circuitus
1598 5468 1762 5527 atque
1787 5458 1980 5513 anfra-

404 5559 523 5604 ctus
555 5549 622 5605 ad
652 5550 902 5606 eumdem
939 5551 1098 5620 tituli,
1129 5551 1227 5608 sub
1256 5566 1365 5621 quo
1394 5553 1794 5623 comprehensa
1828 5564 1978 5622 sunt,

482 5730 501 5761 ⁸
531 5728 720 5787 Matth.
756 5747 873 5800 xm,
909 5732 995 5788 16.
1069 5736 1087 5765 ²
1117 5731 1135 5786 l
1164 5732 1289 5791 Cor.
1328 5747 1426 5802 xu,
1464 5732 1517 5789 5.

1600 5733 1617 5765 ³
1656 5732 1697 5787 ll
1728 5732 1874 5790 Petr.
1910 5751 1969 5803 ιι,
2013 5736 2060 5792 l.

2080 4544 2421 4614 διεξαγαγεῖν
2440 4562 2453 4576 ·
2483 4545 2627 4599 οὕτω
2651 4544 2759 4615 γάρ
2782 4543 2847 4598 ἂν
2864 4543 3194 4608 εὐσύνοπτός
3225 4559 3286 4597 τε
3315 4544 3409 4598 καὶ
3442 4544 3673 4615 εἰλικρι-

2083 4638 2312 4708 νεστέρα
2336 4640 2451 4700 τοῖς
2496 4636 2932 4708 φιλακροὰμοσιν
2971 4638 3003 4705 ή
3052 4636 3161 4689 τῶν
3205 4635 3542 4707 ἐγκειμένων
3572 4637 3673 4705 γέ-

2081 4747 2226 4784 νοιτο
2261 4729 2481 4798 γνῶσις.
2526 4732 2810 4801 Θησαυρὸς
2837 4729 2892 4782 δὲ
2921 4729 2999 4799 τῷ
3034 4728 3223 4800 βιϐλίῳ
3254 4730 3444 4800 ὄνομα,
3470 4727 3677 4798 πολλὴν

2083 4822 2261 4892 ἔχοντι
2293 4820 2402 4875 τῶν
2442 4820 2601 4874 θείων
2644 4821 3018 4893 θεωρημάτων
3059 4821 3566 4893 τεθησαυρισμένην
3614 4823 3677 4873 ἐν

2085 4912 2263 4983 ἐαυτῷ
2301 4912 2398 4983 τὴν
2433 4913 2673 4982 πληθύν·
2711 4915 2759 4966 εί
2805 4914 2901 4967 καὶ
2935 4914 3147 4985 μέτριοί
3186 4932 3330 4979 τινες
3377 4917 3434 4977 ἐς
3481 4914 3677 4981 λόγους

2081 5006 2262 5075 ἡμεῖς,
2296 5006 2392 5057 καὶ
2419 5004 2555 5076 πρὸς
2586 5005 2647 5057 τὸ
2673 5004 2934 5059 δύνασθαί
2966 5024 3019 5059 τι
3048 5009 3188 5059 νοεῖν
3223 5008 3283 5061 οὐ
3317 5006 3521 5076 σφόδρα
3552 5022 3680 5077 γορ-

2080 5096 2188 5165 γοί.
2232 5097 2564 5151 Ἀνακείσθω
2592 5098 2648 5150 δέ
2688 5098 2848 5170 χάρις
2894 5098 2972 5169 τῷ
3017 5100 3195 5154 πάντα
3229 5101 3363 5153 πᾶσι
3400 5099 3677 5162 πλουσίως

2080 5206 2409 5259 χορηγοῦντι
2440 5190 2680 5262 Χριστῷ.
2721 5191 2933 5245 Είδέναι
2963 5192 3019 5245 δὲ
3054 5194 3159 5264 χρὴ
3188 5191 3317 5255 τοὺς
3349 5191 3677 5262 ἐντευξομέ-

2079 5296 2224 5344 νους,
2262 5281 2344 5333 ὅτι
2377 5282 2714 5338 συντέθειται
2752 5283 2873 5352 μὲν,
2917 5285 3057 5338 κατά
3085 5285 3185 5353 τὴν
3220 5283 3677 5355 ὑποτεταγμένην

2085 5373 2437 5445 προγραφὴν,
2466 5376 2536 5430 τά
2578 5378 2636 5430 ἐν
2666 5378 2745 5448 τῷ
2793 5378 2982 5449 βιϐλίῳ
3015 5379 3308 5447 κεφάλαια.
3350 5378 3680 5450 Περιέχεται

2081 5464 2138 5518 δέ
2187 5465 2400 5536 ἐκαστῳ
2447 5468 2618 5523 πολλά
2658 5472 2797 5542 πρὸς
2833 5471 2925 5526 τὸν
2968 5472 3131 5525 αὐτὸν
3178 5471 3520 5525 συντείνοντα
3566 5471 3681 5523 τῶν

2088 5555 2458 5629 θεωρημάτων
2488 5564 2711 5629 σκοπὸν,
2746 5565 2839 5618 καὶ
2863 5563 2949 5619 διὰ
2982 5564 3182 5618 κύκλου
3220 5566 3312 5621 καὶ
3338 5562 3679 5635 περιδρομῆς

2139 5738 2159 5769 ⁸
2188 5737 2333 5796 Psal.
2367 5755 2559 5812 cum,
2592 5743 2643 5795 6.
