3876 6208
320 332 405 399 τι
1731 326 2188 393 'THESAUBUS.
3512 333 3580 387 tt

310 456 399 523 si;
413 457 506 512 τὸν
528 456 621 510 τοῦ
638 466 703 510 πε
714 449 977 529 ρίέχοντος
993 448 1353 511 αναὸαίνοντα
1368 450 1614 512 νοῦνζῙῙα
1622 456 1908 529 ραπέπηγε

2064 470 2233 512 ensum
2270 452 2613 527 pertingunt.
2668 451 2739 508 lis
2767 463 2947 507 autem
2978 450 3247 522 capitibus
3288 450 3438 519 solis,
3465 466 3587 525 qu'e

308 541 375 604 ’δὲ
408 549 590 621 μόνοις
611 551 724 613 τοῖς
755 548 864 603 τῶν
891 549 1203 618 κεφαλαίων
1238 552 1628 621 πριεκτικοῖς,
1654 548 1761 603 τῶν
1791 550 1909 621 ἀρι-

2064 549 2120 603 ia
2145 545 2386 619 ejusdem
2410 546 2715 617 argumenti
2738 546 2839 600 sub
2877 561 2937 602 se
2982 546 3284 612 continent,
3321 561 3584 604 numero-

319 640 474 711 θμῶν
499 642 533 713 ἡ
564 641 751 708 τάξις·
776 641 847 695 τὰ
883 641 941 695 δὲ
972 641 1331 713 παρεπόμενα
1356 642 1589 706 τούτοις,
1627 641 1905 713 στοιχηδὸν

2064 656 2132 696 Im
2187 640 2322 697 ordo
2366 650 2450 696 est
2481 641 2744 709 adjectus.
2787 639 2919 707 Quae
2969 654 3100 696 vero
3135 640 3326 711 primis
3372 641 3483 698 illis
3521 657 3587 699 sc

312 732 423 803 μὶν
470 733 789 787 ἐντέτακται
826 735 949 798 ταῖς
996 734 1377 805 ὑπογραφαῖς,
1415 734 1684 807 ἀριθμοὺς
1716 733 1773 787 δὲ
1803 735 1904 788 οὐκ

2064 731 2295 802 ".ecipuis
2336 731 2606 803 capitibus
2645 732 2762 788 sive
2799 731 2974 787 titulis
3013 748 3225 788 annexa
3255 742 3401 797 sunt,
3435 742 3492 790 et
3518 750 3588 790 ex

321 824 459 896 εχει,
485 824 560 890 ὡς
592 828 660 897 τῇ
692 825 802 879 τῶν
832 826 1198 897 περιεκτικῶν
1223 826 1432 899 διανοίᾳ
1460 826 1898 899 χρεωστούμενα,

2064 842 2076 881 ς
2094 825 2419 896 dependent,
2440 825 2556 880 suis
2576 825 2739 880 etiam
2768 825 2915 881 nolis
2934 824 3225 881 ordinatim
3244 824 3588 897 distinguun-

323 918 423 971 καὶ
448 919 527 982 είς
551 918 643 973 τὸν
673 919 899 973 ἐκείνων
929 919 1191 990 τρέχοντα
1216 920 1439 975 σκοπόν.

2064 934 2099 974 ιι*
2126 937 2140 973 :
2168 932 2425 974 numeros
2462 925 2642 972 tamen
2688 918 2954 988 ascriptos
2992 933 3097 973 non
3132 917 3354 984 habent,
3392 919 3592 990 quippe

326 1027 449 1083 qua
490 1014 559 1070 ab
592 1029 781 1071 eorum
822 1014 1103 1072 titulorum
1138 1016 1239 1071 sub
1278 1016 1475 1085 quibus
1525 1015 1873 1071 continentur
1904 1028 2068 1070 sensu
2101 1013 2460 1085 dependeant,
2490 1020 2547 1068 et
2584 1012 2650 1067 ad
2692 1013 2945 1068 eumdem
2989 1026 3215 1084 scopum
3260 1011 3586 1083 pertineant.

910 1390 1197 1479 TAAE
1272 1391 1746 1479 ΕΝΕΣΤΙΝ
1822 1394 1966 1478 ΕΝ
2040 1389 2334 1479 ΤΩΔΕ
2391 1392 2541 1479 ΤΩ
2608 1390 3005 1479 ΒΙΒΛΙΩ.

1501 1794 1887 1883 INDEX
1968 1793 2391 1887 EORUM

1281 2002 1448 2072 ρυλε
1485 2003 1554 2059 IN
1588 1962 1730 2061 hoc
1768 2003 1974 2063 uano
2009 2004 2534 2064 CONTINENTUR.

920 2378 977 2453 4
1005 2378 1224 2434 ΛΟΓΟΣ
1258 2381 1335 2434 Αν.

405 2471 546 2542 Περὶ
579 2470 873 2543 ἁγενήτου
904 2470 1001 2525 καί
1035 2470 1309 2541 τενητοῦ,
1334 2470 1405 2526 ὲν
1434 2463 1502 2538 ᾧ,
1529 2472 1620 2525 ὅτι
1651 2471 1924 2540 κρεῖττόν

335 2566 468 2621 ἑστι
498 2565 598 2619 καὶ
647 2561 1118 2633 ἀξιολογώτερον
1163 2562 1395 2633 Πατέρα
1446 2562 1764 2620 καλεῖσθαι
1811 2563 1921 2617 τόν

338 2658 509 2725 Θεὸν,
540 2658 581 2726 ἢ
608 2657 921 2728 ἀγένητον.

1031 2749 1182 2806 ΛυΓ.
1222 2749 1276 2802 B'

410 2840 534 2895 Ὅτι
563 2841 631 2894 τὸ
670 2841 967 2910 ἀγένητον
1000 2842 1113 2894 οὐκ
1144 2840 1348 2905 οὐσία,
1382 2840 1520 2896 ἀλλ’
1553 2841 1769 2907 οὐσίας
1813 2859 1925 2909 ση-

333 2934 645 3005 μαντικόν.

1012 3027 1163 3081 ΛυΓ.
1204 3027 1278 3080 Γ’.

294 3130 298 3135 ‘
412 3120 537 3173 Ὀτι
572 3120 660 3190 μὴ
700 3120 769 3175 τὸ
797 3120 1093 3191 ἀγένητον
1136 3120 1337 3183 οὐσία,
1364 3120 1558 3187 μόνον
1587 3118 1654 3172 δὲ
1698 3118 1805 3172 τοῦ
1844 3120 1930 3189 μὴ

340 3212 653 3283 γεγονέναι
678 3214 787 3267 τὸν
817 3213 965 3267 Θεὸν
998 3212 1389 3280 σημαντικόν.

1012 3303 1162 3356 ΛΟΓ.
1203 3303 1275 3355 Δ’.

412 3396 572 3466 Πρὸς
612 3395 755 3462 τοὺς
800 3393 1145 3464 τολμῶντας
1173 3394 1399 3461 λέγειν,
1434 3393 1523 3446 ὅτι
1561 3412 1579 3444 ι
1610 3389 1722 3450 Ἦν
1766 3407 1931 3457 ποτε,

341 3485 445 3542 ὅτε
470 3488 580 3540 οὐκ
610 3481 689 3556 ἦν
734 3487 767 3539 ὁ
802 3485 954 3551 Υἱός.
981 3504 1000 3536 ι
1035 3482 1307 3552 Ἐκλογαι
1360 3482 1797 3552 συλλογισμῶν
1834 3483 1936 3537 καὶ

342 3575 661 3647 νοημάτων
721 3575 1093 3631 κατασκευαὶ
1154 3575 1278 3630 σὺν
1336 3576 1723 3645 μαρτυρίαιςο
1747 3575 1817 3630 td
1867 3572 1938 3629 δὲ

345 3667 767 3739 συναγόμενον
806 3667 876 3722 ἐκ
914 3667 1176 3735 πάντων,
1210 3667 1303 3719 ὅτι
1337 3664 1527 3732 ἀΐδιος
1565 3670 1599 3720 ὁ
1634 3665 1745 3720 τοῦ
1783 3666 1944 3729 Θεοῦ¹

345 3759 557 3828 Δοῆοος.

418 3854 521 3917 Εἰς
567 3851 635 3905 td
672 3850 817 3905 αὐτὸ
852 3852 1201 3919 κατασκευὴ
1232 3850 1477 3920 πιθανὴ,
1519 3852 1610 3905 ὅτι
1642 3854 1708 3905 td
1744 3853 1933 3921 ῥητόν

346 3946 416 3998 td
467 3943 684 4015 λόγον*
723 3942 859 3999 ι’Τὰ
894 3944 1118 4012 ἀόρατα
1150 3945 1338 4000 αὐτοῦ
1373 3945 1495 4001 ἀπὸ
1536 3946 1787 4010 κτίσεως
1833 3944 1935 3998 κό-

347 4052 530 4106 σμου,
580 4037 705 4103 τοῖς
739 4036 1031 4106 ποιήμασι
1081 4039 1379 4106 νοούμενα
1419 4036 1758 4106 καθορᾶταν
1806 4036 1841 4104 ἢ
1872 4052 1935 4090 τε

348 4128 550 4196 ἀΐδιος
596 4129 785 4183 αὐτοῦ
821 4128 1075 4199 δύναμις
1118 4128 1218 4183 καὶ
1266 4132 1518 4198 θειότης,
1558 4149 1577 4184 ι
1632 4130 1738 4184 τὸν
1800 4128 1935 4182 Υἱὸν

348 4220 651 4288 σημαίνει.

423 4310 655 4381 Ἕτεραι
685 4312 1022 4381 μαρτυρίαι,
1050 4311 1141 4365 ὅτι
1173 4311 1365 4377 ἀΐδιος
1392 4315 1425 4366 ό
1464 4313 1613 4379 Υἱός.

435 4400 789 4467 Ἀποδείξεις
830 4401 929 4456 διὰ
971 4400 1333 4472 μαρτυριῶν,
1369 4400 1458 4454 ὅτι
1496 4403 1555 4453 αὶ
1588 4398 1734 4453 θεῖαι
1786 4400 1936 4466 Γρα-

351 4494 478 4563 soul,
504 4492 572 4547 td
598 4512 617 4546 ι
640 4490 738 4565 ἦν,
765 4514 785 4546 ι
816 4494 915 4548 καὶ
941 4493 1009 4548 td
1035 4513 1053 4545 ι
1078 4496 1111 4548 d
1134 4494 1239 4559 ὢν,
1267 4512 1285 4545 ι
1316 4493 1416 4547 καὶ
1444 4492 1509 4546 td
1538 4510 1557 4543 ι
1579 4490 1885 4560 ὑπάρχων,
1912 4508 1930 4540 ι

353 4588 451 4641 καὶ
480 4587 549 4641 td
583 4606 602 4640 ι
630 4588 812 4659 ἤμην,
838 4607 856 4641 ι
891 4588 992 4642 καὶ
1020 4587 1087 4641 τὸ
1131 4605 1149 4640 ι
1176 4586 1315 4657 ειμι,
1340 4605 1359 4637 ι
1406 4584 1507 4639 καὶ
1541 4584 1607 4638 τὸ
1644 4603 1663 4636 ι
1690 4584 1882 4649 ἔστιν,
1913 4602 1931 4633 ι

352 4676 452 4730 ἐπὶ
494 4676 599 4731 τοῦ
628 4680 825 4747 Λόγου
856 4676 1086 4733 τιθέασι
1116 4677 1331 4747 μόνου,
1375 4675 1477 4731 ἐπὶ
1508 4674 1577 4729 δὲ
1614 4674 1732 4728 τῶν
1765 4691 1937 4743 γενη-

352 4769 474 4824 τῶν
504 4770 749 4834 ὀὐκέτι,
802 4770 966 4826 ἀλλὰ
1018 4767 1262 4840 μᾶλλον
1294 4768 1361 4822 td
1418 4786 1437 4820 t
1465 4767 1669 4831 ποτὲ,›
1720 4767 1820 4822 καὶ
1870 4766 1936 4818 td

326 4874 379 4913 ἰ
409 4861 574 4930 πρὶν,
600 4881 620 4914 ι
664 4861 763 4917 καὶ
805 4862 875 4916 τὸ
920 4880 938 4913 ι
973 4861 1088 4930 πρὸ
1126 4860 1295 4925 tofi,»
1339 4858 1439 4913 καὶ
1472 4858 1541 4913 td
1592 4877 1612 4910 ι
1640 4857 1877 4928 reme“
1912 4875 1930 4908 ι

354 4955 454 5009 καί
488 4953 608 5009 ὅσα
636 4955 870 5020 τούτοις
895 4953 1088 5023 ὅμοια.

430 5048 556 5102 Ἔτι
591 5047 725 5117 περὶ
757 5046 865 5101 τοῦ
895 5046 1093 5102 ἀΐδιον
1120 5041 1273 5101 εἶναι
1298 5042 1407 5099 τὸν
1439 5042 1595 5111 Υίὸν,
1623 5041 1704 5109 ὡς
1736 5041 1805 5107 ἐξ
1834 5041 1937 5095 ἀι·-

354 5139 657 5207 τιθέσεως,
686 5138 1057 5207 κατασκευή.

431 5234 554 5286 Ἔτι
584 5232 719 5301 περὶ
760 5232 1099 5301 ἀιδιότητος
1129 5231 1563 5301 συλλογισμὸς,
1600 5227 1752 5298 μετά
1777 5242 1941 5290 τινος

357 5323 787 5393 ἐπαπορήσεως
852 5322 1289 5394 πεπλεγμένος,
1310 5332 1327 5351 ³
1356 5322 1453 5375 καὶ
1518 5317 1800 5386 συνάγων
1851 5317 1938 5379 εις

359 5415 687 5485 ὁμολογίαν
722 5415 827 5469 τοῦ
870 5414 999 5469 δεῖν
1025 5414 1095 5469 ἐκ
1136 5412 1247 5483 τῆς
1274 5414 1490 5479 οὐσίας
1530 5410 1637 5465 τοῦ
1684 5406 1935 5476 Πατρός,

360 5509 474 5561 οὐκ
522 5506 741 5570 ἔξωθεν
798 5507 1184 5577 ἐπιγεγονότα
1238 5506 1346 5561 τὸν
1398 5505 1537 5561 Υίὸν
1593 5500 1939 5573 ὑπολαμϐάο

357 5614 520 5653 νεινο
563 5600 615 5651 ει
646 5596 716 5651 δὲ
746 5597 944 5668 τοῦτο,
977 5598 1173 5669 δῆλον
1199 5600 1288 5653 ὅτι
1328 5599 1427 5654 καί
1462 5597 1542 5665 τῷ
1577 5598 1759 5668 Πατρι
1790 5612 1939 5650 συν-

359 5686 573 5744 uideor.

438 5782 586 5850 Ἔτι,
628 5784 759 5853 περὶ
782 5783 1133 5859 ,ἀΐδιότητος
1172 5784 1325 5839 Υιοῦ.

2604 2381 2944 2438 ASSERTIO
2984 2382 3029 2439 I.

2103 2473 2175 2527 De
2204 2474 2384 2543 genito
2440 2483 2489 2529 et
2527 2474 2785 2546 ingenito,
2838 2484 2891 2529 et
2943 2476 3083 2545 quod
3126 2476 3313 2530 melius
3348 2478 3415 2531 sit
3448 2486 3603 2551 atqu

2028 2566 2237 2633 dignius
2292 2563 2460 2618 Deum
2504 2561 2721 2619 Patrem
2751 2566 2951 2633 vocari,
2982 2581 3139 2636 quam
3179 2567 3490 2637 ingenitum.

2617 2743 2909 2802 ASSERT.
2956 2744 3021 2799 ll.

2104 2835 2257 2903 Quod
2281 2835 2569 2906 ingenitum
2592 2852 2694 2891 non
2721 2838 2788 2892 sit
2813 2838 3137 2905 substantia,
3162 2841 3254 2895 sed
3293 2840 3608 2897 substantia

2032 2925 2427 2997 signiﬁcativutl

2602 3017 2895 3077 ASSERT.
2928 3019 3015 3078 ΙΙΙ.

2106 3112 2259 3179 Quod
2298 3113 2585 3183 ingenitum
2636 3132 2739 3169 non
2775 3116 2841 3169 sit
2887 3116 3205 3182 substantia,
3255 3119 3347 3171 sed
3393 3128 3601 3174 tantum

2036 3207 2297 3275 significet
2318 3204 2488 3260 Deum
2508 3204 2741 3275 genitum
2772 3224 2877 3261 non
2898 3224 3030 3265 esse.

2607 3297 2899 3355 ASSERT.
2935 3299 3023 3355 1V.

2108 3392 2373 3446 Aduersus
2398 3408 2485 3446 eos
2513 3392 2603 3462 qui
2625 3392 2798 3445 dicere
2825 3407 2928 3445 non
2973 3404 3249 3462 verentur,
3293 3414 3313 3449 ι
3339 3395 3474 3453 Erat
3508 3400 3613 3454 ali-

2038 3486 2407 3556 quando,cum
2436 3500 2539 3539 non
2559 3494 2671 3539 erat
2695 3482 2891 3538 Filius.
2923 3502 2942 3535 ι
2976 3485 3291 3554 Απεηιηίιιτ
3316 3491 3612 3562 syllogismi

2041 3588 2091 3633 et
2139 3588 2570 3649 argumentorum
2599 3576 2933 3647 probationes
2977 3595 3098 3633 cunt
3125 3581 3435 3637 testimoniis
3466 3584 3614 3641 Scri-

2035 3679 2206 3738 ptura:
2234 3684 2253 3721 :
2287 3684 2353 3723 ea:
2411 3669 2600 3739 quibus
2650 3670 2889 3725 omnibus
2942 3671 3167 3740 cﬁcilur
3207 3674 3346 3743 quod
3391 3673 3613 3732 Verbum

2038 3758 2133 3813 Dei
2169 3760 2237 3813 sit
2279 3770 2552 3818 internum.

2107 3851 2364 3923 Ejusdem
2408 3855 2485 3908 rei
2530 3853 2773 3923 probatio
2805 3855 3015 3909 veritati
3060 3865 3434 3923 consentanea,
3474 3860 3614 3931 quod

2035 3947 2233 4001 dictum
2281 3944 2440 4011 illud,
2475 3964 2494 3997 ι
2542 3944 2845 4000 Invisibilia
2890 3946 3006 4015 eius
3056 3964 3089 4003 a
3133 3949 3399 4003 creatione
3430 3951 3614 4004 mundi

2035 4056 2127 4106 per
2172 4055 2235 4093 ea
2285 4054 2401 4109 qua
2452 4038 2598 4105 facta
2654 4050 2773 4093 sunt
2824 4038 3130 4105 intellecta,
3174 4042 3610 4110 conspiciuntur,

2036 4132 2356 4200 sempiterna
2389 4146 2591 4200 quoque
2624 4130 2738 4198 ejus
2778 4130 2945 4185 virtus
2977 4141 3024 4185 et
3050 4132 3320 4197 diuinitas,
3353 4150 3373 4185 s
3408 4131 3614 4189 Filium

2035 4227 2320 4298 significat.
2658 4290 2667 4296 ,

2107 4319 2233 4372 Alia
2266 4301 2588 4382 testimonia,
2628 4316 2768 4385 quod
2794 4322 3021 4371 latemus
3049 4315 3119 4371 sit
3148 4314 3343 4369 Filius.

2096 4410 2575 4465 Demonstrationes
2588 4426 2679 4478 per
2691 4409 3012 4476 testimonia,
3029 4408 3168 4479 quod
3185 4422 3352 4462 sacra
3370 4406 3615 4479 Scriptu-

2040 4519 2112 4558 ra:
2123 4519 2267 4557 voces
2283 4503 2398 4567 has,
2421 4520 2440 4553 ι
2460 4510 2595 4566 erat,
2617 4502 2889 4566 exsistens,
2909 4517 3019 4565 ens,
3037 4517 3201 4568 erant,
3219 4516 3333 4554 sunt
3346 4519 3365 4553 ›
3384 4510 3611 4568 et_¢est,s

2039 4596 2105 4649 de
2139 4593 2307 4649 Verbo
2334 4594 2505 4649 solum
2527 4595 2744 4659 dicunt;
2776 4594 2841 4648 de
2865 4595 3124 4648 creaturis
3159 4610 3279 4649 vero
3324 4611 3426 4649 non
3469 4597 3616 4661 item,

2040 4687 2129 4741 sed
2162 4706 2182 4738 ι
2204 4686 2382 4750 olim,s
2399 4688 2506 4741 sive
2532 4685 2868 4755 reliquendo,
2886 4684 3109 4753 pridem,
3128 4696 3268 4750 ante,
3300 4685 3403 4756 {uit
3431 4704 3450 4738 ι
3478 4684 3618 4740 alia-

2040 4796 2137 4845 que
2164 4780 2243 4831 his
2266 4779 2482 4833 similia.

2114 5048 2373 5117 Amplius,
2410 5048 2550 5118 quod
2585 5055 2811 5101 internus
2843 5046 2910 5099 sit
2954 5042 3129 5099 Filius
3157 5062 3175 5097 :
3211 5060 3328 5097 cum
3360 5044 3619 5101 solutione

2042 5138 2412 5208 objectionum.

2116 5229 2280 5283 Aliud
2312 5269 2327 5294 ,
2370 5229 2434 5284 de
2474 5231 2783 5291 mternitate,
2822 5226 3154 5296 syllogismus
3212 5240 3332 5279 cunt
3390 5226 3621 5297 quadam

2045 5324 2333 5393 quastione
2359 5334 2645 5385 connexus,
2667 5318 2805 5373 unde
2827 5317 3091 5388 colligitur
3110 5315 3463 5385 conﬁtendum
3486 5332 3619 5383 esse,

2051 5412 2251 5469 Filium
2297 5429 2362 5470 ex
2403 5410 2628 5467 essentia
2670 5408 2849 5464 Patris
2888 5424 3019 5476 esse,
3066 5418 3115 5462 et
3151 5424 3255 5463 non
3297 5408 3620 5464 extrinsecus

2046 5506 2329 5561 accessisse
2354 5517 2373 5557 :
2403 5503 2450 5557 si
2479 5512 2650 5557 autem
2688 5502 2763 5556 ita
2792 5510 2888 5565 est,
2916 5507 3235 5557 cowternum
3267 5500 3424 5556 etiam
3464 5494 3622 5558 Patri

2044 5615 2173 5652 εδει.

2122 5774 2175 5845 5
2212 5772 2393 5839 Aliud,
2422 5772 2486 5827 de
2520 5771 2814 5827 (eternitats
2849 5766 3002 5823 Filii.
