3876 6208
285 310 352 362 15
1280 290 1336 344 S.
1379 285 1652 344 CYBILLI
1692 279 2166 338 ALEXANDRINI
2206 275 2530 332 ARCHIEP.
3472 271 3535 323 16

349 416 706 487 Interrogatio
762 413 1080 466 Arianorum
1134 405 1481 460 absurditatis
1560 399 1858 471 plena;cui

281 512 388 565 alia
418 526 520 563 non
557 504 812 560 absimilis
838 497 1178 566 interrogatio
1206 495 1504 565 opponitur,
1531 494 1720 545 docens
1754 506 1856 543 non

278 621 387 658 esse
405 600 606 670 aliquid
636 597 796 653 stulte
830 592 1278 663 interrogandum.

356 696 613 752 Adversus
647 692 1054 757 interrogantes,
1084 704 1103 737 ι
1134 686 1214 737 An
1236 682 1467 736 habuisti
1505 682 1671 744 ﬁlium
1710 690 1858 730 ante-

276 804 433 858 quam
464 787 698 856 gigneres
718 783 741 834 ?
765 801 783 833 ι
810 790 857 835 et
881 781 1128 842 dicentes,
1160 795 1177 827 ι
1202 774 1289 828 Ita
1320 789 1482 843 neque
1517 771 1653 825 Deus
1677 769 1857 822 habuit

282 881 482 933 Filium
523 878 827 944 priusquam
860 889 976 926 eum
1003 872 1255 941 gigneret.
1298 885 1317 917 ι

870 960 1166 1018 ASSERT.
1235 960 1300 1014 ν.

353 1065 505 1132 Quod
529 1064 689 1116 Pater
730 1077 829 1113 non
856 1057 1053 1111 exstitit
1082 1064 1201 1108 ante
1230 1052 1456 1116 Filium,
1485 1049 1691 1103 tametsi
1714 1048 1855 1114 inge-

282 1161 423 1211 nitus
495 1156 584 1220 sit,
633 1154 724 1207 sed
767 1160 1057 1203 cowteruus
1136 1147 1239 1215 ipsi
1293 1140 1396 1214 fuit
1481 1141 1655 1194 Filius
1711 1140 1855 1209 geni-

279 1263 382 1302 tus.

902 1328 1194 1385 ASSERT.
1227 1328 1311 1382 Vl.

352 1428 504 1495 Quod
528 1424 691 1479 Pater
713 1424 847 1477 citra
876 1423 1180 1476 divisionem
1216 1429 1261 1473 et
1309 1420 1442 1472 citra
1471 1418 1858 1484 corruptionem

280 1534 345 1573 es:
373 1521 541 1589 seipso
580 1517 813 1586 genuerit
834 1512 1057 1567 Filium.

846 1624 1135 1682 ASSERT.
1180 1626 1289 1681 VII.

350 1724 609 1777 Adversus
638 1737 725 1778 eos
763 1720 853 1791 qui
882 1720 1159 1787 objiciunt.
1189 1736 1206 1768 ι
1237 1715 1398 1769 Pater
1418 1724 1591 1769 utrum
1637 1712 1855 1781 fortuito

279 1818 452 1885 genuit
478 1811 701 1873 Filium,
732 1827 801 1863 an
841 1808 1182 1863 voluntateh

866 1898 1158 1954 ASSERT.
1199 1897 1333 1953 VIII.

355 1998 615 2050 Adversus
664 1995 909 2059 dicentes,
946 2009 1050 2045 non
1086 1991 1264 2055 Patri,
1294 1991 1383 2045 sed
1427 1988 1681 2044 voluntati
1743 1988 1855 2057 ejus

278 2089 498 2141 similem
515 2104 623 2141 esse
663 2084 881 2138 Filium.

872 2192 1166 2249 ASSERT.
1198 2193 1291 2247 ιχ.

354 2315 508 2380 Quod
530 2310 993 2367 consubstantialis
1054 2311 1122 2362 sit
1175 2307 1347 2360 Filius
1372 2305 1548 2371 Patri,
1590 2321 1654 2359 ex
1677 2306 1853 2370 dictis,

282 2407 451 2475 «Quid
470 2424 549 2461 me
575 2407 706 2459 dicis
729 2402 957 2458 bonum?
982 2399 1150 2454 Nemo
1185 2402 1346 2453 bonus
1372 2400 1471 2453 nisi
1505 2415 1640 2453 unus
1656 2397 1849 2452 Deus.s

278 2500 368 2565 Et,
410 2520 427 2551 ι
472 2498 615 2551 Vada
654 2497 723 2549 ad
761 2496 972 2547 Patrem
1006 2508 1174 2545 meum
1203 2503 1249 2545 et
1295 2489 1507 2545 Patrem
1532 2502 1778 2551 vestrum,
1808 2499 1855 2542 et

277 2592 442 2645 Deum
464 2606 631 2643 meum
651 2598 701 2642 et
734 2588 901 2641 Deum
927 2596 1175 2638 vestrum.
1202 2603 1221 2635 s
1252 2583 1410 2645 Item,
1448 2601 1465 2632 ι
1495 2581 1655 2635 Pater
1683 2582 1856 2650 major

277 2700 357 2737 me
397 2692 493 2737 est.
534 2702 551 2733 ι

878 2877 1167 2936 ASSERT.
1220 2878 1288 2932 Χ.

350 3002 502 3070 Quod
533 2997 995 3053 consubstantialis
1044 2994 1199 3047 Patri
1257 2993 1323 3047 sit
1370 2989 1568 3044 Filius.
1604 2988 1853 3058 Defensio

277 3096 421 3150 illius
446 3095 591 3155 dicti,
622 3112 642 3143 ι
691 3091 799 3145 Cur
822 3106 902 3142 me
923 3088 1056 3141 dicis
1082 3087 1273 3141 bonum
1293 3085 1318 3137 ἱ)
1352 3102 1371 3137 ›
1404 3092 1453 3138 et
1498 3081 1642 3137 illius
1696 3096 1856 3147 expo-

275 3191 421 3243 sitio.

854 3292 1148 3350 ASSERT.
1190 3292 1282 3347 XI.

349 3413 501 3482 Quod
541 3411 794 3466 Filiussit
841 3409 997 3462 Patri
1044 3405 1533 3470 consubstantialis,
1576 3419 1641 3458 ex
1690 3404 1853 3469 dicto,

282 3528 300 3559 ι
338 3505 498 3560 Pater
524 3521 667 3558 meus
708 3501 884 3571 major
908 3516 988 3555 me
1018 3510 1114 3556 est.
1155 3514 1175 3550 ι

345 3599 506 3652 Aliud
538 3599 747 3659 docens,
766 3594 902 3662 quod
934 3592 1198 3661 proposito
1219 3590 1416 3660 majore
1435 3599 1482 3643 et
1504 3587 1727 3650 minore,
1752 3586 1854 3638 im-

275 3690 437 3756 perite
460 3687 745 3741 admodum
779 3682 1115 3755 inasqualitas
1160 3682 1426 3751 inferatur
1454 3695 1473 3732 :
1507 3677 1668 3749 quod,
1697 3676 1854 3745 juxta

276 3780 580 3836 Aristotelis
606 3778 962 3847 disciplinam,
996 3775 1218 3829 alterius
1252 3774 1318 3827 sit
1340 3771 1565 3843 generis.

353 3958 505 4016 Aliud
557 3957 923 4011 demonstrans
978 3967 1070 4021 per
1116 3951 1175 4003 id
1228 3951 1366 4021 quod
1432 3948 1630 4003 dicitur
1688 3946 1853 4002 Pater

166 4044 173 4053 ἢ
277 4052 469 4121 major,
499 4050 655 4104 simul
682 4049 838 4103 etiam
865 4045 1049 4114 inferri
1098 4041 1323 4097 Filium.
1362 4040 1455 4096 Est
1514 4051 1687 4096 autem
1746 4057 1850 4094 non

274 4141 448 4196 minor
466 4142 599 4209 ipso.

350 4233 502 4296 Quod
546 4229 717 4283 Filius
748 4225 938 4280 similis
976 4224 1044 4278 sit
1074 4222 1247 4287 Patri,
1280 4221 1560 4298 proposito.
1592 4221 1730 4273 dicto
1787 4218 1852 4271 il-

276 4317 348 4385 lo,
388 4336 407 4370 ι
443 4318 604 4370 Amen
632 4317 748 4369 dico
780 4314 942 4373 vobis,
964 4328 1067 4365 non
1087 4311 1312 4364 surrexit
1349 4311 1485 4364 inter
1536 4319 1689 4364 natos
1737 4324 1854 4361 mu-

276 4412 463 4463 lierum
493 4410 669 4479 major
691 4406 896 4460 Joanne
922 4405 1185 4474 Baptista,
1210 4423 1231 4455 ι
1268 4411 1375 4459 etc.

806 4605 863 4676 δ
895 4600 1190 4657 ASSERT.
1230 4600 1346 4656 xu.

359 4717 415 4775 In
442 4719 595 4784 illud,
620 4718 762 4787 «Ego
793 4718 845 4768 in
872 4714 1056 4779 Patre,
1087 4726 1133 4769 et
1162 4715 1390 4769 Pateriu
1415 4732 1530 4781 me;
1554 4736 1572 4767 ι
1599 4725 1668 4780 et,
1698 4736 1716 4767 ι
1740 4716 1851 4788 Ego

276 4824 324 4869 et
368 4810 526 4863 Pater
566 4825 727 4863 unum
760 4825 975 4871 sumus;
1001 4828 1020 4859 ›
1058 4810 1145 4862 ubi
1173 4810 1413 4878 deinceps
1463 4810 1853 4863 demonstratur

282 4902 444 4956 Deum
463 4901 626 4971 fuisse
662 4901 751 4970 qui
786 4899 1021 4954 liberavit
1077 4902 1437 4969 patriarcltam
1457 4901 1622 4955 Jacob
1652 4918 1716 4956 ea:
1743 4918 1854 4956 om-

280 4994 430 5048 nibus
462 4995 633 5047 malis.

367 5085 789 5149 Demonstratur,
844 5085 984 5153 quod
1047 5081 1272 5137 Verbum
1312 5084 1409 5138 Dei
1454 5087 1647 5156 species
1687 5087 1853 5156 ipsius

280 5178 345 5231 sit
384 5193 400 5229 :
426 5179 560 5247 quod
607 5175 834 5230 Verbum
860 5189 1066 5230 vocetur
1089 5179 1282 5245 species
1313 5177 1428 5233 Dei.

358 5370 638 5427 Vehemens
677 5372 1055 5425 demonstratio
1100 5374 1291 5427 docens
1317 5375 1454 5443 quod
1503 5392 1621 5445 qua:
1656 5377 1851 5443 aliqui-

278 5464 372 5515 bus
412 5461 797 5527 assimilantur,
823 5464 997 5516 nonin
1031 5464 1331 5518 universum
1356 5475 1403 5520 et
1432 5467 1747 5521 naturaliter
1772 5471 1850 5522 in-

278 5563 395 5607 sunt
429 5554 493 5605 iis
528 5550 715 5622 quibus
769 5552 1171 5608 assimilantur:
1220 5556 1309 5608 sed
1361 5573 1477 5626 qua:
1535 5558 1852 5612 naturaliter

280 5643 537 5711 aliquibus
570 5642 767 5708 insunt,
796 5644 931 5697 velut
956 5645 1205 5713 imagines
1233 5648 1474 5715 quadam
1513 5658 1632 5704 sunt
1670 5666 1847 5704 eorum

278 5737 347 5788 ad
376 5752 490 5805 qua:
522 5746 699 5792 nostra
720 5737 954 5793 roluutas
997 5738 1303 5809 impellitur.

2049 391 2368 462 Ἐρώτησις
2409 384 2714 456 Ἀρειανῶν
2740 386 2993 450 ἀτοπίας
3011 382 3205 452 μεστή
3229 399 3239 410 ³
3290 382 3439 450 πρὸς
3469 381 3550 449 ἢν

1964 482 2442 552 ἀντεπερώτησις
2474 477 2836 545 ἀτοπωτέρα,
2863 475 2950 528 ὅτι
2988 474 3106 543 χρὴ
3152 472 3235 543 μὴ
3270 472 3550 527 ἀπαιδεύ-
3580 490 3592 532 2

1966 594 2077 643 τως
2115 572 2341 646 ἐρωτᾷν
2378 572 2851 626 ἐκδιδάσκουσα.

2035 666 2193 735 Πρὸς
2221 665 2357 730 τοὺς
2388 662 2749 733 ἐρωτῶντας,
2794 681 2810 712 ι
2850 655 3087 726 Εὶεῖχες
3121 657 3251 712 Υἰὸν
3284 657 3427 727 πρὶν
3458 660 3549 710 τέ-

1964 775 2115 829 unc;
2150 779 2169 810 ι
2216 758 2316 812 καὶ
2348 757 2660 828 λέγοντας,
2704 775 2720 805 ι
2753 755 2917 807 Οὕτω
2957 753 3056 806 καὶ
3086 755 3119 806 ό
3150 752 3295 821 Θεὸς
3327 755 3437 807 οὐκ
3466 749 3548 806 εἶ-

1964 868 2073 921 χεν
2119 851 2258 904 Υἱὸν
2295 850 2437 917 πρὶν
2474 848 2776 919 γεννήσει.
2808 867 2825 899 ι

2618 941 2770 992 ΛΟΕ.
2818 938 2890 992 E".

2037 1035 2157 1086 ’Ὁτι
2210 1035 2282 1088 οὐ
2330 1032 2699 1104 προϋπάρχει
2744 1032 2849 1087 τοῦ
2896 1030 3035 1085 Υἱοῦ
3084 1033 3117 1086 ό
3159 1030 3383 1098 Πατὴρ,
3434 1030 3547 1081 κᾶν

1961 1127 2292 1198 ἀγέννητος
2334 1123 2377 1199 ᾖ
2400 1147 2413 1159 ·
2465 1128 2603 1183 ἀλλ’
2628 1124 2707 1197 ἦν
2762 1123 2922 1191 αὐτῷ
2971 1124 3282 1189 συναΐδιος
3326 1126 3360 1176 ό
3416 1123 3546 1187 Υἱὸς

1963 1224 2144 1290 γεννη
2152 1220 2271 1285 τός.

2617 1310 2767 1363 AOI‘.
2817 1312 2905 1375 εῖν.

2036 1402 2166 1456 Ὅτι
2198 1405 2231 1456 ό
2259 1403 2463 1471 Πατὴρ
2491 1402 2826 1471 ἀμερίστως
2856 1400 2953 1453 καὶ
2979 1399 3285 1468 ἀρεύστως
3303 1396 3545 1467 ἐγέννη-

1961 1510 2076 1548 σεν
2115 1493 2184 1558 ἐξ
2224 1493 2414 1548 αὐτοῦ
2454 1494 2564 1547 τὸν
2612 1494 2769 1547 Υἱόν.

2618 1606 2771 1660 ΛΟΓ.
2815 1607 2890 1660 Ζ’.

2029 1699 2191 1768 Πρὸς
2210 1699 2351 1766 τοὺς
2368 1700 2793 1767 προτείνοντας
2810 1698 2930 1762 τὸ,ι
2955 1698 3013 1751 Ἀ
3022 1696 3327 1764 ϐουλήτως
3341 1697 3377 1765 ἣ
3396 1700 3547 1750 κατὰ

1956 1792 2267 1860 ,βούλησιν
2305 1792 2599 1861 ἐγέννησε
2640 1790 2747 1844 τὸν
2796 1790 2936 1843 Υἱὸν
2968 1790 3003 1841 ὀ
3042 1787 3277 1856 Πατήρ;
3310 1806 3330 1840 ι

2038 1880 2043 1889 ’
2614 1886 2766 1939 ΛΟΓ.
2812 1886 2893 1938 Η’.

2028 1978 2187 2048 Πρὸς
2213 1979 2357 2046 τοὺς
2390 1979 2683 2048 λέγοντας
2714 1978 2804 2031 ὅτι
2835 1980 2906 2031 οὐ
2936 1974 3018 2041 τῷ
3049 1975 3253 2044 Harpl,
3281 1975 3443 2029 ἀλλὰ
3470 1974 3543 2043 τῇ

1952 2071 2258 2139 βουλήσει
2295 2072 2506 2140 αὐτοῦ,
2544 2071 2748 2141 ὅμοιός
2784 2071 2957 2123 ἐστιν
2995 2072 3027 2122 ό
3076 2069 3229 2133 Υἱός.

2614 2186 2768 2239 ΛΟΓ.
2803 2182 2881 2237 Θ’.

2033 2302 2161 2355 Ὅτι
2191 2303 2514 2372 ὁμοούσιος
2545 2301 2624 2367 τῷ
2653 2300 2836 2368 Harp!
2866 2302 2898 2353 ό
2929 2300 3079 2366 Υἱὸς,
3099 2296 3546 2366 παρατεθέντων

1956 2395 2055 2448 καὶ
2107 2394 2226 2449 τῶν
2265 2392 2489 2463 ῥητῶν,
2540 2411 2558 2444 ι
2599 2394 2659 2448 Τί
2687 2410 2765 2462 με
2792 2393 2991 2463 λέγεις
3028 2392 3293 2460 ἀγαθόν;
3336 2390 3543 2455 Οὐδεὶς

1957 2486 2197 2556 ἀγαθὸς,
2239 2487 2292 2540 εὶ
2333 2485 2419 2554 μὴ
2454 2480 2541 2551 εἷς
2575 2488 2607 2538 ὀ
2635 2486 2814 2548 Θεός·
2849 2503 2866 2535 ι
2921 2484 3019 2536 καὶ
3054 2483 3181 2548 τοῦ,
3241 2501 3259 2533 ι
3289 2483 3541 2550 Πορεύο-

1951 2596 2057 2647 μαι
2093 2580 2243 2648 πρὸς
2276 2582 2383 2633 τὸν
2407 2578 2638 2648 Πατέρα
2661 2596 2804 2649 μου,
2840 2580 2938 2632 καὶ
2969 2576 3200 2645 Πατέρα
3227 2576 3413 2647 ὑμῶν,
3445 2577 3543 2629 καὶ

1959 2672 2105 2726 Θεόν
2129 2689 2274 2741 μου,
2305 2674 2403 2727 καὶ
2434 2672 2582 2727 Θεὸν
2610 2671 2777 2741 ὑμῶν
2797 2688 2810 2701 ·
2847 2690 2865 2723 ι
2905 2672 3003 2724 καὶ
3038 2670 3273 2739 ὁμοίως,
3308 2690 3325 2721 ι
3350 2670 3399 2721 Ὀ
3426 2673 3543 2723 Ha-

1956 2760 2066 2829 τὴρ
2097 2760 2311 2831 μείζων
2342 2763 2460 2831 μού
2499 2762 2722 2817 ἐστιν.»

2629 2877 2784 2933 ΛΟΓ.
2810 2875 2866 2930 ι’.

2029 2988 2151 3041 Ὅτι
2179 2988 2505 3056 όμοούσιος
2533 2987 2614 3053 τῷ
2644 2989 2827 3059 Harp!
2863 2993 2895 3043 ό
2937 2992 3066 3055 Υἱός
3090 3007 3105 3022 ο
3146 2992 3215 3042 ἐν
3244 2982 3292 3055 ᾦ
3318 2990 3541 3044 ἀπολο-

1959 3081 2063 3150 γία
2092 3079 2315 3147 πιθανὴ
2362 3080 2514 3149 πρὸς
2550 3080 2657 3133 τὸν
2679 3080 3085 3149 ἐρωτήσαντα,
3122 3100 3145 3132 ι
3176 3084 3235 3135 Tl
3252 3098 3327 3150 με
3348 3080 3543 3152 λέγεις

1958 3173 2217 3243 ἀγαθόν;
2251 3192 2268 3224 ι
2316 3174 2414 3226 καὶ
2450 3172 2742 3243 ἐξήγησις
2780 3174 2888 3228 τοῦ
2919 3174 3133 3244 ῥητοῦ.

2594 3287 2745 3340 ΛΟΓ.
2792 3288 2895 3343 IA'.

2032 3400 2163 3451 ’Ὅτι
2197 3400 2516 3468 όμοούσιος
2550 3402 2583 3453 ό
2623 3400 2755 3467 Υἱὸς
2800 3400 2881 3467 τῷ
2908 3403 3113 3472 Πατρὶ,
3148 3405 3541 3473 προκειμένου

1949 3490 2160 3559 ῥητοῦ,
2208 3507 2227 3540 ι
2251 3490 2313 3541 '0
2348 3490 2552 3559 Πατήρ
2584 3507 2705 3559 μου
2740 3491 2953 3560 μείζων
2982 3495 3099 3562 μού
3138 3494 3361 3549 ἐστιν.»

2031 3582 2232 3644 Ἄλλο,
2264 3579 2557 3635 διδάσκον
2589 3580 2679 3636 ὅτι
2722 3584 3116 3653 προκειμένου
3147 3584 3251 3638 τοῦ
3272 3585 3543 3655 μείζονος

1957 3671 2056 3726 καὶ
2081 3670 2189 3726 τοῦ
2220 3671 2562 3739 ἐλάττονος,
2600 3672 2972 3740 ἀπαιδεύτως
3002 3674 3068 3729 τὸ
3102 3675 3386 3747 ἀνόμοιον
3417 3681 3541 3732 εἱσ-

1957 3762 2219 3833 φέρεται,
2263 3762 2603 3833 ἐτερογενές
2651 3765 2724 3820 ὸν
2762 3767 2910 3821 κατὰ
2940 3766 3052 3834 τὴν
3088 3769 3541 3838 Ἀριστοτέλους

1956 3855 2197 3925 τέχνην.

2031 3948 2211 4002 Ἄλλο
2266 3946 2580 4012 ἀπόδειξιν
2629 3948 2794 4017 ἕχον,
2825 3947 2913 4002 ὅτι
2963 3947 3059 4001 διὰ
3110 3950 3216 4005 τοῦ
3259 3954 3539 4021 λέγεσθαι

1951 4038 2193 4110 μείζονα
2232 4038 2341 4093 τὸν
2363 4040 2615 4108 Πατέρα,
2644 4039 3099 4111 συνεισφέρεται
3140 4042 3257 4112 μὲν
3302 4043 3539 4111 πάντως

1958 4135 1991 4185 ό
2028 4134 2180 4199 Υἱός.
2206 4134 2381 4187 Ἐστι
2419 4132 2488 4185 δέ
2524 4134 2635 4187 οὐκ
2671 4133 2934 4188 ἐλάττων
2970 4133 3178 4190 αὑτοῦ.

2031 4226 2234 4290 Ἄλλο,
2266 4226 2356 4279 ὅτι
2390 4222 2525 4293 ἶσος
2553 4231 2586 4280 ό
2622 4230 2757 4292 Υἱὸς
2788 4227 2867 4293 τῷ
2894 4228 3095 4299 Πατρὶ,
3143 4230 3536 4298 προκειμένου

1949 4318 2157 4387 ῥητοῦ,
2192 4335 2212 4370 ι
2236 4316 2415 4388 Ἀμὴν
2445 4318 2600 4389 λέγω
2642 4317 2803 4389 ὑμῖν,
2832 4322 2943 4373 οὐκ
2974 4320 3279 4391 ἐγήγερται
3311 4323 3381 4375 ἐν
3407 4339 3537 4392 γεν-
3586 4326 3594 4332 ’

1954 4406 2159 4476 νητοῖς
2177 4406 2481 4477 γυναικῶν
2495 4406 2706 4478 μείζων
2720 4407 2997 4463 Ἰωάννου
3018 4409 3124 4463 τοῦ
3138 4411 3496 4475 Βαπτιστοῦ,
3512 4432 3533 4465 ι

1956 4500 2053 4552 καὶ
2091 4499 2166 4553 τὰ
2202 4498 2371 4567 ἑξῆς.

2614 4614 2769 4668 ΛΟΓ.
2800 4613 2900 4667 IB'.

2027 4728 2132 4793 Εἰς
2178 4726 2266 4793 τὸ,
2305 4716 2494 4796 (Ἐγὼ
2527 4726 2597 4780 ἐν
2639 4725 2720 4793 τῷ
2765 4726 2968 4795 Πατρὶ,
3005 4728 3103 4780 καὶ
3152 4730 3184 4781 ὀ
3225 4727 3427 4795 Πατὴρ
3468 4727 3536 4780 ἐν

1954 4822 2119 4890 ἐμοί’
2144 4839 2163 4872 s
2200 4820 2321 4888 καὶ,
2348 4839 2366 4871 ι
2390 4818 2537 4885 Ἐγὼ
2567 4820 2667 4874 καὶ
2695 4823 2727 4873 ό
2756 4818 2962 4889 Πατὴρ
2989 4819 3059 4872 ἓν
3082 4820 3270 4887 ἐσμεν
3290 4837 3303 4849 ·
3343 4839 3362 4871 ›
3396 4819 3466 4871 ἐν
3488 4813 3537 4884 ᾧ

1953 4912 2259 4978 ἀπόδειξις
2290 4910 2529 4982 ἐφεξῆς,
2564 4911 2654 4965 ὅτι
2699 4916 2732 4966 ὁ
2781 4913 2924 4979 Θεὸς
2956 4908 3032 4982 ἦν
3070 4916 3102 4966 ὁ
3142 4914 3439 4981 ῥυόμενος
3466 4913 3533 4965 ἐκ

1954 5004 2198 5058 πάντων
2236 5003 2438 5058 κακῶν
2474 5003 2581 5057 τὸν
2620 5002 2991 5073 πατριάρχην
3025 5002 3247 5058 Ἰακώϐ.

2030 5097 2208 5149 Ἀλλο
2247 5095 2684 5159 ἀποδεικτικὸν,
2717 5094 2807 5149 ὅτι
2838 5098 2870 5149 ό
2899 5096 3089 5164 Λόγος
3131 5095 3236 5148 τοῦ
3264 5095 3431 5157 Θεοῦ,
3470 5097 3531 5149 τὸ

1953 5189 2111 5258 εἶδος
2138 5191 2325 5247 αὐτοῦ
2347 5193 2747 5255 ἐστιν.¹Ἀλλο,
2766 5190 3063 5260 σημαῖνον
3087 5188 3175 5242 ὅτι
3202 5184 3361 5255 εἶδος
3386 5190 3536 5244 Θεοῦ

1955 5282 2219 5337 καλεῖται
2259 5286 2292 5336 ὁ
2328 5284 2538 5351 Λόγος.

2032 5379 2210 5429 Ἀλλο
2216 5374 2366 5443 μετὰ
2383 5374 2601 5443 γοργῆς
2623 5373 2983 5439 ἀποδείξεως
3010 5373 3323 5437 διδάσκον,
3349 5374 3437 5426 ὅτι
3464 5372 3534 5425 τὰ

1952 5465 2384 5534 ἐξομοιούμενά
2419 5480 2600 5528 τισιν,
2630 5467 2702 5519 οὐ
2742 5464 2979 5529 πάντως
3012 5466 3109 5519 καὶ
3151 5466 3303 5521 κατὰ
3346 5467 3534 5534 φύσιν

1954 5553 2043 5624 οἷς
2072 5557 2313 5611 ἔνεστιν
2345 5556 2718 5625 ἐξομοιοῦται
2742 5576 2755 5589 ’
2786 5558 2923 5612 ἀλλ’
2947 5556 3148 5626 ὥσπερ
3194 5557 3354 5622 τινὲς
3382 5558 3533 5610 εὶιιό⁸

1952 5666 2053 5716 νες
2082 5650 2155 5702 τὰ
2187 5650 2368 5717 φύσει
2408 5651 2713 5717 προσόντα
2762 5650 2881 5703 τισὶ
2930 5652 3193 5721 γίνονται
3240 5649 3357 5703 τῶν
3385 5650 3533 5703 κατὰ

1954 5742 2301 5809 προαιῖδεσιν
2339 5740 2505 5811 ἡμῶν
2544 5744 2901 5811 κινημάτων.
