3876 6208
321 427 385 486 ”
1736 446 1854 499 THE

1988 445 2174 507 JRUS.
3484 464 3549 519 18

389 548 580 604 Ἀλλο
605 550 905 622 δεικνύον,
933 556 1020 609 ὅτι
1048 558 1111 611 τὸ
1145 561 1217 612 έν
1250 562 1329 627 τῷ
1362 562 1482 627 Θεῷ
1510 563 1779 631 γίνεσθαί
1805 579 1879 624 τι,

319 640 387 693 οὐ
416 642 653 709 φύσεως
680 646 955 712 σημαίνει
996 650 1359 718 μεταϐολὴν,
1389 651 1527 705 ἀλλ’
1557 650 1647 705 ὅτι
1676 651 1750 705 δι’
1777 655 1885 707 αὺ-

318 732 445 799 τοῦ,
482 733 521 803 ἢ
560 738 696 805 παρ’
727 735 931 793 αὑτοῦ.

387 824 588 891 Ἄλλο,
617 825 690 879 δι’
715 824 787 882 οὗ
815 829 1196 899 μανθάνομεν
1220 831 1378 899 ὅπως
1406 835 1697 903 προσήκει
1721 837 1885 891 νοεῖν

2067 563 2215 618 Fieri
2249 568 2450 637 aliquid
2475 570 2527 622 in
2555 570 2684 637 Deo,
2720 589 2822 626 non
2884 586 3085 629 natura
3143 577 3557 632 immutationem

1988 657 2270 726 signiﬁcat,
2296 663 2386 713 sed
2412 678 2503 729 per
2521 664 2709 732 ipsum,
2745 670 2818 719 vel
2846 668 2908 719 ab
2936 669 3065 734 ipso.

2059 840 2173 903 Quo
2215 853 2369 908 pacto
2421 846 2815 915 intelligendum
2884 858 2950 901 stt
3007 850 3203 902 dictum
3248 850 3400 913 illud,
3431 870 3448 901 ι
3488 850 3552 904 Ut

315 915 381 969 τὸ
404 917 609 983 ῥητὸν,
636 918 967 984 τουτέστιν,
1004 921 1173 975 «Ἵνα
1209 922 1409 993 ὥσπερ
1440 926 1553 993 ἐγὼ
1581 927 1677 981 καὶ
1704 928 1783 981 σὺ
1816 927 1854 981 ἔτ

1988 936 2429 1004 quemadmodum
2478 954 2572 1007 ego
2597 950 2643 991 et
2669 950 2725 992 tu
2748 956 2907 992 unum
2934 957 3136 1005 sumus,
3159 943 3229 993 ita
3261 954 3305 994 et
3339 942 3439 1007 ipsi
3501 944 3553 995 in

316 1005 517 1074 ἐσμεν,
550 1007 701 1059 οὕτω
733 1009 829 1062 καὶ
857 1010 1025 1063 αὐτοὶ
1074 1011 1143 1064 ἐν
1184 1014 1327 1081 ἡμῖν
1354 1014 1422 1068 ἐν
1445 1012 1598 1070 ὦσιν
1623 1033 1634 1045 ·
1677 1016 1791 1085 ἐγὼ
1814 1019 1854 1070 ἐς

1988 1026 2134 1080 nobis
2174 1045 2334 1082 unum
2361 1031 2502 1095 sint;
2529 1047 2619 1099 ego
2651 1033 2706 1084 in
2750 1032 2875 1101 ipsis
2898 1044 2942 1085 et
2980 1043 3034 1086 tu
3082 1034 3137 1086 in
3191 1050 3289 1098 me,
3342 1044 3395 1087 ut
3450 1036 3551 1087 sint

314 1095 534 1161 αὐτοῖς,
570 1097 664 1149 καὶ
695 1099 776 1151 σὺ
796 1100 864 1152 ἐν
892 1100 1021 1169 ἐμοί
1036 1120 1049 1131 '
1080 1103 1180 1156 ἵνα
1209 1100 1319 1157 ὦσι
1342 1106 1774 1175 τετελειωμένοι
1795 1110 1854 1159 et.

1988 1119 2201 1183 perfecti
2240 1120 2293 1172 in
2328 1136 2511 1174 unum.
2544 1139 2563 1172 ι

313 1183 399 1238 ἓν.
413 1203 432 1236 ι

390 1278 564 1333 Ἄλλο
593 1279 871 1334 δεικνύων
896 1284 1168 1351 ἀκριϐῶς,
1197 1284 1396 1355 ὅτιπερ
1420 1291 1491 1342 οὐ
1520 1288 1634 1356 τὴν
1653 1291 1881 1345 ἑαυτῶν

310 1369 559 1437 ἀφέντες
592 1372 783 1439 φύσιν
831 1374 979 1442 πρὸς
1018 1375 1134 1442 τὴν
1180 1377 1346 1430 θείαν
1380 1384 1875 1451 μεταποιούμεθα,

2053 1294 2212 1347 Aliud
2239 1297 2509 1350 ostendens
2539 1307 2804 1365 accurate,
2844 1302 2981 1368 quod
3012 1317 3105 1354 nos
3134 1304 3349 1371 propria
3374 1316 3549 1355 nostra

1981 1396 2169 1440 natura
2210 1403 2312 1441 non
2343 1389 2535 1443 amissa
2565 1390 2621 1442 in
2644 1390 2874 1449 divinam
2932 1402 3173 1445 naturam
3225 1403 3550 1447 transmuta-

308 1462 453 1516 ὅταν
495 1462 565 1541 ἐν
600 1465 869 1534 γίνεσθαι
907 1468 1057 1535 πρὸς
1094 1469 1239 1522 Θεὸν
1268 1470 1591 1540 λεγώμεθα,
1628 1474 1764 1528 ἀλλ’
1791 1476 1854 1530 ὅτ

1988 1495 2117 1544 mur,
2144 1481 2350 1549 quando
2388 1498 2547 1539 unum
2582 1497 2698 1534 cum
2738 1482 2844 1535 Deo
2875 1484 3001 1552 efﬁci
3029 1484 3273 1550 dicimur,
3298 1488 3387 1541 sed
3410 1487 3550 1557 quod

300 1552 541 1622 μέτοχοι
578 1556 886 1623 γεγονότες
922 1558 1109 1611 αὐτοῦ
1146 1558 1321 1611 τοῦτο
1358 1561 1713 1631 καλούμεθα.

927 1649 1076 1703 ΛΟΓ.
1110 1648 1207 1703 II".

370 1737 508 1804 Περὶ
561 1740 903 1807 ὁμοιότητος
955 1741 1063 1807 τῆς
1096 1744 1232 1797 Υίοῦ
1277 1748 1426 1812 πρὸς
1471 1746 1579 1799 τὸν
1621 1748 1871 1816 Πατέρα,

302 1828 398 1881 καὶ
432 1828 521 1880 ὅτι
555 1832 667 1883 οὐκ
692 1830 826 1885 ἔστι
852 1834 1109 1901 τρεπτῆς
1140 1837 1380 1903 φύσεως
1410 1840 1442 1891 ό
1476 1838 1627 1903 Υἱὸς,
1660 1839 1698 1907 ἢ
1730 1840 1873 1904 ἕξω-

300 1921 405 1969 θεν
432 1919 707 1985 ὑποστάς
727 1935 740 1949 ·
777 1922 914 1975 ἀλλ’
938 1922 1005 1975 ἑκ
1049 1922 1159 1992 τῆς
1200 1927 1415 1993 οὐσίας
1447 1929 1632 1983 αὐτοῦ
1661 1936 1873 1996 προελ-

300 2009 419 2062 θὼν
456 2012 535 2078 ὡς
582 2014 733 2079 Υἱός.

374 2100 550 2154 Ἄλλο
601 2101 689 2154 ὅτι
713 2105 824 2157 οὐκ
846 2104 914 2168 ἐξ
928 2106 1308 2172 ἀλλοιώσεως
1344 2107 1452 2177 τῆς
1488 2110 1603 2165 ἀπὸ
1628 2113 1735 2166 τοῦ
1752 2116 1873 2181 χεί-

293 2208 470 2257 ρονος
495 2192 595 2244 ἐπὶ
625 2194 689 2246 τὸ
720 2194 963 2263 ἄμεινον
991 2197 1193 2266 ὅμοιός
1217 2199 1388 2253 ἐστιν
1420 2204 1453 2254 ὁ
1492 2204 1623 2268 Υἱὸς
1642 2202 1722 2269 τῷ
1751 2208 1870 2258 Πα-

298 2284 382 2350 τρὶ
393 2323 407 2344 ,
447 2284 606 2339 ἀλλὰ
642 2287 931 2354 φυσικῶς.

368 2376 570 2437 Ἄλλο,
602 2379 905 2446 σημαῖνον
929 2380 1017 2435 ὅτι
1047 2382 1113 2437 ἐκ
1145 2383 1491 2455 τῆςοίωίας
1510 2387 1616 2443 τοῦ
1641 2391 1869 2460 Πατρός

291 2464 462 2518 ἐστιν
501 2470 535 2521 ό
588 2471 738 2535 mc,
773 2473 871 2524 καὶ
913 2477 1023 2527 οὐκ
1069 2475 1310 2542 ἔξωθεν,
1340 2479 1606 2549 καθάπερ
1645 2487 1698 2536 οἱ
1736 2485 1868 2551 Χρι-

290 2554 579 2623 στομάχοι
620 2559 840 2626 φασίν·
889 2562 1096 2632 ἐπειδὴ
1139 2565 1206 2618 δὲ
1244 2569 1355 2621 οὐκ
1393 2568 1631 2637 ἔξωθεν,
1670 2571 1871 2640 ὅμοιος

289 2643 424 2712 ἄρα.

374 2739 692 2808 Ἀπόδειξις
740 2744 858 2798 ἀπὸ
908 2746 1020 2815 τῆς
1059 2748 1223 2815 θείας
1251 2751 1521 2819 Γραφῆς,
1558 2752 1759 2821 ὅτιπερ
1798 2755 1865 2809 ἐκ

286 2830 547 2899 μετοχῆς
567 2830 677 2899 τῆς
704 2834 854 2900 πρὸς
886 2836 950 2888 τὸ
986 2837 1155 2899 Θεῖον
1181 2840 1309 2892 κατ’
1335 2842 1540 2894 εἰκόνα
1576 2841 1690 2910 τὴν
1716 2843 1865 2912 πρὸς

286 2922 432 2975 αὐτὸ
471 2928 871 2996 μορφώμεθα.
903 2931 985 2983 οὐ
1032 2932 1142 2999 γὰρ
1185 2931 1477 3002 ἐξήρκεσε
1518 2934 1594 3003 τῇ
1630 2936 1735 2991 τοῦ
1762 2939 1864 2992 άν-

287 3013 520 3081 θρώπου
565 3019 915 3087 κατασκευῇ
946 3021 1096 3090 πρὸς
1136 3023 1203 3075 τὸ
1240 3025 1559 3092 φαίνεσθαι
1582 3028 1683 3080 καί
1711 3026 1863 3084 εἶναι

283 3104 487 3164 εἰκόνα
523 3106 627 3160 τοῦ
672 3111 1095 3178 πεποιηκότος,
1132 3112 1199 3166 τὸ
1248 3115 1317 3168 ἐν
1347 3118 1578 3185 μόναιςῖ
1604 3119 1864 3187 ἐννοίαις

286 3195 392 3250 τὸν
426 3196 558 3266 περὶ
593 3201 779 3257 αὐτοῦ
815 3202 1045 3258 κεῖσθαι
1081 3206 1267 3271 λόγον
1305 3208 1595 3265 τοιοῦτον.

930 3293 1082 3347 ΛΟΓ.
1122 3295 1218 3347 IA’.

358 3376 518 3444 Ἔτι,
565 3379 696 3449 περὶ
742 3383 1086 3451 ὁμοιότητος
1110 3424 1125 3448 ,
1176 3387 1568 3458 προκειμένου
1624 3392 1813 3461 ῥητοῦ
1838 3433 1855 3459 ,

290 3468 549 3537 ι,”Ωσπερ
577 3470 687 3538 γὰρ
716 3475 747 3524 ό
772 3472 975 3541 Πατὴρ
1010 3477 1135 3542 ἔχει
1170 3476 1324 3547 ζωὴν
1359 3479 1429 3531 ἐν
1464 3481 1675 3547 ἐαυτῷ,
1704 3483 1856 3536 οὕτω

285 3560 384 3613 καὶ
410 3559 488 3625 τῷ
522 3560 629 3625 Υίῷ
658 3561 877 3618 δέδωκε
917 3564 1069 3634 ζωὴν
1108 3564 1271 3635 ἕλξειν
1294 3571 1362 3623 ἐν
1384 3572 1602 3637 ἑαυτῷ·
1641 3593 1658 3624 ι
1693 3575 1760 3626 τὸ
1788 3574 1856 3626 δὲ

283 3654 697 3723 συναγόμενον
728 3655 795 3707 ἐκ
826 3656 945 3709 τῶν
968 3662 1418 3729 συλλογισμῶν,
1448 3663 1536 3716 ὅτι
1570 3664 1680 3732 ζωὴ
1707 3666 1856 3718 κατὰ

282 3748 471 3813 φύσιν
506 3748 678 3802 ἐστὶν
716 3748 750 3802 ὀ
798 3748 949 3813 Υἱὸς,
988 3746 1191 3818 ὥσπερ
1229 3752 1328 3805 καὶ
1366 3756 1399 3808 ό
1434 3755 1658 3824 Πατήρ.

921 3842 1075 3896 ΛΟΓ.
1117 3843 1217 3896 IE'.

355 3929 456 3993 Εἰς
483 3928 547 3983 τὸ
573 3930 643 3983 ἐν
684 3931 813 3998 ταῖς
848 3933 1212 4002 Παροιμίαις,
1252 3952 1271 3985 ι
1298 3935 1512 4010 Κύριος
1549 3936 1751 3994 ἐκτισέ
1774 3958 1852 4010 με

280 4019 477 4088 ἀρχὴν
523 4021 679 4076 ὁδῶν
721 4026 925 4088 αὐτοῦ,
974 4030 1061 4092 εἰς
1106 4028 1251 4098 ἔργα
1300 4008 1521 4083 αὑτοῦ·
1558 4049 1575 4082 ι
1624 4032 1713 4085 ὅτι
1758 4008 1847 4098 τὸ,

288 4131 303 4159 ι
332 4111 592 4176 ἔκτισεν,
623 4132 641 4165 ι
668 4117 738 4167 οὐ
770 4117 921 4170 κατά
950 4117 1061 4184 τῆς
1085 4121 1299 4185 οὐσίας
1338 4118 1446 4174 τοῦ
1494 4122 1685 4190 Λόγου
1730 4124 1849 4178 κεῖ-

281 4218 392 4266 ται,
433 4202 577 4256 οὐδὲ
613 4205 834 4273 κτίσμα
869 4206 906 4274 ἣ
945 4209 1172 4277 ποίημα
1210 4214 1242 4264 ό
1290 4213 1443 4279 Υἱός.
1718 4191 1736 4203 ί

366 4382 687 4449 Ἀπόδειξις
724 4384 792 4449 ἐξ
823 4386 1230 4456 ἐπιτηρήσεων
1248 4395 1588 4463 Γραφικῶν,
1630 4398 1720 4452 ὅτι
1767 4401 1847 4466 ὡς

281 4478 424 4544 Θεὸς
462 4480 643 4533 οὐδὲν
687 4481 1109 4547 προσκυνεῖται
1156 4483 1273 4537 τῶν
1307 4488 1677 4555 κτισμάτωνυ
1710 4493 1847 4546 οὔτε

272 4568 399 4638 μὴν
444 4573 940 4642 προσκυνούμενα
987 4573 1261 4642 ἀνέχεται
1303 4581 1773 4647 προσκυνεῖσθαι
1804 4584 1842 4651 ἢ

277 4661 748 4732 δοξολογεῒσθαι.

360 4757 685 4825 ’Δντίθεσις
706 4760 820 4815 ἀπὸ
856 4762 973 4816 τῶν
1015 4765 1239 4831 Ἀρείου
1285 4765 1610 4833 δογμάτων,
1646 4770 1844 4823 αἰτίαν

275 4850 503 4916 ἔχουσα
526 4850 633 4904 τοῦ
660 4852 1020 4921 πεποιῆσθαι
1050 4856 1156 4909 τὸν
1188 4856 1338 4922 Υίὸν,
1372 4858 1453 4923 ὡς
1477 4858 1645 4911 αὐτοὶ
1680 4862 1843 4929 νομί-

276 4939 498 5005 ὣυσιν,
534 4942 752 5010 ἀληθῆ,
779 4945 875 4997 καὶ
911 4948 1090 5012 λύσις
1121 4946 1339 5015 ἐφεξῆς
1358 4948 1508 5016 μετὰ
1530 4953 1844 5019 πιθανότη-

275 5046 375 5096 τος
412 5034 857 5102 συλλογισμῶν.

350 5122 477 5174 Ἔτι
494 5124 581 5189 είς
603 5124 690 5189 τὸ,
722 5143 741 5176 ι
761 5127 974 5193 Κύριος
997 5129 1196 5182 ἔκτισέ
1213 5147 1350 5199 με.)
1376 5132 1503 5186 Ὅτι
1526 5137 1597 5189 οὐ
1619 5140 1841 5208 κτίσμα

275 5215 308 5265 ὀ
353 5214 506 5279 Υἱός.

349 5306 535 5359 Ἀλλο
580 5305 698 5359 τῶν
741 5308 1074 5375 όρθοδόξων
1122 5316 1440 5382 λεγόντων,
1479 5335 1497 5367 ι
1527 5320 1593 5372 El
1622 5323 1839 5391 κτίσμα

273 5394 444 5448 ἐστὶν
471 5399 505 5450 ὀ
531 5398 680 5464 Υἱὸς,
721 5398 846 5465 πῶς
870 5401 995 5470 ἔχει
1031 5404 1180 5457 κατὰ
1215 5407 1404 5474 φύσιν
1446 5410 1510 5461 τὸ
1548 5407 1699 5466 εἶναι
1742 5413 1841 5482 δη·-

268 5490 584 5557 μιουργός;
604 5493 688 5545 Οὐ
702 5492 812 5560 γὰρ
840 5492 995 5547 ίδιον
1019 5495 1135 5549 τῶν
1150 5500 1486 5567 κτισμάτων
1510 5504 1687 5558 τοῦτό
1712 5524 1799 5575 γε.
1816 5526 1833 5559 ι

291 5577 773 5649 Ἀνθυπήνεγκαν
804 5585 856 5636 οί
878 5586 1155 5651 αἱρετικοὶ
1184 5588 1254 5641 τὰ
1271 5591 1736 5662 ὑποτεταγμένα,
1754 5592 1840 5650 ὦν

274 5672 332 5722 al
370 5669 583 5735 λύσεις
617 5673 783 5726 εἰσὶν
809 5673 1049 5742 ἐφεξῆς.

358 5758 741 5828 Ἐπιτήρησις
765 5764 995 5831 ὁμοίως,
1024 5765 1093 5829 ἐξ
1122 5760 1195 5835 ἧς
1220 5770 1598 5839 μανθάνομεν
1623 5774 1711 5826 ὅτι
1745 5776 1843 5829 καί

272 5847 550 5927 ἀγγέλοις
596 5850 689 5903 καὶ
743 5851 932 5923 ἁγίοις
979 5855 1308 5924 προφήταις
1347 5857 1481 5927 ἔθος
1516 5862 1687 5917 ἐστίν
1710 5866 1835 5920 ἐπι-

1850 1606 1876 1633 ,Α
1976 1576 2254 1643 participes
2272 1576 2433 1645 ipsius
2462 1576 2610 1646 facti,
2638 1578 2713 1629 ita
2740 1590 3005 1630 vocamur.

2512 1666 2805 1722 ASSERT.
2844 1666 2984 1721 XIII.

2050 1757 2123 1810 De
2152 1758 2502 1813 similitudine
2543 1758 2675 1812 Filii
2705 1777 2822 1813 cum
2862 1759 3044 1823 Patre,
3072 1772 3119 1814 et
3146 1762 3283 1826 quod
3339 1777 3439 1815 non
3468 1774 3543 1816 est

1978 1859 2183 1904 natura:
2204 1851 2471 1905 mutabilis
2500 1849 2693 1916 Filius,
2722 1862 2811 1904 aut
2868 1854 3186 1906 extrinsecus
3233 1852 3541 1917 subsistens,

1975 1941 2064 1994 sed
2082 1958 2145 1995 ea:
2160 1942 2271 2011 ejus
2300 1943 2521 1996 essentia
2549 1946 2854 2011 procedens,
2888 1956 2941 1997 ut
2979 1944 3172 1999 Filius.

2046 2118 2196 2182 Quod
2256 2136 2357 2173 non
2412 2137 2504 2189 per
2570 2120 2933 2176 alterationem
2987 2140 3019 2176 a
3075 2125 3330 2178 deteriore
3394 2134 3539 2179 statu

1970 2209 2026 2261 in
2050 2212 2463 2279 prwstantiorem
2488 2212 2671 2267 similis
2703 2215 2769 2267 sit
2795 2212 2945 2268 Patri
2999 2213 3194 2280 Filius,
3236 2218 3324 2270 sed
3390 2226 3541 2271 natu-

1971 2302 2173 2357 raliter.

2041 2398 2201 2451 Aliud
2229 2397 2502 2451 declarans
2535 2397 2732 2451 Filium
2761 2413 2870 2452 esse
2893 2415 2958 2452 ea:
2990 2400 3284 2454 substantia
3326 2400 3531 2465 Patris,

1969 2496 2017 2541 et
2057 2503 2159 2540 non
2190 2488 2504 2540 extrinsecus
2523 2487 2852 2554 productum,
2884 2489 3314 2556 quemadmodum
3362 2487 3536 2540 hostes

1970 2578 2167 2632 Christi
2196 2577 2548 2642 contendunt;
2581 2586 2649 2642 et,
2683 2579 2930 2647 quoniam
2983 2578 3302 2632 extrinsecus
3344 2580 3536 2645 produ-

1967 2679 2083 2725 ctus
2108 2686 2211 2723 non
2229 2678 2325 2733 est,
2344 2669 2530 2723 similis
2556 2668 2636 2720 illi
2660 2678 2757 2721 est.

2042 2761 2423 2814 Demonstratio
2456 2776 2521 2814 ea:
2544 2776 2694 2814 sacra
2721 2758 3017 2827 Scriptura,
3044 2759 3180 2828 quod
3246 2775 3338 2825 per
3369 2760 3537 2825 parti-

1968 2854 2277 2921 cipationem
2294 2851 2583 2906 divinitatis
2614 2853 2682 2905 ad
2713 2852 2990 2921 imaginem
3038 2852 3200 2919 ipsius
3225 2850 3529 2917 formentur.

1970 2944 2152 3015 Neque
2199 2946 2338 3000 enim
2391 2944 2518 2999 satis
2566 2944 2663 3011 fuit
2721 2943 2789 2997 ad
2849 2944 2905 2996 id
2933 2953 2987 2996 ut
3019 2944 3278 2996 videretur
3307 2951 3353 2996 et
3385 2941 3529 3009 ﬂeret

1967 3038 2119 3089 homo
2178 3036 2351 3106 imago
2413 3035 2694 3100 Creatoris,
2753 3034 2923 3089 solam
2996 3035 3362 3102 cogitationem
3437 3049 3530 3087 emo

1964 3143 2142 3196 prims.

2493 3301 2782 3356 ASSERT.
2826 3302 2966 3357 XIV.

2030 3390 2107 3444 De
2133 3392 2478 3445 similitudine
2515 3391 2693 3446 Patris
2722 3403 2767 3445 et
2819 3391 2970 3458 Filii,
2997 3392 3259 3460 proposito
3288 3392 3338 3462 7
3385 3390 3525 3445 dicto

1962 3484 2082 3544 hoc,
2115 3500 2133 3533 ι
2178 3482 2328 3537 Sicut
2356 3484 2491 3537 enim
2515 3483 2677 3538 Pater
2695 3485 2845 3537 liabet
2870 3485 3028 3537 vitam
3063 3484 3117 3537 in
3139 3484 3328 3557 seipso,
3359 3484 3437 3537 ita
3475 3493 3524 3536 et

1962 3571 2103 3627 Filio
2136 3573 2277 3627 dedit
2301 3572 2459 3626 vitam
2480 3575 2668 3629 habere
2704 3577 2758 3628 in
2787 3578 3013 3644 seipso.»
3049 3577 3132 3631 Ex
3176 3594 3276 3647 quo
3300 3576 3527 3645 infertur

1958 3664 2269 3732 sgllogistice
2291 3662 2492 3723 Filium
2524 3682 2634 3721 esse
2694 3670 3008 3723 naturaliter
3057 3672 3234 3736 uitam,
3289 3670 3423 3723 sicut
3476 3678 3523 3721 et

1959 3754 2139 3810 Pater.
2891 3754 2895 3759 ἡ

2509 3849 2802 3905 ASSERT.
2846 3851 2964 3911 XV.

2033 3940 2101 3994 In
2134 3941 2267 3994 illud
2290 3942 2503 4009 quodin
2551 3943 2639 3999 lib.
2680 3944 2928 4001 Proverb.
2963 3945 3173 4009 dicitur,
3209 3965 3226 3997 ι
3268 3946 3521 3999 Dominus

1956 4034 2148 4087 creavit
2166 4050 2245 4087 me
2269 4036 2581 4103 principium
2606 4038 2804 4091 viarum
2830 4054 3072 4105 suarum,
3104 4039 3157 4092 in
3181 4054 3333 4105 Opera
3363 4055 3480 4092 sua.
3497 4058 3515 4091 ι

1958 4126 2110 4189 Quod
2131 4125 2339 4179 verbum
2377 4127 2532 4193 illud,
2558 4146 2577 4180 ι
2599 4132 2811 4198 creavit,
2834 4150 2851 4181 ι
2884 4148 2987 4184 non
3014 4132 3077 4185 de
3108 4136 3328 4185 essentia
3374 4130 3521 4184 Verbi

1954 4218 2182 4283 dicatur,
2269 4225 2321 4274 et
2359 4220 2505 4289 quod.
2561 4219 2735 4275 Filius
2825 4239 2929 4275 non
3006 4224 3072 4275 sit
3126 4232 3371 4276 creatura
3443 4221 3526 4276 vel

1953 4326 2103 4377 opus.

2020 4402 2420 4456 Demonstratur
2484 4405 2889 4458 auctoritatibus
2962 4421 3129 4459 sacra!
3202 4404 3515 4473 Scriptum,

1950 4493 2087 4563 quod
2116 4493 2259 4546 nulla
2288 4504 2648 4548 creaturarum
2684 4496 2933 4549 adoretur
2986 4496 3137 4565 quasi
3169 4495 3328 4561 Deus,
3353 4498 3517 4566 quod»

1952 4602 2050 4655 que
2074 4601 2265 4655 eaquae
2285 4586 2527 4653 adorant,
2566 4588 2779 4641 adorari
2809 4596 2901 4641 aut
2941 4588 3227 4658 gloriﬁcari
3266 4605 3368 4642 non
3401 4605 3519 4643 sus.

1950 4675 2171 4727 tineanl.

2019 4762 2254 4833 Objectio
2292 4782 2355 4819 ea:
2384 4765 2713 4834 dogmatibus
2744 4768 2879 4829 Arii,
2916 4785 3032 4837 quw
3086 4786 3278 4834 veram,
3324 4782 3377 4822 ut
3417 4771 3513 4837 ipsi

1949 4863 2157 4921 putant,
2193 4871 2407 4908 causam
2435 4860 2680 4923 continet,
2716 4868 2927 4925 propter
2995 4876 3152 4929 quam
3188 4861 3361 4927 factus
3447 4860 3513 4912 sit

1952 4941 2145 5010 Filius,
2194 4958 2247 4997 et
2280 4932 2510 5014 ejusdem
2548 4961 2639 5011 per
2688 4948 2882 5001 solidos
2928 4948 3257 5017 syllogismos
3314 4948 3513 5016 refuta-

1946 5038 2040 5092 tio.

2011 5125 2171 5179 Aliud
2202 5128 2255 5179 in
2276 5127 2428 5193 illud,
2463 5129 2630 5183 (Deus
2662 5131 3043 5200 formavit,me.
3082 5151 3099 5183 ι
3144 5141 3251 5186 etc.
3285 5132 3348 5185 Et
3377 5134 3525 5202 quod,

1950 5215 2125 5272 Filius
2152 5237 2251 5274 non
2276 5223 2342 5275 sit
2379 5234 2642 5278 creatura.

2016 5310 2176 5363 Aliud
2202 5314 2633 5381 ortliodoxorum,
2668 5315 2756 5370 «Si
2794 5326 3034 5371 creatura
3061 5328 3135 5370 est
3168 5316 3358 5383 Filius,
3380 5335 3509 5387 quo-

1947 5403 2101 5455 modo
2127 5417 2315 5458 natura
2364 5406 2586 5462 Creator
2640 5425 2750 5462 esse
2808 5409 3017 5477 potest?
3069 5408 3191 5463 Non
3230 5413 3365 5463 enim
3419 5409 3510 5464 hoc

1946 5506 2305 5549 creaturarum
2337 5501 2603 5565 proprium
2636 5510 2765 5555 est.»
2791 5500 2891 5553 Cui
2924 5500 3274 5570 subjiciuntur
3302 5504 3511 5557 ltwreti-

1951 5602 2128 5639 corum
2152 5588 2464 5657 objectiones
2502 5603 2547 5647 et
2577 5595 2934 5662 refutationes.
3532 5594 3541 5613 ⁴

1984 5763 1999 5776 ’
2017 5764 2344 5832 Observatio,
2372 5786 2435 5823 es:
2465 5786 2567 5838 qua
2591 5771 2839 5825 discimus
2865 5773 3065 5841 angelis
3088 5778 3137 5823 et
3169 5772 3365 5823 sanctis
3386 5786 3512 5837 pro-

1957 5862 2124 5928 phetis
2154 5862 2578 5917 consuetudinem
2608 5879 2715 5918 esse
2738 5863 2905 5931 jussis
2938 5880 2969 5917 a
3005 5862 3112 5918 Deo
3152 5864 3306 5917 etiam
3350 5862 3512 5916 inter-
