3876 6208
299 318 368 377 Ἡ
1730 318 2173 378 THESAL'RUS.
3458 317 3532 372 ‘22

300 436 520 490 δέδωκε
550 436 619 490 ὲν
644 434 717 504 τῇ
754 436 903 505 χειρί
932 437 1115 491 αὐτοῦ
1138 452 1153 468 ·
1189 457 1208 491 ι
1251 440 1347 491 καὶ
1374 443 1461 506 εἰς
1486 439 1573 505 τὸ,
1620 458 1638 493 ι
1670 441 1870 494 Πάντα

295 544 395 597 μοι
425 527 718 596 παρεδόθη
756 526 874 582 ὑπὸ
900 526 1007 581 τοῦ
1041 530 1269 597 Πατρός
1287 547 1405 599 μου
1431 548 1444 560 ·
1481 550 1500 581 ι
1534 532 1632 585 καὶ
1658 534 1744 597 εἰς
1780 536 1867 598 τὸ,

307 637 326 668 ι
353 619 434 672 οὐ
464 618 721 687 δύναμαι
741 616 853 687 ἐγὼ
876 618 974 671 ἀπ’
989 619 1248 689 ἐμαυτοῦ
1270 621 1462 676 ποιεῖν
1490 621 1691 687 οὐδὲν,
1712 624 1874 677 ἀλλά

302 708 495 775 καθὼς
536 709 750 774 ἀκούω,
800 710 1005 778 κρίνω
1044 728 1063 761 ι
1112 712 1212 766 καὶ
1256 712 1373 767 ὅσα
1425 714 1655 779 τούτοις
1705 711 1874 781 ὅμοιά

300 797 431 849 ἐστι
459 796 637 865 ῥητά.

945 893 1095 947 ΛΟΓ.
1138 895 1262 948 KA'.

378 988 478 1052 Είς
522 985 596 1039 τὰ
642 988 934 1056 λεγόμενα
980 986 1115 1053 περὶ
1148 985 1253 1039 τοῦ
1289 985 1554 1054 Σωτῆρος
1586 985 1875 1053 ἀνθρωπί-

305 1095 422 1143 νως
453 1076 610 1145 παρὰ
640 1077 764 1143 τοῖς
800 1076 1252 1145 εὐαγγελισταῖς
1275 1117 1289 1141 ,
1332 1079 1418 1141 εἰς
1457 1077 1543 1141 τὸ,
1590 1077 1874 1130 ιἝκλαυ-

307 1184 398 1233 σε,
430 1188 447 1220 ι
484 1169 581 1222 καὶ
607 1171 693 1235 είς
722 1169 810 1233 τὸ,
844 1188 862 1221 ι
891 1169 1020 1223 Νῦν
1045 1170 1083 1236 ἡ
1115 1167 1283 1236 ψυχή
1305 1186 1424 1236 μου
1456 1168 1819 1237 τετάρακται,
1852 1187 1869 1219 ι

309 1259 406 1311 καὶ
447 1261 535 1324 εις
558 1258 646 1322 τὸ,
686 1277 704 1309 ι
738 1257 808 1312 El
833 1256 1114 1322 δυνατὸν,
1144 1256 1488 1325 παρελθέτω
1513 1257 1613 1311 ἀπ’
1638 1255 1783 1325 ἐμοῦ
1809 1257 1877 1309 τὸ

309 1349 590 1426 ποττῇιον
614 1348 809 1413 τοῦτο,
834 1369 852 1402 ι
885 1351 982 1404 καὶ
1006 1352 1092 1414 είς
1116 1350 1204 1411 τὸ,
1243 1368 1260 1400 ι
1289 1350 1624 1423 Περίλυπός
1650 1350 1819 1403 ἐστιν
1836 1350 1904 1421 ἡ,

309 1440 476 1511 ψυχή
509 1459 650 1510 μου,
681 1459 699 1492 ι
738 1443 835 1495 καὶ
882 1441 996 1494 ὅσα
1027 1444 1259 1504 τούτοις
1291 1440 1460 1509 ὅμοια
1481 1440 1655 1507 ⁹ὸητά.
1686 1443 1877 1507 Παρα-

310 1531 503 1597 θέσεις
530 1531 933 1586 ἀποδεικτικαὶ
977 1532 1095 1586 ἀπὸ
1136 1531 1257 1603 τῆς
1282 1533 1445 1595 θείας
1468 1530 1736 1601 Γραφῆς,
1778 1532 1877 1585 καὶ

310 1622 731 1693 Χριστομάχων
758 1622 1202 1691 ἀποτρέπουσαι
1226 1622 1341 1691 τὴν
1364 1623 1703 1676 κακόνοιαν.

929 1715 1081 1769 ΛΟΓ.
1121 1715 1249 1769 ΚΕ’.

384 1808 485 1873 Είς
505 1806 591 1869 τὸ,
629 1826 648 1858 ι
672 1807 1049 1874 Πρωτότοκος
1079 1805 1282 1873 πάσης
1312 1806 1560 1869 κτίσεως
1587 1821 1600 1834 ·
1637 1823 1655 1856 ›
1695 1805 1781 1857 ὅτι
1803 1806 1873 1857 οὐ

310 1903 529 1968 κτίσμα
566 1901 598 1952 ό
644 1898 811 1964 Υἱός.

924 1986 1073 2038 ΛΟΓ.
1114 1986 1260 2051 κεῖν.

383 2080 483 2143 Είς
507 2078 571 2131 τὸ
597 2079 908 2147 είρημὲνον
935 2076 1031 2129 ἐπὶ
1058 2076 1183 2141 τοῖς
1206 2075 1359 2141 υἱοῖς
1383 2075 1717 2140 Ζεϐεδαίου,
1759 2093 1776 2125 ι
1811 2076 1877 2128 Τὸ

313 2168 550 2223 καθίσαι
573 2168 641 2222 ἐκ
665 2166 873 2233 δεξιῶν
894 2184 1025 2233 μου,
1047 2166 1085 2236 ἢ
1111 2166 1181 2232 ἐξ
1213 2167 1549 2237 εὐωνύμων,
1577 2168 1686 2220 οὐκ
1710 2165 1882 2220 ἐστιν

313 2261 455 2331 ἐμὸν
472 2258 710 2314 δοῦναι.

938 2351 1087 2404 ΛΟΓ.
1129 2350 1254 2403 ΚΖ’.

385 2449 486 2512 Βίς
507 2447 592 2509 τὸ,
623 2445 786 2498 ("Ira
804 2442 1143 2513 γινώσκωσι
1164 2456 1237 2495 σε
1257 2441 1365 2495 τὸν
1381 2442 1573 2509 μόνον
1594 2439 1883 2507 ἀληθινὸν

316 2540 484 2603 Θεὸν,
516 2539 615 2594 καὶ
643 2536 714 2593 ὃν
740 2536 1104 2601 ἀπέστειλας
1138 2534 1372 2602 Ἰησοῦν
1391 2533 1700 2602 Χριστόν.»

927 2627 1078 2680 ΛΟΓ.
1118 2627 1255 2679 KH’.

384 2727 485 2790 Είς
523 2722 589 2776 τὸ
632 2722 790 2790 παρὰ
831 2720 909 2785 τῷ
938 2718 1140 2787 Λουκᾷ
1166 2720 1472 2788 κείμενον·
1507 2734 1527 2767 ι
1551 2715 1788 2783 Ἰησοῦς
1820 2714 1886 2774 δὲ

314 2816 643 2885 προέκοπτε
661 2813 844 2883 σοφίᾳ
868 2813 965 2865 καὶ
988 2812 1192 2879 ἡλικίᾳ
1226 2810 1320 2863 καὶ
1349 2808 1540 2879 χάριτι
1578 2806 1736 2873 παρὰ
1768 2804 1888 2870 Θεῷ

314 2910 411 2964 καὶ
439 2908 784 2977 ἀνθρώποις.
824 2925 843 2959 s

942 2997 1091 3051 ΛΟΓ.
1124 2997 1253 3050 ΚΕΨ⁸

382 3096 482 3160 Εἰς
500 3094 585 3155 τὸ,
619 3093 835 3145 ("Orate
860 3090 927 3144 δὲ
951 3087 1224 3157 ὑποταγῇ
1248 3086 1408 3151 αὐτῷ
1429 3087 1501 3139 τὰ
1523 3084 1737 3144 πάντα,
1760 3083 1892 3134 τότε

319 3183 418 3238 καὶ
442 3183 623 3248 αὐτὸς
650 3185 683 3236 ό
714 3179 845 3247 Υἱὸς
891 3178 1331 3248 ὑποταγήσεται
1368 3174 1489 3247 [τῷ]
1520 3172 1889 3236 ὑποτάξαντι

316 3277 476 3343 αὐτῷ
496 3277 567 3330 τὰ
603 3274 819 3329 πάντα.
844 3291 862 3325 ι

967 3363 1117 3416 ΛΟΓ.
1160 3361 1235 3415 A’.

396 3460 498 3525 Είς
526 3457 613 3523 τὸ,
662 3475 681 3508 ι
706 3456 916 3524 Πάτερ,
941 3455 1207 3519 δόξασόν
1232 3470 1309 3522 με
1352 3451 1423 3521 τῇ
1458 3450 1605 3519 δόξῃ
1728 3445 1894 3517 εἶχον

209 3551 217 3560 ’
323 3551 435 3620 πρὸ
472 3550 579 3605 τοῦ
619 3549 725 3604 τὸν
759 3551 991 3617 κόσμον
1028 3543 1179 3601 εἶναι
1219 3544 1378 3613 παρὰ
1418 3545 1537 3597 σοί.
1562 3562 1579 3593 ι

944 3639 1096 3693 ΛΟΓ.
1138 3635 1262 3691 AA'.

395 3733 549 3802 Πρὸς
578 3733 722 3799 τοὺς
751 3731 1060 3801 λέγοντας,
1096 3729 1184 3783 ὅτι
1220 3732 1253 3783 ό
1286 3728 1426 3792 Θεὸς
1459 3725 1591 3794 περὶ
1616 3723 1726 3794 τῆς
1764 3724 1897 3776 ἐαυε

328 3828 433 3882 τοῦ
465 3828 679 3892 οὐσίας
720 3824 900 3880 οὐδὲν
942 3822 1109 3891 ἡμῶν
1156 3819 1345 3874 πλέον
1379 3819 1716 3879 ἐπίσταται,
1751 3814 1897 3869 ἀλλ’

328 3919 471 3987 αἴπερ
495 3917 571 3972 ἂν
590 3916 772 3980 αὐτὸς
794 3915 975 3982 εἰδείη
999 3912 1131 3982 περὶ
1158 3910 1393 3974 ἑαυτοῦ,
1411 3909 1585 3963 τοῦτο
1610 3907 1709 3961 καὶ
1730 3906 1899 3976 ἡμεῖς

327 4007 821 4080 ἀπαραλλάκτως.

462 4082 463 4085 γ
955 4096 1103 4150 ΛΟΓ.
1143 4095 1262 4147 AB’.

416 4188 691 4260 Ἐκλογαὶ
732 4189 931 4258 ῥητῶν
988 4188 1136 4257 μετὰ
1198 4181 1626 4254 συλλογισμῶν
1672 4181 1741 4233 ὲκ
1795 4176 1909 4247 τῆς,

334 4278 555 4348 Καινῆς
597 4280 923 4347 Διαθήκης,
960 4278 1049 4332 ὅτι
1088 4276 1230 4342 Θεὸς
1261 4275 1410 4330 κατὰ
1450 4274 1639 4343 φύσιν
1669 4274 1701 4325 ὁ
1749 4270 1903 4335 Υίός.

338 4371 409 4426 El
432 4370 499 4425 δὲ
529 4372 723 4436 τοῦτο,
752 4372 823 4425 οὐ
847 4371 1072 4440 ποίημα
1109 4367 1251 4424 οὐδὲ
1277 4366 1518 4435 κτίσμα.

964 4546 1113 4600 ΛΟΓ.
1143 4546 1265 4600 AI".

410 4643 540 4696 Ὃτι
573 4641 717 4707 Θεὸς
750 4639 902 4694 κατὰ
928 4641 1117 4709 φύσιν
1142 4636 1208 4691 τὸ
1232 4636 1508 4705 Πνεῦμα,
1540 4632 1638 4688 καὶ
1680 4633 1748 4685 ἐκ
1796 4631 1905 4698 τῆς

340 4732 667 4799 οὐσίαςτοῦ
685 4731 936 4799 Πατρός,
954 4729 1025 4783 δι’
1058 4727 1193 4782 Υίοῦ
1214 4726 1282 4780 δὲ
1308 4725 1381 4793 τῇ
1406 4725 1596 4779 κτίσει
1623 4721 1907 4791 χορηγού-

337 4840 542 4891 μενον.

967 4913 1117 4968 ΛΟΓ.
1159 4914 1275 4966 AA'.

418 5005 790 5074 ΠαριιΘέσεις
802 5002 1003 5073 ῥητῶν
1030 5003 1271 5073 ἐφεξῆς,
1296 5004 1363 5055 ἐν
1390 4999 1479 5066 οἷς
1501 5001 1631 5055 ἔστι
1667 4999 1773 5051 τὸν
1793 4998 1912 5049 ἑπι-

351 5098 640 5167 τηροῦντα
682 5097 940 5166 θεωρεῖν,
970 5096 1060 5149 ὄτι
1098 5096 1257 5161 Θεὸς,
1285 5094 1351 5147 τὸ
1385 5091 1644 5161 Πνεῦμα,
1677 5088 1772 5142 καὶ
1801 5085 1912 5153 τὴν

348 5185 540 5253 αὐτὴν
571 5187 873 5257 ἐνέργειαν
901 5185 1046 5255 ἔχον
1074 5184 1153 5250 τῷ
1182 5182 1291 5249 Υίῷ
1311 5180 1641 5251 πανταχοῦ,
1673 5180 1767 5231 καὶ
1802 5177 1913 5229 οὐκ

349 5278 799 5348 ἀπεξενωμένον
820 5276 931 5346 τῆς
965 5278 1180 5343 οὐσίας
1207 5274 1413 5331 αὐτοῦ.
1431 5272 1607 5343 Ὁμοῦ
1644 5269 1712 5324 δὲ
1751 5265 1914 5321 διδά-

352 5382 631 5435 σκουσιν,
661 5368 750 5422 ὅτι
789 5368 938 5423 Θεοῦ
969 5368 1296 5438 λεγομένου
1334 5362 1627 5421 κατοικεῖν
1656 5362 1724 5414 ὲν
1753 5358 1914 5427 ἡμῖν,

358 5462 423 5516 τὸ
455 5458 694 5528 Πνεῦμά
720 5459 850 5513 ἐστι
877 5460 940 5514 τὸ
972 5460 1267 5513 ἐνοικοῦν.

977 5552 1128 5607 ΛΟΓ.
1169 5552 1292 5604 AE'.

425 5642 749 5710 Μαρτυρίαι
776 5643 893 5697 ἀπὸ
928 5640 1032 5709 τῆς
1066 5642 1227 5707 θείας
1250 5638 1515 5709 Γραφῆς,
1538 5638 1609 5690 δι’
1638 5628 1724 5688 ὠν
1756 5633 1922 5685 ἔστιν

360 5733 524 5798 ἰδεῖν,
553 5732 641 5784 ὅτι
690 5733 931 5800 γενητὸς
974 5734 1038 5787 ἐκ
1085 5732 1310 5800 Πατρός
1355 5731 1521 5784 ἐστιν
1569 5733 1597 5783 ὸ
1644 5724 1795 5792 Υἱὸς,
1827 5718 1922 5775 καὶ

358 5825 490 5898 οὐχὶ
530 5824 942 5895 πεποιημένος.

1972 442 2026 493 in
2050 456 2208 493 manu
2228 440 2342 510 ejus
2361 458 2408 506 ;›
2439 451 2487 494 et
2517 442 2568 494 in
2594 440 2746 507 illud,
2780 458 2798 491 ι
2834 441 3022 495 Omnia
3055 438 3182 491 mihi
3202 438 3396 490 tradita
3414 446 3534 491 sunt

1972 550 2003 585 a
2034 530 2218 598 Patre,
2261 551 2279 584 ι
2323 541 2372 587 et
2404 534 2458 586 in
2490 533 2641 595 illud,
2679 552 2697 583 ‹
2729 530 2851 585 Non
2873 548 3081 600 possum
3131 548 3165 584 α
3220 547 3299 583 me
3366 529 3535 597 facere

1970 618 2273 689 quidquam,
2306 620 2395 675 sed
2422 621 2555 675 sicut
2587 620 2765 686 audio,
2780 620 3003 689 judico;
3040 638 3056 668 ι
3084 628 3131 673 et
3180 621 3235 671 in
3260 619 3365 673 alia
3397 620 3537 671 dicla

1972 708 2052 762 his
2080 710 2300 765 similia.

2470 888 2526 958 9
2552 887 2846 941 ASSERT.
2888 887 3079 942 xxw.

2045 978 2111 1032 In
2141 994 2201 1032 ea
2235 995 2350 1049 qua:
2378 980 2609 1032 humano
2636 996 2775 1034 more
2799 980 3053 1031 dicuntur
3095 978 3159 1031 ab
3207 962 3537 1046 euangelistis

1975 1068 2037 1120 de
2067 1066 2364 1133 Servatore,
2392 1067 2642 1121 nimirum
2665 1070 2719 1121 in
2747 1067 2903 1131 illud,
2941 1086 2958 1117 ι
3001 1065 3191 1131 Flevit,
3235 1085 3252 1119 ι
3292 1074 3340 1120 et
3390 1065 3445 1119 in
3469 1065 3537 1119 il-

1975 1157 2088 1222 lud,
2123 1177 2141 1209 ‹
2178 1156 2333 1212 Nunc
2363 1159 2538 1213 anima
2574 1176 2685 1212 mea
2712 1144 2917 1212 turbata
2940 1170 3035 1223 est,
3080 1178 3097 1209 ι
3138 1168 3257 1224 εκ(
3316 1155 3374 1211 Si
3418 1172 3537 1225 pos—

1976 1251 2123 1303 sibile
2160 1260 2255 1317 est,
2292 1259 2524 1305 transeat
2556 1269 2588 1305 a
2613 1268 2691 1305 me
2721 1254 2862 1305 calix
2895 1253 3008 1319 iste,
3038 1270 3055 1302 »
3093 1261 3166 1314 et,
3194 1270 3212 1302 ι
3257 1232 3438 1303 Tristis
3466 1257 3539 1301 est

1977 1340 2155 1392 anima
2177 1356 2316 1407 mea,
2350 1358 2369 1391 ι
2399 1339 2606 1410 aliaque
2634 1342 2788 1410 hujus
2815 1342 3019 1411 generis
3048 1339 3207 1393 dicta.
3237 1338 3537 1391 Auctorita—

1980 1440 2052 1483 tes
2098 1447 2265 1485 sacres
2316 1430 2600 1501 Scriptura'
2639 1432 2805 1501 falsas
2856 1432 3219 1486 htereticorum
3275 1428 3540 1497 opiniones

1978 1524 2344 1582 subvertentes.

2510 1697 2800 1754 ASSEIIT.
2837 1696 2997 1751 XXV.

2055 1793 2120 1845 In
2142 1793 2296 1857 illud,
2331 1810 2349 1843 ι
2391 1789 2777 1859 Primogenitus
2815 1790 2980 1843 omnis
3012 1795 3287 1841 creatum.
3334 1801 3350 1833 ι
3389 1782 3541 1846 Quod

1985 1882 2157 1938 Filius
2182 1900 2283 1939 non
2302 1884 2373 1936 sit
2394 1894 2675 1943 creatura.

2505 1973 2799 2029 ASSERT.
2835 1973 3024 2029 XXVI.

2050 2067 2115 2120 In
2158 2066 2289 2118 illud
2317 2065 2448 2133 ﬁliis
2484 2062 2719 2117 Zebedwi
2745 2062 2965 2125 dictum,
2997 2080 3015 2111 ι
3050 2059 3264 2117 .Sedere
3294 2075 3323 2109 a
3347 2053 3546 2108 dextris

1980 2158 2103 2209 meis
2139 2165 2227 2209 aut
2255 2174 2286 2209 a
2312 2156 2539 2209 sinistris
2570 2172 2670 2209 non
2699 2164 2772 2209 est
2802 2170 2968 2205 meum
2986 2154 3130 2205 dare.
3167 2170 3182 2200 ι

2508 2331 2800 2387 ASSERT.
2867 2330 3081 2385 XXVII.

2054 2427 2119 2481 In
2148 2426 2301 2492 illud,
2336 2445 2354 2477 ι
2400 2424 2801 2494 Utcognoscant
2858 2434 2905 2476 te
2940 2422 3107 2477 solum
3148 2436 3322 2475 verum
3358 2419 3545 2485 Deum,

1983 2530 2031 2574 et
2058 2535 2207 2589 quem
2243 2518 2433 2572 misisti
2469 2516 2651 2570 Iesum
2684 2514 2971 2570 Christum.
3013 2534 3031 2565 ›

2487 2608 2779 2665 ASSERT.
2819 2606 3057 2662 XXVIII.

2060 2705 2122 2758 In
2144 2704 2277 2757 illud
2315 2703 2470 2757 Lucw
2493 2703 2713 2764 dictum,
2765 2719 2784 2752 ι
2824 2700 2981 2754 Jesus
3030 2708 3213 2759 autem.
3253 2697 3552 2766 proficiebat

1988 2797 2247 2866 sapientia
2297 2806 2342 2849 et
2384 2804 2538 2849 a'tate
2612 2810 2672 2846 ac
2720 2793 2893 2863 gratia
2941 2791 3081 2860 apud
3115 2789 3280 2844 Deum
3311 2798 3355 2845 et
3384 2788 3552 2850 homi-

1990 2905 2098 2942 1188.
2144 2907 2161 2939 ι

2511 2974 2805 3031 ASSERT.
2841 2974 3034 3029 XXIX.

2064 3070 2132 3124 In
2189 3070 2340 3133 illud,
2381 3087 2399 3119 ι
2440 3067 2572 3121 Cum
2604 3082 2719 3127 vero
2772 3066 3005 3135 subjecta
3048 3066 3095 3117 ei
3138 3063 3328 3139 fuerint
3359 3062 3554 3121 omnia,

1995 3172 2190 3216 tuncet
2211 3160 2317 3225 ipse
2339 3174 2540 3227 quoque
2567 3156 3069 3225 Filiussubjicietur
3105 3156 3153 3209 ei
3180 3154 3269 3223 qui
3301 3152 3399 3206 sibi
3432 3167 3560 3205 cun-

1990 3263 2073 3306 cta
2093 3250 2328 3318 subjecit.
2343 3269 2363 3300 ›

2540 3337 2828 3395 ASSERT.
2870 3338 3035 3393 XXX.

2008 3428 2031 3451 ‘
2066 3428 2130 3483 In
2157 3429 2314 3496 illud,
2358 3450 2376 3481 ι
2420 3430 2601 3494 Pater,
2633 3428 2871 3498 gloriﬁca
2921 3443 3001 3481 me
3070 3426 3165 3480 illa
3199 3425 3367 3495 gloria
3405 3438 3563 3491 quam.

1994 3522 2153 3574 habui
2185 3523 2323 3589 apud
2352 3532 2418 3587 te,
2453 3532 2733 3589 antequam
2768 3521 2993 3573 mundus
3029 3529 3180 3574 esset.
3222 3536 3241 3569 ι

2519 3609 2806 3665 ASSERT.
2846 3608 3038 3665 XXXI.

2068 3705 2326 3758 Adversus
2364 3704 2616 3771 dicentes,
2652 3701 2790 3772 quod
2824 3700 2962 3754 Deus
3010 3700 3175 3754 nihilo
3218 3700 3331 3768 plus
3352 3698 3564 3751 sciatde

1998 3816 2095 3853 sua
2126 3799 2367 3860 essentia,
2391 3811 2548 3865 quam
2596 3810 2711 3859 nos,
2767 3794 2855 3847 sed
2918 3791 3169 3861 quidquid
3215 3792 3321 3857 ipse
3373 3790 3469 3841 scit
3504 3788 3564 3840 de

1998 3894 2163 3959 seipso
2183 3930 2199 3956 ,
2224 3890 2452 3958 idipsum
2477 3898 2523 3941 et
2556 3902 2647 3941 nos
2680 3876 2881 3956 quoque
2913 3884 3054 3938 circa
3100 3882 3264 3936 ullam
3319 3880 3563 3953 di/feren-

2002 3985 2123 4036 tiam
2147 3982 2295 4037 scire.

2493 4066 2785 4123 ASSERT.
2860 4063 3074 4121 XXXII.

2077 4164 2393 4218 Testimonia
2412 4180 2475 4218 ea:
2498 4161 2548 4216 Ν
2555 4178 2648 4217 ovo
2689 4164 3035 4225 Testamento,
3071 4171 3347 4224 eorumque
3364 4154 3565 4221 exposi~

2006 4257 2193 4320 tiones,
2222 4271 2338 4310 cum
2367 4253 2698 4324 syllogistis,
2726 4251 2862 4321 quod
2892 4247 3067 4301 Filius
3122 4246 3193 4303 sit
3250 4246 3411 4309 Deus,
3490 4258 3566 4295 se-

2006 4351 2232 4403 cundum
2271 4356 2513 4402 naturam
2528 4361 2632 4410 ;e:c
2652 4360 2753 4413 quo
2774 4342 3001 4411 infertur
3033 4355 3136 4393 non
3183 4352 3291 4391 esse
3335 4352 3461 4405 opus
3496 4343 3568 4389 vel

2010 4452 2336 4501 creaturam.

2508 4527 2791 4585 ASSERT.
2833 4527 2925 4590 XX
2936 4524 3072 4579 XIII.

2079 4626 2230 4691 Quod
2263 4625 2488 4695 Spiritus
2511 4632 2724 4679 sanctus
2767 4622 2833 4675 sit
2874 4620 3010 4673 Deus
3080 4621 3366 4673 secundum
3414 4624 3568 4667 natu-

2013 4734 2122 4768 ram
2148 4728 2194 4769 et
2230 4732 2295 4770 ea:
2326 4717 2550 4773 essentia
2579 4714 2777 4767 Patris.
2808 4710 2873 4765 Et
2927 4711 3176 4780 quodper
3206 4707 3404 4761 Filium
3428 4722 3563 4759 crea-

2010 4810 2141 4863 turis
2164 4810 2403 4863 donetur.

2446 4898 2548 4969 ιο
2581 4894 2868 4951 ASSERT.
2910 4893 3146 4950 xxxw.

2091 4992 2401 5048 Testimonia
2436 4990 2723 5058 Scriptura:
2763 4986 2951 5057 quibus
2983 4987 3215 5047 docetur,
3283 4984 3421 5053 quod
3456 4984 3569 5054 Spi-
3640 4996 3646 5003 ·

2017 5085 2147 5137 ritus
2173 5085 2237 5136 sit
2264 5082 2426 5145 Deus,
2445 5090 2490 5135 et
2510 5082 2741 5133 eamdem
2765 5080 2975 5131 omnino
2996 5094 3112 5130 cum
3149 5075 3291 5129 Filio
3321 5079 3568 5143 operatio-

2019 5192 2134 5229 nem
2161 5175 2369 5235 habeat,
2397 5172 2633 5240 quodque
2672 5185 2774 5223 non
2802 5169 2867 5223 sit
2897 5168 3099 5222 alienus
3130 5168 3195 5220 ab
3224 5168 3387 5236 ipsius
3412 5184 3569 5228 essen,

2020 5267 2113 5319 tia.
2134 5262 2249 5318 Hoc
2268 5264 2426 5317 etiam
2456 5278 2518 5316 ex
2542 5263 2607 5315 iis
2634 5262 2867 5324 docetur,
2906 5260 3044 5330 quod
3067 5275 3184 5313 cum
3218 5259 3358 5313 Deus
3406 5261 3461 5313 in
3491 5276 3583 5315 nos

2022 5358 2098 5412 bis
2127 5357 2361 5411 habitare
2389 5354 2604 5418 dicitur,
2631 5352 2861 5423 Spiritus
2887 5352 2955 5406 sit
2980 5352 3067 5421 qui
3095 5350 3370 5404 inhabitat.

2516 5530 2807 5587 ASSERT.
2844 5529 3057 5586 XXXV.

2098 5628 2412 5684 Testimonia
2471 5642 2634 5680 sacrae
2710 5623 2995 5690 Scriptum
3071 5622 3253 5689 quibus
3318 5619 3565 5686 probatur

2029 5723 2165 5788 quod
2223 5720 2394 5776 Filius
2452 5722 2518 5774 sit
2574 5718 2771 5788 genitus
2818 5732 2879 5767 ex.
2933 5711 3115 5780 Patre,
3164 5722 3212 5767 et
3269 5727 3367 5765 non
3440 5706 3573 5771 creti

2022 5828 2123 5871 ibi.
