3876 6208
301 254 372 308 25
1286 253 1342 307 s.
1384 251 1664 308 armum
1692 249 2154 319 ALEXANDBJNJ
2188 251 2506 339 mentea.
3463 259 3530 312 ei

823 591 944 716 H
1023 584 1610 731 ΒΙΒΛΟΣ
1687 589 2024 737 ΤΩΝ
2102 586 3014 733 ΘΗΣΑΥΡΩΝ

675 868 932 954 ΠΕΡΙ
1003 868 1217 976 ΤΗΣ
1288 862 1602 974 ΑΓΙΑΣ
1675 864 1868 966 ΚΑΙ
1941 873 2597 986 ΟΜΥΟΟΥΣΙΟΥ
2667 874 3151 970 ΤΡΙΑΔΟΣ.

1490 1280 2336 1400 THESAURU‘S
2386 1240 2387 1243 ᾧ
3344 1329 3394 1373 ο

1022 1542 1131 1624 ΒΕ·
1163 1545 1450 1608 SANCTA
1628 1549 2316 1615 CONSUBSTANTIALI
2357 1553 2816 1615 TRINI'I‘ATE.'

713 1927 1291 2023 ASSERTIO
1361 1934 1448 2038 Ι,

778 2079 856 2135 De
879 2081 1050 2151 genito
1069 2091 1120 2135 et
1141 2083 1392 2153 ingenito.

371 2193 464 2264 ιι
517 2192 573 2247 Si
628 2193 814 2248 Ariani
869 2209 966 2248 nos
1005 2195 1423 2265 aggrediantur,
1473 2198 1867 2272 interrogantes

301 2296 660 2339 unumunum
681 2284 1057 2353 sitingenitum
1080 2302 1147 2339 an
1164 2286 1290 2354 duo,
1313 2295 1371 2341 ut
1394 2304 1513 2343 cum
1536 2306 1698 2352 unum
1721 2303 1868 2348 certe

301 2389 420 2429 esse
449 2375 764 2443 dixerimus,
782 2376 848 2430 ad
867 2374 1080 2431 Patrem
1105 2376 1159 2431 id
1180 2363 1491 2440 referentes,
1511 2380 1702 2436 Filium
1727 2384 1866 2439 inter

302 2475 579 2522 creaturas
595 2466 917 2522 collocemus
935 2485 949 2521 :
964 2468 1036 2522 ita
1055 2471 1377 2536 respondere
1387 2483 1598 2540 oportet
1619 2474 1863 2530 frivolam

304 2566 357 2611 et
379 2557 611 2625 ineptam
633 2557 1106 2626 interrogationem
1129 2573 1281 2613 esse:
1314 2562 1492 2616 varias
1522 2565 1662 2618 enim
1697 2566 1864 2634 signi-

305 2647 587 2716 ﬁcationes
619 2646 783 2701 habet
811 2647 1117 2715 ingenitum.
1142 2646 1276 2706 Nam
1303 2650 1587 2720 ingenitum
1615 2656 1860 2728 estquod

298 2737 537 2792 nondum
569 2737 785 2807 quidem
814 2738 1013 2792 factum
1047 2746 1148 2804 est,
1185 2749 1239 2793 et
1267 2749 1444 2799 tamen
1489 2744 1603 2797 ﬁeri
1637 2756 1815 2815 potest
1845 2764 1860 2801 :

299 2828 443 2881 sicut
474 2841 504 2880 e
537 2827 681 2897 ligno
709 2831 930 2897 scapha,
961 2842 1015 2884 et
1043 2845 1110 2884 ex
1153 2846 1261 2885 tere
1304 2842 1501 2887 statua.
1541 2833 1746 2890 Rursus
1776 2839 1863 2892 in-

299 2918 532 2982 genitum
564 2917 782 2984 dicitur,
822 2919 966 2988 quod
1000 2937 1273 2992 nunquam
1309 2921 1508 2977 factum
1556 2935 1658 2990 est,
1692 2941 1865 2995 neque

301 3004 418 3066 lieri
451 3015 626 3073 potest
659 3023 674 3059 :
703 3016 780 3072 ut,
805 3009 1036 3076 exempli
1068 3012 1263 3078 gratia,
1286 3011 1584 3081 triangulus
1609 3028 1709 3068 nec
1736 3014 1861 3078 fuit,

301 3110 401 3154 nec
426 3096 532 3167 erit
560 3112 795 3166 unquam
827 3098 1251 3167 quadrangulus.
1305 3101 1476 3156 Simul
1528 3104 1672 3159 enim
1727 3105 1866 3174 perit

300 3187 552 3255 trianguli
588 3187 782 3264 ﬁgura,
826 3189 930 3242 alia
976 3189 1220 3259 quaedam
1269 3208 1430 3262 quam
1470 3204 1617 3268 erat,
1647 3195 1726 3250 lit.
1782 3196 1863 3250 Ad

298 3275 414 3332 haec
443 3278 732 3347 ingenitum
774 3279 990 3345 dicitur,
1034 3283 1176 3350 quod
1206 3284 1453 3351 quamvis
1484 3285 1554 3338 sit
1605 3294 1657 3338 et
1688 3285 1864 3342 subsi-

1882 1937 1938 2018 Α.

2292 1935 2656 2022 ΛΟΓΟΣ
2730 1939 3196 2026 ΠΡΩΤΟΣι

2301 2075 2442 2144 Περὶ
2479 2078 2730 2147 γενητοῦ
2768 2081 2866 2132 καὶ
2905 2080 3218 2150 ἀγενήτου.

2039 2188 2102 2240 Εἰ
2148 2186 2407 2260 διερωτᾷν
2452 2194 2603 2262 ἡμᾶς
2646 2195 2970 2264 ἐπιχειροῖεν
3007 2195 3274 2266 Ἀρειανοὶ
3301 2236 3316 2260 ,
3365 2195 3424 2248 ἓν
3473 2195 3555 2273 τὸ.

1967 2279 2281 2351 ἀγένητονῆ
2311 2282 2424 2348 δύο,
2463 2283 2564 2337 ἵνα,
2587 2285 2743 2355 δῆθεν
2773 2286 2832 2339 ἓν
2861 2287 3104 2350 εἰπόντες
3148 2287 3296 2350 αὐτὸ,
3333 2289 3425 2340 καὶ
3455 2291 3548 2351 εἰς.

1965 2371 2056 2424 τὸν
2077 2373 2294 2446 Πατέρα
2325 2376 2598 2444 φέροντες,
2627 2378 2685 2430 ἐν
2712 2380 2824 2440 τοῖς
2844 2381 3087 2448 γενητοῖς
3113 2378 3532 2451 καταριθμήσω-

1969 2481 2066 2534 μεν
2109 2465 2197 2517 τὸν
2230 2466 2378 2530 Υἰὺν,
2409 2468 2808 2538 ἀποκρίνασθαι
2857 2469 2962 2540 χρὴ
3005 2469 3262 2522 τοιῶσδεο
3315 2471 3551 2540 πρῶτον,

1968 2553 2065 2622 μὲν
2114 2549 2206 2606 οὖν
2253 2556 2469 2628 ἀμαθὴς
2518 2559 2613 2611 καὶ
2653 2559 3034 2629 ἀπαίδευτοςή
3066 2559 3364 2630 ἐρώτησις’
3394 2561 3534 2614 κατὰ

1964 2640 2132 2694 πολλὰ
2159 2642 2264 2713 γὰρ
2289 2645 2657 2715 σημαινόμενα
2711 2647 2771 2698 τὸ
2798 2645 3091 2715 ἀγένητον
3114 2647 3528 2716 ὲκλαμϐάνεται.

1977 2731 2290 2801 Ἀγένητόν
2321 2737 2436 2789 ἐστι
2462 2737 2525 2790 τὸ
2563 2739 2728 2808 μήπω
2771 2739 2869 2807 μὲν
2910 2740 3219 2808 γενόμενον,
3254 2739 3554 2810 ἐνδεχόμε-⁵

1963 2842 2052 2876 νον
2079 2825 2134 2878 δὲ
2159 2827 2430 2894 γενέσθαι,
2461 2827 2536 2891 ὡς
2560 2829 2666 2882 ἀπὸ
2704 2828 2861 2892 ξύλου
2894 2831 3119 2899 σκάφος,
3152 2831 3184 2900 ἢ
3225 2834 3288 2884 ὲκ
3329 2831 3531 2902 χαλκοῦ

1963 2915 2202 2987 ἀνδριάς.
2235 2919 2344 2970 Καὶ
2376 2919 2535 2972 πάλιν
2566 2920 2856 2988 ἀγένητον
2878 2920 3095 2988 λέγεται
3127 2923 3187 2974 τὸ
3222 2925 3356 2993 μήτε
3388 2923 3546 2991 γενόέ

1965 3023 2124 3074 μενον
2152 3007 2389 3064 πώποτε.
2429 3011 2568 3079 μήτε
2598 3009 2704 3078 μὴν
2753 3011 3002 3076 γενέσθαι
3031 3011 3328 3082 δυνάμενον
3351 3027 3364 3040 ·
3399 3013 3529 3082 φέρε

1961 3101 2154 3163 εἰπεῖν,
2192 3101 2251 3154 τὸ
2289 3103 2549 3172 τρίγωνον
2583 3105 2764 3173 σχῆμα
2791 3106 2852 3158 οὐ
2890 3105 3077 3172 γέγονέ
3112 3123 3240 3158 ποτε
3265 3107 3533 3176 τετράγω-

1962 3205 2075 3264 νον,
2114 3188 2222 3241 οὒτ’
2257 3190 2320 3242 ἂν
2355 3191 2564 3257 γένοιτό
2597 3208 2728 3244 ποτε
2751 3208 2763 3221 ·
2796 3192 2914 3262 ἅμα
2941 3192 3048 3264 γάρ
3089 3194 3407 3262 ἀφανίζεται
3437 3193 3530 3247 τοῦ

1962 3259 2228 3346 ςτριγώνου
2259 3278 2318 3329 τὸ
2343 3279 2548 3347 σχῆμα,
2585 3279 2769 3350 ἕτερόν
2797 3297 2847 3332 τι
2883 3281 3009 3350 παρ’
3039 3283 3176 3351 ὅπερ
3207 3277 3272 3352 ἦν
3302 3283 3531 3349 γίνεται.

299 3376 422 3433 stat,
447 3383 719 3438 nunquam
767 3378 939 3424 tamen
974 3385 1038 3424 ex
1074 3371 1255 3442 aliquo
1294 3374 1492 3428 factum
1566 3374 1687 3430 fuit.
1722 3377 1860 3431 Cum

1965 3370 2196 3436 Λέγεται
2234 3370 2394 3425 πάλιν
2437 3370 2754 3439 ἀγένητον,
2784 3371 2845 3423 τὸ
2876 3373 3118 3442 ὑπάρχον
3149 3351 3250 3443 μὲν
3286 3375 3378 3426 καὶ
3413 3375 3528 3440 ὑφ-

297 3473 426 3527 ergo
455 3459 636 3512 multis
674 3460 776 3530 12
823 3461 996 3516 modis
1028 3462 1313 3532 ingenitum
1361 3466 1641 3533 capiatur,
1680 3467 1863 3521 dicant

297 3551 428 3620 quid
459 3550 622 3606 velint
648 3552 935 3621 ingenitum
973 3555 1026 3607 in
1065 3555 1172 3609 Deo
1209 3557 1536 3625 signiﬁcare.
1566 3559 1642 3611 Ac
1685 3557 1863 3612 dicent

301 3639 552 3710 tortasse,
586 3645 727 3713 quod
756 3661 1026 3714 nunquam
1059 3648 1299 3716 genitum
1337 3651 1409 3704 sit
1440 3668 1453 3702 :
1488 3650 1721 3705 confessi
1748 3651 1860 3720 pri-

299 3748 444 3790 mum
475 3749 595 3790 sese
627 3736 841 3792 indocte
891 3739 1277 3808 interrogasse.
1324 3741 1632 3798 Slatuamus
1679 3743 1863 3812 itaque

297 3825 462 3894 etiam
493 3840 657 3880 unum
684 3843 804 3884 esse
833 3831 1150 3900 ingenitum.
1188 3833 1340 3896 Quod
1373 3833 1417 3886 si
1460 3849 1526 3886 ex
1570 3835 1671 3887 hoc
1720 3834 1862 3888 inl‘e-

298 3925 450 3992 rant,
476 3931 695 3974 necesse
723 3920 944 3974 omnino
986 3935 1104 3976 esse
1136 3931 1194 3974 ut
1227 3922 1426 3975 factum
1453 3923 1646 3976 Filium
1685 3926 1861 3978 conli-

299 4015 530 4078 reamur,
563 4008 816 4079 quoniam
866 4025 1004 4064 unus
1050 4011 1388 4067 solummodo
1442 4013 1714 4083 ingenitus
1755 4023 1860 4077 est,

297 4095 551 4163 nimirum
589 4096 783 4164 Pater;
815 4099 928 4153 hac
969 4110 1156 4154 contra
1184 4102 1404 4156 audient
1435 4120 1448 4155 :
1483 4102 1538 4157 Si
1573 4103 1859 4172 sapientia,

297 4198 354 4247 et
380 4190 651 4267 virtns,ctl
675 4199 893 4247 verbum
923 4192 1100 4250 Patris
1129 4205 1214 4250 est
1234 4195 1433 4264 Filius;
1464 4209 1692 4269 eratque
1717 4214 1863 4254 sem—

299 4295 393 4348 per
423 4282 475 4344 in
502 4281 658 4339 Patre
692 4283 958 4356 \(erbum,
990 4296 1043 4343 et
1063 4289 1352 4356 Sapientia,
1410 4299 1466 4345 et
1505 4291 1678 4346 virtus
1713 4309 1726 4344 :
1755 4306 1860 4345 non

300 4369 462 4439 igitur
491 4382 574 4438 est
599 4375 866 4447 pOSIerior
895 4385 1016 4429 ortu
1047 4375 1240 4442 Filius,
1271 4378 1362 4446 qui
1391 4379 1503 4432 hate
1538 4379 1650 4447 ipsa
1695 4389 1750 4432 et
1779 4389 1861 4433 est

293 4470 350 4515 et
380 4475 605 4518 vocatur
635 4482 649 4518 :
682 4467 775 4528 sed
813 4468 1261 4532 quemadmodum
1285 4484 1350 4522 ex
1383 4468 1493 4524 Deo
1519 4469 1678 4535 Deus,
1712 4481 1765 4523 et
1796 4472 1860 4524 de

200 4573 206 4581 ·
295 4551 499 4606 lumine
526 4552 704 4610 lumen
735 4555 954 4622 ell'ulsit,
987 4558 1068 4612 sic
1089 4573 1154 4612 ex
1185 4574 1289 4612 non
1335 4557 1480 4612 facto
1511 4575 1615 4614 non
1651 4559 1852 4626 factus.

295 4637 424 4696 Tale
454 4658 683 4713 namque
713 4657 922 4715 oportet
945 4663 1064 4702 esse
1084 4645 1341 4714 Verbum,
1370 4649 1549 4717 qualis
1584 4650 1746 4704 etiam
1776 4659 1859 4705 est

296 4736 388 4801 qui
421 4711 609 4800 ipsum
636 4711 841 4803 genuit.
871 4736 948 4794 Ita
973 4711 1129 4793 enim.
1154 4741 1206 4795 id
1233 4711 1574 4809 quod-Patris
1600 4742 1854 4796 substan-
1886 4711 1926 4768 (ἶ

297 4823 385 4875 tiae
414 4825 687 4892 proprium
717 4833 819 4890 est,
869 4843 996 4884 vere
1023 4831 1232 4894 dicetur
1277 4832 1327 4884 in
1382 4846 1448 4895 eo
1485 4846 1626 4896 esse,
1661 4832 1752 4901 qui
1792 4848 1859 4894 ex,

296 4912 414 4980 ipso
443 4915 656 4984 genitus
683 4927 784 4971 est.
828 4915 969 4972 Nihil
1001 4921 1162 4991 igitur
1178 4923 1357 4976 obstat
1405 4923 1694 4994 quominus
1733 4938 1855 4978 cum

297 5021 434 5059 unus
468 5007 540 5061 sit
583 5005 744 5064 Pater
775 5027 880 5065 non
929 5012 1123 5078 factus,
1153 5014 1386 5071 Verbum
1420 5017 1583 5071 etiam
1615 5017 1757 5086 quod
1789 5032 1854 5071 ex

297 5098 412 5163 ipso
436 5107 542 5164 est,
572 5114 676 5153 non
708 5102 778 5155 sit
805 5101 1005 5157 factum
1066 5123 1081 5158 :
1109 5107 1304 5177 quippe
1330 5107 1472 5177 quod
1526 5123 1690 5167 unum
1725 5122 1849 5161 cum

299 5187 455 5244 Patre
485 5199 542 5245 et
569 5191 623 5246 in
653 5191 812 5250 Patre
844 5205 1063 5266 propter
1104 5208 1310 5254 natura:
1345 5201 1854 5254 incommutabilita-

298 5289 403 5332 tem
432 5295 551 5336 esse
579 5283 915 5356 intelligitur.
936 5288 1086 5355 Quod
1108 5291 1321 5358 quidem
1361 5292 1521 5345 etiam
1558 5291 1672 5360 ipse
1693 5293 1758 5344 de
1796 5305 1869 5348 se

291 5370 373 5424 ait
409 5387 422 5424 :
458 5388 478 5424 ‹
518 5372 629 5443 Ego
681 5385 737 5430 et
785 5375 946 5434 Pater
989 5395 1152 5434 unum
1195 5395 1381 5436 sumus
1412 5382 1452 5434 ⁵.
1486 5401 1504 5432 ι
1543 5381 1673 5435 Nam
1733 5395 1850 5448 Per.

298 5474 497 5529 unum,
549 5462 878 5523 identitatem
930 5469 1242 5528 substantiae
1297 5470 1658 5544 signiﬁcavit;
1722 5483 1849 5540 per,

361 5639 380 5674 '
406 5636 557 5696 Joan.
596 5659 648 5705 χ,
679 5641 768 5696 30.

1961 3459 2208 3530 εστηκὺς,
2233 3461 2305 3531 μὴ
2334 3461 2438 3531 μὴν
2457 3462 2818 3532 γεγενημένον
2836 3464 2938 3515 ὑπό
2961 3463 3284 3527 τινος.Κατὰ
3306 3462 3531 3525 πολλοὺς

1959 3551 2247 3622 τοιγαροῦν
2294 3554 2578 3623 νοουμένου
2613 3554 2844 3623 τρόπους
2877 3555 2970 3608 τοῦ
3006 3555 3318 3624 ἀγενήτου,
3343 3554 3395 3607 τί
3425 3557 3550 3634 ἄρα

1966 3643 2250 3712 σημαίνειν
2281 3644 2374 3697 ἐπὶ
2395 3643 2528 3697 Θεοῦ
2565 3644 2840 3714 βούλονται
2872 3646 2952 3708 τὸ,
2993 3645 3324 3715 ἀγένητον;
3378 3645 3530 3697 Ἀλλ’

1964 3732 2094 3796 ἴσως
2143 3733 2203 3786 τὸ
2256 3733 2330 3805 μὴ
2371 3736 2697 3804 γεγενῆσθαι
2749 3738 3048 3807 φήσουσιν,
3103 3738 3531 3808 ὁμολογήσαντες

1963 3827 2228 3898 πρότερον
2269 3827 2604 3892 ἀπαιδεύτως
2649 3830 2976 3898 πεποιῆσθαι
3021 3831 3119 3902 τὴν
3171 3829 3528 3902 ἐπερώτησιν.

1963 3915 2217 3983 Λεγέσθω
2241 3916 2416 3969 τοίνυν
2452 3917 2545 3970 καὶ
2592 3920 2720 3988 παρ’
2755 3921 2910 3987 ήμῶν
2944 3920 3024 3972 ὅτι
3058 3919 3114 3971 ἓν
3159 3918 3219 3972 τὸ
3248 3919 3529 3990 ἀγένητον.

1963 4006 2024 4058 Εἰ
2070 4005 2127 4058 δὲ
2172 4006 2307 4076 πρὸς
2336 4007 2493 4060 τοῦτο
2522 4010 2698 4074 φαῖεν,
2727 4007 2935 4061 Οὑκοῦν
2972 4010 3186 4081 ἀνάγκη
3228 4013 3375 4064 πᾶσα
3411 4027 3532 4063 συνε-

1961 4097 2238 4166 ομολογείν
2270 4098 2594 4167 γεγενῆσθαι
2634 4099 2721 4151 τὸν
2764 4100 2912 4163 Υἰὸν,
2945 4101 3132 4168 ἐπειδὴ
3177 4101 3235 4153 τὸ
3267 4101 3532 4170 ἀγένητον

1963 4189 2041 4251 ἓν,
2067 4189 2203 4259 ὅπερ
2243 4191 2387 4242 ἐστὶν
2435 4192 2462 4242 ὁ
2509 4190 2714 4261 Πατὴρ,
2746 4192 3168 4246 ἁντακούσονται
3220 4193 3416 4244 πάλιν·
3468 4193 3528 4244 Εἰ

1964 4278 2122 4346 σοφία
2156 4278 2249 4331 καὶ
2285 4279 2528 4348 δύναμις,
2574 4282 2666 4331 καὶ
2713 4280 2867 4346 λόγος
2911 4279 3001 4331 τοῦ
3049 4281 3261 4348 Πατρός
3307 4281 3455 4331 ἐστιν
3501 4280 3532 4329 ὁ

1961 4369 2119 4431 Υἱός·
2151 4364 2219 4438 ἦν
2259 4369 2314 4421 δὲ
2345 4369 2432 4421 ἀεὶ
2470 4369 2528 4422 ἐν
2565 4370 2739 4439 Πατρὶ
2770 4370 2944 4437 λόγος,
2991 4371 3083 4422 καὶ
3115 4369 3292 4438 σοφία,
3323 4369 3414 4420 καὶ
3441 4368 3530 4420 δύ-

1960 4477 2143 4528 ναμις,
2167 4460 2267 4512 οὐκ
2297 4460 2610 4527 ὲπιγέγονεν
2641 4456 2731 4512 οὖν
2764 4463 2791 4513 ὁ
2823 4460 2970 4523 Υἱὸς,
3000 4460 3059 4522 ὃς
3091 4459 3263 4512 ταῦτά
3291 4459 3406 4510 ἐστι
3436 4457 3528 4510 καὶ

1961 4549 2377 4604 καλεῖται.’Λλλ’
2407 4550 2595 4618 ὥσπερ
2641 4549 2704 4600 ἐκ
2740 4548 2872 4601 Θεοῦ
2919 4549 3071 4610 Θεὸς,
3104 4549 3195 4599 καὶ
3241 4549 3303 4599 ὲκ
3353 4546 3528 4614 φωτὸς

1962 4639 2231 4710 ἐξέλαμψε
2265 4637 2400 4705 φῶς,
2435 4635 2577 4691 οὕτω
2605 4637 2700 4690 καὶ
2738 4637 2797 4702 ἐξ
2831 4637 3092 4706 ἁγενήτου
3123 4635 3402 4704 ἀγένητος.
3438 4636 3529 4686 Δεῖ

1963 4733 2068 4800 γὰρ
2093 4725 2230 4782 εῖναι
2258 4728 2495 4782 τοιοῦτον
2533 4728 2624 4783 τὸν
2647 4728 2837 4796 Λόγον,
2867 4726 3046 4789 ὁποῖός
3081 4729 3194 4777 ἐστι
3228 4726 3322 4778 καὶ
3349 4727 3377 4778 ὁ
3407 4740 3526 4792 γεν-

1964 4827 2130 4894 νήσας
2162 4823 2340 4876 αὐτόν.
2371 4821 2525 4875 Οὕτω
2550 4823 2658 4891 γὰρ
2687 4822 2750 4874 ἂν
2778 4821 2835 4873 τὸ
2855 4821 2953 4889 τῆς
2981 4819 3074 4872 τοῦ
3104 4817 3314 4887 [ἰατρὸς
3342 4815 3526 4876 οὐσίας

1962 4917 2182 4986 γνήσιον
2210 4913 2594 4983 ὲπαληθεύοιτο
2625 4914 2699 4982 τῷ
2738 4913 2797 4976 ἐξ
2833 4911 2995 4964 αὐτοῦ
3024 4909 3364 4978 γεννωμένῳ.
3405 4909 3525 4960 Κω-

1962 5007 2076 5059 λύει
2123 5005 2302 5059 τοίνυν
2346 5005 2497 5058 οὐδὲν
2530 5006 2645 5067 ὲνδς
2669 5005 2817 5066 ὄντος
2863 5003 2955 5056 τοῦ
3001 5004 3262 5070 ἁγενήτου
3293 4998 3520 5069 Πατρὸς.

1961 5099 2224 5168 ἀγένητον
2250 5093 2384 5149 εἶναι
2411 5097 2504 5150 καὶ
2537 5097 2627 5149 τὸν
2648 5095 2706 5158 ἐξ
2734 5095 2895 5148 αὑτοῦ
2917 5095 3106 5161 Λόγον,
3122 5093 3193 5155 ὡς
3225 5093 3281 5144 ἓν
3308 5108 3359 5143 τι
3389 5090 3524 5159 μετὰ

1962 5194 2171 5264 Πατρὸς
2219 5193 2313 5244 καὶ
2344 5191 2402 5243 ὲν
2433 5191 2608 5260 Πατρὶ
2649 5187 2934 5257 νοούμενον
2963 5185 3050 5237 διὰ
3076 5185 3135 5236 τὸ
3175 5184 3271 5253 τῆς
3311 5182 3522 5251 φύσεως

1960 5283 2409 5353 ἀπαράλλακτον·
2438 5279 2466 5332 ὃ
2511 5280 2574 5345 δὴ
2625 5279 2713 5331 καὶ
2758 5277 2917 5339 αὐτὸς
2946 5276 3070 5345 περὶ
3108 5273 3298 5326 ἑαυτοῦ
3329 5285 3517 5342 φησιν’

1968 5394 1985 5425 ‹
2010 5374 2150 5442 Ἐγὼ
2181 5373 2325 5427 καὶὸ
2350 5373 2537 5441 Πατὴρ
2571 5371 2628 5423 ἓν
2660 5371 2844 5439 ἐσμεν,
2873 5387 2891 5418 ι
2921 5365 3008 5420 διὰ
3050 5367 3145 5436 μὲν
3174 5365 3288 5430 τοῦ,
3315 5363 3406 5425 ἓν,
3425 5363 3520 5430 τὴν

1960 5466 2260 5537 ταυτότητα
2293 5464 2392 5534 τῆς
2421 5463 2606 5524 οὐσίας
2637 5459 2912 5531 σημαίνων
2931 5477 2942 5490 υ
2971 5458 3056 5512 διὰ
3089 5457 3144 5510 δὲ
3173 5455 3286 5523 τοῦ,
3311 5454 3521 5524 ἐσμὲν,
