3876 6208
167 347 239 392 2:)
1593 339 2040 397 THESAUBUS.
3365 341 3439 400 26

164 452 248 514 είς
268 448 436 504 δυάδα
474 449 688 521 τέμνων
715 451 777 505 τὸ
804 452 1118 524 νοούμενον,
1161 455 1255 507 καὶ
1286 455 1446 509 πάλιν
1493 457 1572 518 εἰς
1625 456 1730 526 μίαε

1859 473 2061 521 sumus,
2095 455 2147 509 in
2171 454 2276 508 duo
2301 452 2577 517 scindens,
2607 452 2658 507 id
2685 453 2826 524 quod
2848 452 3167 524 intelligitur
3193 454 3244 507 in
3278 470 3438 528 unam

164 539 544 613 περισφίγγων
572 541 837 611 Θεὸτητα.
958 573 966 581 -

812 676 815 679 -
850 637 1052 690 AAAO.

228 727 294 782 El
332 729 428 782 τοῦ
473 730 689 802 Πατρὺς
721 729 885 785 εἰκὼν
914 732 1331 803 ἀπαράλλακτός
1358 732 1506 785 ἐστιν
1539 735 1566 786 6
1597 732 1742 795 Υἱὸς,

156 824 233 886 ὡς
257 823 467 877 ἐκεῖνον
497 825 555 876 ὲν
589 825 739 896 αὑτῷ
767 824 1074 894 φαίνεσθαι,
1107 826 1249 880 κατὰ
1291 825 1370 887 τὸ,
1419 846 1436 876 ι
1459 826 1518 876 '0
1569 827 1745 896 ἑωρα-

156 917 268 980 κὼς
300 918 423 987 ἐμὲ,
462 918 674 990 ἑώρακε
708 919 804 972 καὶ
832 919 924 971 τὸν
952 919 1196 990 Πατέρα,
1231 939 1250 972 ι
1301 920 1515 990 ἀνάγκη
1542 918 1742 987 λέγειν,

152 1010 420 1080 ἀγένητον
454 1006 589 1064 εἶναι
617 1012 709 1065 τὸν
740 1011 799 1076 ἐξ
826 1012 1091 1081 ἁγενήτου
1125 1011 1456 1083 προελθόντα
1487 1012 1701 1082 Πατρός
1726 1027 1739 1040 ·

150 1103 276 1156 ἐπεὶ
307 1102 425 1166 πῶς
456 1103 522 1156 ἂν
551 1105 609 1156 ὲν
629 1099 706 1174 τῷ
733 1103 950 1175 γενητῷ
978 1103 1166 1175 ὀφθείη
1202 1105 1332 1157 ποτὲ
1360 1103 1419 1157 τὸ
1447 1104 1740 1174 ἀγένητον;

150 1196 194 1246 Ε
205 1197 218 1247 ί
245 1194 355 1267 γὰρ
387 1195 446 1249 τὸ
475 1195 784 1267 ἀρχέτυπον
805 1199 862 1250 ὲν
887 1196 966 1268 τῷ
995 1197 1270 1268 μιμήματι
1303 1196 1567 1266 φαίνοιτο,
1590 1195 1742 1248 ἔσται

149 1289 372 1352 πάντως
396 1289 538 1340 κατὰ
568 1288 725 1342 τοῦτο
757 1290 1147 1361 κάκεῖνο.’Ὡρα
1182 1289 1362 1356 λέγειν
1391 1286 1483 1340 οὖν
1517 1287 1743 1358 γενητὸν

149 1377 297 1434 εἶναι
334 1383 426 1435 καὶ
453 1383 543 1435 τὸν
571 1383 812 1454 Πατέρα,
846 1384 969 1436 καο’
998 1383 1058 1437 ὃν
1084 1386 1116 1454 ἡ
1146 1382 1310 1436 εἰκὼν
1336 1379 1652 1452 ἐμορφώθη.
1677 1381 1741 1432 El

146 1475 208 1528 δὲ
235 1473 392 1528 τοῦτο
419 1477 636 1540 ἄτοπον,
671 1477 822 1530 ἔσται
852 1479 1071 1540 πάντως
1101 1476 1370 1551 ἀγενῆ-του
1395 1473 1454 1528 τὸ
1477 1473 1740 1543 ἀγένητον

148 1585 340 1623 εικων.

845 1747 1046 1801 ΑΛΛΟ.

1856 562 2047 600 rursus
2086 544 2342 600 deitatem
2379 545 2719 612 constringit.

2543 636 2772 693 ALIUD.

1927 729 1982 784 Si
2009 729 2186 785 ‘Filius
2220 740 2306 784 est
2353 729 2814 783 incommutabilis
2845 727 3022 782 Patris
3062 729 3262 799 imago,
3304 732 3462 797 adeo,

1854 837 1911 879 ut
1939 825 2098 879 Pater
2126 825 2178 879 in
2210 824 2348 878 Filio
2383 833 2664 892 appareat,
2685 824 2826 878 sicut
2857 825 3120 891 scriptum
3149 834 3260 879 est:
3286 843 3304 876 ι
3334 824 3438 890 Qui

1852 920 1997 975 videt
2027 934 2132 983 me,
2168 917 2314 972 videt
2354 927 2409 972 et
2437 916 2652 971 Patrem
2681 916 2723 983 ⁸,
2754 909 2785 969 ἰ
2816 930 3042 971 necesse
3072 917 3295 971 omnino
3326 917 3440 971 lue-

1855 1014 1927 1066 rit
1955 1011 2228 1074 confiteri,
2266 1027 2370 1064 non
2403 1024 2524 1064 esse
2547 1008 2746 1063 factum
2777 1023 2900 1064 eum
2932 1009 3024 1078 qui
3056 1023 3124 1063 ex
3152 1024 3257 1064 non
3293 1008 3439 1063 facto

1850 1104 2010 1159 Patre
2031 1104 2292 1172 procedit.
2318 1103 2435 1170 Quo
2469 1112 2626 1172 pacto
2654 1102 2797 1155 enim
2829 1105 2879 1155 in
2921 1101 3068 1156 facto
3102 1111 3361 1172 appareat
3387 1102 3438 1155 id

1851 1201 1995 1269 quod
2029 1197 2227 1252 laetum
2263 1213 2368 1250 non
2399 1195 2526 1250 est?
2560 1195 2696 1249 Nam
2723 1197 2767 1251 si
2809 1195 3163 1267 archetypum
3212 1195 3266 1248 in
3303 1195 3439 1248 ima-

1850 1293 1978 1364 gine
2004 1299 2284 1362 appareat,
2329 1297 2544 1358 oportet
2582 1297 2640 1342 ut
2669 1288 2786 1342 haec
2831 1287 3029 1342 similis
3069 1288 3141 1342 sit
3177 1287 3272 1340 illi.
3325 1284 3437 1354 Op-

1849 1395 2081 1456 portune
2124 1385 2308 1454 itaque
2351 1384 2456 1438 dici
2509 1391 2687 1452 posset
2735 1381 2899 1436 etiam
2955 1381 3167 1435 Patrem
3228 1381 3430 1434 factum

1849 1494 1995 1541 esse,
2029 1476 2091 1530 ad
2116 1489 2276 1544 quem
2315 1474 2492 1543 imago
2524 1475 2759 1528 formata
2790 1480 2892 1526 est.
2929 1473 2999 1525 At
3039 1488 3160 1526 cum
3199 1471 3301 1524 hoc
3343 1469 3438 1524 ab-
3497 1493 3511 1499 -

1849 1573 2071 1628 surdum
2108 1573 2198 1637 sit,
2245 1571 2350 1626 erit
2384 1570 2610 1624 omnino
2658 1569 2838 1638 imago
2866 1583 2969 1623 non
3013 1567 3140 1622 facti
3183 1565 3438 1621 similiter

1851 1682 1954 1720 non
1990 1666 2150 1720 facta.

2530 1755 2759 1812 ALIUD.

230 1842 290 1896 '0
315 1840 584 1912 μακάριος
607 1839 814 1911 Μωσῆς
833 1840 931 1911 τὴν
953 1838 1048 1892 τοῦ
1075 1835 1365 1909 ἀνθρώπου
1392 1836 1730 1908 κατασκευὴν

1913 1847 2112 1904 Beatus
2141 1849 2232 1903 ille
2263 1848 2474 1920 Moyses
2509 1849 2846 1903 creationem
2895 1846 3130 1902 hominis
3171 1859 3436 1898 enarrans

141 1931 531 2004 ἐξηγούμενος,
568 1933 814 2002 εἰσφέρει
860 1930 1088 1996 λέγοντα
1138 1928 1307 1982 Θεὸνο
1368 1947 1385 1979 ι
1419 1928 1738 1997 Ποιήσωμεν

141 2027 432 2101 ἄνθρωπον
457 2027 577 2080 κατ’
597 2027 781 2080 εἰκόνα
811 2026 1092 2096 ἡμετέραν
1122 2024 1218 2076 καὶ
1250 2021 1371 2076 καθ’
1393 2021 1650 2092 ὁμοίωσιν
1671 2038 1685 2051 ο
1713 2039 1734 2073 ι

139 2124 204 2174 ὲν
235 2119 296 2175 δὲ
340 2119 416 2189 τῷ
457 2119 658 2188 λέγειν,
693 2116 1011 2186 ἡμετέραν,
1047 2114 1210 2168 πάλιν
1238 2116 1271 2180 ἡ
1308 2112 1440 2176 δυὰς
1475 2111 1737 2182 σημαίνε-

137 2229 271 2270 ται²
328 2214 576 2274 συνόντος
625 2211 869 2281 δηλονότι
919 2209 1014 2263 καὶ
1067 2207 1593 2277 συνθεολογουμένου
1641 2203 1736 2257 τοῦ

138 2309 304 2376 ἁγίου
347 2306 685 2376 Πνεύματος.
714 2305 776 2357 El
821 2303 879 2356 δὲ
925 2306 981 2356 ἐν
1017 2302 1098 2355 ἐνὶ
1127 2301 1205 2372 τῷ
1234 2300 1566 2372 ἀνθρώπιρὴ
1602 2297 1737 2370 αὑτὴ

135 2399 236 2456 τοῦ
275 2399 486 2471 Πατρὸς
517 2399 610 2452 καὶ
641 2396 735 2450 τοῦ
774 2396 904 2450 Υἱοῦ
936 2395 1182 2465 φαίνεται
1212 2393 1396 2457 εἰκὼν,
1434 2394 1557 2446 κατ’
1587 2393 1738 2446 οὐδὲν

135 2495 253 2564 ἄρα.
309 2495 408 2560 τῆς
453 2490 590 2560 πρὸς
637 2488 903 2558 ἀλλήλους
944 2484 1354 2539 διαλλάττουσιν
1399 2482 1733 2551 ὁμοιότητος.

150 2583 436 2653 ’Λνόμοιον
470 2581 526 2634 δὲ
569 2579 783 2650 γενητῷ
823 2580 884 2631 τὸ
919 2576 1212 2646 ἀγένητον⁶
1245 2575 1345 2631 οὐκ
1374 2573 1481 2644 ἄρα
1510 2572 1738 2643 γενητὸς

139 2681 164 2744 ἐς
197 2676 344 2741 Υἱὸς,
378 2675 466 2729 ἵνα
499 2675 574 2746 μὴ
603 2675 857 2744 ἀνόμοιος
888 2671 1172 2739 φαίνηται.

838 2765 1039 2817 ΛΑΜ).

211 2859 453 2930 Λέγεται
496 2857 648 2930 παρά
674 2859 794 2920 ταῖς
827 2855 1000 2916 θείαις
1036 2854 1282 2924 Γραφαῖς
1337 2849 1737 2922 παντοκράτωρ

136 2956 234 3009 καὶ
267 2954 470 3026 Κύριος
505 2955 532 3006 6
565 2951 788 3022 Πατήρ·
821 2951 936 3004 ἀλλ’
967 2950 1066 3020 οὐχ
1103 2949 1177 3012 ὡς
1215 2948 1274 2999 ’έν
1298 2944 1482 2999 τιτῶν
1509 2960 1740 3014 κρατου-

139 3050 324 3120 μένων
359 3047 392 3118 ἢ
426 3044 826 3118 κυριευομένων
872 3046 1072 3096 νοεῖται
1124 3043 1219 3094 καὶ
1268 3043 1294 3093 6
1349 3039 1496 3101 Υίδς,
1543 3037 1632 3090 διὰ
1677 3039 1738 3091 τὸ

135 3144 363 3199 πάντων
391 3141 609 3212 κρατεῖν
639 3155 698 3190 τε
729 3138 822 3190 καὶ
844 3135 1120 3208 κυριεύειν
1145 3135 1350 3187 ἐκεῖνον
1371 3151 1384 3164 ο
1415 3134 1608 3204 κρατεῖ
1627 3131 1735 3200 γὰρ

136 3236 363 3288 πάντων
398 3235 493 3286 καὶ
524 3232 769 3304 κυριεύει
801 3231 937 3300 μετὰ
967 3225 1619 3300 Πατρὸς,παντοκράτωρ
1641 3223 1735 3275 καὶ

133 3327 304 3391 αὐτὸς
347 3327 607 3397 ὑπάρχων
658 3323 752 3378 καὶ
783 3323 1226 3394 Κύριος.Ὥσπερ
1279 3316 1370 3372 οὖν
1420 3321 1477 3370 ὲν
1523 3316 1735 3378 τούτοις

132 3419 239 3488 οὐχ
274 3417 349 3480 ὡς
385 3415 444 3470 ἒν
471 3416 579 3471 τῶν
612 3417 830 3469 πάντων
883 3411 1031 3467 ἐστὶν
1078 3417 1106 3467 ὁ
1155 3412 1302 3477 Υἱὸς,
1352 3409 1464 3464 ἀλλ’
1495 3409 1589 3463 ἐπὶ
1636 3408 1734 3477 τὴν

130 3507 249 3565 163v
299 3507 542 3580 γενητῶν
592 3506 753 3577 φύσιν
789 3508 821 3578 ἡ
856 3505 964 3560 τῶν
993 3506 1193 3570 λέξεων
1224 3505 1455 3574 δύναμις
1484 3503 1729 3573 φέρεται,

132 3603 284 3666 οὓτω
306 3602 400 3653 καὶ
431 3601 524 3653 ἐπὶ
556 3601 842 3672 ἀγενήτου,
875 3602 937 3653 ού
972 3601 1102 3670 πρὸς
1135 3601 1225 3652 τὸν
1259 3598 1405 3661 Υἰὺν,
1429 3597 1565 3650 ἀλλὰ
1597 3595 1732 3666 πρὸς

128 3693 236 3766 τὴν
269 3693 444 3746 κτίσιν
465 3694 499 3763 ἡ
533 3693 842 3764 σύγκρισις,
880 3692 983 3747 κᾶν
1007 3692 1064 3744 ἓν
1098 3687 1238 3744 εἶναι
1273 3691 1496 3760 λέγηται
1517 3690 1577 3742 τὸ
1601 3690 1731 3758 ἀγέ-

130 3803 297 3858 νητον
317 3803 331 3815 ·
364 3785 451 3839 διὰ
471 3786 532 3838 τὺ
563 3786 741 3841 πάντα
769 3786 1054 3856 γεγονέναι
1089 3784 1265 3856 παρὲξ
1287 3782 1445 3836 Θεοῦ.

166 3992 300 4043 Ὅτι
340 3989 610 4057 κρεῖττόν
646 3990 778 4042 ἐστι
817 3989 914 4042 καὶ
953 3989 1425 4059 ἀξιολογώτερον
1464 3985 1694 4054 Πατέρα

381 4061 698 4115 καλεῖσθαι
736 4062 844 4113 τὸν
883 4062 1052 4124 Θεὸν,
1092 4061 1131 4129 ἣ
1171 4061 1485 4132 ἀγένητον.

201 4175 282 4227 Τὸ
307 4173 505 4241 πατὴρ
541 4174 731 4244 ὄνομα,
747 4174 844 4246 τὴν
872 4193 935 4227 πε
948 4175 999 4244 pi.
1026 4175 1143 4228 υἱοῦ
1174 4175 1392 4238 πάντως
1424 4174 1632 4229 ἔννοιαν
1667 4176 1729 4232 ἐν,

127 4265 313 4336 ἑαυτῷ
361 4265 726 4335 συνεισφέρει·
750 4267 819 4318 τά
855 4265 963 4336 γὰρ
991 4264 1217 4318 τοιαῦτα
1250 4265 1317 4319 δι’
1348 4266 1593 4339 ἀλλήλων
1629 4285 1727 4337 ση-

129 4359 407 4427 μαίνεται.
437 4356 512 4408 Τὸ
543 4355 601 4408 δὲ
628 4356 912 4425 ἀγένητος
945 4356 1139 4426 ὄνομα,
1173 4354 1249 4425 τῷ
1285 4355 1358 4426 μὴ
1395 4357 1724 4426 γεγενῆσθαι

122 4453 304 4515 Θεὸν,
350 4451 449 4523 τὴν
507 4449 617 4503 τῶν
662 4449 905 4519 γενητῶν
963 4447 1422 4518 ἀντιπαρατίθησι
1479 4450 1720 4519 μνήμην.

1839 1943 2044 1998 inducit
2073 1941 2236 1996 Deum
2265 1941 2580 1995 dicentem:
2619 1960 2638 1992 ι
2681 1940 2966 1994 Faciamus
3014 1937 3289 1992 hominem
3344 1949 3435 1988 se-

1841 2037 2078 2091 cundum
2138 2034 2428 2103 imaginem
2467 2041 2519 2085 et
2576 2032 2984 2087 similitudinem
3047 2027 3364 2083 nostram".
3408 2042 3428 2076 ι

1840 2131 1976 2184 Cum
2037 2143 2166 2183 vero
2199 2128 2352 2190 dicit,
2374 2137 2628 2190 nostram,
2669 2139 2857 2178 rursus
2891 2121 3124 2176 dualitas
3160 2117 3436 2190 signiﬁca-

1847 2235 1932 2277 tur
1960 2239 2121 2278 :cum
2189 2219 2389 2289 alioqui
2432 2220 2598 2274 etiam
2631 2218 2791 2281 adsit,
2827 2225 2882 2271 et
2926 2214 3112 2270 deitati
3169 2226 3432 2267 annume-

1843 2327 1991 2371 retur
2020 2315 2258 2384 Spiritus
2288 2322 2533 2367 sanctus.
2565 2311 2623 2367 Si
2656 2326 2784 2379 ergo
2821 2310 2874 2363 in
2905 2323 3012 2362 uno
3065 2307 3286 2361 homine
3323 2319 3430 2358 una

1841 2423 2001 2478 atque
2031 2409 2218 2463 eadem
2247 2405 2430 2459 Patris
2460 2414 2514 2459 et
2542 2403 2662 2458 Filii
2701 2404 2880 2472 imago
2917 2408 3164 2470 apparet,
3199 2397 3251 2452 in
3283 2396 3432 2452 nullo

1840 2512 1987 2557 certe
2022 2501 2164 2553 inter
2190 2511 2247 2552 se
2274 2495 2565 2549 dissimiles
2607 2501 2749 2548 sunt.
2794 2489 3067 2546 Dissimile
3111 2499 3292 2543 autem
3349 2494 3433 2540 est

1841 2594 1987 2648 facto
2021 2592 2082 2644 id-
2101 2589 2242 2660 quod
2277 2587 2380 2657 13
2417 2587 2620 2640 factum
2656 2600 2761 2638 non
2798 2593 2903 2638 est.
2939 2581 3053 2637 Non
3080 2591 3319 2650 estergo
3345 2580 3430 2634 l'a-

1841 2695 1959 2741 ctus
1980 2682 2172 2746 Filius,
2206 2697 2274 2735 ne
2297 2678 2579 2735 dissimilis
2602 2677 2750 2731 Patri
2784 2675 3109 2730 inveniatur.

1880 2787 1886 2791 '
2517 2769 2748 2825 ALIUD.

1910 2873 2075 2928 Pater
2123 2873 2175 2924 in
2209 2884 2364 2923 sacra
2417 2866 2701 2934 Scriptura
2749 2863 2992 2916 omnium
3033 2861 3335 2930 imperator
3378 2868 3434 2913 et

1844 2966 2100 3020 Dominus
2123 2962 2352 3027 dicitur;
2387 2959 2482 3015 sed
2517 2973 2624 3012 non
2649 2957 2721 3010 ita
2742 2967 2800 3010 ut
2822 2955 2993 3009 Filius
3016 2968 3180 3006 unum
3199 2949 3328 3021 quid
3361 2950 3434 3003 sit

1839 3074 2049 3122 eorum,
2081 3069 2200 3124 quae
2232 3053 2402 3122 ipsius
2431 3033 2666 3119 imperi”
2697 3056 2752 3101 et
2773 3043 3126 3100 dominationi
3186 3041 3434 3110 subjecta

1843 3159 1993 3214 sunt,
2028 3163 2149 3203 eam
2185 3145 2254 3198 ob
2283 3157 2503 3198 causam
2548 3142 2692 3211 quod
2725 3139 2886 3193 Pater
2912 3137 3167 3194 omnibus
3203 3135 3433 3204 imperet

1839 3254 1892 3298 et
1915 3241 2256 3304 dominetur;
2289 3240 2520 3308 imperat
2550 3234 2693 3289 enim
2737 3241 2791 3286 et
2820 3232 3136 3285 dominatur
3169 3226 3424 3287 omnibus

1835 3354 1956 3393 cum
1977 3338 2154 3400 Patre,
2176 3337 2394 3404 ipseque
2411 3331 2576 3386 etiam
2600 3326 2946 3395 omnipotens
2971 3334 3053 3378 est
3073 3334 3125 3379 et
3151 3321 3430 3377 Dominus.

1836 3428 2298 3497 Quemadmodum
2336 3426 2501 3494 igitur
2538 3425 2591 3477 in
2651 3421 2772 3476 istis
2814 3434 2918 3473 non
2950 3417 3114 3470 veluti
3157 3429 3297 3468 unus
3326 3409 3432 3466 ali—

1833 3521 1956 3590 quis
1982 3535 2047 3574 ex
2100 3516 2368 3571 universis
2399 3522 2657 3568 censetur
2705 3510 2898 3574 Filius,
2941 3510 3036 3562 sed
3085 3507 3281 3561 horum
3310 3518 3434 3558 ver-

1834 3616 2032 3669 horum
2085 3612 2170 3665 vis
2218 3618 2427 3663 tantum
2479 3621 2569 3660 res
2616 3614 2833 3659 creatas
2896 3599 3298 3668 complectitur,
3356 3597 3436 3652 ita

1832 3704 2067 3759 etiamin
2101 3717 2208 3755 non
2249 3698 2414 3763 facto,
2450 3713 2555 3752 non
2589 3695 2654 3748 ad
2683 3693 2902 3755 Filium,
2932 3692 3024 3745 sed
3060 3692 3123 3744 ad
3143 3699 3431 3744 creaturas

1831 3795 2161 3864 comparatio
2190 3792 2386 3854 fertur,
2425 3788 2640 3844 tametsi
2717 3800 2884 3839 unum
2927 3782 3145 3836 dicatur
3179 3796 3287 3834 non
3353 3780 3434 3832 [aa

1829 3900 2010 3944 ctum:
2037 3886 2293 3958 quoniam
2314 3893 2504 3954 praeter
2528 3895 2694 3935 unum
2726 3878 2894 3931 Deum
2914 3876 3092 3930 omnia
3121 3874 3260 3929 facta
3283 3882 3427 3928 sunt.

1831 4000 1985 4067 Quod
2013 3999 2198 4053 melius
2223 4007 2377 4068 atque
2403 3996 2617 4064 dignius
2653 3993 2921 4068 silADeum
2961 3990 3134 4045 vocari
3186 3988 3424 4045 Patrem,

2378 4083 2536 4137 quam
2565 4065 2879 4136 ingenitum.

1900 4186 2078 4240 Patris
2112 4198 2306 4236 nomen
2355 4180 2603 4234 notitiam
2656 4177 2751 4232 lilii
2789 4175 3105 4232 necessario
3137 4187 3319 4226 secum
3345 4172 3431 4224 in-

1829 4281 1999 4336 ducit.
2033 4277 2265 4332 Nomina
2300 4275 2446 4329 enim
2491 4272 2801 4344 huiusmodi
2851 4285 2973 4324 sese
3018 4276 3203 4320 mutuo
3243 4262 3426 4315 det-la—

1827 4382 1972 4427 rant.
2028 4368 2264 4437 Ingeniti
2289 4383 2420 4421 vero
2446 4381 2641 4420 nomen
2675 4379 2745 4418 ex
2773 4378 2838 4416 eo
2882 4361 3024 4431 quod
3061 4361 3204 4413 Deus
3249 4355 3427 4407 lactus

1829 4474 2062 4528 nonest,
2095 4479 2193 4517 nos
2223 4464 2276 4516 in
2309 4475 2495 4514 eorum
2534 4474 2653 4525 qnze
2698 4457 2838 4509 facta
2873 4462 3001 4508 sunt
3043 4493 3056 4516 ,
3093 4447 3427 4503 recordatim

136 4545 446 4615 Ἀναγκαία
488 4543 543 4596 δὲ
590 4546 703 4605 τοῖς
754 4542 1028 4595 πιστεύειν
1076 4541 1351 4600 ἐθέλουσιν
1392 4537 1591 4610 ὀρθῶς,
1629 4543 1725 4611 τῆς

1842 4574 1954 4611 nem
1986 4556 2226 4611 vicissim
2265 4552 2508 4607 adducit.
2540 4548 2861 4603 Necessaria
2889 4554 3068 4599 autem
3105 4554 3189 4597 est
3234 4542 3301 4595 iis
3332 4542 3423 4610 qui

124 4640 293 4709 ἁγίας
320 4635 548 4709 Τριάδος
575 4637 608 4706 ἡ
639 4633 861 4703 γνῶσις.
893 4635 954 4686 El
982 4633 1158 4687 τοίνυν
1191 4635 1217 4686 6
1249 4632 1347 4702 μὲν
1383 4635 1603 4704 Πατέρα
1636 4634 1722 4685 λέ-

124 4751 244 4801 γων
288 4733 393 4802 ὁρᾷ
437 4729 528 4782 τὸν
569 4727 691 4781 Υἱὺν
721 4727 788 4781 δι’
820 4729 877 4781 ὃν
907 4728 1021 4792 ἐστι
1049 4727 1280 4798 Πατήρ·
1313 4727 1341 4777 ὁ
1371 4726 1427 4780 δὲ
1460 4727 1724 4796 ἀγένητον

123 4823 410 4896 ὀνομάζων
448 4822 632 4883 αὑτὸν,
664 4821 766 4891 ὁρᾷ
791 4820 858 4872 τὰ
889 4821 1178 4890 γενόμενα,
1203 4813 1284 4883 οἷς
1325 4820 1560 4888 εὐλόγως
1587 4822 1615 4872 ὁ
1648 4819 1722 4890 μὴ

125 4915 368 4987 γεγονὼς
399 4913 888 4966 ἀντιδιαστέλλεται
909 4929 922 4942 ο
967 4913 1101 4965 πολὺ
1131 4913 1193 4983 δὴ
1224 4916 1491 4984 κρεῖττον,
1528 4915 1620 4983 ἀφ’
1649 4907 1722 4968 ὧν

123 5011 157 5077 ἡ
201 5003 458 5077 περὶτοῦ
491 5003 622 5057 Υίοῦ
661 5005 903 5057 τίκτεται
949 5005 1170 5072 γνῶσις,
1223 5004 1587 5074 σημαίνεσθαι
1632 5005 1725 5059 τὸν

123 5103 283 5162 Θεὸν,
315 5099 348 5169 ῆ
379 5097 437 5161 ἐξ
462 5091 536 5150 ὧν
568 5100 601 5167 ἡ
645 5097 754 5149 τῶν
781 5097 1096 5166 ποιημάτων
1119 5097 1474 5165 ἀναφαίνεται
1509 5099 1720 5168 μνήμη,

124 5189 459 5245 συντελοῦσα
490 5189 626 5260 πρὸς
666 5187 763 5258 τὴν
793 5187 994 5256 γνῶσιν
1037 5189 1137 5256 τῆς
1182 5188 1342 5256 ἁγίας
1374 5189 1599 5260 Τριάδος
1631 5191 1720 5242 ού-

119 5285 232 5337 δέν.
267 5282 378 5336 Καὶ
405 5284 433 5334 6
467 5283 566 5352 μὲν
612 5282 832 5354 Πατέρα
863 5280 1058 5350 λέγων,
1092 5283 1182 5351 ἀφ’
1211 5276 1284 5335 ὧν
1314 5282 1428 5334 ἔστι
1463 5283 1719 5354 σημαίνει

118 5377 286 5429 Θεὸνο
333 5376 362 5426 ὁ
394 5375 449 5426 δὲ
488 5375 751 5446 ἀγένητον
791 5375 981 5438 εἰπὼν,
1019 5376 1111 5444 ἀφ’
1142 5372 1214 5428 ὧν
1242 5376 1342 5429 ούκ
1380 5377 1526 5428 ἔστιν
1553 5395 1564 5405 ·
1603 5378 1716 5429 ἔστι

121 5471 222 5538 μὲν
268 5468 378 5538 γάρ
431 5467 560 5522 Υἱοῦ
608 5469 820 5539 Πατὴρ,
857 5470 1081 5541 γενητὸς
1113 5469 1168 5521 δὲ
1201 5470 1300 5522 οὐκ
1357 5469 1624 5523 ἓστι.”οτι
1659 5471 1716 5522 δὲ

121 5559 324 5627 μᾶλλον
369 5560 427 5624 ἐξ
469 5553 544 5613 ὧν
575 5559 741 5626 ἔστιν,
846 5563 906 5628 ἐξ
931 5556 1005 5615 ὧν
1038 5563 1137 5616 οὐκ
1185 5563 1352 5627 ἔστιν,
1383 5565 1712 5636 οἰκειότερον

121 5653 448 5722 σημαίνεται
469 5653 622 5721 Θεὸς,
651 5657 714 5708 ἐκ
733 5655 887 5708 τοῦδε
909 5656 1104 5725 γένοιτ’
1127 5657 1190 5712 ἂν
1218 5658 1376 5712 παντί
1399 5677 1475 5727 τῳ
1518 5657 1704 5727 σαφές.

191 5833 209 5859 ⁴
239 5831 395 5909 Joan.
434 5852 552 5910 xxv,
585 5838 634 5892 9.
712 5838 730 5868 ⁷
767 5838 901 5894 Gen.
937 5856 995 5908 ιι,
1022 5839 1109 5894 ‘26.

1837 4659 1982 4702 recta
2010 4649 2112 4701 lide
2161 4645 2369 4716 prmditi
2405 4658 2527 4698 esse
2555 4643 2722 4695 vclint
2752 4647 2954 4694 sancte
3005 4635 3292 4690 Trinitatis
3331 4650 3423 4686 co-

1834 4738 2025 4809 gnitio.
2061 4739 2114 4790 Si
2152 4753 2280 4806 ergo
2312 4737 2356 4790 is
2383 4736 2477 4806 qui
2527 4733 2740 4788 Patrem
2776 4729 3020 4784 nominat
3075 4727 3293 4795 respicit
3331 4726 3424 4780 Fi-

1835 4832 1963 4883 liqu
1997 4845 2093 4898 per
2123 4846 2280 4898 quem
2307 4829 2464 4883 Pater
2498 4837 2612 4892 est;
2645 4826 2736 4896 qui
2771 4838 2899 4877 vero
2954 4821 3254 4892 ingenitum
3307 4820 3424 4874 sive

1836 4921 2136 4974 increatum
2171 4920 2425 4989 appellat,
2459 4929 2642 4973 creata
2667 4916 2832 4981 videt,
2876 4915 3075 4984 quibus
3114 4913 3310 4966 merito
3341 4911 3423 4962 iu-

1832 5023 2049 5068 creatns
2066 5015 2358 5082 opponitur
2383 5030 2397 5065 :
2426 5022 2574 5066 certe
2609 5010 2774 5064 multo
2807 5011 2977 5062 satius
2997 5016 3081 5061 est
3109 5006 3297 5060 Patris
3328 5019 3422 5073 :Ip-

1830 5105 2179 5172 pellationem
2207 5106 2334 5159 inde
2366 5104 2530 5169 sumi,
2551 5105 2690 5157 unde
2713 5103 2836 5157 Filii
2873 5101 3112 5171 cognitio
3139 5101 3418 5171 gignatur,

1829 5215 1991 5269 quam
2035 5200 2180 5262 inde,
2225 5198 2366 5252 unde
2408 5206 2783 5252 creaturarum
2847 5195 3039 5248 notitia
3105 5193 3426 5256 inducatur,

1826 5307 1946 5359 qua:
2004 5292 2071 5346 ad
2130 5290 2492 5361 cognitionem
2561 5287 2844 5342 Trinitatis
2885 5285 3019 5340 nilnl
3079 5283 3237 5355 plane
3289 5297 3422 5335 con-

1825 5385 1993 5439 ducit.
2031 5382 2096 5436 Et
2152 5384 2369 5452 quidem
2403 5383 2492 5450 qui
2531 5382 2744 5435 Patrem
2785 5380 2934 5441 dicit,
2966 5393 3030 5431 ex
3055 5392 3119 5430 eo
3156 5375 3300 5445 quod
3335 5383 3425 5429 est.

1823 5478 2069 5532 nominat
2119 5478 2326 5532 Deum:
2377 5476 2470 5546 qui
2512 5490 2638 5529 vero
2683 5474 2999 5546 ingenitum,
3057 5469 3126 5524 ab
3178 5486 3241 5524 eo
3272 5469 3424 5538 quod

1824 5587 1928 5626 non
1960 5578 2083 5627 est:
2120 5579 2204 5627 est
2237 5570 2380 5625 enim
2414 5569 2574 5624 Pater
2591 5568 2734 5634 Filii,
2777 5575 2996 5623 creatus
3020 5581 3148 5620 vero
3179 5580 3284 5618 non
3306 5572 3413 5616 est.

1823 5666 1978 5731 Quod
2012 5675 2187 5723 autem
2219 5666 2394 5735 potius
2419 5681 2481 5721 ex
2511 5679 2574 5720 eo
2611 5663 2752 5734 quod
2789 5670 2893 5729 est,
2931 5675 3092 5730 quam
3127 5659 3268 5729 quod
3302 5671 3411 5712 nou
