3876 6208
457 322 526 383 κν
1443 314 1500 370 ε.
1538 310 1817 369 CYRILU
1854 309 2331 368 manuum!
2370 288 2694 367 ARCHIEP.
3648 318 3715 375 εδ

458 452 566 509 εει,
589 439 680 498 Dei
707 436 997 511 appellatio
1028 435 1102 492 sit
1135 432 1415 505 sument,
1440 431 1570 490 ille
1590 430 1773 486 civis
1814 429 2028 499 perspi-

2153 429 2199 481 Ξῖ
2224 446 2309 493 τις
2339 428 2447 500 γὰρ
2481 430 2698 499 ἐκείνην
2740 428 2838 500 τὴν
2880 428 3154 501 ἄφραστον
3198 430 3291 485 καὶ
3334 433 3717 506 ἀκατάληπτον

458 547 617 590 cuum
646 530 850 587 fuerit:
880 524 939 584 Si
958 527 1081 598 quis
1104 524 1254 582 enim
1284 522 1432 578 illam
1468 520 1790 577 ineﬂ'abilem
1825 521 2032 574 incom-

455 623 989 699 pnhum‘bilemque
1021 628 1273 675 naturam
1306 626 1465 672 vocet
1484 617 1673 681 Deum,
1705 614 1773 668 ab
1791 628 1855 667 eo
1892 612 2033 682 quod

459 725 549 775 est
573 725 719 771 recte
746 713 1010 775 nominat,
1070 718 1273 765 etcum
1308 706 1475 761 Deum
1506 704 1666 768 dixit,
1701 703 1846 757 illam
1879 712 2035 755 natu-

462 824 580 866 ram
602 806 943 879 signiﬁcavit.
990 802 1048 859 Si
1083 803 1207 873 quis
1236 815 1364 856 vero
1408 798 1477 853 ab
1512 814 1578 853 eo
1609 797 1754 868 quod
1802 811 1909 850 non
1953 805 2037 851 est

462 917 585 957 eum
617 900 896 955 nominare
941 895 1196 956 voluerit.
1238 894 1579 948 innocentem
1639 890 1724 944 vel
1784 888 2031 956 indepra-

464 999 646 1045 vatum
670 1002 794 1044 eum
820 986 1110 1056 appellans,
1137 998 1201 1038 eo
1236 983 1379 1053 quod
1424 981 1556 1035 nihil
1594 978 1719 1033 mali
1750 979 1831 1033 vel
1879 978 2033 1047 pravi

465 1082 520 1136 in
543 1094 606 1136 ea
662 1079 768 1147 sit,
810 1092 939 1133 vere
986 1076 1201 1147 quidem
1241 1076 1481 1137 dixerit;
1505 1073 1601 1129 sed
1655 1088 1759 1127 non
1814 1069 2036 1125 omnino

464 1141 1018 1237 Deumtﬁgnincabit.
1072 1165 1213 1220 Sunt
1240 1164 1385 1220 enim
1422 1164 1583 1218 etiam
1617 1160 1760 1216 inter
1791 1160 2037 1223 homines

464 1262 734 1326 nonnulli,
760 1261 885 1316 mali
916 1270 969 1316 et
997 1258 1282 1330 pravitatis
1312 1265 1580 1325 expertes.
1602 1252 1876 1323 Ejusmodi
1906 1266 2037 1307 vero

465 1354 627 1409 etiam
661 1361 878 1407 sanctos
912 1350 1131 1421 angelos
1159 1364 1281 1405 esse
1312 1348 1605 1404 credimus.
1633 1346 1827 1402 Verius
1856 1351 2038 1414 itaque

467 1447 747 1516 magisque
792 1445 1007 1512 proprie
1035 1446 1102 1496 ab
1145 1442 1212 1496 iis
1238 1456 1358 1510 quae
1381 1448 1485 1506 est,
1516 1454 1679 1510 quam
1725 1440 1791 1494 ab
1822 1439 1888 1493 iis
1918 1452 2037 1508 quae

466 1545 697 1602 nonest,
745 1530 1160 1603 signiﬁcabitur.

1062 1622 1167 1694 ιη
1206 1621 1434 1677 ALlUD.

538 1720 733 1774 Beatus
770 1718 932 1775 David
958 1717 1203 1787 psallitet
1219 1717 1284 1770 ad
1309 1714 1503 1769 Filium
1533 1714 1694 1768 dicit:
1727 1732 1746 1765 ι
1783 1712 2035 1781 Propter-

466 1828 528 1869 ea
569 1813 724 1866 unxit
755 1820 805 1866 te
828 1811 992 1875 Deus,
1026 1811 1167 1864 Deus
1203 1820 1327 1864 tuus
1367 1808 1484 1863 oleo
1518 1806 1895 1862 exsultationis
1929 1822 2037 1875 pra:

466 1902 823 1975 participibus
842 1903 944 1957 tuis
964 1902 1041 1956 ⁸.»
1066 1902 1119 1957 Si
1145 1918 1274 1971 ergo
1305 1902 1576 1956 diversum
1595 1911 1678 1955 est
1699 1900 1842 1969 quod
1873 1900 2039 1968 parti-

467 1996 611 2065 cipat
644 1998 711 2050 ab
735 2011 800 2049 eo
826 1996 965 2064 quod
998 1996 1353 2065 participatur
1384 2013 1403 2051 ι
1434 1994 1580 2049 aliud
1633 1993 1775 2049 enim
1832 1994 1885 2047 in
1931 1992 2037 2048 alio

468 2086 876 2157 intelligendum
898 2096 981 2140 est
1019 2104 1031 2138 :
1070 2085 1344 2154 particeps
1361 2092 1539 2139 autem
1577 2083 1637 2137 lit
1665 2094 1917 2137 creatura
1952 2081 2039 2136 Fi-

471 2179 553 2244 lii,
589 2177 839 2234 diversus
870 2177 1114 2247 profecto
1137 2177 1302 2233 fuerit
1328 2192 1360 2232 a
1395 2186 1644 2232 creatura
1669 2190 1789 2245 quae
1812 2176 1893 2228 sui
1917 2163 2041 2244 par-

472 2274 640 2343 ticeps
665 2273 742 2330 lit.
770 2271 1037 2340 Quocirca
1073 2289 1247 2343 neque
1272 2282 1509 2327 creatus.
1562 2270 1618 2325 Si
1656 2285 1787 2325 vero
1809 2284 1917 2324 non
1958 2278 2042 2323 est

469 2364 719 2421 diversus
746 2367 814 2421 ab
854 2364 943 2420 illa
981 2365 1176 2428 Filius,
1216 2379 1395 2435 neque
1453 2362 1748 2419 secundum
1792 2368 2041 2414 naturam

470 2458 539 2513 ab
558 2474 621 2514 ea
652 2460 963 2525 distinctus,
1000 2461 1123 2529 quis
1166 2468 1251 2515 est
1278 2474 1407 2514 usus
1454 2455 1927 2530 participationis?
1961 2455 2043 2510 vel

470 2552 740 2621 quomodo
771 2552 897 2621 quis,
913 2552 1187 2621 particeps
1217 2550 1445 2619 liatejus
1480 2550 1623 2620 quod
1669 2550 1899 2620 ipsemet
1920 2548 2045 2604 est?

857 2677 1425 2769 ASSERTIO
1500 2681 1633 2767 II.

543 2830 696 2894 Quod
724 2828 1012 2899 ingenitum
1046 2846 1146 2882 non
1174 2830 1239 2899 sit
1264 2828 1576 2893 substantia,
1610 2829 1701 2882 sed
1738 2829 2046 2883 substantia:

1069 2897 1495 2969 aigniﬁcativum.

544 3014 840 3084 Ingenilum
870 3014 1022 3084 quasi
1077 3014 1399 3084 princmium
1438 3022 1493 3068 et
1532 3029 1694 3069 causa
1760 3025 1814 3071 et
1845 3015 2045 3071 intelli-

2138 522 2298 591 φύσιν
2336 523 2526 593 καλοίη
2582 522 2735 586 Θεὸν,
2773 522 2867 592 ἀφ’
2903 518 2976 576 ὧν
3022 522 3170 577 ἔστιν
3204 524 3461 595 ὀνομάζει
3513 529 3716 596 καλῶς,

2137 617 2230 668 καὶ
2262 615 2393 668 Θεὸν
2430 614 2617 678 εἰπὼν,
2653 614 2869 678 πάντως
2897 616 3111 687 ἐκείνην
3142 617 3414 688 ἐσήμηνεν
3436 636 3450 650 °
3478 622 3527 675 εί
3553 621 3607 675 δέ
3629 640 3720 688 τις

2135 710 2231 782 ὀιφῖ
2251 703 2326 763 ὧν
2359 710 2459 763 οὐκ
2482 710 2628 763 ἐστιν
2654 712 2956 782 ἐπιχειροίη
2988 709 3275 780 σημαίνειν
3301 712 3492 783 αὐτὴν,
3511 713 3720 770 ἄκακον

2137 804 2231 857 καὶ
2255 805 2525 875 ἁπόνηρον
2562 804 2734 872 λέγων
2762 804 2850 858 διὰ
2880 804 2941 857 τὸ
2976 806 3050 875 μὴ
3081 804 3278 858 κακίαν
3304 805 3336 875 ἢ
3366 807 3630 878 πονηρίαν
3658 812 3722 864 ὲν

2136 895 2275 965 αὐτῇ
2308 889 2478 957 εἶναι,
2511 893 2799 964 ἀληθεύσει
2836 893 2954 963 μὲν,
2992 893 3106 946 ἀλλ’
3140 894 3201 946 ού
3255 894 3473 959 πάντως
3522 894 3720 966 μηνύει

2135 985 2227 1038 τὸν
2250 984 2381 1038 θεόν
2402 1003 2415 1015 ·
2449 986 2556 1038 είσὶ
2577 985 2684 1055 γὰρ
2706 987 2799 1039 καὶ
2824 988 2881 1038 ὲν
2908 984 3216 1057 ἀνθρώποις
3244 986 3439 1040 ἄκακοι
3475 989 3569 1041 καὶ¹
3589 989 3722 1043 ἁπό-

2138 1093 2311 1147 νηροι.
2336 1076 2615 1139 Τοιούτους
2643 1077 2698 1129 δὲ
2732 1072 2871 1129 εἶναι
2908 1076 3234 1147 πιστεύομεν
3264 1080 3357 1132 καὶ
3376 1080 3501 1143 τοὺς
3531 1080 3723 1149 ἁγίους

2137 1169 2419 1237 ἀγγέλους.
2460 1168 2668 1223 Οὐκοῦν
2700 1171 2793 1238 ἀφ’
2823 1162 2897 1223 ὧν
2924 1169 3092 1236 ἐστιν,
3121 1170 3153 1240 ἢ
3185 1170 3277 1238 ἀφ’
3306 1163 3381 1224 ὧν
3414 1172 3515 1225 οὐκ
3549 1171 3733 1239 ἐστιν,

2139 1261 2496 1333 ἀληθέστερον
2519 1262 2613 1317 καὶ
2638 1261 2965 1333 οἰκειότερον
2993 1261 3437 1333 σημανθήσεται.

2825 1625 3030 1678 ΔΛΛΟ.

2222 1720 2279 1773 '0
2305 1721 2571 1791 μακάριος
2586 1719 2747 1773 Δαὸὶδ
2768 1719 2981 1789 ψάλλει,
3007 1719 3098 1773 καί
3123 1735 3254 1789 φησι
3285 1719 3419 1793 πρὸς
3438 1719 3529 1773 τὸν
3553 1718 3723 1774 Πόνε

2147 1832 2164 1864 ε
2194 1813 2295 1866 Διὰ
2335 1811 2495 1866 τοῦτο
2544 1811 2727 1883 ἔχρισέ
2779 1829 2839 1865 σε
2875 1815 2904 1866 6
2940 1811 3093 1877 Θεὸς,
3154 1813 3183 1864 6
3216 1811 3349 1875 Θεός
3401 1828 3494 1865 σου
3540 1810 3724 1867 ἔλαιον

2138 1906 2507 1975 ἀγαλλιάσεως
2555 1906 2709 1977 παρὰ
2753 1905 2879 1969 τοὺς
2932 1907 3191 1976 μετόχους
3228 1922 3339 1960 σου.
3372 1925 3391 1957 ι
3440 1906 3502 1959 Εί
3539 1906 3740 1961 τοίνυν.

2139 1998 2324 2067 ἕτερόν
2352 1999 2404 2053 τί
2425 1999 2541 2053 ἐστι
2567 2001 2628 2054 τὸ
2661 2001 2886 2072 μετέχον
2934 2001 3080 2073 παρὰ
3106 2002 3166 2054 τὸ
3197 2000 3726 2072 μετεχόμενονσᾶλλο

2140 2093 2248 2163 γὰρ
2277 2095 2334 2146 ὲν
2366 2093 2511 2163 ἄλλῳ
2545 2094 2782 2147 νοεῖσθαι
2822 2096 2949 2165 χρή·
2987 2094 3201 2165 μετέχει
3242 2094 3300 2146 δὲ
3344 2096 3378 2165 ἡ
3414 2093 3592 2155 κτίσις
3624 2092 3723 2145 τού

2142 2185 2295 2251 Υίού,
2328 2185 2514 2257 ἕτερος
2541 2185 2607 2238 ἂν
2639 2184 2722 2255 εἴη
2756 2186 2907 2256 παρὰ
2925 2186 3023 2255 τήν
3054 2184 3387 2254 μετέχουσαν
3412 2182 3577 2237 αὐτοῦ
3599 2184 3723 2237 κτί-

2144 2294 2259 2331 σιν’
2294 2277 2490 2331 οὐκοῦν
2536 2278 2657 2331 οὐδὲ
2696 2279 2949 2348 νγενητός.
2987 2279 3049 2330 Εἰ
3101 2277 3159 2330 δὲ
3206 2277 3306 2330 ούκ
3353 2276 3501 2330 ἔστιν
3533 2275 3725 2346 ἕτερος

2142 2372 2273 2440 παρ’
2303 2372 2517 2442 ἐκείνην
2541 2374 2568 2425 6
2598 2372 2742 2435 Υἱὸς,
2776 2371 2871 2424 καὶ
2894 2370 3033 2423 κατὰ
3065 2370 3226 2438 φύσιν
3256 2370 3425 2439 αὐτῆς
3454 2365 3735 2439 διηρημές

2142 2480 2249 2526 νος,
2287 2463 2371 2525 τίς
2413 2464 2447 2534 ἡ
2493 2463 2650 2533 χρεία
2676 2464 2774 2532 τῆς
2808 2463 3079 2533 μετοχῆς;
3116 2461 3148 2532 ἢ
3187 2460 3304 2524 πῶς
3330 2460 3395 2515 ἄν
3429 2477 3512 2523 τις
3550 2457 3739 2530 μετά..

2146 2572 2262 2624 σχοι
2289 2553 2383 2610 τοῦ
2413 2554 2549 2627 ὅπερ
2574 2553 2720 2608 ἐστὶν
2760 2553 2955 2620 αύτός;

2659 2678 3025 2765 ΛΟΓΟΣ
3102 2681 3209 2762 Βι.

2245 2840 2367 2892 Ὅτι
2401 2835 2469 2889 τὸ
2507 2835 2802 2907 ἀγένητον
2840 2837 2951 2889 οὐκ
2988 2836 3193 2907 οὐσία,
3232 2834 3369 2889 ἀλλ’
3410 2834 3643 2900 οὐσίας

2737 2906 3131 2976 σημαντικόν.

2218 3024 2289 3078 T6
2335 3022 2599 3094 ἀγένητον
2643 3022 2719 3085 ὡς
2766 3020 2910 3091 ἀρχὴ
2962 3020 3056 3072 καὶ
3104 3018 3276 3073 αἴτιον
3308 3019 3509 3071 νοεῖταί
3538 3035 3595 3071 τε
3632 3018 3741 3073 καὶ»

470 3106 617 3176 gitur
642 3116 696 3160 et
726 3114 827 3159 εει.
862 3104 1074 3158 Nullum
1105 3116 1281 3159 autem
1321 3106 1664 3175 principium,
1707 3108 1758 3161 in
1783 3121 2041 3177 quantum

2153 3116 2312 3169 ἔστιν.
2354 3113 2596 3184 Οὐδεμία
2622 3113 2678 3167 δὲ
2704 3113 2867 3183 ἀρχὴ,
2900 3112 3033 3164 καθὸ
3078 3113 3218 3182 ἀρχή
3256 3114 3423 3173 ἐστιν,
3456 3109 3640 3180 ὅμοιόν
3676 3127 3731 3162 τι

474 3198 800 3269 principium
857 3206 963 3263 est,
1018 3196 1194 3252 simile
1243 3197 1449 3267 aliquid
1485 3198 1695 3267 sibiipsi
1746 3212 1838 3254 aut
1888 3201 2048 3257 dissi-

475 3290 601 3346 mile
632 3289 918 3360 signillcat.
946 3289 1017 3343 At
1047 3304 1176 3345 vero
1200 3304 1302 3343 vox
1342 3291 1479 3355 haec,
1517 3291 1829 3360 ingenitum,
1880 3293 2049 3363 signi-

474 3383 600 3439 ﬁcat
629 3383 681 3437 id
718 3383 859 3452 quod
895 3392 1138 3437 creatum
1190 3391 1293 3443 est,
1347 3382 1610 3437 dissimile
1653 3384 1753 3438 sibi
1786 3400 1939 3451 esse;
1967 3395 2049 3441 est

474 3477 618 3531 enim
659 3477 762 3531 hoc
792 3477 840 3531 ei
873 3477 1202 3547 oppositum.
1251 3473 1367 3530 Non
1403 3484 1486 3530 est
1540 3475 1703 3545 igitur
1746 3476 2047 3547 ingenitum

474 3569 801 3635 substantia,
837 3567 932 3623 sed
968 3568 1326 3623 substantiam
1363 3570 1448 3623 cui
1485 3568 1777 3638 opponitur
1821 3583 1925 3623 non
1973 3569 2046 3623 ita

476 3679 535 3718 se
568 3663 772 3719 habere
792 3663 1082 3734 signiﬁcat.

1139 3753 1371 3810 ALIUD.

545 3848 699 3914 Quod
733 3848 948 3916 quidem
980 3847 1277 3917 ingenitum
1308 3847 1609 3901 substantia
1650 3863 1756 3901 non
1800 3847 1890 3912 sit,
1930 3848 2047 3917 jam

474 3952 753 3995 ostensum
787 3949 892 3996 est.
926 3939 1032 3995 Sed
1063 3939 1206 3995 dicet
1273 3939 1509 3994 forsitan
1558 3939 1775 4009 aliquis,
1800 3940 2051 3995 substan-

475 4034 606 4087 tiam
645 4032 857 4104 quidem
888 4046 994 4087 non
1034 4045 1179 4097 esse,
1220 4031 1316 4087 sed
1364 4031 1746 4087 differentiam.
1781 4031 2049 4087 Caeterum

474 4125 620 4185 etiac
678 4123 781 4177 hoc
814 4122 1050 4180 absurde
1082 4122 1265 4179 dicere
1302 4124 1641 4180 ostendetur.
1667 4123 1724 4178 Si
1754 4124 1897 4179 enim
1929 4138 2050 4178 om-

477 4217 563 4271 nis
585 4215 886 4271 ditl‘erentia
932 4215 1077 4271 circa
1130 4217 1460 4271 substantias
1512 4216 1590 4283 fit,
1640 4217 1931 4286 quazrenda
1966 4223 2053 4271 est

476 4307 807 4372 substantia,
838 4306 994 4378 cujus
1020 4305 1326 4362 diﬂ'erentia
1348 4308 1420 4363 sit
1452 4309 1772 4380 ingenitum.
1804 4307 2051 4378 Exempli

477 4401 669 4471 gratia,
696 4399 924 4455 deﬁnias
954 4397 1155 4454 animal
1191 4400 1294 4454 hoc
1328 4409 1485 4470 pacto
1519 4418 1531 4454 :
1568 4400 1877 4455 substantia
1928 4400 2050 4454 ani-

475 4500 620 4545 mata
649 4505 811 4546 sensu
838 4491 1082 4560 praedita.
1120 4488 1275 4545 Circa
1315 4490 1456 4544 hanc
1496 4490 1859 4545 substantiam
1889 4490 2045 4546 diﬂ'e-
2078 4479 2123 4535 Ῑ)

479 4583 653 4638 rentia
686 4582 770 4638 lit.
793 4582 952 4637 Aliud
971 4583 1116 4639 enim
1152 4584 1351 4638 animal
1380 4583 1641 4638 rationale
1663 4594 1765 4649 est,
1792 4583 2046 4648 mortale,

474 4673 846 4744 intelligentia
882 4683 940 4729 et
985 4675 1225 4730 scientiae
1271 4690 1463 4742 capax.
1516 4685 1575 4729 ut
1630 4676 1811 4729 homo.
1888 4675 2045 4729 Aliud

477 4766 680 4821 animal
709 4767 1043 4834 irrationale,
1090 4776 1150 4822 ut
1193 4783 1387 4838 equus.
1421 4768 1818 4836 Praesnpposita
1864 4768 2049 4836 itaque

478 4858 816 4924 substantia,
869 4858 1189 4915 dilferentiae
1260 4870 1447 4929 postea
1500 4861 1923 4914 constituuntur.
1990 4858 2047 4914 Si

478 4965 613 5020 ergo
664 4950 964 5021 ingenitum
1019 4950 1327 5006 diﬂ'erentia
1391 4962 1493 5017 est,
1563 4962 1842 5023 quaeratur
1886 4954 2049 5009 etiam

479 5042 810 5104 substantia,
836 5040 991 5109 cujus
1023 5042 1126 5095 erit
1168 5040 1498 5097 differentia.
1550 5042 1857 5098 Absurdum
1906 5045 2051 5100 enim

478 5142 566 5186 est
625 5130 989 5188 dill'erentiam
1023 5135 1340 5188 substantiae
1364 5135 1629 5190 rationem
1664 5134 1930 5192 obtinere.

1164 5228 1391 5283 ALIUD.

560 5318 617 5373 Si
642 5318 936 5389 ingenitum
968 5321 1271 5376 substantia
1294 5330 1399 5388 est,
1423 5337 1598 5391 neque
1627 5322 2048 5392 signiﬁcativum

2150 3210 2313 3279 ἑαυτῇ
2367 3207 2400 3278 ἦ
2449 3208 2701 3277 ἀνόμοιον
2750 3204 3103 3275 σημαίνει.”Η
3148 3203 3203 3256 δὲ
3249 3201 3538 3271 ἀγένητος
3574 3201 3728 3270 φωνὴ

2152 3300 2406 3370 σημαίνει
2439 3299 2500 3351 τὸ
2538 3297 2760 3368 γενητὸν
2794 3296 3043 3366 ἀνόμοιον
3077 3294 3319 3363 ὑπάρχον
3353 3291 3499 3361 αύτῷ
3522 3310 3536 3322 ·
3570 3289 3743 3344 τοῦτο.

2149 3395 2256 3463 γὰρ
2288 3392 2347 3446 τὸ
2380 3390 2773 3460 ἀντικείμενον.
2809 3389 2923 3440 Οὐκ
2971 3386 3079 3457 ἄρα
3123 3385 3184 3441 τὸ
3233 3384 3497 3455 ἀγένητον
3544 3381 3725 3441 οὐσία,

2150 3485 2288 3538 ἀλλὰ
2334 3483 2426 3536 τοῦ
2476 3483 2550 3552 μὴ
2601 3480 2824 3534 τοιῶσδε
2873 3475 3012 3532 εἶναι
3044 3478 3142 3547 τὴν
3171 3477 3376 3541 οὐσίαν,
3414 3474 3535 3529 καθ’
3564 3470 3633 3545 ἦς
3663 3472 3731 3527 ἂν

2148 3579 2395 3631 τάττοιτο
2426 3576 2487 3630 τὸ
2522 3572 2873 3647 σημαντικόν.

2835 3759 3037 3810 AAAO.

2220 3854 2345 3908 Ὀτι
2395 3854 2493 3924 μὲν
2538 3852 2637 3906 οὐκ
2681 3850 2838 3904 οὐσία
2892 3850 2951 3902 τὸ
3000 3847 3282 3919 ἀγένητον,
3315 3847 3412 3918 ἤδη
3439 3845 3731 3898 δέδεικται.

2162 3948 2302 4002 Ἀλλ’
2336 3948 2450 4017 ὲρεῖ
2477 3962 2560 4009 τις
2586 3942 2767 4014 τυχὸν,
2794 3941 2981 3995 οὐσίαν
3014 3941 3112 4011 μὲν
3138 3940 3237 3993 ούκ
3261 3934 3421 4005 εἶναι,
3466 3936 3737 4009 διαφορὰν

2148 4040 2206 4093 δέ
2228 4057 2242 4071 ο
2277 4037 2505 4108 ἀμαθῶς
2533 4033 2589 4088 δὲ
2608 4036 2702 4088 καὶ
2724 4033 2883 4087 τοῦτο
2905 4033 3078 4102 λέγων
3099 4030 3509 4102 ἐλεγχθήσεται.
3533 4029 3596 4082 El
3618 4028 3733 4099 γὰρ

2152 4133 2301 4185 πᾶσα
2335 4127 2567 4199 διαφορὰ
2598 4127 2726 4197 περὶ
2754 4125 2852 4188 τὰς
2878 4124 3065 4187 οὐσίας
3094 4122 3325 4191 γίνεται,
3354 4121 3536 4191 ζητεῖν
3565 4118 3734 4186 ἀνάγ-

2151 4243 2253 4295 κης
2284 4223 2349 4277 ἂν
2372 4223 2454 4291 εἴη
2478 4221 2577 4290 τὴν
2603 4219 2813 4283 οὐσίαν,
2836 4214 2903 4290 ἧς
2931 4216 3329 4285 ἐσταιδιαφορά
3359 4216 3416 4267 τὸ
3443 4214 3733 4283 ἀγένητον.

2151 4312 2276 4371 Οἶον
2301 4316 2433 4387 φέρε
2462 4315 2654 4377 εἰπεῖν,
2687 4310 2928 4382 ὁρίζεται
2954 4308 3091 4373 ζῶον
3114 4307 3191 4379 τῷ
3216 4307 3405 4379 τοιῷδε
3434 4306 3604 4377 λόγῳ·
3626 4306 3736 4359 Οὑ-

2152 4410 2244 4463 σία
2276 4407 2516 4478 ἔμψυχος
2555 4402 2869 4473 αίσθητική.
2902 4399 3037 4469 Περὶ
3083 4398 3286 4468 ταύτην
3332 4397 3432 4467 τὴν
3474 4394 3665 4448 οὐσίαν
3700 4395 3737 4464 ἡ

2150 4500 2382 4570 διαφορὰ
2408 4498 2639 4567 γίνεται.
2661 4494 2733 4547 Τὸ
2769 4493 2869 4563 μὲν
2896 4491 3005 4562 γάρ
3038 4492 3155 4543 ἐστι
3183 4489 3319 4554 ζῶον
3340 4486 3576 4555 λογικὸν,
3601 4485 3738 4554 θνη-

2148 4594 2261 4657 τὸν,
2293 4590 2385 4646 νοῦ
2430 4590 2525 4644 καὶ
2558 4587 2869 4657 ἐπιστήμης
2914 4582 3181 4649 δεκτικὸν,
3206 4576 3315 4635 οἷον
3344 4583 3372 4635 6
3402 4580 3694 4651 ἄνθρωπος
3720 4596 3735 4609 ο

2150 4686 2211 4738 τὸ
2259 4685 2315 4738 δὲ
2337 4682 2475 4749 ζῶον
2512 4681 2729 4748 ἄλογον,
2765 4672 2875 4731 οἷον
2906 4674 3095 4739 ἵππος.
3130 4672 3361 4738 Οὐκοῦν,
3395 4675 3739 4741 προϋποκει-

2155 4779 2318 4848 μένης
2348 4776 2446 4845 τῆς
2478 4773 2686 4836 οὐσίας,
2714 4773 2771 4824 αί
2820 4769 3078 4841 διαφοραὶ
3130 4765 3633 4838 προσεπινοοὼται.
3673 4766 3737 4817 EE

2149 4870 2328 4923 τοίνυν
2373 4865 2605 4936 διαφορὰ
2650 4865 2712 4917 τὸ
2753 4862 3039 4932 ἀγένητον,
3072 4859 3337 4931 ζητείσθω
3370 4858 3465 4912 καὶ
3493 4860 3523 4926 ἡ
3551 4857 3737 4917 οὐσία.

2153 4960 2295 5024 τίνος
2330 4959 2481 5013 ἕσται
2511 4956 2771 5027 διαφοράν
2808 4954 3091 5025 ἀμήχανον
3134 4950 3244 5021 γὰρ
3284 4950 3472 5011 οὐσίας
3503 4945 3739 5017 φορέσαι

2154 5053 2308 5121 λόγον
2338 5051 2436 5121 τὴν
2470 5049 2753 5120 διαφοράν.

2858 5222 3060 5275 ΑΛΛΟ.

2232 5321 2294 5373 Εἰ
2333 5318 2392 5372 τὸ
2436 5317 2697 5385 ἀγένητον
2732 5314 2907 5376 οὐσία,
2941 5312 3034 5365 καὶ
3082 5310 3143 5364 ού
3187 5307 3281 5363 τοῦ
3320 5308 3396 5379 μὴ
3439 5307 3743 5379 γενηθῆναι

488 5410 630 5475 quod
657 5411 706 5465 id
733 5412 799 5467 de
831 5428 939 5482 quo
964 5413 1162 5467 dicitur
1203 5414 1441 5481 genitum
1485 5430 1590 5468 non
1642 5416 1734 5478 sit,
1788 5417 2042 5483 quomodt

2167 5410 2496 5481 σημαντικόν
2536 5410 2675 5473 ἐστι,
2707 5405 2847 5459 κατὰ
2871 5403 2989 5457 τίνα
3018 5404 3218 5475 τρόπον
3256 5404 3285 5456 ὁ
3324 5401 3451 5465 Υἱὸς
3483 5401 3743 5471 ἀνόμοιος

490 5501 660 5557 Filius
682 5502 961 5560 dissimilis
1008 5507 1113 5559 erit
1161 5505 1331 5571 Patri,
1374 5522 1498 5561 cum
1556 5522 1624 5562 ex
1680 5508 1797 5577 ipso
1848 5510 2042 5577 genitu:

2166 5506 2318 5558 ἔσται
2344 5502 2421 5573 τῷ
2450 5501 2645 5573 Ila-cpt,
2670 5496 2941 5570 γεννητῶς
2965 5497 3224 5568 ὑπάρχων
3245 5494 3304 5558 ἐξ
3332 5493 3517 5559 αύτοῦ;
3547 5494 3609 5547 El
3631 5491 3744 5562 γὰρ

489 5595 598 5652 sit?
626 5594 756 5650 Nam
791 5598 833 5652 si
872 5599 986 5653 haec
1012 5598 1227 5656 nomina
1259 5599 1463 5656 nullum
1490 5599 1629 5657 inter
1662 5616 1720 5656 se
1768 5601 2042 5658 discrimen

2174 5600 2246 5670 μή
2281 5614 2399 5650 τινα
2435 5595 2679 5664 διαφορεῖ
2707 5592 2772 5646 τὰ
2800 5589 3033 5661 ὀνόματα
3066 5588 3197 5659 πρὸς
3227 5587 3427 5659 ἄλληλα
3458 5586 3551 5656 τὴν
3588 5587 3745 5641 ἀντι-

566 5778 590 5809 ⁸
620 5778 764 5837 Psal.
800 5800 943 5843 λων.
976 5788 1025 5841 9.
